4128 6330
537 349 631 406 791

1542 346 1600 403 S.
1646 342 2028 402 [IIERONYMI
2066 342 2300 398 DIVINA
2337 342 2815 400 BlBLIOTHECA.

3737 346 3846 403 799.

539 468 650 518 dita
681 478 805 519 cum
834 463 1056 519 Christo
1092 466 1144 518 in
1189 463 1320 519 Deo.
1353 463 1487 518 Cum
1522 463 1772 516 Christus
1813 460 2144 530 apparuerit,
2176 463 2219 519 Α
2253 458 2393 526 quod
2419 474 2447 511 a
2481 458 2706 514 Domino
2738 456 3014 528 accipietis
3040 459 3462 515 retributionem
3485 458 3848 516 haereditatis.

541 561 648 613 vita
680 569 881 625 veStra,
920 571 1047 612 tunc
1075 568 1129 612 et
1153 571 1250 611 vos
1283 557 1612 627 apparebitis
1641 570 1764 610 cum
1795 555 1910 623 ipso
1938 553 1989 607 in
2020 551 2136 621 glo—

542 649 641 704 ria.
678 648 998 704 Mortiﬁcate
1024 664 1154 721 ergo
1181 649 1422 704 membra
1449 658 1651 714 vestra,
1675 662 1796 716 qua:
1825 653 1950 699 sunt
1978 657 2140 713 super

545 753 777 810 terram;
837 744 1286 806 fornicationem,
1341 741 1767 805 immunditiam,
1817 738 2136 803 libidinem,

541 836 1040 907 concupiscentiam
1075 835 1301 901 malam,
1333 844 1387 890 ct
1426 832 1740 897 avaritiam,
1784 847 1906 902 quae
1954 840 2038 886 est
2069 830 2140 885 si-

542 932 906 985 mulacrorum
962 930 1490 998 servitus:propter
1541 942 1662 995 qttte
1713 925 1864 979 venit
1912 924 1991 978 ira
2047 922 2139 976 Dei

539 1037 704 1092 super
736 1021 877 1076 ﬁlios
903 1020 1299 1076 incredulitatis
1335 1039 1345 1073 :
1379 1019 1434 1074 in
1466 1018 1660 1088 quibus
1687 1027 1743 1072 et
1774 1032 1866 1070 vos
1897 1015 2142 1084 ambula-

540 1113 639 1170 stis
676 1112 998 1183 aliquando,
1039 1126 1160 1166 cum
1205 1113 1461 1166 viveretis
1509 1111 1560 1164 in
1605 1109 1730 1164 illis.
1777 1107 1930 1162 Nunc
1956 1117 2139 1162 autem

537 1205 791 1276 deponite
811 1215 865 1260 et
892 1221 990 1260 vos
1031 1205 1235 1270 omnia,
1272 1206 1445 1267 iram,
1490 1203 1949 1274 indignationem,
1987 1201 2144 1255 mali-

539 1305 702 1367 tiam,
733 1300 1160 1371 blasphemiam,
1195 1308 1412 1369 turpem
1458 1312 1767 1354 sermonem
1808 1296 1875 1350 de
1917 1310 2014 1351 ore
2052 1309 2140 1349 ve-

538 1407 674 1452 stro.
703 1395 880 1450 Nolite
911 1393 1126 1449 ruentiri
1158 1392 1426 1459 invicem,
1463 1391 1836 1461 eXspoliantes
1875 1402 1970 1443 vos
2001 1397 2146 1442 veto.

537 1506 652 1546 rem
687 1489 962 1545 hominem
1013 1504 1134 1542 cum
1183 1488 1394 1543 actibus
1435 1486 1551 1540 suis
1580 1484 1709 1557 [Ms.
1758 1482 1929 1556 ejus],
1963 1492 2018 1538 et
2060 1481 2142 1536 in-

539 1583 769 1638 duentes
801 1597 1001 1637 novum
1023 1621 1040 1645 ,
1071 1597 1198 1637 eum
1239 1581 1332 1652 qui
1357 1589 1654 1636 renovatur
1681 1579 1734 1634 in
1767 1578 2095 1649 agnitionem
2122 1620 2137 1642 ,

540 1673 843 1730 secundum
876 1675 1165 1744 imaginem
1195 1673 1312 1743 ejus
1337 1672 1428 1744 qui
1468 1672 1670 1728 creavit
1705 1672 1872 1727 illum.
1907 1670 2005 1726 Ubi
2035 1685 2142 1726 non

538 1779 622 1822 est
645 1767 887 1836 gentilis,
921 1777 976 1822 et
1003 1766 1253 1832 Judaeus,
1284 1767 1633 1822 circumcisio
1655 1808 1668 1828 ,
1699 1777 1751 1820 et
1778 1766 2100 1835 praeputium
2127 1807 2139 1830 ,

2245 549 2472 604 Domino
2500 547 2719 604 Christo
2749 547 2973 604 servite.
2997 548 3099 618 Qui
3127 548 3272 604 enim
3304 550 3555 621 injuriam
3589 549 3746 617 facit,
3767 568 3854 608 re-

2239 641 2404 712 cipiet
2433 641 2483 696 id
2513 642 2658 712 quod
2703 642 2888 712 inique
2928 642 3127 714 gessit,
3161 652 3214 698 et
3243 658 3350 698 non
3380 653 3464 700 est
3493 659 3856 715 personarum

2238 736 2488 806 acceptio
2518 736 2659 806 apud
2694 734 2888 792 Deum.

2317 831 2558 898 Domini,
2591 830 2735 901 quod
2762 830 2969 901 justum
2999 838 3082 886 est
3112 839 3166 886 et
3211 846 3458 902 acquum,
3508 832 3683 888 servis
3713 849 3865 904 pra:-

2241 937 2425 984 state:
2459 927 2698 983 scientes
2751 927 2895 998 quod
2947 938 2998 983 et
3053 943 3150 982 vos
3199 928 3489 983 Dominum
3542 929 3762 986 habetis
3802 930 3860 985 in

2243 1023 2405 1078 ctelo.
2437 1021 2686 1078 Orationi
2716 1021 2937 1086 instate,
2971 1020 3263 1091 vigilantes
3290 1020 3344 1076 in
3373 1037 3438 1077 ea
3471 1022 3522 1076 in
3553 1023 3861 1094 gratiarum

2243 1117 2457 1170 actione
2487 1131 2498 1167 :
2527 1125 2750 1169 orantes
2777 1114 2939 1168 simul
2969 1125 3024 1167 et
3059 1129 3156 1183 pro
3183 1111 3440 1181 nobis,ut
3472 1114 3614 1170 Deus
3642 1115 3862 1186 aperiat

2250 1209 2407 1264 nobis
2465 1209 2662 1264 ostium
2725 1206 2996 1262 sermonis
3042 1207 3108 1262 ad
3155 1207 3483 1278 loquendum
3538 1208 3863 1282 mysterium

2245 1303 2442 1358 Christi
2474 1303 2717 1374 (propter
2739 1301 2882 1372 quod
2914 1301 3078 1357 etiam
3107 1304 3322 1357 vinctus
3350 1302 3519 1374 sum),
3554 1311 3612 1359 ut
3634 1305 3868 1359 manife-

2244 1408 2382 1454 stem
2416 1397 2544 1452 illud
2577 1395 2647 1450 itu
2685 1406 2745 1450 ut
2769 1403 2984 1466 oportet
3015 1411 3101 1450 me
3130 1395 3301 1466 loqui.
3348 1396 3406 1452 In
3453 1395 3720 1466 sapientia
3747 1413 3868 1454 am-

2245 1491 2428 1546 bulate
2474 1489 2538 1543 ad
2595 1505 2691 1544 eos
2731 1491 2821 1559 qui
2873 1488 3007 1544 foris
3053 1499 3201 1555 sunt,
3249 1501 3461 1559 tempus
3503 1491 3867 1548 redimentes.

2247 1580 2440 1636 Sermo
2487 1589 2670 1635 vester
2700 1593 2917 1648 semper
2942 1580 2994 1634 in
3025 1580 3196 1650 gratia
3225 1579 3342 1634 sale
3385 1581 3456 1634 sit
3485 1581 3773 1651 conditus,
3808 1591 3872 1636 ut

2248 1673 2432 1728 sciatis
2463 1671 2742 1740 quomodo
2773 1681 3024 1742 Oporteat
3053 1686 3152 1727 vos
3175 1671 3467 1741 unicuique
3499 1673 3863 1744 respondere.

2249 1768 2380 1836 Qum
2405 1767 2551 1822 circa
2585 1781 2672 1821 me
2712 1776 2857 1834 sunt,
2893 1767 3077 1821 omnia
3109 1767 3268 1822 vobis
3298 1777 3422 1822 nota
3462 1767 3622 1823 faciet
3665 1768 3865 1842 Tychi-

541 1859 835 1927 Barbarus,
860 1872 916 1915 et
941 1860 1164 1932 Scytha,
1193 1875 1407 1927 servus,
1435 1870 1488 1915 et
1518 1859 1656 1914 liber
1687 1876 1701 1913 :
1733 1859 1826 1914 sed
1856 1859 2061 1927 omnia,
2092 1869 2145 1913 et
2179 1859 2223 1918 Β
2250 1879 2346 1919 cus
2368 1905 2382 1928 ,
2411 1863 2767 1917 charissimus
2799 1862 3001 1928 frater,
3027 1872 3083 1917 et
3113 1861 3289 1917 tidetis
3336 1861 3584 1917 minister
3608 1904 3623 1927 ,
3658 1871 3714 1918 et
3736 1877 3872 1916 con-

541 1954 596 2009 iu
648 1954 898 2009 omnibus
943 1955 1219 2010 Christus.
1252 1953 1466 2009 lnduite
1514 1968 1607 2008 vos
1645 1967 1774 2021 ergo
1809 1953 1947 2007 sicut
1990 1951 2153 2006 electi

543 2049 668 2113 Dei,
703 2049 909 2114 sancti,
951 2059 1005 2104 et
1042 2049 1257 2115 dilecti,
1289 2049 1497 2104 viscera
1534 2048 1958 2111 misericordia},
2001 2048 2154 2104 beni-

539 2140 827 2210 gnitatem,
854 2140 1242 2208 humilitatem,
1267 2141 1616 2207 modestiam,
1643 2140 1956 2209 patientiam
1985 2153 1999 2190 :
2025 2153 2152 2207 sup-

543 2243 828 2302 portantes
870 2233 1146 2300 invicem,
1194 2243 1247 2289 et
1297 2232 1564 2288 donantes
1610 2232 2045 2301 vobismetipsis,
2102 2231 2148 2286 si

547 2326 671 2396 quis
700 2325 964 2381 adversus
985 2326 1222 2396 aliquem
1254 2307 1415 2381 habet
1439 2326 1720 2396 querelam
1749 2343 1763 2380 :
1795 2324 1935 2380 sicut
1962 2335 2018 2380 et
2044 2324 2150 2379 Do-

546 2421 727 2475 minus
750 2419 978 2475 donavit
1010 2419 1188 2486 vobis,
1220 2420 1294 2474 ita
1321 2430 1375 2475 et
1403 2435 1520 2475 vos.
1555 2421 1730 2489 Super
1749 2419 1932 2474 omnia
1963 2429 2145 2474 autem

543 2513 690 2583 haec,
724 2513 1050 2570 charitatem
1083 2513 1314 2580 habete,
1358 2513 1501 2582 quod
1533 2522 1619 2569 est
1664 2513 1938 2568 vinculum
1973 2513 2149 2581 perfe-

541 2609 741 2664 ctionis
767 2626 782 2664 :
811 2619 868 2664 et
906 2624 1008 2678 pax
1035 2609 1236 2665 Christi
1259 2609 1503 2664 exsultet
1535 2609 1584 2661 in
1624 2606 1880 2662 cordibus
1912 2606 2108 2662 vestris
2129 2646 2144 2671 ,

542 2703 596 2758 in
616 2719 718 2774 qua
743 2713 796 2760 et
819 2707 993 2758 vocati
1022 2704 1158 2760 estis
1178 2704 1230 2758 in
1262 2719 1370 2758 uno
1390 2718 1621 2772 corpore
1654 2718 1669 2759 :
1703 2711 1757 2757 ct
1776 2703 1912 2773 grati
1943 2711 2142 2758 estote.

544 2794 779 2852 Verbum
803 2793 1006 2852 Christi
1032 2795 1243 2851 habitet
1263 2797 1316 2850 in
1348 2794 1506 2851 vobis
1523 2794 1887 2860 abundanter,
1919 2795 1968 2848 in
1996 2795 2143 2849 omni

540 2889 832 2958 sapientia,
879 2889 1164 2957 docentes,
1206 2899 1262 2944 et
1290 2897 1703 2944 commonentes
1743 2888 2139 2959 vosmetipsos,

541 2984 784 3054 psalmis,
816 2981 1068 3055 hymnis,
1100 2993 1155 3039 et
1183 2983 1410 3040 canticis
1439 2982 1847 3051 Spiritualibus,
1883 2982 1935 3057 in
1967 2984 2140 3054 gratia

543 3086 826 3133 cantantes
857 3079 910 3133 in
957 3078 1213 3135 cordibus
1245 3077 1442 3134 vestris
1463 3076 1596 3132 Deo.
1635 3076 1809 3132 Omne
1844 3077 2141 3146 quodcum-

542 3188 648 3244 que
678 3173 854 3228 facitis
884 3173 936 3228 in
973 3173 1139 3227 verbo
1171 3185 1261 3228 aut
1309 3173 1362 3228 in
1393 3187 1589 3242 opere,
1625 3171 1804 3228 omnia
1840 3173 1892 3226 in
1923 3173 2141 3228 nomine

2255 1969 2449 2010 servus
2478 1955 2532 2010 in
2566 1955 2796 2010 Domino
2828 1971 2842 2007 :
2871 1968 3034 2025 quem
3062 1953 3187 2008 misi
3215 1952 3282 2008 ad
3313 1968 3409 2009 vos
3439 1953 3504 2008 ad
3532 1954 3637 2010 hoc
3661 1954 3866 2024 ipsum,

2254 2056 2313 2102 ut
2337 2055 2632 2118 cognoscat
2657 2061 2779 2116 quae
2807 2046 2952 2100 circa
2977 2059 3072 2099 vos
3100 2053 3254 2110 sunt,
3278 2053 3331 2100 et
3354 2044 3671 2101 consoletur
3693 2045 3868 2100 corda

2253 2152 2455 2210 vestra,
2474 2157 2596 2197 cum
2623 2143 2880 2196 Unesitno
2909 2138 3237 2195 charissitno
3257 2180 3270 2205 ,
3295 2147 3350 2193 ct
3376 2139 3518 2194 ﬁdeli
3551 2140 3744 2204 fratre,
3772 2139 3868 2210 qui

2253 2255 2316 2295 ex
2347 2237 2502 2293 vobis
2528 2247 2634 2292 est.
2675 2235 2868 2291 Omnia
2895 2280 2908 2304 ,
2938 2249 3060 2305 qua:
3090 2234 3177 2290 hic
3206 2243 3466 2305 aguntur,
3501 2244 3629 2288 nota
3659 2232 3866 2289 facient

2253 2331 2426 2386 vobis.
2457 2329 2670 2388 Salutat
2701 2342 2795 2382 vos
2822 2328 3173 2382 Aristarchus
3200 2328 3551 2398 coucaptivus
3582 2341 3738 2381 meus
3763 2369 3778 2392 ,
3809 2336 3870 2382 et

2255 2425 2466 2479 Marcus
2521 2421 2886 2477 consobrinus
2936 2421 3228 2487 Barnabze,
3287 2420 3356 2473 de
3405 2435 3512 2488 quo
3565 2421 3861 2488 accepistis

2250 2517 2505 2570 mandata
2537 2531 2550 2568 :
2575 2515 2621 2569 si
2649 2514 2861 2568 venerit
2887 2514 2952 2566 ad
2976 2526 3094 2578 vos,
3123 2511 3358 2582 excipite
3385 2512 3530 2566 illum
3560 2529 3570 2564 :
3600 2519 3659 2567 et
3676 2509 3859 2572 Jesus,

2248 2611 2340 2680 qui
2381 2609 2578 2664 dicitur
2625 2608 2812 2663 Justus
2852 2624 2865 2660 :
2899 2607 2990 2676 qui
3031 2617 3159 2661 sunt
3193 2621 3260 2662 ex
3299 2607 3724 2662 circmucisione
3756 2650 3773 2674 ,
3807 2606 3861 2666 hi

2248 2703 2350 2760 soli
2375 2701 2800 2772 suntadjutores
2831 2700 2936 2755 mei
2961 2699 3014 2754 in
3031 2713 3198 2770 regno
3230 2699 3344 2765 Dei,
3364 2703 3452 2766 qui
3479 2697 3609 2753 mihi
3637 2703 3859 2755 luerunt

2247 2797 2465 2852 solatio.
2494 2795 2705 2852 Salutat
2729 2808 2827 2849 vos
2856 2792 3161 2864 Epaphras,
3194 2791 3283 2862 qui
3313 2807 3381 2846 ex
3405 2791 3562 2846 vobis
3588 2801 3671 2846 est
3695 2834 3710 2856 ,
3737 2806 3862 2844 ser-

2246 2903 2345 2944 vus
2371 2887 2574 2942 Christi
2605 2885 2758 2953 Jesu,
2791 2899 3010 2955 semper
3039 2883 3308 2938 sollicitus
3341 2897 3438 2952 pro
3474 2881 3626 2936 vobis
3656 2882 3706 2934 in
3737 2896 3863 2935 ora-

2246 2982 2505 3049 tionibus,
2538 2990 2594 3035 ut
2620 2979 2778 3036 stetis
2824 2975 3074 3051 perfecti,
3107 2987 3162 3031 et
3203 2974 3348 3046 pleni
3386 2974 3438 3053 in
3471 2973 3623 3052 omni
3664 2975 3863 3028 volun-

2247 3091 2356 3137 tate
2385 3079 2504 3135 Dei.
2532 3077 2926 3135 Testimonium
2949 3075 3094 3129 enim
3117 3073 3192 3128 illi
3223 3071 3506 3144 perhibeo,
3529 3070 3674 3142 quod
3694 3069 3863 3125 habet

2249 3176 2478 3232 multum
2511 3174 2751 3228 laborem
2794 3186 2894 3242 pro
2926 3167 3080 3225 vobis
3107 3181 3164 3224 et
3201 3183 3298 3238 pro
3337 3168 3403 3222 iis
3434 3167 3524 3238 qui
3551 3177 3680 3220 sunt
3719 3166 3863 3220 Lao-

543 3241 757 3321 Domiui
779 3268 909 3322 Jesu
935 3265 1158 3330 Christi,
1185 3268 1386 3338 gratias
1413 3276 1639 3338 agentes
1660 3267 1771 3322 Deo
1791 3275 1846 3322 et
1874 3266 2018 3322 Patri
2051 3283 2146 3336 per
2171 3241 2218 3306 C
2251 3269 2432 3334 dicite,
2475 3276 2531 3323 et
2559 3267 2651 3338 qui
2685 3263 2984 3335 Hierapoli.
3018 3263 3234 3320 Salutat
3262 3275 3358 3316 vos
3403 3259 3579 3315 Lucas
3615 3258 3862 3314 medicus

547 3361 742 3430 ipsum.
776 3360 1057 3425 Mulieres,
1086 3361 1319 3416 subditae
1351 3370 1528 3416 estote
1554 3360 1706 3424 viris,
1738 3361 1877 3415 sicut
1905 3371 2143 3431 oportet,

545 3453 600 3507 in
645 3453 890 3507 Domino.
934 3453 1082 3521 Viri,
1116 3453 1327 3524 diligite
1365 3469 1562 3509 uxores
1592 3466 1824 3520 vestras,
1874 3462 1928 3508 et
1981 3454 2146 3508 nolite

544 3547 717 3601 amari
769 3563 890 3602 esse
938 3548 1004 3602 ad
1057 3548 1196 3602 illas.
1235 3547 1390 3613 Filii,
1431 3547 1647 3603 ohedite
1688 3547 2002 3616 parentibus
2050 3561 2148 3617 per

545 3642 729 3696 omnia
762 3657 776 3694 :
806 3640 908 3698 hoc
945 3643 1089 3696 enim
1123 3641 1380 3710 placitum
1425 3651 1510 3697 est
1538 3642 1590 3695 in
1625 3641 1876 3696 Domino.
1926 3640 2145 3708 Patres,

546 3736 716 3792 nolite
745 3735 812 3791 ad
855 3735 1282 3809 indignationem
1315 3750 1613 3806 provocare
1643 3734 1785 3791 ﬁlios
1808 3744 2051 3803 vestros,
2089 3743 2146 3789 ut

545 3845 652 3885 non
679 3829 874 3901 pusillo
898 3832 1084 3886 animo
1109 3833 1258 3885 fiant.
1280 3831 1457 3894 Servi,
1475 3828 1694 3885 ohedite
1717 3845 1812 3898 per
1838 3829 2017 3884 omnia
2047 3829 2145 3883 do-

544 3924 708 3980 minis
730 3923 1075 3988 carnalibus,
1109 3937 1216 3978 non
1257 3922 1324 3978 ad
1371 3922 1589 3978 oculum
1623 3922 1957 3988 servientes,
1993 3920 2146 3990 quasi

545 4017 858 4074 ltominibus
885 4018 1192 4089 placentes,
1222 4017 1314 4072 sed
1365 4017 1418 4073 in
1459 4016 1808 4086 simplicitate
1831 4015 2044 4082 cordis,
2081 4017 2141 4070 ti-

545 4120 757 4167 mentes
787 4111 976 4167 Deum.
999 4110 1392 4182 Quodcumque
1416 4109 1612 4173 facitis,
1643 4127 1708 4166 ex
1736 4111 1923 4166 animo
1952 4128 2145 4181 opera-

541 4207 706 4272 mini,
763 4207 903 4262 sicut
951 4206 1209 4271 Domino,
1261 4216 1316 4262 et
1370 4220 1477 4262 non
1518 4205 1824 4261 hominibus
1866 4207 2144 4262 :scientes

2250 3364 2630 3428 charissimus,
2675 3370 2733 3416 et
2780 3360 3001 3416 Demas.
3029 3357 3272 3414 Salutate
3312 3356 3540 3420 fratres,
3583 3354 3675 3424 qui
3731 3363 3862 3408 sunt

2253 3455 2525 3513 Laodiciae
2547 3497 2562 3520 ,
2595 3463 2651 3510 et
2675 3453 2980 3524 Nympham
3001 3497 3018 3522 ,
3050 3461 3106 3507 et
3131 3466 3251 3521 qua:
3278 3450 3332 3505 in
3373 3449 3536 3502 domo
3574 3447 3694 3517 ejus
3738 3456 3857 3513 cst,

2254 3549 2578 3605 Ecclesiam.
2623 3545 2694 3602 Et
2735 3561 2860 3601 cum
2909 3545 3044 3600 lecta
3095 3543 3253 3599 fuerit
3283 3543 3432 3612 apud
3482 3557 3578 3597 vos
3620 3541 3859 3612 epistola

2256 3645 2393 3712 haec,
2431 3645 2590 3699 facite
2619 3651 2680 3698 ut
2708 3651 2763 3696 et
2785 3641 2837 3696 in
2870 3639 3286 3695 Laodicensium
3317 3637 3566 3692 Ecclesia
3599 3637 3810 3706 legatur
3841 3653 3856 3689 :

2251 3749 2307 3791 et
2333 3751 2476 3801 eam,
2504 3749 2627 3806 qute
2655 3731 3074 3788 Laodicensium
3103 3742 3209 3799 εει,
3233 3746 3328 3785 vos
3357 3729 3567 3799 legatis.
3598 3727 3668 3782 Et
3691 3727 3860 3782 dicite

2251 3827 2525 3898 Archippo
2551 3844 2564 3881 :
2596 3826 2728 3881 Vide
2773 3823 3141 3879 ministerium
3161 3867 3174 3889 ,
3206 3820 3352 3893 quod
3378 3821 3639 3890 accepisti
3672 3821 3725 3874 in
3749 3817 3858 3872 Do-

2251 3922 2423 3987 mino,
2462 3929 2518 3977 ut
2555 3918 2689 3974 illud
2711 3918 2957 3989 impleas.
2997 3914 3266 3971 Salutatio
3315 3928 3435 3968 mea
3475 3927 3637 3968 mauu
3682 3911 3854 3967 Pauli.

2253 4013 2522 4069 Memores
2575 4022 2750 4067 estote
2799 4009 3145 4066 vinculorum
3198 4020 3465 4062 meorum.
3524 4003 3710 4060 Gratia
3762 4018 3862 4058 vo-

2255 4107 2488 4163 biscum.
2522 4107 2711 4160 Amen.

1437 4328 1664 4400 Explicit
1695 4329 1933 4400 Epistula
1963 4329 2028 4384 B.
2055 4329 2216 4385 Pauli
2242 4330 2466 4402 apostoli
2493 4327 2561 4382 ad
2593 4325 2940 4382 Colossemes.

551 4461 3837 4486 ________________________________________________———

1302 4580 1471 4696 Β.
1547 4579 2122 4696 PAULI
2194 4571 3100 4694 APOSTOLI

2054 4778 2348 4843 INCIPIT

652 4928 1535 5071 EPISTOLA
1623 4938 1877 5068 AD
1966 4923 3749 5065 THESSALONICENSES

1964 5152 2440 5238 PRIMA.

609 5454 761 5528 [(Ῑαρ.
787 5450 859 5525 1.]
893 5451 1088 5505 Paulus
1112 5489 1127 5517 ,
1161 5457 1216 5503 et
1243 5445 1520 5512 Silvanus,
1546 5454 1601 5499 et
1647 5443 1969 5499 Timotheus
1989 5489 2002 5511 ,
2032 5442 2137 5498 Ec-
2161 5448 2218 5512 D
2241 5456 2292 5501 et
2325 5441 2669 5499 sustinentiac
2699 5439 2817 5512 spei
2847 5438 3062 5494 Domini
3105 5437 3276 5494 nostri
3299 5435 3429 5494 Jesu
3454 5435 3677 5503 Christi,
3711 5446 3847 5493 ante

535 5550 718 5604 clesiae
750 5543 1343 5608 Thessalonicensiutn,
1371 5542 1422 5594 in
1465 5540 1574 5595 Deo
1601 5539 1780 5604 Patre,
1817 5548 1872 5595 et
1898 5539 2135 5593 Domino

529 5642 662 5697 Jcsu
701 5639 938 5695 Christo.
981 5635 1166 5693 Gratia
1201 5635 1372 5696 vobis,
1401 5644 1449 5688 et
1499 5649 1623 5702 ρης.
1655 5630 1870 5686 Gratias
1917 5633 2130 5701 agimus

523 5739 635 5793 Deo
678 5747 895 5803 semper
927 5745 1026 5800 pro
1082 5727 1340 5784 omnibus
1387 5726 1565 5789 vobis,
1596 5726 1914 5781 rncinoriaut
1964 5724 2132 5779 vestri

520 5831 783 5889 facientes
816 5827 868 5882 in
904 5822 1252 5880 orationibus
1281 5823 1487 5877 nostris
1531 5822 1649 5876 sine
1697 5820 2126 5887 intermissione,

510 5940 780 5985 memores
800 5921 982 5994 Operis
1004 5919 1129 5975 ﬁdei
1153 5927 1367 5982 vestrae,
1386 5926 1441 5972 et
1463 5915 1692 5981 laboris,
1713 5924 1770 5970 et
1796 5914 1952 5970 chari
1965 5916 2114 5982 tatis,

2247 5540 2411 5593 Deum
2436 5547 2490 5591 et
2520 5548 2727 5606 patrem
2763 5543 3010 5588 nostrum
3046 5549 3058 5586 :
3092 5531 3352 5594 scientes,
3376 5531 3569 5586 fratres
3597 5529 3783 5585 dilecti
3816 5547 3848 5585 a

2242 5633 2376 5698 Deo,
2403 5631 2726 5685 electionem
2758 5635 2997 5682 vestram
3026 5625 3180 5697 :quia
3207 5625 3559 5694 Evangelium
3594 5633 3846 5680 nostrum

2240 5740 2347 5778 non
2376 5724 2470 5776 fuit
2499 5722 2563 5775 ad
2600 5736 2695 5777 vos
2723 5721 2776 5774 iu
2803 5735 3057 5776 sermone
3081 5729 3312 5782 tantum,
3343 5718 3434 5774 sed
3459 5727 3512 5772 et
3541 5723 3593 5773 in
3618 5718 3844 5786 virtute,

2235 5826 2292 5872 et
2339 5819 2391 5871 in
2428 5815 2630 5885 Spiritu
2682 5825 2898 5880 sancto,
2924 5823 2978 5870 et
3005 5813 3057 5868 in
3103 5811 3443 5884 plenitudine
3479 5812 3668 5873 multa,
3701 5813 3847 5870 sicut

2234 5911 2386 5970 scitis
2416 5911 2604 5983 quales
2638 5910 2898 5967 fuerimus
2939 5910 2992 5967 in
3020 5910 3170 5967 vobis
3204 5919 3425 5982 pr0pter
3464 5924 3580 5967 vos.
3624 5910 3691 5966 Et
3739 5926 3836 5966 vos
