4128 6330
347 332 453 388 795

991 330 1329 389 EPISTOLA
1371 330 1431 386 Β.
1473 328 1680 387 PAULI
1720 324 2059 384 APOSTOLI
2098 324 2191 381 AD
2229 324 2925 389 THESSALONICENSES
2964 330 3006 389 I.

3544 333 3652 392 794

351 450 656 504 imitatores
702 449 872 503 nosui
901 446 1023 501 faeti
1054 450 1209 513 estis,
1241 459 1293 503 et
1328 449 1567 513 Domini,
1598 447 1935 516 excipientes
1965 447 2017 506 Α
2045 447 2185 499 uiam
2218 446 2489 501 voluimus
2516 448 2698 503 venire
2735 448 2801 502 ad
2848 466 2980 505 vos:
3016 466 3118 523 ego
3161 451 3381 522 quidem
3421 450 3638 519 Paulus,

346 544 578 598 verbum
610 541 661 597 in
702 536 1278 609 tribulatione‘multa,
1308 558 1429 596 cum
1472 540 1670 611 gaudio
1703 540 1940 609 Spiritus

347 636 523 693 sancti
557 654 570 690 :
603 636 671 690 ita
716 646 772 689 ut
814 635 936 690 lacti
964 635 1084 691 sitis
1113 638 1283 691 forma
1310 635 1565 691 omnibus
1593 634 1941 688 credentibus

348 730 403 785 in
433 729 770 794 Macedonia,
804 738 859 783 et
901 729 953 783 in
997 728 1218 784 Achaia.
1254 731 1297 784 A
1325 728 1474 782 vobis
1504 727 1650 781 enim
1689 724 1939 780 diﬂ‘ama.

347 832 436 877 tus
460 833 544 877 est
572 836 753 877 sermo
775 821 1010 887 Domini,
1041 838 1145 877 non
1165 824 1340 877 solum
1371 822 1421 876 iu
1446 820 1782 884 Macedonia,
1808 830 1861 875 et
1884 819 1940 874 in

346 914 573 982 Achaia,
603 915 699 970 sed
732 915 875 969 etin
911 917 1059 970 omni
1102 916 1222 971 loco
1264 915 1399 971 fides
1442 926 1643 977 vestra,
1696 930 1816 984 qua:
1857 925 1941 967 est

343 1011 417 1067 ad
438 1010 635 1078 Deum,
678 1010 915 1079 profecta
961 1021 1066 1077 est,
1100 1013 1171 1065 ita
1203 1022 1260 1065 ut
1287 1026 1393 1066 non
1427 1012 1497 1066 sit
1525 1011 1686 1065 nobis
1718 1023 1941 1064 necesse

346 1105 641 1176 quidquam
685 1105 851 1175 loqui.
877 1105 983 1175 ipsi
1017 1106 1160 1160 enim
1184 1105 1251 1160 de
1284 1106 1440 1159 nobis
1473 1104 1601 1177 [Με.
1629 1101 1807 1173 vobis]
1846 1119 1943 1157 an-

346 1201 600 1257 nuntiant
651 1201 865 1271 qualem
906 1202 1186 1256 introitum
1223 1200 1571 1257 habuerimus
1613 1200 1677 1255 ad
1715 1215 1811 1254 vos
1844 1214 1856 1251 :
1887 1209 1943 1254 et

343 1296 621 1367 quomodo
639 1297 888 1352 conversi
911 1297 1044 1352 estis
1060 1296 1127 1351 ad
1148 1297 1310 1351 Deum
1337 1312 1365 1350 a
1388 1294 1716 1362 simulacris,
1732 1295 1941 1351 servire

344 1391 457 1445 Deo
475 1390 618 1454 vivo,
646 1400 699 1445 et
729 1406 881 1457 vero,
922 1403 973 1447 et
996 1401 1315 1460 exspectare
1338 1392 1531 1447 Filium
1553 1393 1672 1460 ejus
1693 1392 1761 1445 de
1788 1392 1941 1447 caelis

346 1487 539 1554 (quem
589 1487 871 1541 suscitavit
916 1502 986 1541 ex
1033 1485 1285 1555 mortuis)
1328 1486 1547 1553 Jesum,
1606 1485 1695 1556 qui
1742 1486 1939 1556 eripuit

345 1595 444 1634 nos
469 1580 537 1634 ab
566 1578 647 1634 ira
678 1588 925 1635 ventura.

416 1674 566 1746 (Cap.
604 1673 691 1746 ll.)
732 1673 865 1729 Nam
910 1674 1008 1743 ipsi
1054 1674 1226 1739 scitis,
1260 1675 1473 1733 fratres.
1503 1674 1781 1730 introitum
1814 1689 1940 1730 nos-

342 1777 488 1823 trum
521 1767 587 1821 ad
622 1782 736 1835 vos,
764 1766 891 1838 quia
923 1784 1029 1822 non
1054 1769 1230 1823 inanis
1254 1769 1354 1824 fuit
1386 1787 1401 1826 :
1434 1770 1530 1824 sed
1560 1779 1684 1824 ante
1709 1770 1851 1839 passi
1887 1780 1937 1837 η,

2047 547 2102 593 et
2124 538 2311 606 semel,
2345 554 2397 594 et
2430 540 2650 609 iterum,
2676 542 2771 596 sed
2798 542 3079 612 impedivit
3109 560 3207 597 nos
3239 545 3485 599 Satanas.
3516 546 3647 613 Quin

2045 640 2126 685 est
2160 633 2303 687 enim
2337 645 2521 687 nostra
2568 650 2715 703 spes,
2746 646 2835 688 aut
2868 637 3145 704 gaudium,
3178 648 3269 691 aut
3300 653 3498 693 corona
3537 640 3653 709 glo-

2046 725 2179 780 tiie?
2203 726 2392 782 Nonne
2424 742 2520 781 vos
2543 737 2667 783 ante
2698 728 2981 783 Dominum
3007 741 3250 786 nostrum
3274 734 3456 788 Jesmn
3486 732 3645 789 Chri-

2044 831 2185 877 stum
2211 824 2339 878 estis
2386 824 2439 878 in
2485 826 2718 879 adventu
2759 824 2921 895 ejus?
2956 842 3052 882 vos
3099 828 3243 883 enim
3303 829 3433 883 estis
3473 827 3643 901 gloria

2046 926 2230 969 nostra
2260 926 2310 970 et
2340 916 2615 985 gaudium.

2118 1009 2269 1081 |Cup.
2302 1010 2413 1081 Ill.)
2438 1012 2661 1080 Propter
2682 1013 2825 1081 quod
2870 1028 2977 1067 non
3022 1014 3356 1070 sustinentes
3384 1015 3639 1086 amplius,

2046 1102 2242 1171 placuit
2287 1105 2444 1160 nobis
2492 1118 2774 1160 remanere
2812 1104 3061 1173 Athenis,
3094 1108 3225 1162 solis
3258 1126 3269 1161 :
3300 1118 3354 1163 et
3398 1108 3643 1164 misimus

2044 1198 2389 1255 Timotheum
2425 1202 2643 1256 fratrem
2689 1212 2955 1265 nostrum,
2984 1212 3038 1257 et
3080 1204 3381 1258 ministrum
3435 1204 3527 1260 Dei
3587 1202 3643 1260 in

2046 1295 2336 1366 Evangelio
2372 1297 2594 1362 Christi,
2642 1298 2707 1353 ad
2751 1296 3155 1353 confirmandos
3188 1315 3304 1363 vos,
3338 1310 3392 1353 et
3438 1298 3640 1354 exhor-

2046 1390 2237 1444 tandos
2268 1404 2363 1459 pro
2390 1390 2493 1445 lide
2520 1398 2696 1446 vestra
2733 1408 2747 1444 :
2780 1400 2835 1445 ut
2874 1407 3033 1447 nemo
3066 1400 3346 1446 moveatur
3379 1390 3431 1445 in
3463 1390 3641 1445 tribu-

2042 1484 2337 1539 lationibus
2385 1485 2502 1539 istis
2537 1501 2552 1541 :
2586 1486 2685 1555 ipsi
2715 1486 2859 1541 enim
2905 1487 3053 1541 scitis
3085 1485 3226 1554 quod
3258 1485 3312 1540 iu
3346 1484 3447 1539 hoc
3474 1484 3635 1555 positi

2043 1592 2250 1633 sumus.
2300 1578 2432 1635 Nam
2463 1591 2517 1634 et
2544 1595 2666 1634 cum
2696 1580 2835 1650 apud
2870 1595 2967 1635 vos
2995 1596 3261 1647 essemus,
3298 1579 3637 1651 praediceba-

2043 1688 2163 1726 mus
2187 1672 2336 1727 vobis
2358 1687 2613 1741 passuros
2642 1688 2739 1727 nos
2764 1673 3157 1737 tribulationes,
3183 1673 3322 1727 sicut
3351 1683 3404 1726 et
3433 1671 3636 1728 factum

2043 1780 2145 1832 esr,
2178 1774 2233 1820 et
2279 1764 2453 1821 scitis.
2501 1766 2792 1837 Propterea
2823 1778 2877 1823 et
2918 1782 3017 1837 ego
3069 1768 3304 1838 amplius
3336 1783 3441 1822 non
3475 1769 3639 1823 susti-

341 1872 395 1917 et
423 1862 771 1917 contumeliis
792 1863 971 1917 affecti
1005 1863 1163 1935 (sicut
1190 1864 1366 1932 scitis)
1401 1867 1451 1919 iu
1483 1865 1767 1935 Philippis,
1799 1865 1937 1920 lidu-
1968 1847 2015 1907 B
2044 1874 2200 1923 nens,
2221 1858 2343 1913 misi
2370 1860 2434 1913 ad
2459 1860 2889 1930 cognoscendam
2916 1860 3076 1917 fidem
3106 1871 3341 1916 vestram
3367 1879 3380 1916 :
3410 1877 3477 1917 ne
3496 1858 3638 1919 forte

340 1958 482 2012 ciam
510 1957 801 2014 habuimus
828 1959 879 2013 iu
906 1959 1019 2014 Deo
1048 1970 1256 2027 nostro,
1288 1962 1433 2031 loqui
1468 1961 1533 2016 ad
1560 1977 1657 2015 vos
1690 1962 1936 2033 Evange-

342 2050 472 2105 lium
500 2051 591 2107 Dei
625 2052 679 2107 in
702 2052 869 2107 multa
904 2052 1292 2110 sollicitudine.
1326 2055 1642 2110 Exhortatio
1671 2057 1813 2111 enim
1838 2072 1935 2110 no-

344 2152 457 2199 stra
487 2159 592 2198 non
625 2144 691 2197 de
719 2160 931 2207 errore,
964 2161 1141 2216 neque
1172 2148 1239 2202 de
1272 2147 1635 2213 immunditia,
1668 2163 1843 2217 neque
1880 2149 1932 2202 in

341 2237 492 2305 dolo,
528 2237 623 2294 sed
653 2240 792 2294 sicut
820 2240 1028 2310 probati
1061 2256 1249 2296 sumus
1278 2257 1308 2296 a
1353 2242 1485 2305 Deo,
1520 2252 1576 2296 ut
1619 2242 1938 2297 crederetur

344 2333 501 2388 nobis
526 2332 873 2403 Evangelium
912 2353 924 2389 :
956 2334 1028 2389 ita
1053 2336 1345 2406 loquimur,
1374 2352 1483 2391 non
1512 2337 1664 2407 quasi
1695 2337 1927 2391 homini-

344 2425 445 2480 bus
487 2425 794 2494 placentes,
838 2428 931 2483 sed
980 2428 1111 2496 Deo,
1138 2430 1227 2499 qui
1280 2429 1473 2499 probat
1519 2430 1683 2485 corda
1723 2442 1932 2487 nostra.

345 2514 533 2587 Neque
561 2522 705 2573 enim
736 2519 1026 2590 aliquando
1056 2520 1255 2575 fuimus
1298 2522 1349 2576 in
1383 2536 1638 2577 sermone
1670 2522 1937 2578 adulatio-

343 2609 450 2672 nis,
488 2609 626 2665 sicut
656 2612 807 2667 scitis
836 2628 847 2664 :
884 2628 1060 2682 neque
1094 2614 1145 2668 in
1173 2615 1463 2670 occasione
1494 2617 1755 2681 avaritim,
1792 2618 1937 2672 Deus

343 2702 499 2757 testis
523 2712 627 2766 est,
661 2720 759 2759 nec
789 2715 1095 2773 quaerentes
1126 2707 1194 2762 ab
1222 2707 1532 2763 hominibus
1558 2703 1815 2777 gloriam,
1841 2725 1937 2763 ne-

341 2810 449 2863 que
490 2811 519 2849 a
562 2797 737 2863 vobis,
783 2813 955 2868 neque
984 2799 1053 2853 ab
1093 2800 1233 2854 aliis.
1275 2800 1412 2855 Cum
1450 2816 1735 2869 possemus
1784 2802 1935 2858 vobis

339 2892 490 2945 oneri
524 2907 647 2947 esse
669 2904 726 2947 ut
753 2893 951 2949 Christi
978 2896 1217 2965 apostoli
1247 2914 1260 2951 :
1298 2896 1390 2951 sed
1428 2896 1558 2952 facti
1587 2914 1771 2953 sumus
1804 2914 1931 2970 par-

337 2983 447 3038 Viili
496 2985 549 3038 in
598 2986 777 3041 medio
822 2997 1086 3053 vestrum,
1137 2999 1408 3059 tamquam
1442 2991 1487 3044 si
1521 2990 1703 3045 nutrix
1756 2992 1935 3046 foveat

338 3079 483 3134 filios
513 3094 660 3136 suos.
698 3082 769 3135 lta
803 3082 1181 3139 desiderantes
1223 3099 1318 3138 vos
1363 3084 1583 3153 cupide,
1618 3086 1933 3142 volebamus

340 3173 553 3227 tradere
583 3174 737 3229 vobis
762 3190 866 3229 nou
909 3176 1086 3231 solum
1123 3178 1471 3247 Evangelium
1498 3177 1619 3242 Dei,
1645 3178 1740 3232 sed
1764 3179 1929 3234 etiam

2045 1954 2341 2008 tentaverit
2386 1968 2482 2009 vos
2530 1954 2595 2019 is,
2621 1955 2712 2025 qui
2766 1963 2956 2022 tentat,
2997 1965 3051 2010 et
3106 1955 3280 2009 inanis
3341 1956 3435 2010 liat
3484 1955 3637 2012 labor

2042 2058 2251 2104 noster.
2290 2048 2442 2103 Nunc
2483 2058 2663 2103 autem
2711 2050 2963 2106 veniente
3008 2050 3297 2105 Timotheo
3331 2050 3399 2105 ad
3449 2066 3547 2106 nos
3594 2067 3626 2106 a

2042 2140 2215 2207 vobis,
2248 2150 2297 2197 et
2330 2144 2684 2198 annuntiante
2709 2144 2868 2197 nobis
2901 2143 3056 2198 fidem
3084 2153 3138 2198 et
3158 2143 3477 2199 charitatem
3510 2159 3635 2201 ves-

2043 2244 2202 2303 tram,
2227 2244 2283 2291 et
2319 2237 2443 2307 quia
2472 2240 2792 2293 memoriam
2827 2239 2996 2294 nostri
3027 2240 3242 2295 habetis
3270 2243 3465 2297 bonam
3494 2254 3640 2297 sem-

2041 2344 2157 2399 per,
2188 2329 2563 2386 desiderantes
2612 2347 2709 2385 nos
2758 2332 2961 2399 videre,
2999 2334 3143 2392 sicut
3169 2346 3225 2389 et
3262 2351 3361 2390 nos
3418 2350 3637 2406 quoque

2040 2436 2174 2477 vos:
2204 2422 2328 2477 ideo
2360 2425 2623 2479 consiilati
2657 2422 3097 2492 sumus,fratres,
3123 2428 3175 2482 in
3201 2428 3379 2496 vobis,
3404 2427 3457 2482 in
3488 2426 3636 2483 omni

2039 2518 2365 2572 necessitate
2389 2529 2443 2573 et
2475 2519 2822 2574 tribulatione
2842 2530 3045 2587 nostra,
3064 2536 3159 2591 per
3181 2520 3343 2577 iidem
3372 2529 3630 2590 vestram,

2040 2610 2294 2678 quoniam
2358 2626 2502 2665 nunc
2557 2611 2809 2675 vivimus,
2843 2613 2888 2667 si
2920 2629 3016 2668 vos
3072 2615 3229 2669 statis
3284 2614 3338 2669 in
3382 2614 3635 2671 Domino.

2037 2706 2208 2771 Quam
2240 2704 2384 2760 enim
2427 2707 2722 2776 gratiarum
2764 2707 3034 2761 actionem
3073 2722 3362 2775 possumus
3401 2708 3515 2762 Deo
3549 2722 3635 2764 re-

2039 2796 2280 2852 tribuere
2323 2812 2421 2868 pro
2467 2798 2639 2865 vobis,
2674 2800 2727 2853 iu
2764 2800 2908 2854 omni
2940 2799 3157 2869 gaudio,
3190 2816 3297 2870 quo
3328 2801 3627 2869 gaudemus

2039 2899 2258 2961 propter
2286 2907 2382 2947 vos
2410 2902 2535 2947 ante
2571 2892 2736 2948 Deum
2771 2904 3035 2960 nostrum,
3072 2902 3233 2949 nocte
3262 2910 3327 2950 ac
3348 2896 3436 2951 die
3462 2895 3636 2951 abun-

2036 2985 2254 3040 dantius
2311 2997 2552 3053 orantes,
2600 2997 2656 3041 ut
2702 2986 2987 3043 videamus
3036 2986 3231 3043 faciem
3280 2997 3539 3055 vestram,
3579 2998 3635 3044 et

2036 3081 2407 3147 compleamus
2435 3097 2499 3137 ea
2532 3098 2650 3151 qua:
2697 3082 2893 3137 desunt
2932 3081 3055 3137 fidei
3110 3083 3340 3137 vestrae?
3373 3083 3493 3154 Ipse
3538 3098 3634 3139 au-

2038 3182 2146 3229 tem
2188 3175 2329 3230 Deus
2355 3186 2409 3230 et
2444 3176 2600 3230 l’ater
2640 3186 2849 3243 noster,
2877 3186 2933 3232 et
2970 3176 3231 3231 Dominus
3263 3187 3447 3231 noster
3469 3177 3631 3233 Jesus

336 3266 547 3320 animas
573 3277 784 3322 nostras
820 3287 833 3323 :
869 3270 1121 3337 quoniam
1159 3269 1464 3325 eharissimi
1502 3270 1659 3325 nobis
1690 3270 1818 3326 facti
1841 3286 1929 3326 es-
1957 3244 2001 3306 C
2034 3266 2302 3333 Christus,
2335 3268 2531 3337 dirigat
2574 3268 2715 3323 viam
2759 3280 2997 3323 nostram
3032 3269 3098 3323 ad
3132 3286 3246 3323 vos.
3287 3269 3397 3324 Vos
3445 3279 3628 3325 autem

335 3358 426 3413 tis.
461 3359 728 3414 Memores
764 3361 909 3415 enim
953 3364 1109 3429 estis,
1152 3363 1370 3424 fratres,
1398 3363 1602 3419 laboris
1649 3367 1839 3429 nostri,
1877 3375 1930 3419 et

331 3450 662 3523 fatigationis
692 3470 704 3507 :
746 3463 905 3509 nocte
936 3470 999 3507 ac
1043 3455 1128 3510 die
1160 3466 1470 3524 operantes,
1508 3474 1574 3512 ne
1605 3473 1765 3528 quem
1800 3473 1924 3515 ves-

333 3552 475 3599 trum
507 3548 1313 3618 gravaremus,pra3dicavimus
1344 3549 1472 3622 Illis.
1499 3551 1666 3621 enim]
1695 3553 1745 3606 in
1770 3552 1925 3607 vobis

329 3636 684 3708 Evangelium
735 3640 853 3697 Dei.
892 3640 999 3697 Vos
1048 3650 1215 3697 testes
1254 3643 1406 3710 estis,
1452 3653 1507 3697 et
1544 3643 1716 3704 Deus,
1762 3659 1925 3714 quam

328 3742 536 3799 sancte,
571 3744 626 3788 et
652 3735 816 3801 juste,
850 3744 900 3789 et
934 3735 1048 3789 sine
1071 3737 1315 3806 querela,
1340 3737 1515 3804 vobis,
1542 3739 1631 3808 qui
1663 3739 1925 3795 credidis-

328 3825 420 3889 tis,
451 3825 683 3880 fuimus:
713 3828 851 3881 sicut
874 3829 1044 3896 scitis,
1078 3830 1312 3901 qualiter
1341 3847 1778 3903 unumquemque
1803 3848 1924 3889 ves-

327 3919 650 3988 trum(sicut
678 3931 830 3989 pater
848 3921 986 3977 filios
1008 3922 1161 3994 suos)
1186 3924 1550 3993 deprecantes
1579 3943 1672 3981 vos
1703 3936 1758 3983 et
1785 3942 1917 3982 con-

323 4011 589 4077 solantes,
645 4014 916 4071 testificati
965 4033 1174 4088 sumus,
1231 4027 1289 4074 ut
1334 4021 1692 4077 ambularetis
1761 4022 1920 4092 digne

322 4102 466 4170 Deo,
496 4104 586 4173 qui
629 4108 845 4162 vocavit
876 4124 972 4165 vos
1004 4110 1059 4163 in
1090 4124 1249 4166 suum
1298 4128 1521 4182 regnum
1565 4125 1620 4169 et
1661 4104 1917 4185 gloriam.

321 4196 448 4258 Ideo
477 4206 534 4252 et
564 4213 661 4253 nos
700 4201 903 4272 gratias
933 4204 1140 4273 agimus
1175 4204 1284 4259 Deo
1323 4207 1440 4261 siue
1469 4207 1875 4267 intermissione
1901 4228 1914 4265 :

319 4290 574 4360 quoniam
599 4307 721 4348 cum
755 4297 1108 4364 accepissetis
1138 4312 1166 4351 a
1212 4298 1367 4354 nobis
1418 4301 1646 4357 verbum
1699 4304 1916 4361 auditus

320 4383 440 4451 Dei,
471 4388 765 4455 accepistis
791 4389 959 4457 illud,
994 4407 1099 4445 non
1132 4402 1190 4446 ut
1222 4394 1444 4449 verbum
1492 4396 1788 4461 hominum,
1818 4400 1913 4454 sed

317 4475 484 4547 (sicut
514 4488 599 4533 est
627 4478 777 4549 vere)
803 4483 1033 4538 verbum
1069 4485 1185 4548 Dei,
1220 4487 1307 4553 qui
1341 4495 1603 4555 Operatur
1631 4488 1683 4543 in
1732 4491 1910 4557 vobis,

316 4570 407 4637 qui
432 4571 761 4629 credidistis.
800 4575 905 4630 Vos
935 4576 1079 4632 enim
1134 4579 1433 4635 imitatores
1466 4581 1589 4637 facti
1617 4584 1902 4651 estis,fra-

318 4670 452 4727 tres,
488 4664 853 4723 Ecclesiarum
887 4670 1005 4739 Dei,
1038 4688 1160 4743 quae
1198 4685 1323 4729 sunt
1369 4676 1422 4731 in
1449 4675 1633 4731 Judzea
1664 4678 1718 4733 in
1746 4677 1908 4735 Chri-

314 4765 402 4809 sto
425 4755 589 4822 Jesu;
626 4760 746 4829 quia
779 4762 967 4819 eadem
998 4768 1137 4833 passi
1165 4768 1295 4821 estis
1318 4777 1372 4824 et
1397 4783 1491 4825 vos
1524 4784 1552 4823 a
1581 4772 1906 4827 contribuli-

313 4846 413 4903 hus
442 4852 663 4917 vestris,
694 4853 838 4909 sicut
868 4866 919 4911 et
949 4856 1049 4926 ipsi
1078 4874 1106 4913 a
1133 4858 1336 4915 Judaeis
1371 4878 1383 4914 :
1414 4862 1501 4930 qui
1532 4871 1587 4918 et
1619 4863 1906 4920 Dominum

310 4943 629 5001 occiderunt
675 4947 886 5019 Jesum,
930 4960 987 5006 et
1036 4953 1351 5023 prophetas,
1381 4966 1435 5010 et
1488 4973 1588 5012 nos
1636 4961 1907 5028 persecuti

309 5048 456 5102 sunt,
488 5048 542 5095 et
575 5041 685 5097 Deo
716 5059 820 5099 non
848 5045 1060 5114 placent
1084 5045 1211 5119 [Με.
1250 5049 1609 5121 placuerunt],
1642 5060 1697 5107 et
1726 5053 1905 5108 omni-

310 5129 413 5186 bus
443 5132 757 5192 hominibus
783 5137 1167 5200 adversantur:
1197 5142 1552 5212 prohibentes
1590 5159 1691 5199 nos
1721 5146 1897 5219 genti-

308 5226 411 5283 bus
457 5228 626 5301 loqui,
669 5239 729 5286 ut
778 5232 940 5289 salvae
980 5235 1130 5302 ﬁant,
1167 5246 1226 5291 ut
1268 5236 1527 5306 impleant
1568 5247 1783 5307 peccata
1809 5254 1907 5294 sua

306 5333 564 5390 semper:
601 5325 851 5394 pervenit
890 5329 1035 5382 enim
1080 5328 1160 5384 ira
1200 5329 1294 5385 Dei
1324 5345 1489 5400 super
1515 5330 1633 5385 illos
1655 5346 1826 5402 usque
1850 5333 1903 5388 in

306 5413 492 5471 finem.
513 5416 621 5489 Nos
652 5429 852 5489 autem,
872 5420 1086 5489 fratres,
1110 5422 1335 5478 desolati
1370 5442 1397 5477 a
1428 5424 1578 5479 vobis
1606 5424 1669 5477 ad
1694 5435 1904 5495 tempus

308 5506 477 5573 horae,
512 5521 754 5581 aspectu,
782 5528 889 5569 non
913 5514 1100 5583 corde,
1130 5515 1491 5571 abundantius
1522 5516 1902 5574 festinavimus

306 5600 497 5659 faciem
530 5614 766 5661 vestram
813 5606 999 5665 videre
1043 5624 1167 5665 cum
1214 5610 1386 5667 multo
1424 5609 1698 5667 desiderio
1731 5626 1905 5683 :quo-

382 5814 408 5843 ⁸
434 5807 696 5866 Secundis
725 5815 882 5886 curis;
908 5813 1122 5870 additur
1171 5814 1223 5870 in
1257 5815 1505 5871 Palatino
1537 5832 1668 5886 ms.,
1697 5815 1881 5884 multa,

307 5894 429 5952 quae
459 5895 562 5938 vox
590 5891 769 5941 tamen
793 5900 820 5940 a
849 5884 1039 5944 Graeco
1072 5887 1193 5958 ipso
1218 5898 1365 5947 textu
1396 5890 1570 5947 abest.

2037 3362 2295 3416 Dominus
2332 3362 2677 3429 rnultiplicet,
2712 3371 2766 3417 et
2802 3361 3083 3416 abundare
3113 3362 3275 3415 faciat
3304 3361 3628 3417 charitatem

2032 3449 2059 3489 ι)
2093 3460 2326 3507 vestram
2363 3453 2414 3507 in
2452 3453 2707 3519 ἱιινίουιη,
2741 3464 2793 3507 et
2840 3454 2891 3506 in
2933 3467 3143 3517 omnes,
3173 3452 3631 3521 quemadmodum

2030 3554 2086 3601 et
2136 3561 2234 3600 nos
2267 3547 2316 3599 in
2351 3546 2501 3601 vobis
2536 3564 2548 3600 :
2579 3546 2643 3599 ad
2677 3544 3045 3599 confirmanda
3085 3544 3247 3599 corda
3279 3556 3456 3599 vestra
3500 3547 3619 3601 sine

2027 3640 2248 3709 querela
2278 3639 2330 3694 in
2361 3642 2667 3701 sanctitate,
2688 3651 2813 3693 ante
2836 3639 3005 3693 Deum
3028 3650 3081 3694 et
3108 3639 3319 3694 Patrem
3353 3649 3621 3706 nortrum,

2030 3734 2081 3787 in
2110 3733 2343 3788 adventu
2376 3733 2591 3788 Domini
2618 3733 2787 3789 nostri
2821 3733 2951 3790 Jesu
2984 3733 3189 3789 Christi
3214 3749 3336 3789 cum
3369 3732 3625 3789 omnibus

2026 3828 2233 3883 sanctis
2257 3828 2389 3897 l'jllS.
2423 3828 2619 3883 Amen.

2098 3917 2250 3989 [ϐαρ.
2288 3918 2401 3991 IV.]
2438 3921 2510 3973 De
2552 3931 2750 3973 cmtero
2798 3935 2951 3990 ergo,
2982 3921 3196 3987 fratres,
3230 3936 3484 3991 rogamus
3528 3937 3625 3979 vos

2025 4021 2077 4065 ct
2099 4012 2456 4067 obsecramus
2505 4012 2555 4065 iu
2608 4013 2839 4067 Domino
2882 4012 3034 4080 Jesu,
3062 4023 3117 4066 ut
3162 4014 3621 4083 quemadmodum

2022 4107 2312 4177 accepistis
2340 4123 2366 4158 a
2402 4107 2581 4175 nobis,
2614 4107 2883 4176 quomodo
2914 4116 3162 4175 Oporteat
3192 4124 3287 4163 vos
3317 4107 3619 4175 ambulare,

2022 4211 2075 4257 et
2104 4202 2320 4270 placere
2354 4202 2483 4267 Deo,
2508 4202 2585 4255 sic
2616 4209 2672 4256 et
2699 4200 3006 4267 ambulctis,
3034 4210 3090 4255 ut
3112 4201 3404 4279 abundetis
3426 4204 3619 4271 magis.

2024 4294 2183 4350 Scitis
2208 4296 2350 4349 eititu
2386 4311 2503 4362 quae
2540 4302 2808 4363 prrecepta
2841 4294 3085 4348 dederim
3126 4294 3283 4347 Vobis
3314 4308 3407 4364 per
3436 4293 3624 4347 Domi-

2022 4404 2147 4441 num
2180 4387 2385 4443 Jesum.
2423 4388 2547 4441 llaec
2575 4397 2663 4442 est
2713 4388 2854 4441 enim
2890 4386 3135 4439 voluntas
3168 4386 3282 4451 Dei,
3312 4385 3620 4440 sanctilica-

2022 4482 2095 4535 tio
2127 4493 2305 4536 vestra
2337 4500 2347 4534 :
2382 4491 2435 4534 tit
2470 4480 2784 4534 abstiitcatis
2818 4496 2911 4533 vos
2934 4498 2959 4531 a
2989 4479 3365 4543 fornicatione,
3392 4488 3451 4532 ut
3482 4480 3621 4534 sciat

2019 4576 2389 4645 unusquisque
2416 4581 2655 4627 vestrum
2689 4589 2782 4625 vas
2809 4588 2964 4627 suum
2992 4571 3275 4641 possidere
3302 4570 3354 4625 in
3378 4571 3617 4625 sanctili-

1944 4646 1992 4706 Ῑ)
2019 4669 2232 4720 ratione
2284 4677 2337 4721 et
2369 4666 2608 4730 honore;
2644 4681 2751 4720 non
2797 4666 2848 4718 in
2885 4666 3137 4733 paSsione
3163 4664 3445 4728 desiderii,
3479 4666 3618 4721 sicut

2017 4772 2071 4817 et
2099 4771 2309 4833 gentes,
2337 4776 2461 4831 qua:
2488 4761 2737 4831 ignorant
2768 4762 2932 4815 Deum
2969 4778 2981 4813 :
3006 4768 3060 4814 et
3083 4776 3149 4814 ne
3177 4761 3299 4829 quis
3326 4775 3616 4831 supergre-

2017 4854 2215 4915 diatur.
2239 4870 2412 4925 neque
2436 4855 2826 4909 circumveniat
2848 4854 2900 4909 iu
2925 4854 3144 4925 ttegOtio
3166 4853 3386 4910 fratrem
3412 4870 3605 4909 suum:

2015 4949 2273 5017 quoniam
2306 4948 2500 5003 vindex
2533 4959 2614 5002 cst
2662 4950 2917 5002 Dominus
2949 4949 3015 5003 de
3045 4949 3130 5004 bis
3166 4949 3443 5015 omnibus,
3471 4950 3613 5006 sicut

2016 5042 2366 5112 prtediximus
2427 5043 2601 5104 vobis,
2637 5055 2688 5098 et
2733 5042 3004 5098 testificati
3040 5058 3244 5099 sumus.
3300 5044 3412 5097 Non
3468 5044 3613 5100 enim

2013 5136 2229 5191 vocavit
2259 5151 2357 5190 nos
2380 5135 2523 5190 Deus
2554 5138 2604 5191 in
2636 5136 3055 5202 immunditiam,
3087 5138 3183 5192 sed
3220 5140 3269 5190 in
3311 5138 3616 5192 sanctillca-

2016 5230 2239 5285 tionem.
2263 5229 2447 5300 itaque
2475 5231 2562 5299 qui
2614 5233 2726 5284 hmc
2754 5231 2983 5300 Spernit,
3017 5245 3120 5284 non
3155 5230 3426 5286 hominem
3453 5246 3611 5298 sper-

2014 5325 2112 5389 nit,
2146 5324 2239 5380 sed
2268 5325 2435 5380 Deum
2465 5343 2476 5379 :
2503 5326 2593 5395 qui
2620 5327 2780 5380 etiam
2811 5326 2957 5379 dedit
2988 5325 3255 5395 Spiritum
3288 5342 3445 5380 sumn
3474 5340 3599 5380 sau-

2011 5428 2155 5474 ctmn
2188 5418 2239 5472 iu
2274 5420 2447 5473 nobis.
2486 5418 2561 5473 De
2598 5419 2864 5474 charitate
2908 5428 3085 5473 autem
3116 5420 3469 5474 fraternitatis
3502 5436 3607 5474 tum

2012 5526 2235 5566 necesse
2286 5511 2546 5566 habemus
2594 5511 2837 5565 scribere
2889 5514 3039 5567 vobis
3072 5530 3085 5576 ;
3121 5512 3227 5582 ipsi
3269 5514 3414 5567 enim
3454 5529 3551 5567 vos
3578 5527 3611 5568 a

2013 5607 2126 5663 Deo
2157 5604 2445 5671 didicistis,
2476 5616 2531 5657 ut
2559 5603 2795 5674 diligatis
2836 5604 3087 5661 invicem.
3118 5604 3331 5661 Etenim
3358 5606 3495 5662 illud
3524 5605 3607 5660 fa-

2067 5811 2435 5891 b_P_ropomen
2467 5811 2861 5891 vestram,un
2880 5822 2936 5871 et
2958 5828 2988 5869 a
3019 5811 3211 5871 Grmco
3242 5824 3388 5873 textu
3423 5819 3600 5891 abest,

2002 5886 2055 5942 in
2090 5883 2331 5941 Palatino
2356 5900 2458 5941 ms.
2491 5884 2771 5943 reticetur.
