4128 6330
525 311 632 382 7'95

1529 319 1588 382 S.
1633 316 2006 382 HIERONYMI
2047 317 2276 381 DIVINA
2317 317 2796 382 BIBLIOTHEGA.

3749 325 3846 385 790

531 445 650 500 citis
684 445 736 499 in
766 458 957 501 omnes
990 444 1188 500 fratres
1219 445 1270 499 in
1305 444 1559 500 universa
1591 441 1922 498 Macedonia.
1949 441 2129 512 Boga-
2159 443 2211 502 Α
2235 440 2554 497 dormiunt:
2595 449 2652 497 et
2679 441 2770 512 qui
2801 438 2942 496 ebrii
2971 448 3129 508 sunt,
3177 447 3342 497 nocte
3374 439 3518 496 ebrii
3554 448 3704 497 sunt.
3748 442 3848 499 Nos

532 553 651 593 mus
681 547 860 594 autem
891 553 1011 604 vos,
1044 537 1261 603 fratres,
1293 547 1350 594 ut
1381 536 1667 593 abundetis
1693 534 1884 608 magis,
1915 543 1972 591 et
1999 549 2130 605 ope-

529 645 647 688 ram
679 630 842 698 detis,
866 640 924 688 ut
971 632 1140 703 quieti
1191 633 1334 698 sitis,
1367 640 1423 688 et
1453 639 1511 687 ut
1560 641 1799 685 vestrum
1848 628 2130 700 negotium

530 730 722 797 agatis,
755 736 811 785 et
840 729 1140 799 operemini
1193 727 1444 783 manibus
1481 727 1680 782 vestris
1704 771 1718 794 ,
1763 725 1902 780 sicut
1932 737 2138 795 praece-

534 825 712 893 pimus
745 823 921 890 vobis,
945 831 1000 878 et
1028 831 1085 876 ut
1113 823 1339 877 honeste
1359 820 1651 885 ambuletis
1680 819 1746 874 ad
1766 833 1862 874 eos
1888 819 1978 891 qui
2005 818 2136 872 foris

537 925 667 971 sunt
701 932 714 967 :
744 925 799 970 et
835 915 1033 970 nullius
1057 913 1258 984 aliquid
1289 913 1636 970 desideretis.
1662 912 1922 968 Nolumus
1951 920 2130 966 autem

533 1022 632 1064 vos
654 1007 932 1078 ignorare,
963 1006 1182 1073 fratres,
1209 1007 1276 1062 de
1306 1005 1724 1074 dormientibus,
1770 1016 1825 1060 ιιι
1865 1019 1974 1060 non
2002 1019 2136 1078 con-

536 1101 845 1165 tristemini,
876 1100 1017 1155 sicut
1045 1109 1102 1155 et
1145 1099 1330 1155 caeteri
1367 1099 1460 1171 qui
1497 1114 1649 1170 spem
1683 1113 1792 1154 non
1823 1097 2048 1154 habent.
2077 1095 2134 1153 Si

540 1197 683 1251 enim
731 1196 1004 1250 credimus
1053 1194 1200 1264 quod
1243 1195 1404 1251 Jesus
1450 1204 1695 1250 mortuus
1725 1202 1832 1259 est,
1863 1202 1920 1250 et
1947 1208 2129 1249 resur-

535 1288 676 1344 rexit
707 1304 720 1341 :
755 1287 827 1342 ita
860 1295 916 1342 et
953 1287 1097 1342 Deus
1141 1302 1238 1342 eos
1283 1287 1375 1357 qui
1428 1286 1768 1342 dormierunt
1806 1301 1901 1355 per
1923 1284 2130 1353 Jesum,

535 1379 768 1434 adducet
799 1395 923 1434 cum
964 1394 1051 1436 eo.
1086 1379 1200 1434 Hoc
1227 1379 1370 1435 enim
1412 1380 1568 1434 vobis
1608 1379 1841 1434 dicimus
1872 1377 1927 1432 in
1963 1378 2136 1434 verbo

537 1474 772 1540 Domini,
803 1474 929 1544 quia
971 1489 1087 1538 nos,
1141 1471 1235 1544 qui
1282 1473 1532 1540 vivimus,
1565 1472 1657 1543 qui
1695 1471 1898 1528 residui
1949 1487 2136 1527 sumus

536 1570 588 1622 iu
643 1566 934 1621 adventum
989 1565 1227 1634 Domini,
1284 1579 1390 1620 non
1443 1565 1838 1636 praevenicmus
1887 1578 2004 1631 eos,
2044 1567 2135 1636 qui

535 1662 895 1717 dormierunt.
943 1659 1211 1728 Quoniam
1257 1659 1376 1730 ipse
1422 1659 1681 1714 Dominus
1710 1660 1761 1713 in
1789 1659 1968 1729 jussu,
1996 1667 2052 1714 et
2081 1659 2134 1712 in

537 1769 672 1811 voce
705 1753 1049 1825 Archangeli,
1075 1763 1130 1809 et
1159 1754 1214 1808 in
1245 1753 1374 1808 tuba
1404 1753 1497 1808 Dei
1527 1753 1825 1809 descendet
1853 1752 1920 1808 de
1946 1753 2087 1809 ctelo
2116 1769 2132 1812 :

2236 547 2442 606 autem,
2473 538 2565 609 qui
2597 537 2706 593 diei
2732 551 2942 607 sumus,
2977 535 3143 592 sobrii
3173 536 3375 605 simus,
3423 534 3604 591 induti
3632 535 3847 594 loricam

2237 631 2384 703 ﬁdei,
2417 642 2474 688 et
2499 632 2803 698 charitatis,
2837 640 2893 687 et
2913 631 3122 702 galeam
3143 646 3293 701 spem
3323 630 3530 686 salutis
3558 648 3570 684 :
3602 632 3849 702 quoniam

2239 740 2348 781 non
2379 724 2560 794 posuit
2586 739 2688 779 nos
2719 724 2863 779 Deus
2891 723 2945 778 in
2978 723 3112 778 iram
3134 763 3150 789 ,
3193 722 3289 778 sed
3325 722 3383 777 in
3431 721 3846 793 acquisitionem

2237 817 2430 874 salutis
2459 833 2558 890 per
2589 817 2877 874 Dominum
2899 827 3148 874 nostrum
3169 815 3360 874 Iesum
3394 815 3679 872 Christum
3706 861 3720 884 ,
3762 820 3849 886 qui

2238 922 2486 968 mortuus
2517 921 2602 967 est
2630 927 2726 982 pro
2752 912 2936 968 nobis:
2973 923 3032 968 ut
3061 914 3181 970 sive
3209 913 3512 986 vigilemus
3533 954 3548 979 ,
3589 913 3706 969 sive
3731 913 3847 970 dor-

2237 1006 2489 1076 miamus,
2516 1005 2680 1061 simul
2710 1021 2834 1062 cum
2865 1007 2957 1062 illo
2980 1009 3252 1062 vivamus.
3285 1006 3536 1077 Propter
3561 1007 3704 1076 quod
3727 1021 3850 1062 con-

2237 1101 2486 1156 solamiui
2518 1101 2748 1157 invicem
2768 1141 2782 1166 ,
2825 1111 2877 1158 et
2910 1101 3176 1158 aediﬁcate
3207 1101 3544 1157 alterutrum
3571 1141 3586 1168 ,
3636 1101 3778 1157 sicut
3799 1112 3850 1159 et

2237 1193 2438 1250 facitis.
2465 1192 2741 1264 Rogamus
2763 1203 2946 1250 autem
2969 1209 3090 1261 vos,
3114 1193 3332 1262 fratres,
3363 1203 3427 1249 ut
3449 1193 3718 1248 noveritis
3737 1209 3847 1263 eos,

2239 1288 2329 1360 qui
2359 1287 2611 1343 laborant
2635 1287 2778 1344 inter
2807 1303 2922 1355 vos,
2955 1297 3013 1345 et
3040 1298 3286 1360 praesunt
3320 1287 3486 1344 vobis
3513 1287 3570 1342 in
3601 1287 3845 1359 Domino,

2239 1390 2294 1437 et
2320 1389 2548 1436 monent
2575 1396 2693 1449 vos,
2724 1390 2784 1437 ut
2813 1381 3058 1437 habeatis
3081 1383 3205 1438 illos
3233 1381 3619 1437 abundantius
3649 1382 3699 1436 in
3721 1382 3844 1438 cha-

2239 1475 2402 1531 ritate
2431 1483 2651 1546 propter
2679 1490 2814 1546 opus
2838 1475 3052 1531 illorum
3088 1492 3102 1530 :
3147 1490 3340 1546 pacein
3377 1475 3584 1531 habete
3605 1489 3728 1530 cum
3751 1476 3843 1532 eis.

2240 1574 2510 1644 Rogamus
2537 1582 2714 1629 autem
2736 1573 3087 1640 vos,tratres,
3109 1573 3370 1644 corripite
3395 1571 3699 1642 inquietos,
3727 1585 3848 1627 con-

2239 1666 2490 1722 solamini
2526 1666 2926 1737 pusillanimes,
2962 1666 3224 1738 suscipite
3255 1666 3517 1722 inﬁrmos
3541 1709 3556 1732 ,
3592 1665 3845 1736 patientes

2239 1769 2414 1817 estote
2441 1761 2507 1816 ad
2538 1775 2751 1816 omnes.
2797 1761 3020 1828 Videte,
3067 1776 3137 1818 ne
3180 1763 3305 1832 quis
3334 1761 3551 1816 malum
3579 1776 3681 1832 pro
3712 1763 3846 1816 malo

539 1859 595 1906 et
626 1851 820 1904 mortui
846 1852 937 1920 qui
965 1850 1018 1904 in
1048 1848 1266 1905 Christo
1289 1856 1434 1915 sunt,
1455 1860 1740 1919 resurgent
1767 1848 1948 1918 primi.
1971 1846 2134 1903 Dein-
2162 1845 2210 1908 B
2237 1855 2398 1910 alicui
2431 1854 2628 1911 reddat
2655 1873 2668 1910 :
2721 1855 2815 1911 sed
2847 1870 3064 1927 semper
3093 1855 3234 1926 quod
3266 1855 3480 1911 bonum
3515 1864 3633 1919 est,
3682 1863 3847 1912 secta-

535 1947 604 2002 de
634 1961 755 2014 nos,
779 1947 869 2017 qui
906 1946 1159 2014 vivimus,
1192 1943 1285 2016 qui
1327 1944 1706 2016 relinquimur,
1748 1945 1910 2000 simul
1953 1945 2135 2016 rapie-

537 2057 661 2096 ntur
689 2055 811 2096 cum
845 2040 952 2096 illis
994 2040 1046 2094 in
1089 2039 1320 2094 nubibus
1361 2040 1576 2095 obviam
1601 2047 1627 2076 δ
1655 2040 1870 2095 Christo
1901 2041 1954 2094 in
1983 2053 2131 2109 aera,

539 2144 592 2192 et
629 2137 708 2192 sic
739 2150 956 2206 semper
979 2149 1100 2190 cum
1137 2134 1363 2189 Domino
1394 2135 1619 2190 erimus.
1657 2135 1842 2206 Itaque
1877 2135 2132 2190 consola-

541 2230 671 2285 mini
706 2228 937 2284 invicem
969 2228 1019 2283 in
1051 2228 1229 2285 verbis
1252 2228 1396 2284 istis.

610 2321 761 2395 [Cap.
792 2321 884 2393 ιι
910 2323 984 2376 De
1004 2320 1343 2391 temporibus
1374 2331 1580 2389 autem,
1607 2330 1662 2377 et
1687 2321 2004 2387 momentis,
2027 2321 2141 2376 fra-

537 2423 682 2479 tres,
737 2428 843 2469 non
876 2413 1163 2484 indigetis,
1207 2422 1266 2468 ut
1295 2415 1598 2469 scribamus
1626 2413 1804 2469 vobis.
1860 2412 1960 2484 ipsi
1995 2413 2139 2470 enim

538 2507 831 2576 diligenter
856 2505 1029 2572 scitis,
1057 2507 1180 2577 quia
1204 2506 1319 2562 dies
1342 2507 1577 2575 Domini,
1611 2507 1753 2562 sicut
1774 2506 1858 2563 fur
1880 2506 1933 2563 in
1957 2517 2139 2574 nocte,

538 2601 616 2656 ita
643 2600 824 2656 veniet
849 2621 862 2657 :
891 2616 1013 2656 cum
1036 2600 1182 2656 enim
1205 2599 1443 2656 dixerint
1465 2615 1596 2671 pax,
1625 2609 1682 2655 et
1701 2602 1984 2666 securitas,
2015 2610 2141 2657 tunc

539 2691 859 2764 repentinus
887 2693 968 2748 eis
999 2695 1349 2763 superveniet
1379 2694 1661 2758 interitus,
1714 2694 1856 2749 sicut
1893 2693 2050 2749 dolor
2085 2694 2140 2750 in

546 2797 703 2844 utero
731 2788 952 2845 habenti
980 2787 1108 2861 [Μδ.
1140 2788 1448 2861 habentis],
1494 2799 1548 2845 et
1575 2803 1681 2845 non
1709 2788 1984 2860 eﬁ'ugient.
2037 2790 2142 2845 Vos

543 2889 750 2949 autem,
777 2881 994 2950 fratres,
1030 2897 1136 2937 non
1169 2882 1300 2936 estis
1332 2883 1384 2936 in
1415 2881 1673 2952 tenebris,
1705 2891 1763 2938 nt
1784 2896 1882 2939 vos
1906 2883 2024 2939 dies
2051 2884 2140 2940 illa

545 2983 816 3045 tamquam
861 2974 948 3032 fur
983 2973 1455 3045 Comprehendat:
1507 2988 1699 3030 omnes
1736 2974 1882 3030 enim
1916 2990 2016 3032 vos
2046 2975 2140 3032 ﬁlii

542 3068 677 3123 lucis
705 3067 860 3136 estis,
895 3077 949 3123 et
979 3068 1072 3122 ﬁlii
1103 3067 1240 3123 diei:
1273 3083 1382 3123 non
1415 3082 1601 3124 sumus
1623 3069 1820 3136 noctis,
1854 3083 2035 3139 neque
2061 3078 2144 3125 te-

541 3160 856 3216 nebrarum.
878 3160 1044 3232 igitur
1068 3176 1174 3216 non
1196 3160 1554 3226 dormiamus,
1573 3163 1714 3217 sicut
1733 3171 1787 3218 et
1805 3160 2012 3233 caeteri,
2045 3163 2142 3220 sed

540 3254 824 3326 vigilemus
844 3295 859 3322 ,
883 3263 938 3310 et
958 3255 1128 3310 sobrii
1155 3255 1344 3309 simus.
1367 3253 1469 3321 Qui
1495 3254 1639 3310 enim
1660 3253 1954 3322 dormiunt,
1984 3265 2143 3312 nocte
2172 3245 2219 3312 C

2243 1947 2372 2003 mini
2399 1949 2454 2002 in
2483 1948 2737 2018 invicem,
2771 1957 2822 2004 et
2854 1947 2909 2003 in
2937 1962 3146 2004 omnes.
3178 1946 3416 2018 Semper
3435 1946 3695 2019 gaudete.
3723 1946 3844 2004 Sine

2243 2040 2646 2096 intermissione
2673 2048 2844 2096 orate.
2891 2041 2947 2096 ln
2979 2040 3234 2096 omnibus
3263 2039 3477 2110 gratias
3515 2039 3697 2110 agite:
3737 2039 3844 2096 haec

2241 2143 2325 2188 est
2352 2134 2497 2189 enim
2539 2132 2790 2190 voluntas
2822 2133 2915 2190 Dei
2960 2133 3012 2189 in
3041 2132 3259 2190 Christo
3292 2133 3467 2202 .lesu,
3512 2134 3567 2188 in
3600 2132 3842 2189 omnibus

2241 2227 2416 2282 vobis.
2433 2226 2694 2298 Spiritum
2723 2227 2891 2283 nolite
2917 2228 3290 2298 exstinguere.
3322 2225 3661 2298 Prophetias
3688 2225 3845 2282 nolite

2242 2335 2523 2392 spernere.
2567 2319 2762 2377 Omnia
2804 2330 2986 2377 autem
3029 2323 3297 2391 probate:
3335 2320 3490 2391 quod
3532 2319 3733 2375 bonum
3769 2328 3845 2375 est

2249 2424 2452 2472 tenete.
2485 2415 2570 2470 Ab
2592 2416 2741 2471 omni
2772 2415 2952 2486 specie
2986 2415 3126 2470 mala
3147 2414 3429 2470 abstinete
3460 2427 3582 2468 vos.
3617 2413 3734 2481 Ipse
3759 2427 3846 2466 au-

2244 2519 2354 2566 tem
2388 2511 2529 2566 Deus
2555 2510 2704 2580 pacis
2731 2508 3039 2566 sanctiﬁcet
3065 2523 3164 2565 vos
3185 2521 3284 2580 per
3303 2508 3494 2563 omnia
3518 2527 3532 2564 :
3563 2515 3623 2562 ut
3646 2507 3842 2577 integer

2242 2602 2467 2673 spiritus
2491 2609 2675 2657 vester
2692 2646 2706 2671 ,
2747 2609 2804 2657 et
2829 2600 3011 2656 anima
3038 2642 3053 2664 ,
3097 2609 3151 2656 et
3173 2614 3374 2669 corpus
3399 2601 3526 2655 sine
3557 2598 3770 2668 querela
3794 2598 3842 2651 in

2243 2694 2479 2749 adventu
2506 2692 2720 2749 Domini
2744 2692 2916 2749 nostri
2939 2691 3066 2748 Iesu
3095 2691 3297 2748 Christi
3332 2699 3614 2746 servetur.
3657 2687 3843 2744 Fidelis

2244 2795 2349 2853 est,
2378 2788 2470 2858 qui
2497 2789 2712 2843 vocavit
2738 2802 2864 2843 vos:
2897 2787 2991 2857 qui
3020 2786 3183 2841 etiam
3211 2783 3401 2841 faciet.
3432 2783 3677 2850 Fratres,
3705 2792 3844 2838 orate

2245 2895 2344 2952 pro
2370 2880 2549 2937 nobis.
2599 2879 2843 2937 Salutate
2873 2879 3069 2935 fratres
3100 2893 3290 2935 omnes
3327 2877 3386 2934 in
3414 2877 3608 2934 osculo
3637 2883 3836 2932 sancto.

2247 2975 2458 3046 Adjuro
2489 2988 2584 3030 vos
2616 2988 2714 3043 per
2747 2974 3031 3029 Dominum
3059 3013 3072 3038 ,
3124 2981 3182 3027 ut
3219 2973 3436 3042 legatur
3479 2969 3707 3040 epistola
3739 2968 3841 3023 haec

2246 3069 2504 3126 omnibus
2530 3067 2735 3124 sanctis
2761 3066 3041 3124 fratribus.
3071 3065 3260 3124 Gratia
3285 3064 3515 3122 Domini
3541 3063 3706 3120 nostri
3724 3061 3839 3118 Jcsu

2246 3162 2447 3221 Citriin
2479 3160 2507 3200 ι’
2537 3161 2840 3218 vobiscum.
2894 3163 3091 3217 Amen.

1309 3347 1540 3419 Explicit
1561 3346 1804 3419 Epistola
1826 3347 1891 3404 Β.
1921 3348 2082 3404 Pauli
2107 3350 2333 3422 apostoli
2355 3349 2424 3406 ad
2452 3349 2939 3407 Thessalonicenm
2968 3347 3020 3406 Ι.

612 3504 634 3530 τι
662 3494 768 3549 Pro
799 3493 1022 3561 Christo,
1055 3493 1331 3550 Palatinus
1362 3509 1463 3548 ms.
1512 3491 1679 3549 habet
1727 3489 1973 3560 Domino,
2002 3507 2129 3564 pro-

539 3567 657 3638 pius
689 3567 898 3635 Graeco,
936 3565 1168 3644 Κυρίου.¹

665 3696 842 3703 _-.-.-_.—-—

2243 3489 2336 3618 (fit
2371 3489 2514 3547 idem
2551 3489 2827 3547 Palatinus
2856 3504 2960 3546 ms.
2981 3531 2996 3557 ,
3032 3504 3148 3542 cum
3175 3483 3414 3542 omnibus
3446 3482 3607 3551 vobis,
3638 3495 3733 3554 pro
3759 3494 3838 3533 ro-

2275 3579 2462 3618 iscum.

2275 3579 2462 3619 iscum.

1266 3815 1441 3928 Β.
1518 3808 2090 3923 PAULI
2173 3742 3164 3922 Apes-r011

2043 3977 2337 4046 INCIPIT

665 4125 1539 4261 EPISTULA
1631 4118 3760 4407 ADSETCEEDSASALONICENSES

613 4580 764 4656 [Cap.
797 4573 865 4650 1.]
906 4577 1123 4647 Paulus,
1159 4584 1214 4634 et
1242 4575 1530 4647 Silvanus,
1561 4582 1617 4634 et
1640 4574 2000 4642 Timotheus,
2037 4571 2139 4630 Ec—
2163 4574 2219 4638 1)
2244 4573 2414 4630 buere
2455 4569 2859 4629 tribulationem
2901 4569 2968 4627 iis
2995 4571 3089 4643 qui
3128 4584 3227 4628 vos
3257 4570 3562 4630 tribulam:
3611 4574 3666 4626 et
3690 4561 3836 4620 vobis

540 4675 722 4731 clesize
747 4670 1344 4737 Thessalonicensium,
1385 4670 1440 4726 in
1473 4667 1588 4726 Deo
1614 4671 1776 4726 Patre
1818 4675 2040 4737 nostro,
2088 4674 2145 4722 et

540 4767 773 4826 Domino
795 4765 924 4824 Jesu
948 4763 1190 4822 Christo.
1223 4764 1406 4821 Gratia
1432 4765 1610 4835 vobis,
1643 4775 1696 4821 et
1721 4777 1823 4836 pax
1851 4779 1881 4818 a
1907 4762 2016 4820 Deo
2047 4775 2146 4818 no-

539 4867 678 4929 stro,
708 4870 763 4917 et
791 4859 1023 4916 Domino
1045 4857 1174 4915 Jesu
1197 4857 1436 4914 Christo.
1460 4857 1675 4915 Gratias
1702 4871 1862 4930 agerc
1883 4858 2144 4914 debemus

541 4969 760 5026 semper
785 4953 899 5010 Deo
926 4942 1028 5025 pro
1054 4953 1214 5008 vobis
1237 4994 1252 5018 ,
1305 4951 1501 5007 fratres
1521 4993 1537 5020 ,
1585 4952 1656 5007 ita
1689 4959 1748 5007 ut
1773 4952 1994 5023 dignum
2036 4961 2143 5017 est,

539 5048 796 5120 quoniam
820 5046 1186 5117 supercrescit
1207 5043 1342 5100 ﬁdes
1368 5052 1544 5100 vestra
1567 5087 1582 5112 ,
1610 5055 1666 5100 et
1696 5043 1935 5099 abundat
1960 5040 2142 5100 chari-

542 5153 624 5200 tas
651 5139 1076 5210 uniuscujusque
1101 5147 1344 5194 vestrum
1372 5137 1424 5192 in
1456 5137 1725 5193 invicem:
1768 5135 1838 5190 ita
1869 5144 1930 5190 ut
1953 5144 2007 5190 et
2041 5147 2140 5190 nos

544 5237 644 5309 ipsi
668 5237 722 5292 in
745 5233 900 5291 vobis
921 5233 1222 5305 gloriemur
1243 5232 1299 5286 in
1325 5231 1588 5288 Ecclesiis
1614 5230 1731 5298 Dei,
1761 5245 1857 5302 pro
1880 5229 2140 5301 patientia

544 5341 746 5398 vestra,
762 5337 817 5388 et
838 5328 943 5385 ﬁde
961 5344 976 5395 ;
992 5327 1022 5357 ⁸
1037 5335 1085 5386 et
1106 5328 1158 5383 in
1173 5327 1424 5384 omnibus
1442 5325 1912 5398 persecutionibus
1924 5323 2140 5390 vestris,

540 5433 595 5483 et
623 5420 1087 5489 tribulationibus,
1122 5434 1258 5491 quas
1279 5418 1563 5475 sustinetis
1593 5419 1646 5474 in
1677 5417 1987 5488 exemplum
2007 5416 2142 5488 justi

534 5517 726 5589 judicii
750 5517 867 5590 Dei,
903 5529 962 5575 ut
984 5519 1129 5591 digni
1152 5518 1460 5574 habeamini
1491 5517 1543 5572 in
1573 5532 1738 5586 regno
1762 5514 1879 5584 Dei,
1907 5529 2004 5586 pro
2035 5527 2143 5584 quo

531 5622 588 5668 et
615 5613 879 5683 patimini.
928 5612 984 5671 Si
1017 5623 1196 5670 tamen
1224 5613 1432 5684 justum
1463 5622 1546 5667 est
1574 5611 1715 5682 apud
1747 5609 1917 5666 Deum
1938 5651 1955 5680 ,
1985 5609 2144 5667 retri-

598 5761 625 5790 ει
656 5751 918 5809 Voculam
952 5760 1020 5819 et,
1048 5767 1169 5824 quae
1196 5750 1417 5824 quidem
1450 5749 1729 5805 abundare
1751 5747 1984 5817 videtur,
2007 5761 2130 5804 cum

529 5828 747 5884 Graecus
778 5833 977 5890 textus,
1009 5833 1120 5878 tttm
1148 5823 1426 5878 Palatinus
1457 5835 1558 5875 ms.
1589 5824 1860 5893 ignorant.

600 5898 626 5938 δ
666 5898 876 5954 Nomen
916 5895 1137 5962 Christi,
1178 5895 1426 5968 quaedam
1465 5890 1798 5966 exemplaria
1835 5890 2026 5950 Graeca
2072 5897 2127 5948 et

2246 4667 2340 4739 qui
2374 4665 2747 4735 tribuiamini,
2794 4667 3038 4737 requiem
3084 4665 3372 4722 nobiscum
3419 4669 3477 4723 in
3518 4659 3834 4722 revelatione

2251 4766 2466 4822 Domini
2501 4765 2632 4822 Jesu
2663 4763 2731 4820 de
2759 4764 2902 4821 cosio
2930 4777 3054 4819 cum
3086 4763 3306 4834 Angelis
3342 4763 3559 4820 virtutis
3587 4759 3704 4828 ejus
3724 4796 3738 4822 ,
3784 4751 3831 4805 in

2250 4861 2464 4917 tlamma
2499 4861 2639 4932 ignis
2682 4859 2865 4916 dantis
2894 4855 3188 4914 vindictam
3233 4859 3300 4913 iis
3331 4856 3460 4931 [Μι.
3491 4855 3560 4913 de
3590 4846 3696 4919 his]
3747 4839 3832 4914 qui

2252 4967 2358 5009 non
2390 4959 2660 5009 noverunt
2687 4951 2882 5019 Deum,
2914 4960 2973 5008 et
3002 4950 3096 5022 qui
3128 4963 3236 5006 non
3264 4950 3523 5006 obediunt
3555 4935 3832 5010 Evangeiio

2256 5047 2469 5102 Domini
2501 5045 2675 5100 nostri
2704 5046 2834 5101 .lesu
2865 5042 2894 5084 ι)
2923 5043 3149 5100 Christi.
3190 5042 3291 5112 Qui
3321 5057 3510 5115 pinnas
3544 5037 3742 5095 dabunt
3779 5028 3828 5081 in

2250 5141 2468 5198 interitu
2497 5150 2732 5196 aeternas
2763 5153 2791 5194 a
2820 5139 2956 5196 facie
2985 5138 3237 5206 Domini,
3280 5145 3337 5194 et
3371 5153 3401 5192 a
3431 5134 3600 5208 gloria
3632 5121 3829 5183 virtutis

2248 5236 2364 5307 ejus
2391 5251 2404 5288 :
2447 5248 2571 5289 cum
2605 5233 2818 5289 venerit
2846 5231 3135 5303 gioriﬁcari
3165 5231 3218 5286 in
3249 5229 3449 5286 sanctis
3470 5227 3618 5289 suis,
3661 5228 3713 5276 et
3737 5212 3826 5270 ad-

2249 5328 2510 5386 mirabilis
2535 5328 2650 5384 tieri
2676 5328 2728 5382 in
2761 5327 3036 5396 omnibus,
3061 5325 3152 5397 qui
3175 5324 3556 5388 crediderunt;
3579 5315 3699 5389 quia
3718 5323 3826 5366 cre-

2249 5423 2421 5479 ditum
2450 5432 2538 5479 est
2563 5419 2934 5478 testimonium
2963 5429 3211 5476 nostrum
3235 5433 3403 5490 super
3423 5433 3515 5472 vos
3543 5416 3594 5469 in
3615 5409 3698 5466 die
3717 5403 3818 5459 illo.

2250 5518 2307 5574 in
2335 5531 2441 5588 quo
2469 5517 2632 5573 etiam
2661 5530 2883 5573 oramus
2907 5529 3124 5588 semper
3153 5529 3249 5584 pro
3277 5513 3433 5570 vobis
3451 5553 3464 5578 ,
3505 5518 3564 5566 ut
3588 5504 3820 5575 dignetur

2249 5625 2349 5668 vos
2375 5610 2663 5666 vocatione
2693 5621 2788 5666 sua
2820 5607 2963 5665 Deus
2989 5619 3013 5648 ο
3045 5618 3254 5675 noster,
3286 5616 3342 5664 et
3369 5605 3586 5676 impleat
3613 5601 3812 5654 omnem

2235 5744 2514 5802 Palatinus
2547 5758 2650 5798 ms.
2681 5741 2766 5798 hic
2791 5743 3070 5799 omittunt.
3405 5810 3426 5812 ξ
3545 5806 3557 5812 _
3656 5798 3688 5812 ,.

2310 5827 2332 5857 ο
2367 5799 2563 5872 lterum
2601 5823 2742 5870 tacet
2771 5813 3050 5874 Palatinus
3088 5828 3190 5873 ms.
3232 5826 3357 5871 cum
3387 5806 3592 5869 Graecis
3625 5799 3813 5868 eliquat

2233 5890 2386 5949 libris
2407 5902 2707 5962 pronomen
2737 5895 2928 5944 noster.
