4128 6330
304 358 411 422 797

1052 358 1056 361 ⁷
1096 355 1430 415 EPISTOLA
1470 352 1531 413 Β.
1574 352 1781 414 PAULI
1824 350 2157 412 APOSTOLI
2199 349 2291 409 AD
2327 348 2743 412 TIMOTHEUM
2782 352 2824 410 Ι.

3507 354 3613 412 798

310 475 647 532 voluntatem
670 471 948 541 bonitatis,
974 480 1028 528 et
1052 486 1186 542 opus
1216 471 1339 527 ﬁdei
1372 472 1424 527 in
1451 471 1678 536 virtute,
1710 479 1770 525 ut
1793 469 1903 526 cla-
1936 470 1984 529 Α
2015 479 2097 524 ter
2119 480 2324 537 noster,
2370 468 2463 539 qui
2490 468 2679 523 dilexit
2723 483 2820 524 nos
2843 509 2860 535 ,
2912 476 2970 523 et
2997 467 3146 524 dedit
3185 468 3615 527 consolationem

305 570 550 629 rificctur
579 583 776 625 nomen
812 568 1023 623 Domini
1054 568 1221 623 nostri
1253 566 1379 623 Jesu
1420 565 1619 621 Christi
1643 567 1697 621 in
1726 567 1900 636 vobis,

306 675 361 723 et
389 680 489 719 vos
513 666 565 719 in
598 663 693 719 illo
716 704 731 731 ,
763 662 1060 719 secundum
1094 664 1319 734 gratiam
1350 662 1445 717 Dci
1476 662 1677 728 nostri,
1710 672 1765 717 et
1792 658 1903 715 Do-

308 760 444 816 mini
475 758 603 815 Jesu
632 756 857 814 Christi.

378 851 542 926 [Cap.
574 847 679 921 11.]
718 849 991 921 Rogamus
1020 858 1199 906 autem
1237 864 1367 918 vos,
1402 849 1632 915 fratres,
1668 862 1763 919 per
1804 846 1904 902 ad-

304 956 530 1002 ventum
566 944 779 999 Domini
807 942 983 999 nostri
1010 942 1141 999 Jesu
1173 940 1406 1007 Christi,
1456 951 1513 999 et
1539 950 1741 999 nostrae
1767 954 1903 998 con-

305 1037 635 1110 gregatidnis
657 1037 711 1093 in
735 1036 910 1108 ipsum
936 1056 950 1092 :
983 1047 1042 1092 ttt
1065 1052 1173 1092 non
1197 1038 1308 1093 cito
1328 1038 1652 1093 moveamini
1674 1051 1703 1091 a
1724 1045 1906 1093 vestro

305 1146 491 1197 sensu,
527 1145 705 1203 neque
729 1130 1063 1198 terreamini,
1096 1146 1273 1202 neque
1305 1146 1402 1202 per
1426 1133 1700 1202 spiritum,
1731 1145 1907 1202 neque

303 1239 406 1297 per
435 1239 745 1280 sermonem
772 1267 786 1291 ,
832 1240 1012 1297 neque
1057 1241 1155 1297 per
1191 1227 1474 1297 epistolam
1510 1236 1777 1296 tamquam
1810 1242 1906 1297 per

304 1334 406 1376 nos
440 1321 689 1389 missam,
739 1321 893 1390 quasi
924 1321 1087 1375 instet
1116 1321 1235 1376 dies
1267 1322 1503 1375 Domini.
1548 1322 1623 1375 Ne
1662 1323 1779 1391 quis
1807 1336 1905 1377 vos

304 1414 533 1471 seducat
573 1413 684 1469 ullo
725 1415 925 1469 modo:
975 1416 1229 1484 quoniam
1272 1416 1373 1469 ιιὶμί
1407 1418 1613 1470 venerit
1644 1414 1907 1469 discessio

305 1512 568 1581 primum,
596 1518 651 1565 et
682 1509 955 1564 revelatus
984 1509 1146 1565 fuerit
1177 1510 1339 1565 homo
1363 1511 1588 1578 peccati,
1616 1510 1757 1565 filius
1786 1523 1909 1578 per-

303 1603 529 1659 ditionis
556 1646 570 1665 ,
622 1601 714 1674 qui
745 1602 1091 1668 adversatur,
1135 1611 1188 1658 ct
1215 1603 1496 1658 extollitur
1532 1617 1693 1673 supra
1721 1617 1901 1672 omne,

304 1695 450 1767 quod
477 1694 678 1750 dicitur
702 1694 866 1762 Deus,
898 1706 991 1751 aut
1016 1696 1158 1767 quod
1184 1697 1398 1765 colitur,
1432 1696 1504 1752 ita
1529 1706 1589 1751 ut
1619 1696 1671 1751 in
1704 1696 1907 1766 templo

304 1787 403 1843 Dei
433 1787 642 1855 sedeat,
674 1787 969 1843 ostendens
998 1804 1058 1843 se
1090 1798 1359 1860 tamquam
1387 1790 1458 1845 sit
1486 1790 1647 1846 Deus.
1675 1790 1793 1845 Non
1821 1804 1905 1844 re-

2008 570 2289 631 teternam,
2323 572 2377 619 et
2406 577 2557 633 spem
2586 563 2782 619 bonam
2807 564 2859 618 in
2881 564 3074 635 gratia,
3108 568 3423 621 exhortetur
3446 566 3610 622 corda

2006 667 2209 727 vestra,
2241 670 2291 711 et
2320 655 2608 714 confirmet
2633 660 2686 714 in
2716 660 2864 715 omni
2895 673 3061 730 opere
3080 669 3136 716 et
3164 675 3417 717 sermone
3446 662 3611 719 bono.

2080 748 2248 823 [Cap.
2275 750 2402 822 lll.]
2443 751 2519 807 De
2550 764 2772 819 cancro,
2802 754 3016 821 fratres,
3043 761 3195 808 orate
3222 767 3318 824 pro
3344 755 3521 819 nobis,
3550 765 3610 810 ut

2008 860 2187 903 sermo
2221 848 2314 904 Dei
2342 858 2544 918 currat,
2574 859 2628 905 et
2656 850 2982 906 clarificetur
3004 892 3018 917 ,
3046 853 3186 907 sicut
3212 860 3268 908 et
3298 853 3439 922 apud
3468 866 3607 913 vos:

2008 948 2062 997 et
2088 950 2146 996 ut
2176 941 2468 997 liberemur
2495 944 2564 996 alt
2592 943 2914 1013 importunis
2936 985 2951 1010 ,
2992 952 3047 999 et
3083 944 3240 1000 malis
3270 944 3611 1001 hominibus:

2010 1047 2117 1088 non
2147 1033 2293 1089 enim
2320 1036 2563 1089 omnium
2608 1044 2693 1091 est
2731 1036 2887 1092 ﬁdes.
2936 1034 3140 1092 Fidelis
3170 1045 3350 1093 autem
3398 1034 3424 1074 ιι
3467 1038 3612 1095 Deus

2007 1137 2121 1197 est,
2161 1127 2251 1198 qui
2279 1114 2622 1184 conﬁrmabit
2659 1142 2757 1184 vos
2779 1172 2793 1198 ,
2824 1139 2879 1185 et
2907 1130 3175 1186 custodiet
3202 1146 3229 1185 a
3263 1132 3427 1186 malo.
3468 1133 3603 1187 Con-

2009 1221 2224 1277 ﬁdimus
2244 1230 2426 1277 autem
2452 1223 2520 1278 de
2540 1221 2693 1278 vobis
2716 1226 2768 1277 in
2788 1223 3036 1291 Domino,
3064 1224 3318 1295 quoniam
3341 1240 3462 1296 quae
3480 1239 3612 1296 pm-

2007 1317 2259 1386 cipimus,
2289 1325 2346 1373 et
2373 1314 2577 1384 facitis,
2608 1326 2663 1373 et
2694 1316 2926 1375 facietis.
2966 1320 3230 1375 Dominus
3268 1328 3447 1377 autem
3480 1322 3612 1377 diri-

2008 1410 2281 1482 gatcorda
2310 1420 2490 1467 vestra
2521 1410 2573 1467 in
2603 1412 2865 1469 charitato
2891 1412 2988 1470 Dei
3013 1454 3026 1479 ,
3067 1424 3123 1471 et
3161 1416 3419 1486 patientia
3451 1416 3611 1471 Chri-

2006 1504 2099 1559 sti.
2130 1504 2523 1560 Denuntiamus
2543 1513 2721 1562 autem
2744 1506 2918 1578 vobis,
2946 1508 3161 1575 fratres,
3187 1510 3239 1565 in
3266 1513 3482 1566 nomine
3505 1510 3611 1566 Do-

2006 1597 2137 1652 mini
2172 1599 2341 1653 nostri
2368 1600 2495 1655 Jesu
2524 1598 2759 1666 Christi,
2806 1610 2864 1656 ut
2890 1602 3218 1659 subtrahatis
3242 1620 3339 1661 vos
3366 1605 3435 1660 ab
3459 1607 3605 1661 omni

2007 1686 2175 1744 fratre
2196 1689 2507 1746 ambulante
2540 1690 2868 1759 inordinate,
2900 1701 2955 1749 et
2983 1709 3090 1749 non
3119 1696 3414 1751 secundum
3446 1698 3609 1753 tradi-

2009 1784 2209 1839 tionem
2233 1826 2246 1852 ,
2298 1799 2460 1854 quam
2506 1796 2833 1857 acceperunt
2860 1801 2889 1841 a
2923 1788 3097 1844 nobis.
3138 1786 3242 1859 Ipsi
3279 1790 3425 1845 enim
3457 1791 3607 1845 scitis

302 1883 512 1949 tinetis,
539 1882 681 1953 quod
710 1898 833 1938 cum
864 1883 1040 1939 adhuc
1082 1894 1107 1921 α
1134 1897 1309 1939 essem
1338 1883 1478 1954 apud
1510 1897 1635 1951 vos,
1677 1882 1794 1941 haec
1821 1882 1905 1938 di.-
1935 1875 1981 1937 B
2008 1877 2462 1946 quemadmodum
2506 1887 2757 1947 oporteat
2792 1880 2990 1935 imitari
3038 1894 3170 1936 nos:
3215 1882 3467 1952 quoniam
3499 1898 3608 1938 non

300 1977 495 2032 cebam
524 1976 726 2032 vobis?
756 1976 823 2032 Et
854 1991 1000 2032 nunc
1028 1978 1156 2048 quid
1186 1978 1431 2033 detineat
1460 1980 1629 2044 scitis,
1664 1986 1723 2032 ut
1750 1992 1904 2034 reve-

305 2071 454 2126 letur
486 2072 539 2125 in
568 2085 669 2127 suo
698 2078 966 2140 tempore.
1008 2070 1142 2125 Nam
1177 2071 1492 2144 mysterium
1515 2071 1626 2141 jam
1651 2079 1905 2141 operatur

304 2164 649 2236 iniquitatis:
700 2172 907 2219 tantum
938 2172 997 2219 ut
1020 2164 1111 2235 qui
1142 2172 1291 2220 tenet
1319 2181 1490 2231 nunc,
1523 2172 1707 2219 teneat
1732 2164 1905 2219 donec

303 2255 375 2312 de
405 2256 589 2311 medio
612 2256 724 2311 ﬁat.
758 2256 825 2312 Et
849 2272 991 2312 nunc
1017 2258 1344 2313 revelabitur
1369 2258 1456 2312 ille
1481 2257 1718 2329 iniquus,
1743 2272 1903 2329 quem

308 2350 571 2405 Dominus
592 2348 751 2405 Jesus
774 2349 1067 2406 interﬁciet
1090 2350 1286 2421 Spiritu
1311 2351 1423 2405 oris
1444 2352 1549 2419 sui,
1584 2359 1639 2405 et
1660 2351 1906 2405 desu‘uet

303 2439 676 2496 illustratione
696 2441 962 2497 adventus
982 2442 1064 2496 sui
1086 2458 1231 2508 eum,
1258 2443 1415 2513 cujus
1438 2452 1522 2498 est
1545 2442 1807 2498 adventus
1827 2456 1906 2497 se-

302 2535 538 2591 cundum
578 2536 943 2605 operationem
975 2535 1223 2603 Satanae,
1280 2539 1334 2591 in
1374 2538 1521 2592 omni
1570 2538 1799 2604 virtute,
1849 2544 1905 2592 et

305 2628 494 2700 signis,
519 2637 575 2684 et
593 2627 853 2701 prodigiis
869 2631 1239 2698 mendacibus,
1254 2641 1310 2699 et
1336 2631 1389 2687 in
1420 2632 1567 2686 omni
1590 2630 1905 2687 seductione

307 2720 612 2793 iniquitatis
638 2723 724 2789 iis,
758 2724 850 2794 qui
883 2733 1112 2794 pereunt
1154 2741 1167 2780 :
1195 2740 1261 2781 eo
1292 2725 1433 2795 quod
1462 2725 1779 2781 eharitatem
1808 2740 1904 2781 ve-

305 2815 482 2871 ritatis
509 2831 615 2872 non
641 2828 987 2888 receperunt,
1022 2828 1085 2874 ttt
1111 2820 1245 2876 salvi
1278 2822 1491 2877 ﬁerent.
1526 2820 1552 2859 ι)
1580 2820 1706 2875 ldeo
1730 2821 1905 2877 mittet

307 2908 411 2964 illis
435 2910 582 2964 Deus
606 2912 981 2980 operationem
1005 2913 1233 2981 erroris,
1267 2923 1325 2968 ut
1352 2916 1577 2969 credant
1600 2915 1929 2993 mendaciop

304 3010 367 3055 ut
392 3002 705 3071 iudicentur
732 3018 924 3060 omnes
945 3051 959 3073 ,
1010 3006 1102 3076 qui
1144 3022 1249 3062 non
1284 3008 1636 3064 crediderunt
1668 3011 1902 3077 veritati,

304 3096 401 3151 sed
426 3108 822 3152 consenserunt
848 3097 1139 3168 iniquitati.
1165 3098 1274 3154 Nos
1296 3109 1476 3157 autem
1499 3101 1757 3157 debemus
1785 3118 1906 3173 gra-

308 3187 411 3242 tias
446 3202 610 3255 agere
640 3190 749 3244 Deo
792 3203 1009 3262 semper
1054 3207 1155 3263 pro
1194 3195 1351 3249 vobis
1375 3236 1389 3260 ,
1438 3196 1634 3251 fratres
1660 3196 1841 3252 dilecti
1873 3211 1903 3252 a

2006 1972 2227 2043 inquieti
2256 1972 2458 2028 fuimus
2487 1973 2628 2029 inter
2653 1988 2781 2032 vos:
2829 1990 3005 2047 neque
3031 1975 3200 2047 gratis
3229 1990 3421 2047 panem
3450 1993 3605 2034 man-

2006 2066 2321 2121 ducavimus
2341 2068 2408 2121 ab
2430 2066 2637 2137 aliquo,
2669 2067 2765 2123 sed
2795 2068 2846 2124 in
2871 2069 3080 2137 labore,
3110 2078 3166 2125 et
3190 2070 3243 2124 iu
3268 2070 3603 2143 fatigatione,

2009 2169 2168 2215 nocte
2206 2160 2369 2214 etdie
2395 2169 2684 2230 operantes
2711 2202 2728 2228 ,
2779 2174 2846 2216 ne
2881 2176 3043 2232 quem
3087 2170 3324 2219 vestrum
3356 2177 3607 2234 gravare-

2008 2272 2150 2310 mus.
2180 2254 2298 2311 Non
2328 2257 2479 2326 quasi
2512 2268 2618 2311 non
2659 2256 3004 2312 habuerimus
3028 2264 3350 2327 potestatem
3372 2299 3386 2321 ,
3427 2258 3523 2313 sed
3553 2264 3612 2313 ut

2009 2352 2370 2421 nosmetipsos
2413 2349 2642 2407 formam
2684 2351 2937 2407 daremus
2975 2352 3130 2407 vobis
3174 2351 3243 2407 ad
3288 2351 3607 2408 imitandum

2008 2461 2126 2503 nos.
2183 2446 2315 2502 Nam
2346 2456 2547 2504 etcum
2577 2461 2822 2504 essemus
2849 2448 2990 2518 apud
3022 2461 3139 2515 vos,
3183 2448 3286 2503 hoc
3313 2447 3605 2503 denuntia-

2008 2544 2198 2599 bamus
2227 2543 2416 2600 vobis:
2446 2543 2701 2615 quoniam
2726 2546 2773 2600 si
2800 2546 2919 2616 quis
2942 2560 3048 2601 non
3080 2543 3195 2600 vult
3216 2544 3431 2616 operari
3452 2587 3467 2613 ,
3509 2556 3609 2600 nec

2009 2640 2313 2695 manducet.
2355 2639 2675 2696 Audivimus
2710 2641 2854 2696 enim
2884 2640 3030 2695 inter
3070 2654 3167 2694 vos
3195 2637 3458 2710 quosdam
3490 2652 3608 2692 am-

2007 2734 2194 2790 lulare
2224 2734 2640 2815 inquietennihil
2671 2745 2980 2806 cperantes,
3006 2733 3099 2789 sed
3123 2734 3338 2789 curiose
3360 2741 3599 2805 agentes.

2008 2830 2077 2886 Iis
2104 2838 2307 2897 autem,
2336 2830 2427 2901 qui
2455 2828 2720 2901 ejusmodi
2748 2838 2894 2896 sunt,
2932 2829 3333 2900 denuntiamus,
3368 2837 3422 2884 et
3452 2826 3610 2883 obsc-

2009 2938 2223 2981 cramus
2254 2924 2305 2979 in
2340 2924 2570 2979 Domino
2592 2924 2719 2980 Jesu
2740 2921 2983 2990 Christo,
3012 2934 3069 2980 ut
3089 2938 3209 2980 cum
3242 2922 3461 2980 silentio
3481 2936 3612 2993 ope-

2008 3029 2212 3087 rantes,
2242 3033 2398 3073 suum
2419 3034 2613 3089 panem
2637 3019 2984 3076 manducent.
3024 3017 3135 3075 Vos
3160 3027 3362 3089 autem,
3387 3018 3605 3087 fratres,

2008 3114 2176 3170 nolite
2204 3114 2437 3170 deficere
2464 3110 2884 3170 benefacientes.
2928 3114 3082 3183 Quod
3111 3114 3154 3170 si
3184 3115 3306 3185 quis
3335 3126 3442 3168 non
3475 3111 3606 3166 obe-

2009 3208 2085 3264 dit
2112 3209 2280 3264 verbo
2312 3215 2497 3263 nostro
2525 3224 2622 3278 per
2650 3208 2933 3280 epistolam
2960 3254 2973 3279 ,
3009 3207 3152 3263 hunc
3183 3214 3365 3262 notate
3392 3248 3406 3272 ,
3457 3212 3511 3261 et
3541 3217 3608 3260 ne

310 3279 441 3346 Deo,
473 3281 618 3350 quod
644 3281 875 3353 elegerit
905 3294 928 3324 ο
962 3299 1058 3339 vos
1091 3286 1233 3341 Deus
1264 3288 1532 3357 primitias
1562 3292 1613 3344 in
1646 3289 1897 3360 salutem,

2008 3300 2470 3358 commisceamini
2505 3315 2628 3356 cum
2671 3279 2799 3367 illo,
2833 3309 2892 3356 nt
2922 3298 3301 3357 confundatur.
3345 3297 3412 3353 Et
3442 3296 3609 3350 nolite

306 3374 360 3429 in
383 3376 813 3433 sanctificatione
840 3380 1087 3448 spiritus,
1115 3389 1169 3436 et
1193 3380 1248 3436 in
1276 3380 1381 3437 ﬁde
1413 3386 1694 3439 veritatis:
1720 3385 1774 3439 in
1798 3399 1901 3455 qua

305 3476 362 3523 et
392 3471 604 3524 vocavit
631 3484 727 3525 vos
756 3486 850 3541 per
879 3471 1233 3544 Evangelium
1264 3484 1540 3543 nostrum,
1588 3478 1639 3531 in
1672 3478 1905 3549 acquisi-

305 3563 508 3618 tionem
552 3563 741 3636 gloriae
779 3567 993 3624 Domini
1039 3571 1211 3625 nostri
1251 3569 1379 3626 Jesu
1418 3570 1641 3627 Christi.
1698 3574 1900 3646 Itaque,

304 3654 526 3723 fratres,
560 3666 729 3726 state,
774 3669 829 3717 et
860 3671 1039 3719 tenete
1069 3664 1420 3729 traditiones,
1452 3682 1585 3737 quas
1614 3667 1899 3739 didicistis,

302 3749 421 3804 sive
451 3764 547 3820 per
570 3765 904 3823 sermonem,
931 3756 1049 3813 sive
1073 3772 1169 3825 per
1192 3757 1470 3827 epistolam
1496 3768 1755 3815 nostram.
1781 3759 1903 3830 ipse

302 3850 485 3900 autem
514 3842 774 3903 Dominus
795 3857 980 3906 noster
1006 3849 1163 3906 Jesus
1186 3850 1457 3919 Christus,
1486 3859 1541 3907 et
1562 3851 1707 3907 Deus
1727 3862 1779 3908 et
1800 3851 1902 3907 Pa-

2011 3395 2161 3463 quasi
2193 3393 2469 3449 inimicum
2499 3393 2833 3464 existimare,
2864 3392 2958 3449 sed
2988 3392 3242 3460 corripite
3271 3398 3330 3446 ut
3356 3388 3607 3443 fratrem.

2008 3485 2127 3555 ipse
2155 3493 2333 3540 autem
2361 3484 2620 3540 Dominus
2644 3485 2788 3554 pacis
2812 3484 2906 3540 det
2932 3483 3085 3540 vobis
3109 3494 3294 3555 pacem
3324 3480 3610 3550 sempiter-

2012 3592 2134 3631 nam
2165 3577 2218 3631 in
2250 3576 2399 3631 omni
2432 3576 2573 3631 loco.
2617 3575 2878 3630 Dominus
2905 3578 3121 3630 sitcum
3152 3573 3403 3628 omnibus
3430 3570 3605 3625 vobis.

2008 3668 2272 3726 Salutatio
2304 3682 2423 3725 mea
2449 3682 2608 3723 manu
2640 3667 2821 3734 Pauli;
2850 3668 2993 3739 quod
3019 3675 3104 3722 est
3134 3668 3343 3737 signum
3374 3666 3428 3718 in
3454 3664 3602 3717 omni

2008 3761 2262 3832 epistola.
2296 3760 2372 3816 Ita
2406 3761 2605 3816 scribo.
2634 3759 2813 3816 Gratia
2842 3760 3058 3817 Domini
3086 3757 3257 3815 nostri
3284 3758 3413 3814 Jesu
3446 3753 3609 3811 Chri-

2009 3856 2079 3910 sti
2104 3868 2226 3910 cum
2254 3854 2505 3910 omnibus
2531 3852 2706 3909 vobis.
2760 3854 2951 3908 Amen.

1094 3964 1326 4039 Explicit
1347 3964 1581 4039 Epistola
1600 3964 1667 4022 B.
1697 3965 1855 4023 Pauli
1876 3968 2100 4041 apostoli
2126 3968 2195 4023 ad
2218 3964 2695 4025 Thessalonicenses
2717 3964 2804 4021 11.

374 4132 402 4162 ⁸
434 4125 673 4183 Plurium
704 4141 988 4184 numerum
1019 4127 1295 4185 Palatinus
1324 4143 1453 4195 ms.,
1483 4145 1601 4184 cum
1627 4129 1798 4184 adhuc
1825 4145 1903 4186 es-

299 4212 465 4270 semus
496 4202 640 4270 apud
664 4216 775 4267 vos,
803 4201 912 4255 hac
933 4201 1228 4257 dicebamus
1257 4202 1417 4269 vobis,
1446 4212 1552 4258 etc.

374 4267 401 4306 δ
432 4267 558 4339 Μεζ,
592 4271 659 4325 Et
684 4272 834 4340 ideo;
864 4273 1050 4329 Graece
1081 4273 1231 4329 item:
1260 4267 1450 4332 Καὶδιὰ
1474 4279 1648 4333 τοῦτο.

302 4344 309 4405 ξ
379 4349 399 4377 ε
435 4341 553 4409 Hic,
584 4352 744 4416 atque
770 4345 942 4401 altero
966 4345 1034 4400 ab
1081 4346 1183 4402 hoc
1211 4362 1368 4403 versu
1390 4389 1405 4416 ,
1451 4363 1544 4402 nos
1577 4361 1895 4418 pronomen,

2010 4142 2113 4202 pro
2138 4144 2248 4197 vos,
2267 4144 2388 4186 cum
2414 4129 2617 4187 Graecis
2638 4127 2845 4200 aliquot
2864 4126 3016 4184 libris
3032 4125 3305 4202 Palatinus
3328 4137 3431 4202 ms.
3458 4122 3606 4202 legit.

2078 4199 2105 4239 ά
2138 4195 2452 4273 Depositum
2487 4204 2543 4258 in
2570 4195 2816 4258 Palatino
2848 4215 2957 4273 ms.
2986 4197 3241 4255 secundis
3267 4199 3445 4267 curis,
3495 4195 3608 4252 Do-

2005 4274 2176 4330 minus
2205 4272 2302 4344 est,
2331 4289 2431 4347 pro
2453 4274 2615 4332 Deus.
2646 4273 2725 4331 Ita
2752 4284 2805 4331 et
2829 4272 3018 4331 Graece
3044 4273 3245 4347 Κύριος.

304 4490 3595 4521 ____.______________________________________________________

1042 4644 1223 4755 Β.
1302 4643 1864 4760 PAULI
1940 4647 2854 4765 ΔΡοετοιι

1802 4843 2101 4908 INCIPIT

608 4994 1582 5152 EPISTOLA
1682 5001 1961 5149 AD
2055 5000 3297 5155 TIMOTHEUM

1752 5239 2156 5326 PRIMA.

1782 5419 2125 5437 *-

382 5559 401 5629 ιν
424 5556 555 5630 Cap.
588 5558 626 5613 Ι.
656 5558 671 5630 ]
703 5558 905 5615 Paulus
952 5558 1232 5631 apostolus
1269 5561 1397 5616 Jesu
1436 5560 1643 5617 Christi
1697 5576 1896 5618 secun-

300 5651 427 5707 dum
454 5652 743 5723 imperium
779 5651 871 5707 Dei
896 5652 1201 5710 Salvatoris
1231 5655 1427 5722 nostri,
1458 5665 1514 5711 et
1543 5655 1747 5712 Christi
1773 5656 1903 5714 Jesu

300 5745 418 5816 spei
450 5756 651 5801 nostra:
679 5764 689 5800 :
717 5745 1008 5802 Timotheo
1048 5745 1248 5802 dilecto
1286 5747 1396 5803 ﬁlio
1426 5748 1479 5803 in
1511 5747 1642 5805 ﬁde.
1684 5749 1900 5818 Gratia,

304 5838 706 5907 misericordia,
744 5848 800 5896 et
836 5855 939 5912 pax
981 5856 1012 5896 a
1048 5842 1161 5897 Deo
1198 5842 1380 5910 Patre,
1415 5853 1470 5898 et
1509 5842 1726 5899 Clu-isto
1773 5847 1903 5901 Jesu

309 5930 543 5989 Domino
610 5942 821 5991 nostro.
879 5932 1033 5991 Sicut
1084 5936 1278 6007 rogavi
1338 5946 1421 6004 te,
1471 5946 1530 5992 ut
1586 5954 1901 5997 retnanercs

2002 5562 2201 5636 Ephesi
2224 5577 2345 5621 cum
2369 5564 2502 5621 irem
2528 5566 2581 5622 in
2606 5566 3000 5633 Macedoniam,
3034 5576 3097 5625 ut
3114 5569 3469 5626 denuntiares
3490 5571 3609 5641 qui-

2012 5657 2236 5713 busdam
2270 5674 2338 5714 ne
2364 5658 2525 5715 aliter
2552 5660 2836 5726 docerent,
2872 5674 3045 5733 neque
3071 5662 3418 5719 intenderent
3446 5663 3601 5720 fabu-

2010 5751 2112 5820 lis,
2160 5759 2215 5807 et
2252 5752 2585 5824 genealogiis
2630 5754 2996 5811 interminatis
3040 5774 3054 5810 :
3101 5772 3222 5828 quae
3270 5758 3603 5828 quaestiones

2008 5856 2267 5917 praestant
2302 5848 2495 5919 magis,
2527 5864 2691 5919 quam
2735 5849 3152 5909 tediﬁcationem
3195 5850 3326 5918 Del,
3372 5866 3495 5921 quae
3524 5860 3607 5906 est

2008 5944 2061 6003 in
2094 5941 2221 6001 fide.
2254 5942 2406 6002 Finis
2440 5954 2623 6002 autem
2654 5947 2917 6017 prteccpt't
2947 5956 3031 6003 est
3062 5944 3300 6004 charitas
3333 5940 3403 6003 de
3431 5942 3601 6003 cordo
