4128 6330
501 331 607 390 799

1503 328 1563 386 S.
1605 325 1991 386 HIERONYMI
2030 323 2261 382 DlVINA
2302 323 2781 384 BIBLIOTHECA.

3707 325 3815 385 £00

504 464 665 522 puro,
691 455 747 504 et
766 446 1106 506 conscientia
1128 447 1292 514 bona,
1324 455 1381 505 et
1405 446 1512 502 ﬁde
1533 460 1640 501 non
1668 444 1812 500 ﬁcta.
1839 443 1885 498 Α
1907 443 2108 513 quibus
2135 449 2184 505 Α
2217 444 2495 500 mittentes
2519 444 2776 515 pietatem
2814 460 2908 516 per
2937 459 3103 516 opera
3137 445 3302 502 bona.
3334 443 3526 502 Mulier
3557 445 3611 502 in
3646 446 3815 503 silen-

504 540 722 614 qnidam
754 540 1098 606 aberrantes,
1147 539 1400 597 conversi
1428 547 1555 595 sunt
1599 537 1653 592 in
1695 535 2098 606 vaniloquiuiu,

501 638 751 695 volentes
770 649 894 692 esse
923 635 1058 706 legis
1086 633 1360 702 doctores,
1391 648 1499 690 non
1536 630 1900 701 intelligentes
1931 642 2108 700 neque

503 748 626 804 quas
673 732 992 803 loquuntur,
1023 743 1199 800 neque
1239 728 1308 786 de
1337 728 1536 799 quibus
1563 725 1861 782 afﬁrmant.
1893 722 2108 781 Scimus

504 831 688 878 autem
719 822 845 892 quia
875 821 1020 875 bona
1048 828 1133 875 est
1159 819 1268 883 lex,
1305 820 1350 874 si
1383 817 1506 887 quis
1533 831 1600 873 ea
1623 815 1860 887 legitime
1890 823 2103 870 utatur:

505 917 684 976 sciens
707 916 809 972 hoc
827 915 954 986 quia
979 914 1063 971 lex
1082 913 1231 985 iusto
1260 928 1368 970 non
1395 923 1479 970 est
1508 913 1708 984 posita,
1742 912 1838 968 sed
1867 911 2106 982 injustis,

506 1021 561 1068 et
590 1027 699 1067 non
733 1011 989 1078 subditis,
1016 1009 1218 1080 impiis,
1249 1017 1305 1065 et
1335 1009 1736 1080 peccatoribus,
1785 1008 2106 1088 sceleratis,

504 1115 556 1162 et
580 1105 986 1168 contaminatis,
1013 1103 1322 1174 parricidis,
1354 1112 1408 1159 et
1435 1091 1759 1171 mat'ricidis,
1795 1103 2106 1171 homicidis,

505 1196 836 1263 fornicariis,
873 1197 1246 1252 masculorum
1280 1197 1750 1264 concubitoribus,
1797 1196 2106 1266 plagiariis,

505 1289 882 1355 mendacibus,
920 1298 976 1346 et
1003 1289 1255 1360 perjuris,
1291 1298 1347 1346 et
1375 1290 1420 1344 si
1450 1290 1579 1360 quid
1621 1289 1768 1345 aliud
1809 1304 1963 1346 sanat
2003 1289 2102 1345 do-

505 1384 693 1440 ctrina:
723 1383 1065 1450 adversatur,
1093 1398 1215 1455 quae
1244 1384 1543 1441 secundum
1586 1384 1941 1455 Evangelium
1983 1387 2109 1457 glo-

505 1477 602 1534 riae
641 1478 788 1534 beati
816 1477 937 1542 Dei,
982 1478 1123 1548 quod
1150 1478 1418 1534 creditum
1457 1488 1542 1534 est
1575 1478 1727 1533 mihi.
1759 1477 1974 1535 Gratias
2003 1493 2107 1550 ago

509 1569 582 1639 ei,
607 1571 697 1640 qui
722 1585 809 1626 me
839 1568 1193 1636 confortavit,
1224 1569 1448 1626 Christo
1474 1569 1604 1625 Jesu
1637 1570 1862 1624 Domino
1890 1579 2106 1637 nostro,

507 1664 634 1733 quia
677 1661 816 1726 [Ms.
845 1663 968 1735 qui]
1003 1663 1218 1720 ﬁdelem
1261 1678 1348 1719 me
1394 1664 1755 1730 existimavit,
1797 1679 2006 1735 ponens
2055 1665 2110 1719 in

507 1759 810 1815 ministerio
837 1777 848 1812 :
875 1761 965 1831 qui
996 1762 1142 1831 prius
1167 1760 1518 1831 blasphemus
1549 1759 1648 1826 fui,
1681 1772 1735 1816 et
1763 1769 2106 1827 persecutor,

2213 537 2289 592 tio
2313 536 2487 592 discat
2516 552 2640 593 cum
2665 538 2810 592 omni
2843 537 3203 608 Subjectione.
3239 537 3443 594 Docere
3473 548 3657 594 autem
3690 555 3815 594 Inu-

2211 632 2332 688 lieri
2360 646 2468 688 non
2499 633 2774 704 permitto,
2824 648 3000 703 neque
3040 632 3308 687 dominari
3357 634 3409 687 in
3456 633 3667 700 virum;
3714 631 3814 688 sed

2210 741 2333 782 esse
2373 728 2425 781 in
2469 725 2710 782 silentio.
2756 724 2928 780 Adam
2973 727 3117 781 enim
3157 726 3363 797 primus
3407 724 3672 783 formatus
3703 735 3815 794 est,

2210 818 2405 876 deinde
2429 819 2573 874 Heva
2604 827 2699 875 :et
2718 818 2892 875 Adam
2924 835 3032 874 non
3060 828 3147 875 est
3177 819 3455 885 seductus,
3488 819 3690 876 mulier
3718 834 3819 874 au-

2213 921 2318 966 tem
2342 911 2563 968 seducta
2593 914 2647 968 in
2672 913 3122 981 praevaricatione
3144 911 3263 969 fuit.
3293 913 3607 970 Salvabitur
3629 923 3819 970 autem

2212 1021 2309 1075 per
2353 1005 2584 1060 ﬁliorum
2619 1006 3049 1076 generationem,
3091 1006 3135 1061 si
3178 1006 3542 1075 permanserit
3584 1007 3638 1060 in
3671 1005 3814 1075 ﬁde,

2209 1109 2265 1155 et
2295 1099 2608 1166 dilectione,
2638 1107 2692 1155 et
2732 1100 3165 1157 sanctificatione
3201 1113 3223 1140 ο
3260 1115 3384 1156 cum
3417 1101 3740 1157 sobrietate.

2283 1193 2296 1265 ΙΔ
2316 1193 2446 1264 Cap.
2493 1192 2614 1266 111.]
2642 1192 2848 1249 Fidelis
2896 1208 3078 1260 sermo
3109 1212 3120 1246 :
3155 1192 3210 1247 Si
3261 1194 3385 1264 quis
3427 1193 3814 1263 episc0patutn

2209 1287 2503 1350 desiderat,
2539 1287 2738 1342 bonum
2767 1301 2909 1356 opus
2939 1286 3238 1342 desiderat.
3271 1287 3500 1356 Oportet
3528 1301 3661 1356 ergo
3690 1286 3814 1356 epi-

2210 1395 2433 1451 sc0pum
2467 1379 3008 1450 irreprehensibilem
3036 1395 3182 1446 esse,
3215 1381 3376 1436 unius
3398 1381 3581 1436 uxoris
3611 1380 3817 1448 virum,

2211 1473 2476 1538 sobrium,
2502 1473 2844 1542 prudentem,
2876 1482 3150 1539 ornatum,
3167 1473 3443 1543 pudicum,
3466 1473 3818 1543 liOSpitalem,

2211 1563 2514 1630 doctorem,
2557 1580 2663 1620 non
2710 1565 3068 1634 vinolentum,
3120 1581 3227 1620 non
3273 1581 3671 1636 percussorem,
3717 1566 3820 1622 sed

2213 1657 2554 1724 modestum;
2586 1674 2691 1715 non
2730 1657 3046 1728 litigiosum,
3097 1674 3203 1714 non
3241 1659 3521 1730 cupidum,
3565 1659 3661 1714 sed
3705 1673 3823 1714 suae

2212 1750 2395 1806 domui
2434 1751 2574 1808 bene
2613 1751 2986 1821 prtepositum,
3040 1752 3183 1807 ﬁlios
3231 1753 3517 1809 habentem
3568 1753 3820 1809 subditos

507 1860 562 1906 et
589 1852 1186 1910 contumeliosuszsed
1214 1853 1697 1910 misericordiama
1726 1853 1822 1909 Dei
1848 1847 2338 1909 consecu-Bcum
2409 1848 2556 1901 omni
2627 1847 2894 1904 castitate.
2953 1845 3010 1902 Si
3061 1846 3181 1918 auis
3229 1858 3407 1902 autem
3467 1847 3652 1902 domui
3705 1863 3823 1902 sua:

511 1955 597 2000 tus
621 1961 766 2011 sum,
788 1946 925 2015 quia
960 1948 1217 2016 ignorans
1248 1945 1351 2002 feci
1385 1945 1439 2000 in
1473 1946 1876 2002 incredulitate.
1906 1947 2109 2016 Super-

508 2037 805 2094 abuudavit
829 2049 1010 2094 autem
1045 2040 1220 2110 gratia
1259 2041 1474 2096 Domini
1503 2041 1699 2102 nostri;
1739 2056 1861 2098 cum
1897 2041 2021 2107 ﬁde,
2055 2049 2111 2096 et

511 2129 834 2199 dilectione,
873 2148 994 2200 quae
1023 2140 1109 2187 est
1133 2131 1187 2186 in
1215 2131 1436 2188 Christo
1476 2132 1626 2188 .lesu.
1662 2132 1870 2188 Fidelis
1904 2147 2106 2200 sermo,

509 2231 566 2280 et
595 2225 745 2280 omni
775 2225 1090 2294 acceptione
1117 2225 1312 2298 dignus
1343 2245 1355 2280 :
1381 2227 1525 2297 quod
1554 2226 1806 2282 Christus
1834 2226 1991 2285 .lesus
2012 2243 2108 2283 ve-

516 2318 596 2371 nit
622 2319 676 2374 in
711 2316 854 2373 hunc
883 2318 1141 2374 mundum
1176 2327 1493 2389 peccatores
1523 2321 1705 2374 salvos
1735 2319 1946 2386 facere,
1969 2335 2104 2391 quo-

511 2427 630 2466 rum
670 2412 880 2483 primus
909 2427 1012 2483 ego
1039 2426 1180 2468 sum.
1224 2413 1331 2470 Sed
1362 2412 1486 2469 ideo
1527 2413 1950 2470 misericordiam
1982 2429 2113 2470 con-

513 2513 730 2559 secutus
777 2513 1019 2559 sum:ut
1065 2504 1117 2559 in
1152 2520 1238 2560 me
1281 2505 1459 2575 primo
1500 2505 1819 2562 ostenderet
1861 2506 2110 2562 Christus

510 2594 670 2652 Jesus
702 2595 844 2667 μιε.
880 2607 984 2652 tac.
1009 2595 1168 2653 Jesus
1191 2597 1205 2668 γι
1227 2612 1446 2654 omnem
1475 2599 1818 2669 patientiam,
1847 2599 1913 2654 ad
1943 2600 2113 2656 infor-

514 2687 810 2744 mationem
841 2703 1054 2757 eorum,
1100 2691 1191 2760 qui
1241 2689 1505 2746 credituri
1542 2701 1670 2746 sunt
1715 2692 1812 2758 illi,
1851 2693 1903 2747 in
1946 2693 2111 2748 vitam

513 2793 793 2848 aeternam.
827 2783 956 2855 Regi
989 2794 1172 2840 autem
1209 2786 1532 2842 saiculorum
1565 2787 1881 2854 immortali,
1928 2789 2114 2844 invisi-

515 2875 630 2942 bili,
661 2875 761 2932 soli
793 2875 926 2948 Deo,
952 2877 1127 2933 honor
1157 2888 1214 2932 et
1237 2879 1406 2949 gloria
1450 2880 1506 2934 in
1538 2881 1735 2936 saecula
1764 2882 2110 2937 saeculorum.

511 2971 704 3027 Amen.
734 2969 846 3026 Hoc
869 2980 1202 3042 pra~¢eptum
1221 2974 1543 3029 commendo
1567 2974 1687 3041 tibi,
1711 2973 1785 3029 ﬁli
1803 2973 2108 3039 Timothee,

513 3063 810 3122 secundum
844 3063 1214 3135 praecedentes
1244 3066 1295 3120 iu
1327 3075 1380 3122 te
1413 3067 1762 3136 pmphetias,
1817 3077 1870 3122 ut
1911 3067 2112 3122 milites

514 3159 567 3216 in
615 3159 721 3215 illis
758 3159 959 3214 bonam
1005 3158 1279 3214 militiam.
1324 3159 1540 3214 [labens
1585 3159 1770 3224 ﬁdem,
1807 3169 1860 3214 et
1907 3160 2107 3214 bonam

2213 1957 2447 2013 praeesse
2491 1944 2686 2006 nescit,
2735 1943 3007 2013 quomodo
3035 1943 3292 2000 Ecclesia:
3340 1943 3436 1998 Dei
3483 1941 3820 2015 diligentiam

2211 2033 2239 2074 ά
2267 2035 2528 2091 habebit?
2560 2036 2676 2091 Non
2709 2037 3066 2111 neophytum,
3102 2054 3170 2093 ne
3199 2039 3251 2092 in
3273 2037 3585 2109 superbiam
3618 2037 3820 2103 elatus,

2213 2130 2267 2186 in
2305 2129 2568 2201 judicium
2602 2131 2806 2186 incidat
2831 2132 3051 2188 diaboli.
3085 2132 3313 2202 Oportet
3341 2143 3522 2187 autem
3571 2131 3724 2187 illum
3766 2141 3823 2187 et

2215 2223 2583 2278 teStimonium
2613 2223 2813 2280 habere
2851 2224 3051 2280 bonum
3080 2225 3149 2280 ab
3176 2225 3242 2280 iis
3283 2225 3372 2295 qui
3417 2223 3549 2280 foris
3583 2236 3731 2292 sunt,
3763 2235 3824 2281 ut

2215 2334 2320 2374 non
2369 2319 2420 2373 in
2465 2318 2816 2389 opprobrium
2851 2318 3072 2388 incidat,
3115 2318 3260 2374 et'in
3305 2319 3554 2390 laqueum
3583 2318 3810 2375 diaboli.

2215 2411 2484 2467 Diaconos
2511 2410 2758 2467 similiter
2780 2410 3024 2481 pudicos,
3055 2426 3161 2466 non
3191 2411 3481 2482 bilingues,
3515 2426 3622 2467 non
3649 2411 3824 2467 multo

2214 2508 2342 2563 vino
2369 2507 2601 2572 deditos,
2640 2521 2746 2562 non
2783 2516 2942 2576 turpe
2970 2507 3180 2562 lucrum
3211 2514 3502 2561 sectantes.
3547 2505 3821 2562 Habentes

2215 2600 2532 2672 mysterium
2563 2599 2685 2655 ﬁdei
2710 2599 2764 2654 in
2786 2599 3114 2654 conscientia
3148 2615 3300 2669 pura.
3326 2598 3389 2655 Et
3413 2598 3467 2654 hi
3489 2611 3667 2654 autem
3694 2615 3820 2670 pro-

2215 2693 2412 2749 bentur
2439 2691 2774 2763 primumzet
2793 2692 2872 2748 sic
2901 2692 3224 2756 ministrent,
3256 2692 3462 2748 nullum
3485 2694 3691 2748 crimen
3717 2692 3820 2748 ha-

2219 2786 2435 2841 bentes.
2459 2785 2714 2842 Mulieres
2733 2785 2989 2842 similiter
3027 2787 3272 2857 pudicas,
3303 2801 3408 2843 non
3439 2786 3818 2854 detrahentes,

2217 2877 2452 2944 sobrias,
2485 2877 2672 2933 ﬁdeles
2694 2877 2746 2931 in
2771 2877 3042 2933 omnibus.
3071 2877 3290 2933 Diaconi
3321 2880 3429 2934 sint
3456 2880 3610 2934 unius
3635 2880 3821 2936 uxoris

2217 2971 2340 3035 viri,
2374 2971 2465 3042 qui
2491 2970 2614 3026 ﬁliis
2643 2970 2755 3026 suis
2785 2969 2924 3026 bene
2948 2971 3187 3040 prassint,
3210 2971 3394 3026 etsuis
3422 2971 3691 3033 domibus.
3717 2972 3821 3041 Qui

2215 3068 2358 3123 enim
2383 3066 2523 3123 bene
2543 3065 2993 3133 ministraverint,
3024 3066 3256 3137 gradum
3282 3065 3479 3122 bonum
3511 3067 3612 3123 sibi
3635 3068 3824 3136 acqui-

2214 3171 2360 3227 rent,
2392 3172 2446 3217 et
2475 3163 2697 3218 multam
2731 3161 2979 3216 ﬁduciam
3010 3161 3064 3216 in
3095 3160 3222 3227 ﬁde,
3253 3177 3374 3232 qua!
3403 3171 3486 3218 est
3519 3162 3572 3216 in
3601 3159 3822 3217 Christo

515 3254 925 3324 conscientiam,
951 3269 1114 3324 quam
1136 3253 1352 3325 quidam
1392 3253 1740 3326 repellentes.
1768 3254 1913 3310 circa
1951 3256 2109 3310 fidem
2139 3235 2186 3299 C
2215 3255 2365 3312 Jesu.
2401 3255 2528 3313 llaec
2555 3254 2649 3310 tibi
2680 3255 2881 3322 scribo,
2912 3268 3141 3324 sperans
3175 3269 3261 3309 me
3292 3254 3357 3308 ad
3392 3265 3443 3310 te
3470 3253 3660 3309 venire
3688 3254 3821 3309 cito.

517 3345 974 3418 naufragaverunt
1003 3365 1015 3399 :
1043 3362 1110 3402 ex
1150 3345 1345 3416 quibus
1387 3356 1471 3400 est
1501 3345 1864 3416 Hymenaeus,
1898 3355 1954 3402 et
1979 3346 2110 3402 Ale-

516 3440 746 3506 xander,
796 3454 932 3510 quos
978 3438 1176 3494 tradidi
1206 3437 1444 3506 Satante,
1495 3449 1555 3493 ut
1583 3439 1796 3495 discant
1829 3454 1934 3494 non
1965 3438 2112 3495 blas-

517 3529 799 3602 phemare.
821 3555 823 3557 ι

591 3622 752 3693 |Cap.
795 3622 1172 3694 ll.]0bsecro
1214 3622 1377 3694 igitur
1429 3625 1663 3694 primum
1709 3627 1950 3680 omnium
1996 3624 2115 3683 ﬁeri

513 3717 946 3786 obsecrationes,
994 3716 1292 3784 orationes,
1346 3717 1771 3788 postulationes,
1815 3719 2110 3788 gratiarum

514 3813 757 3867 actiones
800 3827 897 3883 pro
942 3812 1196 3868 omnibus
1243 3811 1552 3868 hominibus
1581 3828 1596 3867 :
1623 3828 1719 3883 pro
1764 3812 2006 3884 regibus,
2060 3823 2116 3869 et

515 3905 787 3970 omnibus,
823 3904 912 3974 qui
937 3904 992 3959 in
1017 3903 1351 3961 sublimitate
1375 3913 1522 3972 sunt,
1549 3915 1606 3959 ut
1627 3905 1863 3976 quietam
1885 3915 1938 3960 et
1967 3915 2115 3961 tran-

517 3997 736 4067 quillam
764 3996 930 4052 vitam
961 4012 1205 4068 agamus,
1237 3998 1292 4052 in
1319 3998 1466 4052 omni
1502 3999 1724 4067 pietate,
1758 4007 1812 4053 et
1841 3999 2108 4054 castitate.

522 4089 634 4144 Hoc
663 4090 806 4144 enim
837 4091 1042 4146 bonum
1082 4101 1192 4155 est,
1221 4100 1277 4146 et
1303 4098 1586 4162 acceptum
1614 4105 1798 4146 coram
1830 4092 2114 4149 Salvatore

521 4194 707 4240 nostro
732 4184 869 4239 Deo.
899 4184 1002 4251 Qui
1034 4199 1225 4239 omnes
1257 4186 1506 4240 homines
1532 4185 1647 4240 vult
1677 4186 1858 4240 salvos
1881 4186 2025 4253 ﬁeri,
2056 4195 2113 4241 et

513 4276 580 4330 ad
600 4275 927 4346 agnitionem
950 4276 1193 4331 veritatis
1215 4277 1421 4333 venire.
1449 4277 1597 4333 Unus
1618 4279 1760 4332 enim
1787 4279 1951 4344 Deus,
1975 4293 2112 4334 unus

514 4381 570 4427 et
606 4369 874 4425 mediator
901 4371 998 4426 Dei
1038 4379 1094 4426 et
1123 4371 1398 4426 hominum
1429 4371 1593 4427 homo
1631 4371 1881 4428 Christus
1906 4375 2064 4430 Jesus
2096 4393 2107 4428 :

513 4462 606 4534 qui
648 4461 796 4518 dedit
823 4462 1256 4533 redemptionem
1299 4465 1650 4535 semetipsum
1693 4480 1790 4535 pro
1834 4469 2108 4537 omnibus,

514 4559 543 4600 ι)
578 4562 943 4616 testimonium
972 4562 1311 4633 temporibus
1341 4564 1455 4618 suis
1485 4581 1496 4616 :
1528 4564 1580 4619 in
1619 4568 1967 4635 quo-positus
1991 4580 2108 4621 sum

517 4668 619 4724 ego
667 4653 994 4724 praedicator
1040 4665 1093 4709 et
1135 4655 1418 4725 apostolus
1447 4657 1769 4729 (veritatem
1813 4659 1956 4727 dico,
2003 4677 2110 4716 non

516 4747 810 4820 mentior),
852 4747 1045 4804 doctor
1078 4749 1320 4819 gentium
1354 4751 1406 4804 in
1445 4751 1580 4815 ﬁde,
1616 4762 1670 4806 et
1704 4753 1951 4808 veritate.
1979 4753 2113 4809 Volo

513 4855 643 4910 ergo
671 4841 816 4897 viros
840 4855 1001 4897 orare
1033 4841 1085 4895 in
1117 4845 1264 4896 omni
1295 4841 1440 4908 loco,
1466 4844 1706 4900 levantes
1735 4860 1893 4914 puras
1921 4861 2111 4902 manus

516 4935 634 4990 sine
665 4935 743 4990 ira
773 4944 828 4990 et
855 4933 1267 5005 disceptatione.
1301 4934 1564 4991 Similiter
1585 4946 1641 4992 et
1664 4937 1920 4994 mulieres
1944 4940 1994 4993 in
2021 4943 2114 4994 ha-

509 5024 623 5081 bitu
651 5037 865 5095 ornato,
888 5042 1011 5084 cum
1045 5027 1400 5095 verecundia,
1433 5036 1489 5084 et
1517 5031 1815 5086 sobrietate
1849 5044 2112 5092 ornantes

509 5136 593 5190 se,
618 5131 803 5178 etnon
829 5124 880 5178 in
905 5123 1062 5178 tortis
1084 5122 1346 5190 crinibus,
1375 5135 1468 5179 aut
1489 5140 1647 5194 auro,
1671 5136 1763 5181 aut
1786 5129 2111 5199 margaritis,

512 5212 598 5268 vel
645 5223 797 5270 veste
841 5215 1076 5284 pretiosa
1107 5232 1119 5269 :
1150 5214 1246 5269 sed
1278 5215 1422 5287 quod
1465 5216 1625 5272 decet
1663 5218 1941 5286 mulieres,
1992 5237 2116 5291 pro-

590 5406 614 5432 ιι
655 5394 860 5451 Nomen
892 5395 986 5450 Dei
1014 5395 1103 5451 hic
1124 5394 1228 5451 loci
1258 5395 1311 5451 in
1339 5395 1588 5452 Palatino
1617 5413 1718 5452 ms.
1755 5406 1812 5452 ut
1839 5409 1893 5452 et
1922 5398 2111 5453 Crzrco

516 5475 668 5522 textu
695 5468 968 5523 reticetur.

523 5587 528 5590 .
582 5537 708 5615 b_ln
735 5539 910 5615 Palat.
944 5555 1046 5615 ms.
1075 5545 1270 5615 ,_cujus
1300 5540 1680 5615 testimonium,
1701 5549 1831 5606 etc.,
1856 5541 2117 5609 quemad-

516 5611 755 5690 modum
777 5613 914 5690 etin
944 5609 1587 5690 Graecis_aliqttot__libris,
1610 5609 1680 5690 oti
1717 5615 1776 5669 τὸ
1806 5617 2114 5690 (anaremos.

514 5683 637 5739 Mox
668 5683 760 5740 ubi
798 5683 1019 5751 dicitur,
1065 5686 1329 5740 veritatem
1370 5685 1509 5749 dico,
1559 5683 1775 5738 additur
1805 5683 1858 5739 in
1882 5683 2117 5752 Christo,

514 5770 638 5827 quae
668 5770 830 5813 voces
859 5759 911 5813 in
935 5755 1129 5813 Graeco
1155 5758 1318 5812 etiam
1347 5765 1474 5812 sunt
1510 5767 1682 5811 textu.

595 5838 617 5865 ο
662 5828 810 5885 Alias
835 5830 896 5886 S.
929 5832 1044 5900 ipse
1092 5830 1364 5893 interpres
1413 5843 1511 5898 pro
1565 5829 1834 5885 sobrietate
1866 5843 2122 5885 roiistau-

514 5909 596 5956 ter
624 5900 786 5960 habet
810 5903 894 5961 vel
925 5917 1043 5957 cum
1067 5900 1342 5972 pudicitia,
1377 5911 1436 5956 ut
1465 5902 1521 5958 in
1552 5902 1798 5973 Epistula
1831 5901 1899 5958 ad
1942 5903 2120 5959 Salvi-

2214 3347 2272 3404 Si
2301 3359 2478 3404 autem
2512 3347 2816 3412 tardavero,
2851 3357 2908 3401 nt
2931 3347 3074 3402 scias
3103 3345 3376 3423 quomodo
3413 3353 3666 3415 oporteat
3694 3352 3744 3400 te
3769 3345 3824 3401 in

2214 3444 2375 3499 domo
2403 3443 2499 3499 Dei
2530 3441 2863 3509 conversari,
2894 3457 3015 3512 quae
3043 3450 3128 3496 est
3165 3441 3406 3496 Ecclesia
3439 3441 3530 3495 Dei
3560 3440 3692 3506 vivi,
3722 3453 3822 3494 co-

2216 3536 2395 3592 lumna
2435 3545 2490 3590 et
2525 3536 2922 3590 ﬁrmamentum
2966 3534 3236 3589 veritatis.
3276 3533 3347 3589 Et
3374 3530 3663 3588 manifeste
3709 3548 3826 3586 ma-

2215 3645 2384 3702 gnum
2413 3640 2492 3683 est
2521 3629 2740 3699 pietatis
2769 3636 3192 3693 sacramentum,
3228 3626 3372 3696 quod
3416 3625 3824 3682 manifestatum

2215 3730 2300 3778 est
2331 3722 2381 3776 in
2409 3736 2599 3787 carne,
2624 3720 2976 3790 justiﬁcatum
3005 3728 3092 3775 est
3117 3721 3170 3775 in
3206 3719 3425 3789 spiritu,
3452 3718 3700 3788 apparuit
3720 3735 3820 3775 an-

2214 3815 2370 3886 gelis,
2402 3815 2748 3885 praedicatum
2778 3823 2862 3870 est
2881 3813 3156 3885 gentibus,
3187 3813 3450 3869 creditum
3479 3821 3564 3869 est
3586 3814 3636 3868 iu
3668 3830 3824 3872 mun-

2215 3908 2304 3972 do,
2337 3919 2669 3978 assumptum
2701 3917 2784 3964 est
2813 3909 2865 3962 in
2902 3907 3097 3978 gloria.

2291 4003 2300 4073 Ι
2325 4000 2451 4073 Cap.
2488 4000 2616 4073 IV.]
2645 4001 2882 4072 Spiritus
2911 4009 3086 4053 autem
3122 3999 3406 4055 manifeste
3433 3998 3584 4062 dicit,
3614 3999 3734 4070 quia
3767 4003 3822 4054 in

2219 4095 2531 4151 novissimis
2553 4095 2886 4167 temporibus
2907 4093 3189 4149 discedent
3207 4093 3424 4164 quidam
3447 4109 3476 4149 a
3501 4095 3626 4159 ﬁde,
3653 4105 3825 4150 atten-

2213 4188 2405 4244 dentes
2434 4186 2714 4256 spiritibus
2741 4187 2946 4241 erroris
2970 4228 2985 4253 ,
3015 4194 3071 4241 et
3096 4186 3359 4242 doctrinis
3387 4187 3787 4242 dmmouiorum
3805 4229 3822 4253 ,

2217 4282 2269 4336 in
2304 4280 2578 4353 hypocrisi
2605 4279 2943 4349 loquentium
2978 4279 3343 4342 mendacium,
3382 4288 3438 4334 et
3463 4280 3823 4334 cauteriatam

2216 4374 2528 4432 habentium
2551 4390 2699 4430 suam
2718 4372 3136 4439 conscientiam,
3162 4373 3562 4442 prohibentium
3587 4375 3818 4440 nubere,

2216 4469 2491 4524 abstinere
2514 4483 2544 4522 a
2566 4468 2725 4532 cibis,
2754 4483 2890 4538 quos
2925 4467 3070 4522 Deus
3092 4469 3297 4523 creavit
3318 4468 3385 4522 ad
3414 4467 3823 4539 percipiendum

2215 4578 2339 4618 cum
2367 4563 2664 4632 gratiarum
2696 4560 2910 4615 actione
2940 4559 3212 4627 ﬁdelibus,
3241 4569 3296 4616 et
3330 4560 3396 4616 iis
3425 4560 3516 4631 qui
3552 4576 3824 4632 cegnovc-

2221 4669 2349 4712 runt
2380 4657 2685 4712 veritatem.
2712 4653 2849 4722 Quia
2877 4655 3055 4710 omnis
3099 4663 3347 4710 creatura
3378 4654 3475 4709 Dei
3524 4654 3662 4709 bona
3697 4665 3781 4710 est
3803 4699 3819 4722 ,

2219 4762 2273 4806 et
2310 4751 2446 4806 nihil
2499 4748 2847 4820 rejiciendum
2887 4746 3031 4817 quod
3085 4761 3206 4801 cum
3258 4746 3556 4816 gratiarum
3607 4746 3826 4801 actione

2217 4843 2515 4915 percipitur
2556 4859 2570 4896 :
2618 4838 2988 4895 sanctiﬁcatur
3031 4838 3175 4892 enim
3220 4852 3319 4907 per
3356 4837 3579 4892 verbum
3631 4837 3723 4892 Dei
3768 4847 3830 4893 et.

2216 4937 2542 4993 orationem.
2603 4933 2729 4989 Haec
2775 4944 3089 5002 proponens
3138 4929 3430 4998 fratribus,
3483 4929 3658 4984 bonus
3713 4928 3827 4984 eris

2219 5031 2465 5087 minister
2492 5029 2693 5085 Christi
2730 5028 2883 5092 Jesu,
2915 5026 3182 5082 enutritus
3215 5023 3399 5078 verbis
3426 5022 3547 5078 ﬁdei
3578 5034 3634 5078 et
3657 5024 3818 5078 home

2218 5125 2504 5188 doctrinae,
2540 5137 2700 5193 quam
2733 5128 3014 5175 assecutus
3042 5134 3124 5174 es.
3157 5116 3374 5188 lneptas
3403 5126 3583 5170 autem
3621 5125 3677 5169 et
3705 5115 3826 5170 ani-

2222 5219 2298 5274 les
2321 5216 2529 5273 fabulas
2555 5215 2734 5270 devita
2775 5231 2788 5266 :
2823 5226 3017 5268 exerce
3059 5223 3238 5266 autem
3279 5211 3509 5280 teipsum
3551 5207 3617 5262 ad
3653 5209 3825 5278 pieta-

2223 5411 2342 5452 nam
2366 5441 2381 5464 ,
2433 5395 2520 5450 vel
2565 5409 2682 5464 cum
2712 5389 2974 5464 castitate,
3006 5399 3064 5443 ut
3091 5386 3236 5464 alibi.
3267 5385 3403 5464 Quin
3438 5385 3726 5464 immnlih.
3764 5403 3823 5444 Ill

2219 5459 2406 5524 contra
2447 5463 2788 5522 Joviniauum
2848 5461 3073 5517 recitato
3116 5460 3218 5513 hoc
3265 5460 3531 5513 versiculo
3566 5477 3576 5511 :
3611 5459 3669 5512 Si
3700 5477 3824 5528 per-

2223 5540 2501 5595 manserint
2529 5540 2603 5592 in.
2633 5576 2646 5590 .
2679 5577 2690 5589 .
2713 5575 2726 5588 .
2757 5575 2771 5590 .
2799 5573 2811 5586 .
2831 5574 2843 5588 .
2867 5533 3411 5603 sanctiﬁcatione_ram
3431 5532 3683 5591 castitate.
3717 5549 3824 5586 non

2223 5614 2402 5678 enim;
2442 5611 2640 5665 subdit.
2675 5616 2729 5660 ut
2763 5609 2890 5659 male
2932 5601 3146 5658 habetur
3173 5604 3245 5678 in,
3271 5601 3474 5678 [.afiitis
3522 5603 3815 5678 codicibus,

2224 5675 2467 5754 sobrietas
2493 5691 2564 5735 est
2594 5680 2827 5754 legenda,
2853 5679 2940 5754 sed
2970 5678 3199 5754 castitas,
3308 5684 3393 5754 est
3417 5677 3744 5754 amp‘ooedvn,

2296 5753 2323 5792 ἀ
2366 5745 2678 5825 Depositum
2701 5750 2939 5806 secunda
2969 5763 3127 5804 manu
3154 5747 3206 5802 in
3231 5745 3471 5800 Palatino
3500 5745 3599 5800 uis.
3627 5793 3639 5813 ,
3671 5747 3823 5800 adhi-

2226 5827 2383 5882 bebis.
