4128 6330
310 333 409 390 801

1101 330 1437 391 EPISTOLA
1480 333 1544 388 B.
1584 330 1791 388 PAULI
1832 327 2167 387 AI‘OSTOLI
2205 328 2299 385 Al)
2336 329 2379 386 Τ
2387 328 2749 391 IMOTHEUM
2789 332 2831 390 Ι.

3506 330 3615 390 8οὶ

316 458 447 502 tem.
480 446 611 502 Nam
647 444 947 517 corporalis
978 447 1322 512 exercitatio,
1370 447 1437 501 ad
1464 446 1735 503 modicum
1769 445 1917 500 utilis
1943 446 1998 506 A
2022 454 2231 500 castum
2270 446 2505 502 custodi.
2556 447 2674 505 Noli
2711 448 2893 506 adhuc
2926 461 3119 520 aquam
3146 445 3357 515 bibere,
3378 446 3474 504 sed
3502 460 3622 502 mo-

314 549 399 595 est
431 557 445 594 :
472 541 643 611 pietas
672 547 851 595 autem
885 538 953 594 ad
986 540 1166 595 omnia
1190 540 1337 595 utilis
1363 548 1463 606 est,
1500 538 1917 610 promissionem

315 632 524 689 habens
548 634 695 698 vitze,
721 648 840 703 quae
863 648 1003 687 nunc
1033 641 1134 697 est,
1164 641 1220 688 et
1244 634 1459 687 futurae.
1489 631 1690 687 Fidelis
1713 645 1916 696 sermo,

314 738 370 783 et
397 729 547 783 omni
574 728 887 798 acceptione
911 726 1122 798 dignus.
1153 724 1212 780 In
1242 726 1344 782 hoc
1368 726 1510 782 enim
1535 725 1842 781 laboramus
1866 733 1922 778 et

313 821 717 889 maledicimur,
766 822 890 889 quia
941 834 1219 889 speramus
1264 818 1317 874 itt
1350 818 1521 874 Deum
1563 818 1768 885 vivum,
1813 816 1903 886 qui

313 924 401 971 est
436 915 689 974 Salvator
731 913 972 970 omnium
1019 912 1323 977 hominum,
1373 914 1606 967 maxime
1654 909 1916 965 ﬁdelium.

314 1010 562 1082 Praccipe
612 1009 748 1073 haec,
794 1017 849 1062 et
882 1007 1040 1063 doce.
1088 1006 1260 1062 Nemo
1301 1005 1724 1062 adolescentiam
1774 1013 1919 1058 tuam

314 1108 673 1161 contemnat:
702 1099 796 1156 sed
819 1099 1127 1170 exemplum
1158 1106 1276 1154 esto
1306 1097 1545 1153 ﬁdelium
1572 1098 1624 1152 in
1653 1095 1844 1159 verbo,
1867 1094 1921 1150 in

315 1195 753 1265 conversatione,
804 1195 856 1248 itt
907 1192 1202 1258 charitate,
1257 1193 1313 1247 in
1358 1192 1485 1255 ﬁde,
1541 1192 1594 1245 in
1643 1192 1919 1245 castitate.

316 1291 456 1347 Dum
492 1290 673 1355 venio,
723 1288 944 1343 attende
988 1287 1246 1354 lectioni,
1294 1285 1695 1351 exhortationi,
1736 1292 1789 1340 et
1824 1283 1924 1338 do-

315 1384 533 1439 ctrintn.
582 1382 706 1438 Noli
754 1381 1031 1452 negligere
1061 1384 1288 1451 gratiam
1310 1421 1323 1446 ,
1355 1395 1476 1449 quae
1504 1379 1557 1434 in
1587 1387 1637 1433 te
1665 1387 1769 1442 est,
1804 1392 1924 1446 quae

315 1477 443 1530 data
476 1482 561 1531 est
588 1474 685 1529 tibi
733 1489 831 1545 per
874 1472 1221 1544 prophetiam
1268 1489 1389 1528 cum
1424 1473 1769 1543 impositione
1810 1486 1935 1524 nia-1

316 1586 491 1627 nuum
537 1568 882 1640 presbyterii.
934 1568 1058 1623 llaec
1107 1568 1389 1634 meditare,
1428 1569 1479 1621 in
1529 1567 1615 1621 his
1659 1576 1777 1620 esto
1815 1584 1827 1620 :
1862 1574 1925 1620 ut

318 1663 597 1734 profectus
629 1672 752 1718 tuus
783 1660 1106 1717 manifestus
1134 1662 1198 1716 sit
1233 1662 1509 1715 omnibus.
1540 1659 1774 1715 Attende
1803 1658 1920 1723 tibi,

318 1768 373 1815 et
415 1757 680 1814 doctrinm
710 1774 722 1811 :
751 1757 891 1811 insta
939 1755 994 1810 in
1025 1756 1150 1811 illis.
1188 1755 1303 1810 lloc
1342 1755 1483 1809 enim
1535 1753 1757 1817 faciens,
1789 1760 1844 1807 et
1874 1760 1923 1805 te

317 1852 499 1922 ipsum
529 1850 735 1905 salvum
768 1848 957 1914 facies,
1000 1857 1055 1902 et
1086 1863 1181 1903 eos
1209 1848 1297 1917 qui
1327 1856 1379 1902 te
1410 1847 1657 1902 audiunt.

392 1941 543 2016 [Cap.
570 1939 662 2011 V.]
688 1941 968 1997 Seniorem
996 1955 1064 1995 ne
1114 1940 1504 2009 increpavcris,
1537 1939 1630 1996 sed
1672 1939 1917 2001 obsecra,

319 2045 609 2105 tttpatrem
636 2051 650 2101 ;
677 2034 927 2104 juvenes,
957 2042 1013 2087 ut
1047 2032 1279 2095 fratres;
1314 2046 1470 2094 anus,
1497 2040 1768 2086 utmatres
1796 2046 1809 2091 ;
1833 2028 1922 2098 ju‘

322 2126 604 2190 venculas,
632 2135 690 2181 ut
712 2138 930 2181 sorores
956 2124 1009 2178 in
1039 2123 1187 2178 omni
1211 2124 1463 2178 castitate
1492 2141 1502 2175 :
1541 2122 1727 2176 \idttas
1751 2121 1926 2174 Itono-

322 2237 405 2289 ra,
430 2236 553 2291 quae
572 2236 699 2276 vere
721 2218 900 2274 viduae
928 2227 1072 2273 sunt.
1110 2217 1167 2273 Si
1208 2233 1312 2288 qua
1364 2229 1544 2272 autem
1576 2216 1734 2271 vidua
1766 2215 1924 2275 ﬁlios,

322 2326 416 2371 aut
441 2324 671 2386 nepotes
721 2313 936 2372 habet:
994 2311 1167 2368 discat
1222 2313 1457 2382 primum
1508 2311 1727 2365 domum
1776 2324 1927 2364 suam

326 2424 538 2479 regere,
571 2418 628 2464 et
658 2417 899 2463 mutuam
925 2408 1097 2462 vicem
1142 2405 1385 2461 reddere
1417 2403 1735 2473 parentibus
1771 2421 1782 2456 :
1832 2402 1933 2455 hoc

326 2502 472 2558 enim
504 2511 788 2573 acceptum
846 2512 928 2557 est
970 2515 1155 2555 coram
1204 2499 1340 2555 Deo.
1394 2498 1527 2563 Quae
1573 2508 1751 2551 autent
1806 2510 1935 2549 vere

325 2594 491 2649 vidua
520 2604 626 2659 est,
660 2603 685 2630 λ
710 2603 764 2648 et
784 2593 1049 2655 desolata,
1091 2598 1274 2662 speret
1322 2590 1376 2644 in
1409 2589 1601 2654 Deum,
1661 2598 1718 2642 et
1773 2588 1939 2641 instet

333 2688 811 2746 obsecrationibus
845 2697 900 2743 et
946 2684 1280 2741 orationibus
1324 2692 1482 2738 nocte
1526 2698 1589 2736 ac
1638 2681 1745 2736 die.
1803 2680 1936 2734 Nam

329 2799 451 2854 qua:
482 2783 538 2837 in
570 2782 780 2837 deliciis
812 2790 917 2851 est,
955 2780 1146 2835 vivens
1176 2787 1387 2834 mortua
1421 2787 1525 2834 est.
1566 2777 1634 2831 Et
1664 2776 1767 2831 hoc
1795 2792 1935 2845 prte-

334 2880 479 2949 cipe,
499 2887 557 2932 ut
582 2875 1093 2947 irrepreltensibiles
1116 2874 1245 2929 sint.
1270 2872 1329 2928 Si
1350 2872 1471 2943 quis
1488 2880 1664 2926 autem
1694 2884 1938 2937 suorum,

330 2970 641 3028 etmaxime
683 2968 1105 3024 domesticorum
1147 2982 1332 3021 curam
1392 2980 1499 3020 non
1547 2963 1734 3028 habet,
1784 2962 1942 3017 ﬁdem

333 3063 574 3134 negavit,
599 3070 654 3119 et
681 3072 763 3118 est
814 3060 1022 3116 inﬁdeli
1053 3060 1320 3116 deterior.
1365 3057 1535 3114 Vidua
1570 3057 1805 3128 eligatur
1835 3071 1943 3111 non

334 3159 518 3214 minus
565 3158 847 3227 sexaginta
899 3169 1193 3221 annorum,
1246 3167 1364 3223 quae
1420 3150 1587 3207 fuerit
1635 3150 1795 3204 unius
1844 3149 1943 3203 viri

2023 538 2145 593 dico
2182 538 2308 594 vino
2347 548 2523 608 utere,
2567 550 2791 612 propter
2842 541 3183 599 stomachum
3232 552 3381 599 tuum
3411 549 3467 598 et
3515 540 3624 598 fre-

2024 639 2251 700 quentes
2303 641 2422 688 tuas
2488 633 2855 692 inﬁrmitates.
2905 635 3277 704 Quorumdam
3339 635 3619 691 hominum

2027 731 2247 793 peccata
2280 723 2569 780 manifesta
2597 737 2743 795 sunt,
2792 728 3154 797 praecedentia
3197 727 3265 783 ad
3311 727 3573 797 judicium
3605 743 3619 780 :

2025 814 2289 885 quosdam
2313 826 2495 872 autem
2541 828 2593 872 et
2634 818 3058 890 subsequuntur.
3092 820 3358 876 Similiter
3395 826 3451 873 et
3486 817 3623 874 facta

2028 912 2167 966 bona
2199 911 2484 967 manifesta
2518 922 2684 968 sunt:
2709 923 2903 985 etquae
2943 915 3103 971 aliter
3153 930 3213 971 se
3247 914 3470 981 habent,
3498 912 3627 969 abso

2025 1002 2183 1059 condi
2223 1018 2330 1058 non
2356 1014 2604 1074 possunt.

2100 1095 2253 1169 [Cap.
2288 1096 2403 1168 VL]
2425 1100 2767 1171 Quicumque
2794 1108 2921 1156 sunt
2968 1102 3070 1156 sub
3097 1100 3229 1173 jugo
3260 1100 3431 1167 servi,
3456 1098 3631 1156 domi-

2027 1205 2129 1246 nos
2155 1207 2283 1247 suos
2311 1193 2456 1248 omni
2482 1192 2693 1251 honore
2718 1195 2912 1266 dignos
2933 1197 3293 1263 arbitrentur,
3318 1213 3386 1253 ne
3428 1212 3627 1252 nomen

2028 1284 2240 1339 Domini
2281 1291 2335 1340 et
2363 1285 2610 1341 doctrina
2636 1286 3062 1357 hlaspltemetur.
3102 1288 3201 1358 Qui
3227 1296 3405 1343 autem
3440 1287 3629 1345 ﬁdeles

2030 1379 2234 1435 habent
2262 1379 2658 1447 dominos,non
2690 1392 3065 1451 contemnant,
3091 1384 3215 1454 quia
3248 1382 3447 1438 fratres
3478 1392 3625 1438 sunt:

2028 1472 2121 1528 sed
2155 1474 2325 1543 magis
2353 1474 2614 1543 serviant,
2641 1475 2763 1546 quia
2795 1476 2981 1533 ﬁdeles
3011 1488 3159 1545 sunt,
3208 1487 3264 1533 et
3294 1476 3500 1542 dilecti,
3534 1475 3627 1547 qui

2031 1566 2275 1622 beneﬁcii
2311 1569 2600 1639 participes
2624 1578 2769 1625 sunt.
2792 1571 2919 1626 Haec
2944 1571 3102 1639 doce,
3141 1582 3195 1628 et
3229 1571 3548 1627 exliortarc.
3572 1569 3633 1627 Si

2029 1662 2148 1731 quis
2180 1662 2534 1727 aliterdocet,
2560 1674 2614 1719 et
2646 1680 2752 1719 non
2776 1665 3074 1736 acquiescit
3112 1666 3262 1721 sanis
3286 1666 3633 1723 sermonibus

2030 1755 2245 1811 Domini
2303 1758 2474 1812 nostri
2521 1758 2679 1814 Jesus
2706 1757 2931 1823 Christi,
2982 1768 3037 1813 et
3073 1759 3292 1830 ei,quae
3336 1758 3637 1816 secundum

1951 1850 1999 1909 B
2028 1850 2283 1920 pietatem
2307 1858 2411 1917 est,
2442 1850 2725 1916 doctrinae,
2781 1852 3049 1922 superbus
3097 1861 3204 1921 est,
3244 1853 3377 1907 nihil
3426 1851 3632 1917 sciens,

2031 1942 2126 1997 sed
2159 1943 2419 2013 languens
2440 1944 2585 1999 circa
2623 1944 2976 2013 quaestiones,
2996 1953 3271 2015 etpugnas
3296 1944 3586 1999 verborum
3615 1959 3629 1998 :

2031 2049 2100 2089 ex
2122 2035 2317 2105 quibus
2370 2035 2621 2090 oriuntur
2653 2035 2888 2101 invidiae,
2923 2036 3326 2102 contentiones,
3382 2034 3639 2105 blasphe-

2035 2126 2181 2195 mite,
2239 2127 2581 2197 suspiciones
2625 2127 2825 2193 malae,
2878 2126 3312 2183 conflictationes
3361 2125 3640 2182 hominum

2034 2233 2216 2279 mente
2268 2233 2669 2295 corruptorum,
2725 2233 2783 2280 et
2826 2226 2917 2297 qui
2966 2226 3197 2282 veritate
3247 2226 3443 2297 privati
3479 2235 3630 2292 sunt,

2037 2315 2465 2372 existimantium
2505 2328 2773 2388 quaestum
2821 2333 2944 2374 esse
2990 2321 3265 2389 pietatem.
3313 2319 3411 2374 Est
3457 2328 3634 2376 autem

2037 2420 2279 2483 quaestus
2296 2426 2549 2481 magnus,
2583 2412 2756 2482 pietas
2783 2428 2907 2467 cum
2933 2412 3282 2469 sufﬁcientia.
3317 2412 3461 2468 Nihil
3488 2412 3634 2470 enim

2040 2505 2322 2561 intulimus
2352 2507 2404 2561 in
2438 2506 2582 2561 hunc
2612 2507 2913 2562 mundum:
2948 2506 3090 2562 haud
3119 2507 3341 2564 dubium
3371 2508 3513 2580 quod
3543 2522 3644 2563 nec

2040 2598 2261 2681 auferre
2288 2599 2419 2671 quid
2472 2615 2784 2670 possumus.
2818 2600 3093 2658 [labentes
3130 2612 3311 2658 autem
3363 2601 3642 2670 alimenta,

2043 2706 2095 2751 et
2115 2695 2310 2765 quibus
2334 2704 2602 2766 tegamur,
2632 2696 2714 2750 his
2741 2695 2986 2752 contenti
3024 2711 3234 2751 sumus.
3282 2695 3415 2751 Nam
3439 2695 3531 2768 qui
3552 2711 3648 2751 vo-

2045 2788 2164 2843 lunt
2188 2787 2385 2844 divites
2410 2788 2549 2852 ﬁeri,
2606 2787 2855 2844 incidunt
2883 2789 2934 2844 in
2969 2787 3349 2855 tentationem,
3373 2800 3427 2844 et
3463 2787 3516 2843 in
3568 2787 3647 2842 la-

2044 2898 2241 2952 queum
2268 2881 2496 2947 diaboli,
2520 2891 2575 2937 et
2601 2880 2873 2938 desideria
2893 2883 3060 2937 multa
3087 2881 3317 2949 inutilia,
3348 2890 3403 2938 et
3432 2880 3644 2949 nociva,

2044 2991 2167 3046 quae
2188 2984 2437 3046 mergunt
2466 2973 2720 3031 homines
2743 2975 2799 3030 in
2829 2975 3108 3029 interitum
3158 2985 3213 3030 et
3257 2973 3643 3043 perditionem.

2048 3069 2221 3125 Radix
2250 3068 2395 3126 enim
2421 3069 2664 3125 omnium
2717 3070 2986 3125 malorum
3026 3079 3108 3125 est
3139 3069 3407 3140 cupiditas
3434 3087 3446 3123 :
3482 3082 3647 3139 quam

2048 3160 2268 3231 quidam
2298 3166 2640 3230 appetentes,
2659 3168 2984 3216 erraverunt
3008 3175 3035 3213 a
3064 3159 3189 3227 ﬁde,
3218 3170 3275 3216 et
3303 3161 3654 3216 inseruerunt

336 3267 494 3321 uxor,
556 3252 610 3307 in
655 3249 912 3322 operibus
960 3248 1119 3304 bonis
1168 3246 1540 3302 testimonium
1601 3243 1829 3311 habens,
1892 3241 1937 3297 εἰ
1968 3241 2014 3305 C
2047 3267 2105 3307 se
2123 3252 2405 3309 doloribus
2426 3253 2629 3309 multis.
2664 3253 2742 3308 Tu
2767 3263 2974 3322 autem,
3000 3252 3166 3309 homo
3190 3253 3304 3321 Dei,
3338 3253 3456 3309 haec
3482 3252 3603 3325 fuge
3632 3271 3647 3309 :

336 3345 475 3401 ﬁlios
502 3342 769 3408 educavit,
794 3343 841 3399 si
864 3342 1100 3412 hospitio
1133 3341 1362 3410 recepit,
1390 3340 1437 3394 si
1479 3345 1796 3394 sanctorum
1846 3352 1939 3406 pc-

336 3439 434 3494 des
456 3439 609 3507 lavit,
634 3437 680 3493 si
714 3430 1139 3493 tribulationem
1163 3436 1499 3508 patientibus
1557 3433 1942 3489 subministra-

335 3532 435 3595 vit,
467 3532 515 3587 si
541 3546 702 3587 omne
731 3545 868 3602 opus
893 3531 1093 3585 bonum
1127 3530 1415 3585 subsecuta
1445 3535 1553 3583 est.
1614 3524 1945 3580 Adolescen-

339 3623 508 3679 tiores
560 3632 739 3679 autem
786 3624 975 3679 viduas
1019 3623 1218 3678 devita.
1273 3622 1407 3679 Cum
1458 3621 1602 3677 enim
1660 3619 1943 3674 luxuriam

339 3717 543 3775 fuerint
572 3717 627 3773 in
658 3717 902 3787 Christo,
923 3716 1133 3773 nubere
1160 3716 1355 3773 volunt
1386 3734 1399 3771 :
1429 3714 1692 3770 habentes
1713 3714 1943 3768 damna-

339 3810 570 3879 tionem,
598 3810 722 3881 quia
745 3809 975 3880 primam
1000 3809 1160 3865 ﬁdem
1207 3809 1417 3863 irritam
1450 3806 1720 3863 fecerunt.
1770 3803 1945 3861 Simul

342 3910 526 3957 autem
552 3908 607 3957 et
642 3901 831 3958 Otiosm
855 3901 1074 3958 discunt
1104 3900 1339 3957 circuire
1369 3901 1562 3956 domos
1588 3918 1601 3955 :
1636 3914 1744 3953 non
1768 3897 1945 3954 solum

342 3996 678 4063 otiosae,sed
703 4005 756 4051 et
784 3996 1051 4062 verbosas,
1084 4005 1142 4052 et
1185 3995 1438 4061 curiosae,
1491 3993 1779 4065 loquentes
1824 4009 1945 4064 quae

342 4103 451 4145 non
474 4096 712 4159 oportet.
738 4086 872 4143 Volo
918 4103 1047 4159 ergo
1099 4088 1345 4158 jttniores
1385 4085 1611 4153 nubere,
1658 4084 1798 4141 ﬁlios
1821 4100 1946 4156 pro-

343 4195 560 4249 creare,
618 4189 819 4235 matres
850 4179 1085 4235 familias
1141 4194 1296 4245 esse,
1352 4178 1554 4234 nullam
1599 4177 1946 4234 occasionem

344 4273 477 4329 dare
505 4272 818 4329 adversario
846 4271 1122 4328 maledicti
1149 4273 1347 4344 gratia.
1375 4273 1494 4327 Jam
1523 4269 1668 4327 enim
1698 4270 1945 4343 quaedam

346 4380 625 4422 conversa:
653 4372 782 4420 sunt
820 4372 968 4421 retro
990 4363 1270 4421 Satanam.
1316 4363 1491 4435 Siqui
1545 4364 1719 4421 ﬁdelis
1786 4364 1949 4422 habet

343 4456 558 4527 viduas,
591 4457 972 4514 subministret
1008 4456 1134 4526 illis,
1177 4465 1232 4513 et
1263 4472 1369 4513 non
1399 4467 1655 4529 gravetur
1679 4458 1944 4525 Ecclesia,

348 4558 410 4605 ut
430 4550 517 4619 iis,
539 4565 661 4622 qum
693 4565 822 4606 vere
850 4548 1029 4605 vidua:
1058 4558 1205 4617 sunt,
1236 4550 1490 4606 sufﬁciat.
1520 4550 1623 4617 Qui
1645 4550 1787 4607 bene
1812 4565 1949 4622 pra:-

2045 3356 2262 3403 sectare
2290 3362 2423 3403 vero
2458 3346 2752 3418 justitiam,
2777 3347 3059 3418 pietatem,
3088 3346 3275 3415 ﬁdem,
3306 3346 3649 3416 charitatem,

2047 3439 2388 3510 patientiam,
2418 3439 2918 3496 mansuetudinem.
2955 3439 3119 3497 Certa
3145 3440 3346 3495 bonum
3373 3450 3654 3497 certamen

2048 3529 2192 3598 ﬁdei,
2219 3529 2569 3603 apprehende
2596 3531 2762 3585 vitam
2794 3540 3077 3599 aeternam,
3106 3532 3160 3587 in
3191 3546 3294 3602 qua
3321 3540 3543 3588 vocatus
3567 3546 3650 3601 es,

2046 3632 2103 3680 et
2137 3621 2426 3679 confessus
2448 3623 2644 3679 bonam
2677 3622 3072 3680 confessionem
3119 3638 3305 3680 coram
3336 3624 3521 3680 multis
3544 3632 3656 3681 tes-

2050 3719 2213 3774 tibus.
2241 3718 2509 3789 Praccipio
2528 3717 2630 3773 tibi
2660 3732 2847 3774 coram
2876 3717 3011 3783 Deo,
3041 3720 3132 3790 qui
3160 3716 3396 3774 viviﬁcat
3444 3718 3653 3786 omnia,

2048 3824 2103 3870 et
2132 3813 2351 3870 Christo
2380 3814 2531 3883 Jesu,
2564 3813 3051 3885 quiteSIimonium
3102 3813 3344 3897 reddidit
3372 3813 3472 3869 sub
3517 3813 3653 3869 Pon-

2049 3907 2124 3961 tio
2150 3906 2344 3973 Pilato,
2369 3906 2565 3962 bonam
2611 3905 3011 3962 confessionem
3038 3922 3053 3962 :
3088 3916 3147 3962 ut
3200 3920 3389 3963 serves
3420 3905 3650 3963 manda-

2051 4007 2165 4055 tum
2197 4000 2315 4056 sine
2341 4000 2576 4069 macula,
2600 3998 3086 4071 irreprehensibile
3132 4014 3302 4065 usque
3350 4000 3404 4055 in
3449 3998 3653 4055 adven-

2051 4100 2168 4147 tum
2200 4091 2413 4148 Domini
2440 4092 2609 4148 nostri
2640 4092 2771 4149 Jesu
2796 4090 3003 4149 Christi
3031 4108 3044 4146 :
3069 4107 3229 4162 quem
3257 4092 3368 4149 suis
3396 4092 3660 4164 tempori-

2051 4185 2152 4241 bus
2178 4184 2429 4241 ostendet
2457 4185 2649 4242 beatus
2678 4194 2733 4241 et
2762 4185 2913 4241 solus
2936 4194 3151 4255 potens,
3184 4184 3301 4241 Rex
3356 4200 3574 4257 regum,
3604 4192 3663 4242 et

2051 4278 2317 4334 Dominus
2345 4277 2744 4334 dominantium
2775 4294 2788 4332 :
2841 4278 2930 4348 qui
2962 4276 3109 4334 solus
3142 4276 3303 4334 habet
3334 4275 3661 4334 immortali-

2052 4380 2241 4439 tatem,
2267 4380 2323 4427 ct
2352 4371 2527 4427 lucem
2550 4370 2817 4427 inhabitat
2842 4370 3280 4427 inaccessibilem
3309 4387 3323 4423 τ
3347 4385 3509 4442 quem
3540 4369 3665 4425 nul-

2058 4464 2146 4520 lus
2174 4463 2459 4520 hominum
2489 4462 2660 4531 vidit,
2695 4473 2716 4502 ο
2764 4463 2859 4519 sed
2916 4478 3017 4518 nec
3070 4462 3259 4519 videre
3306 4471 3525 4533 potest:
3572 4461 3663 4519 cui

2055 4556 2256 4621 honor,
2281 4564 2336 4611 et
2368 4555 2657 4627 imperium
2711 4553 3129 4624 sempiternum.
3165 4551 3364 4610 Amen.
3394 4551 3665 4610 Divitibus

348 4651 475 4698 sunt
517 4643 845 4716 presbyteri,
895 4642 1097 4713 duplici
1155 4643 1361 4700 honore
1407 4642 1555 4715 digni
1618 4640 2231 4718 habeantur:Dhujus
2256 4647 2438 4703 smculi
2494 4649 2733 4720 praecipe
2780 4662 2890 4705 non
2944 4647 3175 4704 sublime
3214 4663 3429 4721 sapere,
3487 4663 3666 4720 neque

348 4735 593 4791 maxime
638 4738 731 4807 qui
770 4735 1024 4790 laborant
1078 4735 1131 4791 in
1180 4734 1349 4791 verbo
1397 4742 1453 4791 et
1489 4735 1758 4792 doctrina.
1816 4735 1956 4792 Dicit

351 4828 498 4885 enim
521 4828 802 4900 Scriptura
832 4848 845 4883 :
878 4828 993 4884 Non
1025 4827 1054 4867 ιι
1086 4828 1335 4900 alligabis
1387 4844 1449 4885 os
1500 4830 1624 4886 bovi
1658 4829 1949 4886 trituranti.

355 4921 419 4979 Et
454 4941 465 4976 :
495 4923 699 4994 Dignus
743 4930 829 4979 est
862 4922 1146 4994 operarius
1196 4923 1450 4981 mercede
1504 4939 1623 4980 sua.
1677 4924 1957 4982 Adversus

354 5016 730 5088 presbyterum
754 5014 1155 5073 accusationem
1208 5016 1322 5072 noli
1373 5018 1641 5090 recipere,
1700 5018 1801 5073 nisi
1856 5019 1957 5075 sub

356 5107 569 5166 duobus
606 5117 697 5165 aut
728 5110 902 5166 tribus
932 5111 1182 5168 testibus.
1230 5109 1527 5177 Peccantes
1553 5125 1736 5167 coram
1781 5113 1959 5167 omni-

356 5201 457 5257 bus
477 5217 643 5274 argue
671 5222 685 5259 :
716 5213 779 5258 ut
824 5214 879 5259 et
920 5205 1104 5260 caateri
1148 5204 1398 5259 timorem
1453 5205 1707 5261 habeant.
1765 5205 1959 5263 Testor

358 5309 545 5352 coram
594 5296 707 5353 Deo
758 5306 813 5353 et
839 5297 1058 5353 Christo
1102 5296 1252 5364 Jesu,
1287 5309 1341 5354 et
1380 5298 1566 5355 electis
1621 5301 1843 5371 angelis,
1902 5307 1962 5356 ut

360 5386 480 5444 haec
510 5389 789 5445 custodias
813 5391 933 5447 sine
965 5390 1305 5461 prtcjudicio,
1330 5389 1711 5460 nihilfaeiens,
1745 5394 1797 5448 in
1832 5393 1964 5450 alte-

361 5499 475 5540 ram
508 5491 715 5553 partem
742 5483 1090 5539 declinando.
1108 5482 1294 5539 Manus
1323 5485 1432 5539 cito
1463 5486 1665 5540 nemini
1693 5486 1966 5556 imposue-

363 5577 461 5646 ris,
485 5591 660 5648 neque
681 5577 1169 5634 communicaveris
1198 5578 1436 5651 peccatis
1464 5577 1676 5634 alienis.
1702 5578 1959 5648 Teipsum

2061 4742 2354 4812 Sperarein
2379 4740 2588 4797 incerto
2613 4741 2954 4807 divitiarum,
2996 4739 3095 4797 sed
3140 4740 3193 4795 in
3235 4740 3351 4798 Deo
3372 4740 3497 4798 vivo
3522 4741 3544 4815 (
3573 4742 3665 4813 qui

2060 4844 2287 4907 praestat
2338 4835 2494 4892 nobis
2543 4835 2724 4892 omnia
2779 4834 2997 4893 abunde
3037 4835 3104 4891 ad
3153 4835 3485 4908 fruendum)
3524 4835 3669 4894 bene

2059 4946 2244 5003 agere,
2279 4930 2474 4986 divites
2499 4930 2616 4986 ﬁeri
2635 4931 2690 4986 in
2722 4928 2883 4986 bonis
2911 4928 3188 5000 operibus,
3221 4928 3381 4986 facile
3405 4929 3667 4998 tribuere,

2057 5023 2486 5091 communicare,
2506 5023 2879 5079 thesaurizare
2908 5020 3011 5077 sibi
3031 5020 3442 5078 fundamentum
3464 5022 3668 5078 bonum

2065 5120 2119 5175 in
2151 5120 2418 5187 futurum,
2451 5128 2511 5174 ttt
2535 5116 2947 5190 apprehendant
2973 5132 3159 5174 veram
3182 5118 3372 5174 vitam.
3417 5117 3464 5174 0
3485 5117 3671 5175 Τίιηο-

2065 5214 2211 5281 thee,
2239 5214 2550 5285 depositum
2608 5213 2845 5280 custodi,
2876 5212 3126 5269 devitans
3171 5216 3429 5283 profanas
3471 5227 3670 5270 vocum

2066 5306 2359 5373 novitates,
2403 5315 2459 5361 et
2509 5307 2887 5378 oppositiones
2936 5304 3057 5360 falsi
3106 5306 3343 5361 nominis
3398 5303 3667 5375 scientia},

2066 5414 2227 5469 quam
2253 5398 2473 5468 quidam
2502 5400 2882 5468 promittentes
2931 5397 3075 5454 circa
3107 5394 3270 5455 ﬁdem
3316 5399 3665 5457 exciderunt.

2067 5491 2254 5548 Gratia
2278 5502 2479 5549 tecum.
2507 5493 2705 5549 Amen.

1226 5672 1454 5746 Explicit
1475 5673 1717 5746 Epistola
1744 5673 1808 5729 Β.
1860 5674 2017 5732 Pauli
2040 5679 2279 5749 Apostoli
2308 5681 2377 5735 ad
2408 5678 2735 5735 Timotheum
2760 5677 2809 5734 Ι.

438 5769 465 5799 δ
495 5759 880 5849 ξειξιίηῃηξη
913 5774 960 5849 et
987 5766 1243 5849 desolata,
1274 5765 1434 5849 vitio,
1466 5772 1527 5820 ut
1546 5764 1783 5836 videtur,
1813 5769 1960 5823 anti-

366 5841 538 5907 quari]
566 5851 578 5886 :
602 5841 716 5907 tum
740 5841 795 5892 in
825 5841 1068 5902 instanti,
1089 5846 1328 5907 sperat...
1353 5844 1400 5892 et
1420 5841 1599 5891 instat.

440 5904 466 5944 υ
499 5904 729 5965 Prtefert
750 5907 895 5967 idem
919 5923 1052 5978 ms.,
1082 5904 1207 5965 Non
1232 5908 1540 5983 infrenabis,
1564 5923 1665 5983 pro
1680 5910 1954 5984 alligabit:

2068 5771 2279 5851 variant
2299 5772 2462 5851 etiam
2476 5772 2664 5851 Graeca
2682 5770 3036 5851 exemplaria,
3052 5776 3298 5851 φιμώσῃς
3316 5780 3371 5831 et
3394 5776 3670 5850 κημώσεις.

2087 5840 2452 5973 θιῖοέοξυιαω
2475 5845 2590 5917 sed,
2620 5840 2897 5903 Palatinus
2961 5840 3070 5905 ms2
3105 5840 3181 5906 'et
3219 5840 3466 5907 Graecus'
3488 5855 3668 5908 textus

2230 5931 2261 5971 n
2297 5953 2313 5971 .

2056 5931 2313 5972 reticent.
