4128 6330
551 332 659 400 803

571 456 889 474 m

1567 333 1624 397 Β.
1668 337 2051 400 HIERONYMI
2091 335 2327 398 DIVINA
2367 336 2849 397 BIBLIOTHECA.

893 453 3850 480 W

1296 560 1474 674 Β.
1554 559 2134 678 PAULI
2212 556 3132 676 APOSTOLI

2080 753 2376 820 INCIPIT

855 912 1847 1064 EPISTULA
1932 917 2206 1092 AD
2307 913 3543 1069 TIMOTHEUM

1894 1153 2277 1242 SECUN
2290 1155 2485 1239 DA.

611 1423 847 1503 [δίειμι]
871 1425 1071 1484 Paulus
1100 1426 1377 1500 apostolus
1418 1427 1551 1486 Jesu
1591 1425 1792 1486 Christi
1823 1443 1917 1500 per
1943 1429 2134 1486 volun-
2165 1435 2210 1492 Α
2244 1430 2334 1502 qui
2365 1428 2547 1486 idonei
2575 1437 2736 1486 erunt
2775 1437 2830 1486 et
2856 1429 2992 1486 alios
3019 1429 3240 1486 docere.
3264 1427 3474 1486 Labora
3507 1423 3648 1486 sicut
3685 1429 3862 1488 bonus

541 1532 705 1580 tatem
730 1521 846 1587 Dei,
877 1523 1176 1578 secundum
1211 1521 1628 1594 promissionem
1658 1521 1803 1591 vitae,
1828 1539 1947 1594 qua:
1975 1533 2055 1578 est
2080 1523 2132 1578 in

531 1604 752 1672 Christo
808 1611 990 1672 Jesu:
1042 1615 1332 1672 Timotheo
1383 1613 1709 1672 charissimo
1755 1615 1887 1682 ﬁlio,
1936 1616 2128 1688 gratia,

541 1708 940 1778 misericordia,
981 1723 1090 1779 pax
1120 1721 1151 1762 a
1175 1707 1292 1764 Deo
1319 1707 1496 1775 Patre,
1527 1716 1581 1763 et
1603 1705 1818 1766 Christo
1845 1705 1976 1764 Jesu
2028 1705 2135 1763 Do-

535 1804 684 1859 mino
713 1811 918 1858 nostro.
943 1799 1158 1858 Gratias
1187 1817 1289 1874 ago
1319 1801 1453 1869 Deo,
1479 1803 1564 1858 cui
1607 1801 1788 1857 servio
1820 1816 1850 1855 a
1881 1800 2134 1872 progeni-

537 1897 743 1953 toribus
771 1897 824 1952 in
859 1895 1194 1952 conscientia
1241 1909 1393 1966 pura,
1425 1894 1568 1966 quod
1623 1890 1956 1965 lMs.qnam]
2015 1891 2133 1948 sine

533 1992 940 2048 intermissione
986 1989 1212 2045 habeam
1245 1989 1320 2044 tui
1366 1989 1685 2043 memoriam
1718 1989 1769 2042 in
1795 1984 2132 2042 orationibus

528 2087 686 2154 meis,
721 2092 880 2140 nocte
903 2099 966 2140 ac
997 2082 1083 2138 die
1106 2081 1429 2138 desiderans
1458 2090 1506 2136 te
1557 2079 1762 2148 videre,
1798 2093 2009 2134 memor
2053 2077 2130 2132 la-

525 2195 839 2252 crymarum
874 2187 1112 2248 tuarum,
1147 2187 1206 2232 ut
1254 2173 1453 2248 gaudio
1502 2173 1750 2248 implear,
1795 2172 2130 2229 recordatio-

528 2291 650 2331 nem
673 2274 944 2345 accipiens
970 2273 1093 2346 ejus
1121 2272 1269 2339 ﬁdei,
1295 2289 1416 2343 qua:
1439 2273 1596 2327 estin
1637 2280 1689 2326 te
1710 2285 1816 2326 non
1841 2269 1984 2336 ﬁcta,
2008 2283 2130 2340 qum

523 2378 576 2425 et
612 2369 884 2424 habitavit
908 2367 1138 2438 primum
1169 2365 1223 2421 in
1257 2369 1374 2421 avia
1409 2375 1494 2421 tua
1533 2363 1726 2430 Loide,
1756 2372 1810 2421 et
1832 2354 2004 2419 matre
2038 2373 2122 2417 tua

525 2461 754 2531 Eunice,
798 2470 980 2516 certus
1019 2475 1138 2517 sum
1186 2469 1366 2515 autem
1414 2458 1556 2530 quod
1591 2467 1643 2514 et
1689 2457 1742 2513 in
1793 2466 1867 2514 te.
1897 2453 2127 2528 Propter

523 2571 685 2628 quam
719 2570 935 2610 causam
963 2551 1233 2610 admoneo
1257 2563 1333 2622 te,
1358 2563 1415 2609 ut
1440 2554 1730 2609 resuscites
1746 2552 1972 2624 gratiam
2007 2551 2122 2623 Dei,

524 2667 644 2722 qua:
668 2650 758 2706 est
785 2650 838 2704 in
868 2658 919 2705 te
968 2664 1062 2720 per
1089 2647 1495 2720 impositionem
1543 2662 1800 2703 manuum
1858 2661 2123 2703 mearum.

518 2739 636 2798 Non
667 2742 812 2800 enim
842 2740 994 2798 dedit
1011 2741 1169 2798 nobis
1195 2741 1340 2798 Deus
1369 2740 1614 2813 spiritum
1638 2737 1868 2808 timoris,
1897 2741 1993 2796 sed
2013 2740 2125 2796 vir-

2244 1526 2402 1581 miles
2430 1523 2632 1582 Christi
2678 1525 2827 1583 Jesu.
2861 1525 3031 1582 Nemo
3076 1524 3318 1581 militans
3349 1525 3488 1595 Deo,
3525 1523 3773 1597 implicat
3798 1541 3858 1584 se

2239 1622 2471 1693 negotiis
2501 1621 2854 1678 saacularibus
2887 1638 2900 1676 :
2953 1631 3009 1676 ut
3031 1620 3082 1677 ei
3110 1617 3343 1691 placeat,
3373 1621 3462 1676 cui
3494 1635 3554 1678 se
3582 1621 3853 1694 probavit.

2237 1712 2369 1770 Nam
2394 1724 2447 1771 et
2477 1715 2566 1786 qui
2601 1725 2774 1770 certat
2796 1713 2850 1770 in
2883 1729 3081 1786 agone,
3113 1729 3220 1770 non
3258 1721 3558 1769 coronatur
3583 1714 3683 1769 nisi
3717 1711 3856 1784 legi-

2238 1805 2368 1862 time
2395 1808 2704 1863 certaverit.
2743 1807 3106 1864 Laborantem
3146 1805 3438 1877 agricolam
3486 1815 3700 1877 oportet
3741 1805 3852 1876 pri-

2237 1916 2385 1955 mum
2415 1901 2482 1956 de
2534 1899 2799 1956 fructibus
2845 1901 3156 1972 percipere.
3205 1897 3456 1972 Intellige
3508 1915 3627 1971 quae
3683 1899 3848 1956 dico:

2236 1991 2384 2049 dabit
2411 1994 2555 2050 enim
2580 1993 2677 2050 tibi
2707 1993 2968 2050 Dominus
2999 1994 3050 2049 in
3075 1993 3328 2049 omnibus
3351 1992 3710 2050 intellectum.
3747 1991 3851 2049 Me-

2235 2103 2356 2142 mor
2395 2097 2513 2144 esto
2544 2087 2834 2143 Dominum
2883 2087 3070 2144 Jesum
3102 2087 3378 2144 Christum
3408 2086 3779 2144 resurrexisse
3817 2102 3848 2144 a

2234 2181 2461 2236 mortuis
2515 2197 2583 2236 ex
2636 2181 2842 2236 semine
2896 2177 3086 2250 David,
3139 2181 3438 2236 secundum
3493 2180 3848 2252 Evangelium

2233 2289 2437 2339 meum,
2486 2273 2539 2328 in
2571 2289 2680 2344 quo
2713 2274 2901 2329 laboro
2933 2290 3103 2344 usque
3131 2273 3198 2328 ad
3229 2273 3470 2344 vincula,
3519 2274 3677 2345 quasi
3705 2273 3850 2329 male

2231 2379 2498 2436 Operans;
2529 2365 2625 2422 sed
2665 2366 2893 2422 verbum
2946 2365 3042 2421 Dei
3089 2381 3199 2420 non
3243 2376 3327 2422 est
3371 2366 3673 2438 alligatum.
3718 2365 3851 2422 Ideo

2231 2461 2410 2514 omnia
2443 2459 2684 2516 sustineo
2713 2469 2938 2533 propter
2987 2460 3216 2528 electos,
3260 2471 3318 2517 ut
3362 2469 3417 2516 et
3457 2460 3560 2534 ipsi
3609 2461 3846 2517 salutem

2229 2560 2652 2621 consequantur,
2687 2567 2808 2622 qua:
2836 2563 2919 2607 est
2949 2551 3002 2606 in
3046 2549 3268 2607 Christo
3311 2551 3463 2622 JeSu,
3496 2567 3620 2609 cum
3671 2553 3846 2625 gloria

2228 2644 2456 2700 coelcsd.
2499 2643 2701 2699 Fidelis
2742 2659 2927 2700 sermo
2958 2662 2972 2700 :
3003 2643 3140 2700 Nam
3172 2645 3219 2700 si
3261 2645 3591 2702 commortui
3622 2661 3841 2717 sumus,

2227 2747 2282 2792 et
2323 2737 2679 2794 convivemus
2711 2755 2725 2793 :
2759 2736 2808 2792 si
2846 2736 2873 2775 ι)
2905 2737 3323 2809 sustinebimus,
3377 2748 3433 2796 et
3476 2740 3844 2812 conregnabi-

519 2839 669 2906 tutis,
697 2848 749 2894 et
772 2837 1106 2906 dilectionis,
1131 2846 1185 2894 et
1229 2835 1563 2894 sobrietatis.
1615 2834 1735 2893 Noli
1781 2836 1965 2908 itaque
1995 2850 2123 2892 eru-
2153 2846 2201 2908 Β
2228 2848 2390 2901 mus;
2436 2831 2481 2889 si
2530 2835 2934 2905 negaverimus,
2977 2843 3030 2890 et
3081 2835 3170 2890 ille
3214 2836 3429 2906 negabit
3474 2849 3612 2892 nos:
3655 2837 3701 2891 si
3731 2849 3844 2892 non

515 2929 741 2988 beseere
771 2931 1143 2988 testimonium
1176 2928 1394 2985 Domini
1435 2928 1629 2999 nostri,
1661 2943 1838 3000 neque
1861 2943 1950 2984 me
2000 2930 2120 2983 vin-

515 3035 659 3086 ctum
685 3027 833 3098 ejus:
867 3027 964 3083 sed
995 3025 1269 3082 collabora
1297 3024 1590 3098 Evangelio
1615 3023 1914 3080 secundum
1942 3023 2115 3079 virtu-

515 3129 624 3178 tem
665 3121 801 3178 Dei:
859 3120 952 3192 qui
1013 3136 1112 3175 nos
1152 3117 1442 3187 liberavit,
1475 3126 1530 3173 et
1565 3118 1780 3173 vocavit
1828 3116 2116 3172 vocatione

515 3226 540 3256 α
559 3231 658 3273 sua
679 3224 888 3284 sancta,
913 3230 1020 3270 non
1045 3209 1348 3271 secundum
1375 3227 1540 3282 opera
1567 3221 1772 3280 nostra,
1803 3208 1900 3265 sed
1927 3224 2117 3265 secun-

511 3313 640 3370 dum
671 3313 1008 3385 pr0positum
1029 3326 1214 3381 suum,
1238 3320 1291 3366 et
1314 3307 1570 3381 gratiam,
1602 3323 1725 3379 qum
1755 3301 1876 3362 data
1906 3315 1990 3361 est
2016 3319 2113 3361 no-

516 3406 599 3464 bis
622 3407 677 3460 in
703 3405 920 3462 Christo
947 3404 1076 3462 Jesu
1125 3413 1252 3459 ante
1303 3411 1548 3471 tempora
1581 3399 1888 3455 srecularia.
1944 3397 2113 3453 Mani-

508 3498 702 3556 festata
726 3507 817 3555 est
843 3507 1026 3556 autem
1057 3512 1199 3552 nunc
1228 3510 1325 3567 per
1377 3490 1837 3550 illuminationem
1867 3489 2113 3547 Salvato-

513 3591 588 3647 ris
617 3592 787 3647 nostri
810 3591 938 3648 Jesu
968 3589 1300 3661 Christi,qui
1326 3587 1591 3644 destruxit
1615 3584 1832 3658 quidem
1854 3593 2106 3654 mortem,

507 3684 835 3740 illuminavit
895 3692 1076 3742 autem
1129 3682 1293 3737 vitam
1360 3689 1414 3736 et
1485 3679 1948 3748 incorruptionem
2010 3693 2108 3748 per

510 3777 865 3850 Evangelium
893 3794 909 3847 ;
939 3778 993 3833 in
1017 3791 1125 3850 quo
1151 3775 1365 3848 positus
1391 3789 1510 3830 sum
1544 3789 1644 3844 ego
1675 3771 2020 3842 praedicator,
2054 3779 2109 3826 et

2221 2926 2517 2992 credimus,
2548 2926 2638 2983 ille
2671 2926 2846 2984 ﬁdelis
2876 2938 3175 2998 permanet,
3213 2944 3412 3002 negare
3442 2927 3686 3000 seipsum
3728 2945 3839 2985 non

2223 3031 2424 3094 potest.
2475 3021 2597 3078 Haec
2647 3037 2957 3091 commune,
3004 3023 3302 3079 testiticans
3352 3038 3537 3080 coram
3573 3023 3830 3081 Domino.

2218 3117 2338 3174 Noli
2367 3118 2700 3174 contendere
2731 3116 2917 3173 verbis
2953 3136 2964 3172 :
2992 3118 3060 3174 ad
3095 3117 3227 3172 nihil
3259 3120 3404 3174 enim
3437 3117 3566 3175 utile
3597 3126 3699 3185 est,
3732 3119 3838 3175 nisi

2216 3210 2283 3265 ad
2319 3208 2732 3266 subversionem
2765 3208 3126 3265 audientium.
3160 3209 3405 3267 Sollicite
3433 3227 3563 3267 cura
3597 3212 3836 3285 teipsum

2219 3303 2552 3374 probabilem
2575 3303 2838 3360 exhibere
2861 3304 2992 3371 Deo,
3024 3304 3335 3375 operarium
3365 3303 3834 3375 iuconfusibilem,

2215 3385 2364 3454 recte
2395 3407 2718 3453 tractantem
2741 3399 2966 3452 verbum
2997 3398 3266 3456 veritatis.
3300 3395 3535 3456 Profana
3566 3409 3750 3458 autem
3779 3409 3838 3456 et

2215 3489 2526 3560 vaniloquia
2574 3485 2703 3564 [.lls.
2754 3485 3112 3564 inaniloquiaj
3139 3485 3366 3546 devita:
3422 3493 3651 3548 multum
3684 3492 3834 3549 enim

2213 3584 2501 3656 proﬁciunt
2531 3584 2600 3641 ad
2624 3584 2956 3656 impietatem
2992 3603 3005 3639 :
3031 3595 3086 3642 et
3113 3572 3296 3642 sermo
3327 3601 3515 3642 eorum
3549 3596 3608 3642 ut
3631 3602 3834 3644 cancer

2211 3681 2382 3750 serpit
2416 3697 2429 3734 :
2463 3694 2531 3735 ex
2561 3680 2757 3750 quibus
2788 3691 2872 3737 est
2916 3680 3262 3752 Hymenaeus,
3293 3692 3345 3736 et
3377 3679 3644 3749 Philetus,
3673 3681 3769 3754 qui
3799 3696 3831 3737 a

2211 3774 2438 3828 veritate
2495 3772 2842 3840 exciderunt,
2897 3769 3142 3828 dicentes
3191 3775 3654 3830 resurrectionem
3704 3788 3829 3830 esse

505 3870 812 3942 apostolus,
835 3879 892 3928 et
915 3870 1176 3940 magister
1232 3867 1497 3939 gentium.
1547 3865 1629 3921 0b
1677 3880 1836 3936 quam
1883 3878 2103 3919 causam
2204 3866 2318 3939 jam
2368 3869 2585 3935 laetam,
2635 3877 2690 3923 et
2751 3879 2772 3906 ε
2826 3866 3218 3924 subverterunt
3243 3868 3608 3940 quorumdam
3639 3867 3826 3927 ﬁdem.

502 3967 666 4022 etiam
694 3965 813 4022 haec
839 3964 1042 4036 patior,
1071 3963 1168 4021 sed
1193 3978 1300 4019 non
1328 3960 1652 4019 confundor.
1685 3959 1810 4016 Scio
1839 3960 1983 4015 enim
2015 3956 2105 4014 cui

499 4057 728 4127 credidi,
755 4066 813 4114 et
840 4067 1024 4114 certus
1073 4070 1192 4112 sum
1236 4055 1360 4126 quia
1413 4063 1609 4124 potens
1664 4060 1749 4108 est
1793 4049 2101 4122 depositum

501 4167 682 4208 meum
709 4164 932 4208 servare
959 4149 1014 4206 in
1057 4147 1210 4205 illum
1241 4147 1406 4204 diem.
1455 4144 1707 4201 Formam
1757 4141 1896 4200 habe
1939 4158 2101 4199 sano-

2209 3964 2315 4020 Sed
2349 3963 2563 4018 ﬁrmum
2598 3961 3007 4018 fundamentum
3042 3963 3137 4020 Dei
3170 3971 3299 4030 stat,
3335 3963 3544 4021 habens
3571 3965 3826 4037 signacu-

2207 4057 2318 4115 lum
2347 4057 2452 4114 hoc
2483 4075 2496 4112 :
2530 4060 2783 4130 cognovit
2821 4058 3079 4115 Dominus
3109 4059 3201 4128 qui
3227 4071 3353 4116 sunt
3381 4060 3532 4131 ejus;
3566 4069 3622 4118 et
3645 4059 3825 4121 disce-

2205 4157 2298 4215 dat
2328 4159 2397 4214 ab
2419 4157 2706 4230 iniquitate
2734 4163 2934 4227 omnis,
2959 4161 3048 4234 qui
3069 4163 3316 4218 nominat
3347 4176 3546 4218 nomen
3569 4158 3811 4216 Domini.

498 4260 620 4301 rum
650 4245 964 4314 verborum,
988 4257 1113 4315 quas
1139 4257 1168 4297 a
1199 4257 1287 4298 me
1309 4238 1511 4298 audisti
1541 4237 1596 4294 in
1636 4237 1743 4293 ﬁde
1771 4246 1825 4294 et
1870 4237 1920 4292 in
1955 4235 2097 4292 dile-

2209 4250 2261 4307 ln
2293 4268 2486 4324 magna
2519 4262 2703 4309 autem
2757 4254 2922 4311 domo
2955 4272 3061 4312 non
3089 4256 3267 4311 solum
3311 4266 3438 4312 sunt
3463 4268 3594 4311 vasa
3625 4267 3810 4321 aurea,

495 4339 677 4395 ctione
721 4338 776 4394 in
815 4337 1036 4394 Christo
1062 4336 1218 4395 Jesu.
1263 4335 1472 4394 Bonum
1525 4331 1838 4405 depositum
1882 4331 2096 4390 custodi

2199 4355 2255 4404 et
2284 4356 2562 4419 argentea,
2598 4348 2696 4406 sed
2722 4361 2776 4406 et
2827 4349 3030 4422 lignea,
3060 4359 3116 4406 et
3168 4349 3394 4406 ﬁctilia:
3457 4359 3512 4404 et
3561 4345 3812 4420 quaedam

491 4447 592 4505 per
616 4431 883 4504 Spiritum
935 4440 1210 4500 sanctum,
1250 4430 1345 4503 qui
1395 4430 1606 4487 habitat
1646 4429 1700 4486 in
1750 4427 1925 4485 nobis.
1977 4426 2094 4484 Seis

2209 4439 2415 4512 quidem
2438 4442 2492 4497 in
2521 4442 2805 4513 honorem,
2829 4443 3080 4515 quaedam
3107 4455 3288 4501 autem
3313 4445 3366 4500 in
3396 4443 3809 4501 contumeliam.

493 4523 619 4596 hoc,
639 4524 783 4597 quod
805 4526 982 4582 aversi
1009 4532 1136 4582 sunt
1161 4540 1189 4580 a
1214 4539 1304 4582 me
1329 4537 1526 4580 omnes
1550 4522 1639 4594 qui
1671 4522 1722 4577 in
1766 4521 1894 4578 Asia
1940 4530 2089 4588 sunt,

489 4633 562 4675 ex
593 4619 790 4690 quibus
814 4627 899 4678 est
941 4617 1245 4691 Phigellus,
1287 4626 1343 4675 et
1371 4617 1759 4688 Hermogenes.
1791 4615 1891 4672 Det
1919 4616 2085 4672 mise-

487 4711 780 4770 ricordiam
813 4712 1077 4770 Dominus
1117 4711 1444 4782 Onesiphori
1493 4710 1718 4766 domui:
1771 4709 1900 4782 quia
1937 4725 2084 4781 saepe

485 4821 575 4864 me
601 4807 963 4880 refrigeravit,
989 4816 1046 4864 et
1061 4817 1317 4874 catenam
1346 4823 1520 4864 meam
1551 4821 1663 4864 non
1690 4807 1912 4863 erubuit
1941 4828 1954 4863 :
1983 4807 2079 4864 sed

483 4916 606 4958 cum
635 4901 863 4958 Romam
883 4902 1143 4971 venisset,
1175 4901 1408 4960 sollicite
1437 4917 1524 4958 me
1541 4897 1810 4974 Quaesivit,
1843 4910 1898 4959 et
1927 4903 2080 4961 iuve-

476 4994 579 5050 nit.
612 4994 717 5050 Det
737 4995 815 5052 illi
847 4995 1110 5052 Dominus
1133 4997 1381 5053 invenire
1429 4996 1862 5054 misericordiam
1890 5013 1922 5054 a
1966 4996 2074 5054 Do-

477 5088 630 5144 mino
656 5087 786 5161 [Με.
815 5089 949 5163 Deo]
973 5090 1027 5146 in
1051 5091 1144 5146 illa
1169 5089 1277 5148 die.
1325 5091 1388 5148 Et
1421 5102 1622 5165 quanta
1654 5089 1860 5163 Ephesi
1914 5093 2074 5149 mini-

472 5185 669 5239 stravit
692 5183 848 5252 mihi,
883 5193 938 5240 tu
970 5185 1162 5242 melius
1183 5187 1351 5243 nosti.

540 5275 691 5348 [Cap.
721 5275 808 5348 IL]
849 5277 931 5334 Tu
967 5293 1119 5349 ergo,
1157 5278 1236 5335 ﬁli
1267 5278 1360 5345 mi,
1413 5276 1722 5335 confortare
1775 5279 1831 5336 in
1870 5277 2067 5350 gratia,

467 5382 592 5446 qure
617 5379 704 5428 est
729 5371 784 5430 iu
823 5370 1039 5429 Christo
1067 5372 1236 5432 Iesu:
1279 5381 1335 5428 et
1363 5387 1484 5444 quae
1511 5371 1711 5428 audisti
1759 5388 1795 5429 a
1839 5389 1927 5431 me
1971 5389 2069 5443 per

465 5464 665 5523 multos
697 5475 879 5537 testes,
925 5467 1043 5525 haec
1068 5468 1385 5524 commenda
1437 5467 1692 5526 ﬁdelibus
1729 5468 2064 5542 hominibus,

537 5680 564 5708 α
594 5669 904 5727 Pronomen
931 5688 1056 5736 sua,
1087 5678 1234 5728 tacet
1251 5671 1403 5743 juxta
1429 5671 1681 5730 Graecum
1711 5681 1926 5729 textum
1959 5673 2060 5730 l’a-

467 5741 882 5888 “iiiis-rimata
899 5809 1183 5874 Palatinus
1205 5829 1336 5886 tos.,
1353 5811 1404 5876 si
1421 5818 1754 5888 cauimus,
1767 5825 1823 5876 et
1843 5815 2053 5886 Grece.

459 5887 507 5948 αἰ
536 5885 875 5960 ὑπομένομεν.

2194 4532 2252 4591 Si
2281 4536 2403 4606 quis
2445 4551 2579 4607 ergo
2602 4537 2981 4596 emundaverit
3018 4554 3079 4596 se
3103 4539 3172 4594 ab
3199 4539 3340 4607 istis,
3370 4542 3476 4595 erit
3505 4551 3602 4593 vas
3627 4537 3682 4592 in
3710 4535 3811 4591 ho-

2187 4644 2380 4687 norem
2400 4631 2829 4702 sanctiﬁcatum,
2856 4643 2917 4691 et
2933 4635 3065 4691 utile
3091 4635 3348 4705 Domino,
3379 4635 3449 4691 ad
3473 4649 3634 4690 omne
3660 4646 3802 4705 opus

2189 4725 2392 4783 bonum
2424 4739 2699 4798 paratum.
2727 4729 2994 4787 Juvenilia
3023 4739 3204 4788 autem
3225 4729 3500 4787 desideria
3524 4729 3682 4800 fuge;
3711 4742 3803 4785 se.

2189 4829 2342 4877 ctare
2371 4836 2501 4879 vero
2545 4822 2836 4893 justitiam,
2893 4823 3077 4892 ﬁdem,
3128 4823 3473 4898 elutritatem,
3511 4832 3568 4879 at
3605 4836 3800 4894 pacem

2185 4929 2308 4972 eum
2339 4915 2406 4972 iis
2435 4916 2530 4987 qui
2557 4915 2813 4974 invocant
2844 4917 3137 4974 Dominum
3165 4917 3236 4975 de
3261 4917 3430 4974 corde
3459 4931 3614 4988 puro.
3645 4913 3799 4971 Stul-

2187 5016 2270 5063 tas
2297 5017 2505 5077 autem,
2555 5021 2610 5066 et
2661 5013 2784 5068 siue
2836 5011 3123 5084 disciplina
3171 5011 3507 5084 quaestiones
3557 5007 3793 5086 devita;

2179 5102 2361 5158 sciens
2383 5103 2507 5174 quia
2536 5111 2806 5174 generant
2855 5104 3002 5161 lites.
3048 5104 3282 5162 Servum
3323 5113 3510 5162 autem
3567 5087 3793 5160 Domini

2178 5210 2291 5252 non
2315 5204 2533 5267 oportet
2560 5198 2772 5270 litigare
2796 5215 2810 5252 :
2840 5198 2940 5256 sed
2962 5209 3308 5256 mansuetum
3334 5213 3456 5256 esse
3477 5197 3543 5254 ad
3569 5211 3786 5266 omnes,

2175 5288 2494 5360 docibilem,
2529 5291 2847 5360 patientem,
2901 5307 3024 5349 cum
3075 5293 3340 5349 modestia
3393 5291 3784 5362 corripiontem

2175 5396 2273 5440 eos
2319 5383 2415 5454 qui
2452 5384 2718 5440 resistunt
2743 5385 2958 5441 veritati
2992 5404 3007 5440 :
3037 5401 3108 5443 ne
3137 5384 3354 5458 quando
3381 5385 3529 5444 Deus
3553 5385 3648 5442 det
3667 5384 3783 5443 illis

2173 5473 2548 5546 pmnitentiam
2572 5476 2641 5532 ad
2658 5477 3090 5548 cognoscendam
3117 5477 3425 5546 veritatem,
3447 5479 3782 5550 resipiscam

2243 5688 2266 5717 ο
2293 5678 2493 5734 lterum
2531 5679 2586 5734 in
2617 5679 2843 5738 instanti
2885 5683 3027 5740 idem
3056 5698 3158 5737 ms.
3178 5728 3194 5753 ,
3227 5695 3273 5738 et
3303 5685 3624 5750 subvertant,
3649 5701 3774 5743 cum

2163 5747 2358 5830 Graeco
2381 5755 2468 5807 καὶ
2495 5753 2867 5830 ἁνατρᾷπουσιτ
2898 5755 3019 5813 Mox
3041 5747 3224 5813 autem
3246 5759 3406 5830 stetit,
3430 5773 3533 5830 pro
3550 5747 3653 5816 atat
3677 5775 3700 5814 :
3719 5768 3777 5814 et

2161 5820 2323 5892 paulo
2357 5833 2499 5900 post.
2533 5820 2698 5882 omnis
2724 5831 2812 5897 qui
2849 5827 3090 5898 inuocat,
3119 5842 3224 5900 pro
3270 5820 3538 5899 nonin-al.
3591 5830 3772 5888 minus

2162 5903 2312 5954 recte
2331 5893 2405 5954 ad
2429 5893 2706 5956 armum.
