4128 6330
265 335 372 390 805

1153 316 1488 385 EPISTOLA
1530 326 1589 381 Β.
1633 318 1837 383 PAULI
1880 314 2217 384 APOSTOLI
2260 326 2353 382 AD
2392 320 2632 385 TITUM.

3465 330 3571 386 806

260 462 290 502 a
320 446 523 503 diaboli
552 444 781 517 laqueis,
821 458 850 499 a
880 457 987 516 quo
1016 443 1216 515 captivi
1248 442 1379 518 [Ms.
1410 442 1577 516 capti]
1608 451 1859 500 tenentur
1886 449 1937 508 Α
1965 446 2155 517 ipsius,
2196 452 2253 502 et
2279 461 2505 518 regnum
2535 445 2657 518 ejus
2686 463 2697 499 :
2734 443 2971 515 przedica
3009 444 3252 513 verbum,
3286 445 3426 501 insta
3472 462 3569 517 op-

261 538 328 592 ad
372 538 540 606 ipsius
572 536 926 593 voluntatem.

331 629 487 702 [Cap.
539 628 653 700 ιιι]
695 628 810 685 Hoc
849 635 1032 685 autem
1081 628 1243 695 scito,
1294 626 1443 699 quod
1471 628 1522 683 in
1555 625 1869 684 novissimis

256 726 454 782 diebus
504 725 782 782 instabunt
833 733 1083 790 tempora
1117 722 1420 795 periculosa
1456 742 1470 782 :
1511 730 1673 778 erunt
1703 722 1868 778 homi-

256 830 358 875 nes
383 820 595 890 seipsos
623 825 889 885 amantes,
922 817 1131 888 cupidi,
1159 816 1311 883 elati,
1340 816 1583 886 superbi,
1613 815 1867 886 blasphe-

259 910 371 981 mi,
393 911 712 983 parentibus
739 925 846 967 non
869 909 1213 974 obedientes,
1240 911 1458 980 ingrati,
1482 910 1719 975 scelesti,
1750 910 1868 965 sine

254 1006 564 1072 aﬂ'ectione,
615 1007 736 1061 sine
787 1018 944 1075 pace,
992 1002 1395 1071 criminatores,
1440 1005 1864 1068 incontinentes,

263 1100 510 1157 immites
532 1142 547 1168 ,
580 1100 699 1156 sine
728 1099 1082 1171 benignitate,
1118 1099 1443 1169 proditores,
1477 1100 1740 1171 protervi,
1788 1109 1870 1153 tu-

254 1193 417 1262 midi,
436 1201 493 1250 et
520 1194 857 1265 voluptatum
898 1200 1174 1249 amatores
1203 1194 1375 1266 magis
1405 1210 1567 1265 quam
1599 1194 1692 1251 Dei
1725 1210 1739 1248 :
1770 1193 1867 1249 ha-

260 1288 463 1345 bentes
487 1288 725 1359 speciem
754 1287 973 1358 quidem
995 1288 1233 1359 pietatis,
1253 1287 1512 1345 virtutem
1542 1299 1725 1345 autem
1748 1288 1866 1359 ejus

254 1379 612 1452 abnegantes.
648 1378 719 1436 Et
764 1378 866 1435 hos
892 1379 1071 1435 devita
1100 1396 1117 1435 :
1145 1394 1217 1437 ex
1276 1380 1360 1435 his
1413 1383 1560 1436 enim
1601 1388 1748 1447 sunt,
1776 1377 1865 1449 qui

254 1481 546 1545 penetrant
572 1473 786 1541 domos,
806 1483 861 1530 et
875 1473 1119 1545 captivas
1140 1474 1347 1531 ducunt
1364 1474 1715 1532 mulierculas
1736 1489 1868 1532 one-

257 1580 414 1627 ratas
440 1569 696 1641 peccatis,
722 1583 843 1641 qua;
872 1568 1145 1625 ducuntur
1171 1568 1335 1625 variis
1360 1568 1648 1625 desideriis
1677 1585 1690 1622 :
1718 1583 1865 1625 sem-

254 1678 352 1735 per
382 1664 682 1731 discentes,
735 1672 791 1719 et
830 1676 1110 1735 nunquam
1162 1661 1231 1717 ad
1282 1661 1565 1719 scientiam
1618 1661 1864 1719 veritatis

253 1759 657 1830 pervenientem
685 1756 1155 1825 Quemadmodum
1183 1766 1362 1813 autem
1392 1755 1594 1813 Jannes
1614 1764 1673 1813 et
1695 1756 1867 1811 Mam-

1971 549 2237 613 portune,
2296 540 2654 615 importune:
2699 554 2885 611 argue,
2939 538 3188 606 obsecra,
3246 540 3460 611 increpa
3517 541 3571 596 in

1971 636 2117 693 omni
2145 634 2425 707 patientia,
2464 644 2519 692 et
2553 634 2818 691 doctrina.
2852 634 2973 690 Erit
3014 634 3161 689 enim
3189 641 3424 705 tempus,
3449 648 3571 689 cum

1971 742 2157 784 sanam
2188 727 2492 785 doctrinam
2536 742 2642 784 non
2672 726 3040 792 sustinebunt,
3066 723 3163 782 sed
3209 724 3275 780 ad
3306 740 3401 780 sua
3433 724 3577 780 desi-

1971 822 2119 880 deria
2150 823 2554 879 coacervabunt
2592 821 2696 878 sibi
2732 822 3041 893 magistros,
3090 821 3396 889 prurientes
3426 818 3570 874 auri-

1970 916 2095 973 bus.
2149 916 2216 973 Et
2244 931 2273 972 a
2300 916 2525 973 veritate
2548 916 2767 989 quidem
2808 916 3049 972 auditum
3088 922 3355 980 avertent,
3392 913 3460 969 ad
3494 913 3577 969 la-

1972 1012 2128 1069 bulas
2164 1022 2344 1070 autem
2375 1020 2779 1069 convertentur.
2810 1012 2891 1067 Tu
2930 1026 3060 1068 vero
3090 1009 3275 1081 vigila,
3302 1008 3357 1064 in
3393 1007 3575 1065 omni-

1972 1105 2075 1161 bus
2106 1106 2313 1175 labora,
2344 1122 2481 1176 epus
2516 1105 2599 1162 fac
2636 1104 3004 1177 evangelista,
3039 1103 3399 1159 ministerium
3423 1108 3575 1157 tuum
3664 1142 3667 1145 ι

1972 1198 2159 1270 imple.
2191 1198 2420 1256 Sobrius
2448 1206 2591 1255 esto.
2621 1198 2736 1271 Ego
2766 1200 2909 1255 enim
2936 1200 3045 1267 jam
3072 1196 3307 1263 delibor,
3340 1204 3397 1251 et
3438 1204 3577 1250 tem-

1974 1307 2073 1362 pus
2095 1292 2444 1349 resolutionis
2474 1306 2609 1347 metn
2639 1293 2824 1347 instat.
2851 1292 3057 1345 Bonum
3099 1297 3377 1345 certamen
3404 1296 3581 1343 certa-

1972 1385 2047 1452 vi,
2092 1399 2308 1442 cursum
2349 1384 2743 1451 consummavi,
2789 1382 2950 1439 ﬁdem
2992 1384 3225 1439 servavi.
3273 1382 3331 1437 In
3370 1382 3579 1452 reliquo

1973 1478 2207 1548 reposita
2238 1487 2319 1534 est
2344 1477 2476 1533 mihi
2503 1492 2701 1533 corona
2726 1477 2975 1548 justitiae,
3008 1491 3165 1546 quam
3208 1473 3398 1530 reddet
3437 1472 3569 1527 mihi

1974 1572 2235 1629 Dominus
2268 1574 2320 1628 in
2347 1574 2435 1628 illa
2461 1571 2549 1627 die
2594 1572 2772 1643 justus
2799 1571 2963 1641 judex
2992 1585 3006 1625 :
3055 1584 3159 1625 non
3189 1569 3364 1624 solum
3392 1574 3574 1623 autem

1972 1666 2128 1733 mihi,
2166 1664 2261 1722 sed
2286 1673 2341 1721 et
2372 1666 2456 1730 iis,
2497 1665 2586 1735 qui
2614 1664 2843 1736 diligunt
2873 1663 3157 1718 adventum
3187 1661 3325 1730 ejus.
3357 1658 3580 1716 Festina

1973 1758 2039 1813 ad
2064 1770 2151 1815 me
2180 1759 2368 1814 venire
2406 1755 2531 1814 cito.
2566 1757 2766 1813 Demas
2793 1757 2937 1816 enim
2970 1772 3055 1811 me
3078 1755 3319 1826 reliquit,
3344 1754 3573 1825 diligens

254 1852 385 1909 bres
420 1854 743 1909 restiterunt
769 1851 941 1923 Moysi
975 1867 990 1905 :
1022 1851 1093 1907 ita
1126 1859 1182 1906 et
1226 1851 1277 1905 hi
1321 1851 1585 1907 resistunt
1630 1851 1864 1917 veritati,
1902 1854 1945 1917 Β
1975 1851 2079 1907 hoc
2109 1854 2387 1919 smculum,
2421 1860 2476 1907 ct
2523 1851 2655 1907 abiit
2685 1850 3131 1905 Thessalonicam
3165 1866 3179 1903 :
3225 1847 3491 1903 Crescens
3524 1845 3577 1900 in

253 1944 510 2001 homines
538 1945 777 2016 corrupti
823 1952 1026 2012 mente,
1072 1942 1291 2013 reprobi
1341 1942 1485 2000 circa
1530 1942 1729 2001 ﬁdem:
1762 1941 1858 1997 sed

255 2038 398 2095 ultra
430 2054 539 2094 non
571 2039 858 2109 proﬁcient
886 2054 900 2096 :
938 2038 1250 2109 insipientia
1279 2039 1427 2094 enim
1470 2052 1657 2094 eorum
1689 2036 1860 2091 mani-

254 2128 395 2189 festa
426 2132 532 2189 erit
558 2133 833 2200 omnibus,
866 2132 1006 2189 sicut
1030 2142 1085 2188 et
1131 2132 1351 2188 illorum
1400 2132 1522 2189 fuit.
1558 2131 1641 2189 Tu
1679 2143 1859 2187 autem

253 2234 536 2283 assecutus
563 2239 625 2282 es
652 2240 827 2283 meam
849 2226 1180 2295 doctrinam,
1204 2226 1627 2296 institutionem,
1664 2239 1861 2298 prepo-

256 2320 444 2388 situm,
487 2320 680 2390 ﬁdem,
720 2322 1215 2392 longanimitatem,
1252 2322 1624 2392 dilectionem,
1652 2322 1865 2392 patien-

257 2412 415 2482 tiam,
468 2415 907 2484 persecutiones,
958 2416 1284 2485 passiones:
1332 2416 1509 2486 qualia
1564 2415 1692 2471 mihi
1722 2415 1861 2471 facta

255 2516 385 2563 sunt
410 2508 735 2577 Antiochiae,
767 2508 933 2565 lconii
958 2555 971 2579 ,
1005 2517 1061 2566 et
1100 2510 1311 2583 Lystris
1343 2526 1357 2565 :
1389 2510 1580 2583 quales
1610 2525 1865 2581 persecu-

256 2600 435 2656 tiones
459 2602 713 2671 sustinui,
751 2610 806 2657 et
842 2616 912 2658 ex
942 2603 1196 2659 omnibus
1224 2603 1425 2674 eripuit
1454 2618 1542 2660 me
1578 2604 1862 2661 Dominus.

268 2692 339 2751 Et
361 2708 554 2751 omnes
582 2696 675 2767 qui
706 2696 792 2767 pie
812 2696 999 2752 volunt
1025 2698 1210 2753 vivere
1240 2697 1295 2752 in
1321 2695 1540 2754 Christo
1568 2696 1716 2765 Iesu,
1742 2712 1865 2768 per-

254 2790 590 2846 secutionem
618 2791 907 2861 patientur.
947 2790 1067 2847 Mali
1098 2801 1280 2849 autem
1309 2793 1581 2863 homines,
1613 2803 1668 2849 et
1695 2791 1865 2849 sedu-

260 2890 465 2951 ctores,
500 2884 785 2955 proﬁcient
827 2885 883 2941 in
926 2886 1100 2957 pejus,
1133 2896 1399 2953 errantes,
1432 2895 1489 2943 et
1534 2889 1587 2942 in
1618 2901 1865 2943 errorem

254 2978 561 3035 mittentes.
588 2977 668 3034 Tu
705 2994 837 3035 vero
865 2990 1127 3051 permane
1148 2982 1201 3037 in
1247 2979 1335 3048 iis,
1373 2995 1495 3053 quae
1522 2981 1783 3049 didicisti,
1810 2989 1867 3037 et

256 3069 466 3127 credita
495 3080 617 3127 sunt
645 3072 739 3127 tibi
766 3090 778 3126 :
810 3072 992 3129 sciens
1021 3088 1051 3128 a
1080 3088 1190 3145 quo
1227 3074 1507 3130 didiceris.
1539 3073 1607 3130 Et
1638 3073 1762 3145 quia
1796 3072 1865 3129 ab

261 3162 491 3220 infantia
521 3178 703 3221 sacras
729 3165 937 3222 litteras
956 3166 1121 3233 nosti,
1144 3182 1267 3238 quae
1299 3179 1350 3223 te
1374 3177 1600 3239 possunt
1630 3168 1864 3224 instrue-

1963 1945 2257 2012 Galatiam,
2290 1944 2442 2000 Titus
2474 1943 2526 1997 in
2563 1944 2902 1998 Dalmatiam.
2935 1941 3110 1996 Lucas
3134 1949 3219 1995 est
3251 1953 3461 1994 mecum
3493 1952 3582 1991 so-

1963 2038 2067 2094 lus.
2094 2038 2339 2095 Marcum
2371 2051 2612 2103 assume,
2654 2046 2710 2092 et
2740 2034 2917 2091 adduc
2942 2044 3121 2089 tecum
3156 2051 3169 2090 :
3198 2040 3284 2089 est
3312 2031 3454 2088 enim
3480 2030 3582 2085 mi-

1965 2131 2020 2187 hi
2048 2130 2194 2187 utilis
2222 2130 2275 2186 in
2302 2130 2687 2186 ministerium.
2718 2128 3013 2200 Tychicutn
3047 2134 3228 2181 autem
3258 2124 3379 2179 misi
3405 2122 3586 2193 Ephe-

1966 2242 2109 2283 sum.
2143 2227 2425 2293 Penulam,
2462 2241 2622 2297 quam
2658 2225 2853 2295 reliqui
2897 2222 3113 2279 Troade
3142 2219 3284 2292 apud
3317 2218 3575 2289 Carpum,

1968 2323 2192 2379 veniens
2221 2322 2356 2378 aﬁ‘er
2392 2330 2591 2387 tecum,
2621 2330 2675 2375 et
2701 2321 2892 2385 libros,
2923 2318 3163 2373 maxime
3192 2325 3376 2371 autem
3411 2326 3584 2369 mem-

1965 2420 2193 2477 branas.
2244 2416 2557 2475 Alexander
2609 2418 2830 2471 mrarius
2872 2414 3039 2469 multa
3071 2411 3211 2467 maia
3241 2410 3373 2465 mihi
3400 2415 3586 2464 osten-

1966 2514 2046 2570 dit
2080 2532 2092 2569 :
2120 2510 2308 2570 reddet
2331 2511 2412 2569 illi
2433 2512 2691 2568 Dominus
2724 2509 3022 2565 secundum
3052 2521 3215 2577 opera
3248 2506 3386 2575 ejus,
3413 2518 3575 2575 quem

1969 2615 2023 2664 et
2052 2615 2107 2663 tu
2136 2607 2313 2664 devita
2345 2624 2358 2662 :
2389 2605 2548 2661 valde
2589 2607 2733 2661 enim
2766 2603 2961 2659 restitit
3008 2598 3190 2656 verbis
3237 2597 3457 2652 nostris.
3515 2594 3575 2650 In

1968 2702 2144 2775 prima
2183 2715 2302 2757 mea
2334 2698 2653 2756 defensione
2694 2712 2850 2752 nemo
2883 2696 3013 2750 mihi
3058 2692 3231 2756 affuit,
3261 2690 3355 2746 sed
3386 2702 3579 2743 omnes

1969 2806 2057 2853 me
2087 2793 2499 2866 dereliquerunt
2524 2810 2535 2847 :
2573 2809 2678 2847 non
2723 2791 2828 2846 illis
2855 2791 3166 2858 imputetur.
3194 2783 3455 2841 Dominus
3478 2796 3575 2836 au—

1969 2895 2080 2946 tem
2103 2888 2236 2944 mihi
2263 2888 2454 2953 astitit,
2482 2894 2537 2941 et
2557 2883 2885 2940 coniortavit
2914 2897 3021 2946 me,
3061 2886 3119 2935 ut
3145 2892 3240 2949 per
3272 2892 3360 2933 me
3385 2872 3582 2947 praedi-

1969 2984 2109 3039 catio
2140 2981 2448 3052 impleatur,
2472 2987 2528 3034 et
2557 2977 2987 3032 audiantomnes
3014 2980 3205 3043 gentes
3248 2987 3261 3023 :
3295 2978 3351 3025 et
3380 2967 3577 3023 libera-

1971 3086 2056 3134 tus
2079 3090 2196 3134 sum
2235 3076 2302 3133 de
2355 3089 2449 3131 ore
2498 3072 2699 3129 leonis.
2757 3069 3033 3126 Liberavit
3074 3081 3162 3122 me
3205 3063 3473 3119 Dominus
3518 3058 3587 3115 ab

1969 3170 2119 3227 omni
2151 3178 2319 3240 Opere
2340 3168 2482 3225 malo
2524 3184 2535 3219 :
2582 3177 2636 3221 et
2666 3164 2873 3219 salvum
2908 3160 3069 3216 l‘aciet
3097 3160 3150 3214 in
3180 3170 3405 3228 regnum
3430 3166 3587 3208 suum

255 3272 323 3314 re
372 3252 439 3314 atl
493 3259 749 3326 salutem,
784 3274 884 3330 per
920 3260 1105 3328 ﬁdem,
1129 3276 1251 3332 qua:
1281 3274 1363 3317 est
1390 3262 1442 3316 in
1481 3260 1701 3318 Christo
1730 3260 1876 3318 ἔθευ.
1909 3268 1955 3332 C
1986 3266 2236 3331 sceleste,
2293 3261 2379 3318 cui
2432 3259 2602 3332 gloria
2636 3260 2687 3313 in
2733 3255 2931 3313 sarcula
2979 3252 3327 3309 smculorum.
3390 3248 3589 3303 Amen.

254 3352 449 3408 Omnis
478 3351 752 3423 Scriptura
776 3354 1033 3410 divinitus
1066 3352 1345 3425 inspirata,
1381 3354 1531 3411 utilis
1560 3363 1646 3411 est
1671 3351 1740 3410 ad
1770 3354 1869 3409 do-

256 3446 515 3513 cendum,
546 3447 614 3504 ad
644 3448 1003 3520 argnendum,
1051 3449 1120 3505 ad
1167 3448 1600 3521 eorripiendum,
1648 3450 1715 3506 ad
1745 3464 1873 3504 eru-

258 3540 517 3598 diendum
551 3543 603 3596 in
644 3542 855 3613 justitia
893 3556 913 3599 :
949 3553 1008 3599 ut
1039 3542 1308 3615 perfectus
1350 3544 1422 3601 sit
1459 3542 1625 3601 homo
1656 3543 1776 3612 Dei,
1804 3543 1872 3600 ad

260 3644 426 3690 omne
454 3640 589 3704 Opus
616 3628 817 3691 bonum
846 3636 1164 3693 instructus.

337 3727 492 3804 [ϐαρ.
522 3720 636 3802 ιι]
678 3728 966 3787 Testiﬁcor
989 3747 1173 3788 coram
1216 3722 1351 3800 Deo,
1384 3738 1440 3788 et
1466 3728 1593 3787 ἔθευ
1624 3728 1866 3800 Christo,

261 3822 356 3893 qui
378 3822 727 3893 judicaturus
752 3832 838 3881 est
864 3824 1037 3891 vivos,
1063 3834 1119 3881 et
1151 3834 1418 3893 mortuos,
1451 3840 1549 3896 per
1575 3824 1865 3881 adventum

1981 3359 2165 3415 Saluta
2198 3354 2459 3422 Priscam,
2489 3364 2543 3409 et
2570 3351 2845 3423 Aquilam,
2876 3358 2929 3404 et
2969 3344 3297 3417 Ouesiphori
3337 3341 3581 3398 domum.

1980 3451 2202 3506 Erastus
2234 3448 2493 3504 remansit
2520 3444 2789 3502 Corinthi.
2823 3440 3180 3513 Trophimum
3232 3445 3415 3493 autem
3455 3433 3585 3489 reli-

1978 3544 2069 3615 qui
2119 3543 2391 3597 iniirmum
2423 3539 2615 3595 Mileti.
2665 3537 2883 3593 Festina
2919 3544 3047 3590 ante
3094 3534 3343 3604 Ityemem
3379 3525 3589 3582 venire.

1977 3637 2229 3694 Salutant
2252 3646 2303 3693 te
2326 3633 2588 3703 Eubulus,
2613 3642 2666 3687 et
2694 3630 2934 3696 Pudens,
2960 3638 3013 3685 et
3037 3624 3228 3692 Linus,
3262 3629 3316 3679 et
3334 3617 3588 3684 Claudia,

1978 3739 2033 3786 et
2062 3730 2258 3786 fratres
2287 3743 2498 3783 omnes.
2549 3725 2809 3780 Dominus
2839 3721 2999 3778 Iesus
3027 3717 3279 3774 Christus
3310 3726 3434 3769 cum
3472 3708 3581 3780 Spi-

1977 3825 2085 3880 ritu
2116 3832 2227 3880 tuo.
2260 3823 2446 3879 Gratia
2488 3820 2788 3876 vobiscum.
2864 3817 3061 3873 Amen.

1120 3935 1351 4007 Explict't
1376 3935 1619 4007 Epistola
1646 3936 1712 3992 B.
1742 3937 1903 3993 Pauli
1938 3936 2165 4009 apostoli
2193 3936 2261 3990 ad
2283 3932 2609 3990 Timotheum
2641 3932 2730 3988 Il.

289 4085 3561 4118 Μ

1013 4226 1192 4341 Β.
1274 4224 1855 4341 PAULI
1929 4206 2848 4339 APOSTOLI

1785 4438 2081 4506 INCIPIT

836 4610 1819 4763 EPISTULA
1917 4606 2202 4750 AD
2317 4604 3007 4753 TITUM.

353 4966 511 5038 [Cap.
539 4961 604 5034 1.]
634 4962 833 5019 Paulus
860 4966 1051 5019 servus
1081 4952 1201 5030 Dei,
1235 4959 1517 5031 apostolus
1544 4968 1725 5014 autem
1753 4957 1883 5015 ἔθευ
1910 4962 1965 5025 ι)
1991 4951 2161 5023 Hujus
2196 4952 2276 5009 rei
2305 4949 2479 5023 gratia
2509 4946 2703 5020 reliqui
2730 4954 2785 5004 te
2812 4945 2990 5004 Cretae
3012 4989 3028 5017 ,
3063 4956 3204 5004 utea
3231 4960 3353 5020 qua!
3378 4948 3601 5018 desunt,

282 5059 487 5115 Christi
511 5056 807 5114 secundum
836 5056 995 5112 ﬁdem
1016 5056 1310 5113 electorum
1336 5054 1455 5121 Dei,
1477 5064 1531 5110 et
1556 5054 1884 5124 agnitionem

285 5151 556 5217 veritatis,
582 5165 702 5218 quae
728 5148 1024 5206 secundum
1058 5149 1312 5219 pietatem
1353 5156 1456 5204 est.
1490 5148 1548 5204 in
1578 5163 1728 5219 spem
1760 5148 1886 5204 vitae

285 5253 529 5310 aeternae,
553 5259 713 5316 quam
745 5243 997 5315 promisit
1016 5243 1109 5314 qui
1142 5260 1248 5299 non
1278 5243 1561 5311 mentitur,
1594 5242 1733 5299 Deus
1759 5249 1886 5298 ante

286 5348 536 5411 tempora
572 5338 851 5394 saecularia
883 5354 897 5393 :
941 5338 1303 5394 manifestavit
1344 5348 1525 5395 autem
1554 5336 1887 5407 temporibus

210 5458 217 5461 ~
282 5434 398 5490 suis
426 5433 652 5489 verbum
683 5447 838 5489 suum
869 5432 922 5488 in
964 5431 1379 5504 praedicatione,
1421 5447 1541 5503 qua:
1578 5429 1782 5487 credita
1807 5436 1891 5486 est

281 5527 418 5583 mihi
464 5525 761 5583 secundum
811 5534 1142 5597 praeceptum
1197 5524 1493 5582 Salvatoris
1546 5524 1712 5580 nostri
1755 5522 1887 5579 Dei:

284 5622 410 5679 Tito
437 5622 639 5679 dilecto
668 5622 778 5677 ﬁlio
807 5622 1103 5679 secundum
1135 5637 1475 5678 communem
1506 5621 1689 5688 ﬁdem,
1721 5618 1888 5689 gratia

284 5724 342 5773 et
367 5731 473 5789 pax
505 5728 531 5771 a
559 5716 673 5774 Deo
706 5716 883 5783 Patre,
905 5724 962 5773 et
980 5712 1199 5772 Christo
1218 5715 1347 5772 Iesu
1372 5714 1656 5773 Salvatore
1679 5722 1889 5770 nostro.

1992 5049 2267 5121 corrigas,
2317 5054 2373 5101 et
2428 5044 2728 5101 constituas
2772 5058 2869 5114 per
2910 5043 3155 5098 civitates
3211 5043 3599 5113 presbyteros,

1994 5143 2137 5200 sicut
2167 5151 2222 5198 et
2259 5154 2360 5210 ego
2385 5135 2630 5210 disposui
2671 5135 2789 5191 tibi.
2823 5135 2878 5191 Si
2909 5136 3029 5207 quis
3078 5135 3196 5190 sine
3226 5135 3454 5192 crimine
3493 5144 3596 5205 cst,

1995 5224 2154 5291 unius
2181 5232 2366 5289 uxoris
2396 5231 2499 5299 vir,
2531 5226 2670 5286 ﬁlios
2708 5226 2915 5285 habens
2953 5227 3175 5301 ﬁdeles,
3211 5237 3236 5267 ο
3280 5231 3330 5285 in
3378 5244 3605 5286 accusa-

1996 5330 2142 5386 tionc
2183 5326 2437 5396 luxuriae,
2468 5334 2558 5380 aut
2587 5340 2692 5381 non
2726 5322 2992 5381 subditos.
3020 5325 3247 5395 Oportet
3291 5326 3437 5383 enim
3490 5326 3603 5399 cpi-

1997 5439 2220 5496 scopum
2243 5422 2364 5478 sine
2391 5420 2623 5477 crimine
2650 5434 2797 5486 esse,
2827 5419 2964 5475 sicut
2990 5416 3089 5475 Dei
3116 5418 3555 5491 diSpensatorem
3584 5438 3598 5477 :

1998 5539 2106 5581 non
2130 5521 2443 5593 superbum,
2471 5534 2578 5576 non
2606 5519 2944 5587 iracundum,
2969 5534 3077 5578 non
3104 5522 3465 5591 vinolentum,
3493 5538 3602 5579 non

1999 5628 2402 5687 percussorem,
2436 5628 2545 5671 non
2574 5612 2748 5683 turpis
2766 5613 2905 5669 lucri
2930 5613 3212 5683 cupidum:
3240 5614 3335 5673 sed
3364 5615 3603 5688 hospita-

1998 5707 2138 5781 lem,
2166 5709 2489 5781 benignum,
2522 5708 2765 5765 sobrium
2785 5747 2801 5776 ,
2834 5707 3073 5779 justum,
3104 5719 3352 5767 sanctum
3374 5751 3389 5780 ,
3422 5711 3601 5767 conti-

368 5898 397 5930 ι
444 5890 581 5948 Cum
620 5888 853 5965 negandi
890 5890 1156 5965 particula
1198 5888 1330 5965 legit
1368 5889 1645 5951 Palatinus
1683 5888 1892 5963 ms.juxl

1975 5886 2220 5952 Graecum
2252 5893 2480 5959 textum,
2512 5896 2616 5945 ηοη
2641 5884 2698 5945 in
2731 5885 3083 5962 accusatione.
3112 5893 3187 5963 μή
3216 5886 3269 5953 ἓν
3301 5893 3605 5971 κατηγορίᾳ.
