  <div class='ocr_page' id='page_1' title='image "/cluster/home/n/w/nwhite01/storage/ocr_20150623/29/hvd.32044015471428/409.png"; bbox 0 0 4128 6330; ppageno 0'>
   <div class='ocr_carea' id='block_1_1' title="bbox 571 298 679 356">
    <p class='ocr_par' dir='ltr' id='par_1_1' title="bbox 571 298 679 356">
     <span class='ocr_line' id='line_1_1' title="bbox 571 298 679 356; baseline 0.019 -2"><span class='ocrx_word' id='word_1_1' title='bbox 571 298 679 356; x_wconf 81' lang='grc'><strong>807</strong></span> 
     </span>
    </p>
   </div>
   <div class='ocr_carea' id='block_1_2' title="bbox 1595 289 2864 352">
    <p class='ocr_par' dir='ltr' id='par_1_2' title="bbox 1595 289 2864 352">
     <span class='ocr_line' id='line_1_2' title="bbox 1595 289 2864 352; baseline -0.002 -1"><span class='ocrx_word' id='word_1_2' title='bbox 1595 296 1655 352; x_wconf 89' lang='lat' dir='ltr'><strong>S.</strong></span> <span class='ocrx_word' id='word_1_3' title='bbox 1696 289 2072 350; x_wconf 79' lang='lat' dir='ltr'><strong>HIERONYMI</strong></span> <span class='ocrx_word' id='word_1_4' title='bbox 2114 289 2347 348; x_wconf 83' lang='lat' dir='ltr'><strong>DIVINA</strong></span> <span class='ocrx_word' id='word_1_5' title='bbox 2389 292 2864 350; x_wconf 75' lang='lat' dir='ltr'><strong>BIBLIOTHECA.</strong></span> 
     </span>
    </p>
   </div>
   <div class='ocr_carea' id='block_1_3' title="bbox 3769 295 3875 352">
    <p class='ocr_par' dir='ltr' id='par_1_3' title="bbox 3769 295 3875 352">
     <span class='ocr_line' id='line_1_3' title="bbox 3769 295 3875 352; baseline -0.019 -1"><span class='ocrx_word' id='word_1_6' title='bbox 3769 295 3875 352; x_wconf 82' lang='lat'><strong>808</strong></span> 
     </span>
    </p>
   </div>
   <div class='ocr_carea' id='block_1_4' title="bbox 574 389 3879 483">
    <p class='ocr_par' dir='ltr' id='par_1_4' title="bbox 574 389 3879 483">
     <span class='ocr_line' id='line_1_4' title="bbox 574 389 3879 483; baseline -0.001 -15"><span class='ocrx_word' id='word_1_7' title='bbox 574 389 816 475; x_wconf 82' lang='lat' dir='ltr'><strong>nenletn,</strong></span> <span class='ocrx_word' id='word_1_8' title='bbox 841 409 1256 480; x_wconf 42' lang='lat' dir='ltr'><strong>amplectentem</strong></span> <span class='ocrx_word' id='word_1_9' title='bbox 1278 408 1847 480; x_wconf 80' lang='lat' dir='ltr'><strong>eum,quisecundum</strong></span> <span class='ocrx_word' id='word_1_10' title='bbox 1873 407 2172 464; x_wconf 83' lang='lat' dir='ltr'><strong>doctrinam</strong></span> <span class='ocrx_word' id='word_1_11' title='bbox 2201 413 2390 472; x_wconf 79' lang='lat' dir='ltr'><strong>Atum</strong></span> <span class='ocrx_word' id='word_1_12' title='bbox 2441 412 2629 482; x_wconf 69' lang='lat' dir='ltr'><strong>gloria:</strong></span> <span class='ocrx_word' id='word_1_13' title='bbox 2677 412 2853 483; x_wconf 82' lang='lat' dir='ltr'><strong>magni</strong></span> <span class='ocrx_word' id='word_1_14' title='bbox 2897 410 3023 474; x_wconf 87' lang='lat' dir='ltr'><strong>Dei,</strong></span> <span class='ocrx_word' id='word_1_15' title='bbox 3079 419 3135 465; x_wconf 87' lang='lat' dir='ltr'><strong>et</strong></span> <span class='ocrx_word' id='word_1_16' title='bbox 3177 409 3477 465; x_wconf 78' lang='lat' dir='ltr'><strong>Salvatoris</strong></span> <span class='ocrx_word' id='word_1_17' title='bbox 3524 409 3700 465; x_wconf 91' lang='lat' dir='ltr'><strong>nostri</strong></span> <span class='ocrx_word' id='word_1_18' title='bbox 3751 409 3879 466; x_wconf 84' lang='lat' dir='ltr'><strong>Jesu</strong></span> 
     </span>
    </p>
   </div>
   <div class='ocr_carea' id='block_1_5' title="bbox 571 503 2177 576">
    <p class='ocr_par' dir='ltr' id='par_1_5' title="bbox 571 503 2177 576">
     <span class='ocr_line' id='line_1_5' title="bbox 571 503 2177 576; baseline -0.004 -14"><span class='ocrx_word' id='word_1_19' title='bbox 571 514 677 573; x_wconf 90' lang='lat' dir='ltr'><strong>est,</strong></span> <span class='ocrx_word' id='word_1_20' title='bbox 705 505 921 561; x_wconf 83' lang='lat' dir='ltr'><strong>fidelem</strong></span> <span class='ocrx_word' id='word_1_21' title='bbox 967 519 1319 562; x_wconf 85' lang='lat' dir='ltr'><strong>sermonem:</strong></span> <span class='ocrx_word' id='word_1_22' title='bbox 1365 515 1421 558; x_wconf 82' lang='grc' dir='ltr'><strong>ιιι</strong></span> <span class='ocrx_word' id='word_1_23' title='bbox 1462 516 1654 576; x_wconf 88' lang='lat' dir='ltr'><strong>potens</strong></span> <span class='ocrx_word' id='word_1_24' title='bbox 1709 503 1778 558; x_wconf 88' lang='lat' dir='ltr'><strong>sit</strong></span> <span class='ocrx_word' id='word_1_25' title='bbox 1818 503 2092 558; x_wconf 76' lang='lat' dir='ltr'><strong>exhortari</strong></span> <span class='ocrx_word' id='word_1_26' title='bbox 2126 503 2177 556; x_wconf 93' lang='lat' dir='ltr'><strong>in</strong></span> 
     </span>
    </p>
   </div>
   <div class='ocr_carea' id='block_1_6' title="bbox 571 594 2182 668">
    <p class='ocr_par' dir='ltr' id='par_1_6' title="bbox 571 594 2182 668">
     <span class='ocr_line' id='line_1_6' title="bbox 571 594 2182 668; baseline -0.004 -14"><span class='ocrx_word' id='word_1_27' title='bbox 571 597 819 654; x_wconf 78' lang='lat' dir='ltr'><strong>doctrina</strong></span> <span class='ocrx_word' id='word_1_28' title='bbox 839 612 993 663; x_wconf 89' lang='lat' dir='ltr'><strong>sana,</strong></span> <span class='ocrx_word' id='word_1_29' title='bbox 1019 606 1072 652; x_wconf 86' lang='lat' dir='ltr'><strong>et</strong></span> <span class='ocrx_word' id='word_1_30' title='bbox 1100 613 1197 654; x_wconf 93' lang='lat' dir='ltr'><strong>eos</strong></span> <span class='ocrx_word' id='word_1_31' title='bbox 1219 599 1310 668; x_wconf 86' lang='lat' dir='ltr'><strong>qui</strong></span> <span class='ocrx_word' id='word_1_32' title='bbox 1339 597 1748 662; x_wconf 89' lang='lat' dir='ltr'><strong>contradicunt,</strong></span> <span class='ocrx_word' id='word_1_33' title='bbox 1773 610 2016 666; x_wconf 81' lang='lat' dir='ltr'><strong>arguere.</strong></span> <span class='ocrx_word' id='word_1_34' title='bbox 2043 594 2182 651; x_wconf 88' lang='lat' dir='ltr'><strong>Sunt</strong></span> 
     </span>
    </p>
   </div>
   <div class='ocr_carea' id='block_1_7' title="bbox 567 687 2180 759">
    <p class='ocr_par' dir='ltr' id='par_1_7' title="bbox 567 687 2180 759">
     <span class='ocr_line' id='line_1_7' title="bbox 567 687 2180 759; baseline -0.003 -14"><span class='ocrx_word' id='word_1_35' title='bbox 567 688 714 745; x_wconf 89' lang='lat' dir='ltr'><strong>enim</strong></span> <span class='ocrx_word' id='word_1_36' title='bbox 744 689 899 746; x_wconf 91' lang='lat' dir='ltr'><strong>multi</strong></span> <span class='ocrx_word' id='word_1_37' title='bbox 925 699 952 727; x_wconf 75' lang='grc' dir='ltr'>ι</span> <span class='ocrx_word' id='word_1_38' title='bbox 973 688 1136 746; x_wconf 89' lang='lat' dir='ltr'><strong>etiam</strong></span> <span class='ocrx_word' id='word_1_39' title='bbox 1157 690 1552 756; x_wconf 88' lang='lat' dir='ltr'><strong>inobedientes,</strong></span> <span class='ocrx_word' id='word_1_40' title='bbox 1582 687 1880 759; x_wconf 84' lang='lat' dir='ltr'><strong>vaniloqui,</strong></span> <span class='ocrx_word' id='word_1_41' title='bbox 1905 698 1958 743; x_wconf 90' lang='lat' dir='ltr'><strong>et</strong></span> <span class='ocrx_word' id='word_1_42' title='bbox 1988 688 2180 742; x_wconf 90' lang='lat' dir='ltr'><strong>seduc-</strong></span> 
     </span>
    </p>
   </div>
   <div class='ocr_carea' id='block_1_8' title="bbox 575 783 2181 856">
    <p class='ocr_par' dir='ltr' id='par_1_8' title="bbox 575 783 2181 856">
     <span class='ocr_line' id='line_1_8' title="bbox 575 783 2181 856; baseline -0.004 -16"><span class='ocrx_word' id='word_1_43' title='bbox 575 795 743 853; x_wconf 90' lang='lat' dir='ltr'><strong>tores,</strong></span> <span class='ocrx_word' id='word_1_44' title='bbox 774 785 1014 841; x_wconf 79' lang='lat' dir='ltr'><strong>maxime</strong></span> <span class='ocrx_word' id='word_1_45' title='bbox 1033 784 1123 856; x_wconf 88' lang='lat' dir='ltr'><strong>qui</strong></span> <span class='ocrx_word' id='word_1_46' title='bbox 1151 784 1219 840; x_wconf 91' lang='lat' dir='ltr'><strong>de</strong></span> <span class='ocrx_word' id='word_1_47' title='bbox 1243 783 1661 838; x_wconf 86' lang='lat' dir='ltr'><strong>circumcisione</strong></span> <span class='ocrx_word' id='word_1_48' title='bbox 1687 791 1842 836; x_wconf 87' lang='lat' dir='ltr'><strong>sunt:</strong></span> <span class='ocrx_word' id='word_1_49' title='bbox 1875 798 2006 851; x_wconf 88' lang='lat' dir='ltr'><strong>quos</strong></span> <span class='ocrx_word' id='word_1_50' title='bbox 2023 795 2181 851; x_wconf 89' lang='lat' dir='ltr'><strong>opor-</strong></span> 
     </span>
    </p>
   </div>
   <div class='ocr_carea' id='block_1_9' title="bbox 577 873 2182 950">
    <p class='ocr_par' dir='ltr' id='par_1_9' title="bbox 577 873 2182 950">
     <span class='ocr_line' id='line_1_9' title="bbox 577 873 2182 950; baseline -0.004 -16"><span class='ocrx_word' id='word_1_51' title='bbox 577 887 655 934; x_wconf 87' lang='lat' dir='ltr'><strong>tet</strong></span> <span class='ocrx_word' id='word_1_52' title='bbox 685 878 934 950; x_wconf 74' lang='lat' dir='ltr'><strong>redargui</strong></span> <span class='ocrx_word' id='word_1_53' title='bbox 966 894 978 930; x_wconf 91' lang='lat'><strong>:</strong></span> <span class='ocrx_word' id='word_1_54' title='bbox 1010 875 1102 948; x_wconf 92' lang='lat' dir='ltr'><strong>qui</strong></span> <span class='ocrx_word' id='word_1_55' title='bbox 1137 877 1418 932; x_wconf 89' lang='lat' dir='ltr'><strong>universas</strong></span> <span class='ocrx_word' id='word_1_56' title='bbox 1463 875 1654 932; x_wconf 89' lang='lat' dir='ltr'><strong>domos</strong></span> <span class='ocrx_word' id='word_1_57' title='bbox 1685 875 2034 937; x_wconf 85' lang='lat' dir='ltr'><strong>subvertunt,</strong></span> <span class='ocrx_word' id='word_1_58' title='bbox 2079 873 2182 928; x_wconf 88' lang='lat' dir='ltr'><strong>do-</strong></span> 
     </span>
    </p>
   </div>
   <div class='ocr_carea' id='block_1_10' title="bbox 568 968 2182 1042">
    <p class='ocr_par' dir='ltr' id='par_1_10' title="bbox 568 968 2182 1042">
     <span class='ocr_line' id='line_1_10' title="bbox 568 968 2182 1042; baseline -0.003 -13"><span class='ocrx_word' id='word_1_59' title='bbox 568 979 760 1029; x_wconf 79' lang='lat' dir='ltr'><strong>centes</strong></span> <span class='ocrx_word' id='word_1_60' title='bbox 785 986 906 1042; x_wconf 75' lang='lat' dir='ltr'><strong>quae</strong></span> <span class='ocrx_word' id='word_1_61' title='bbox 958 986 1064 1026; x_wconf 91' lang='lat' dir='ltr'><strong>non</strong></span> <span class='ocrx_word' id='word_1_62' title='bbox 1107 979 1355 1041; x_wconf 87' lang='lat' dir='ltr'><strong>Oportet,</strong></span> <span class='ocrx_word' id='word_1_63' title='bbox 1409 971 1581 1041; x_wconf 87' lang='lat' dir='ltr'><strong>turpis</strong></span> <span class='ocrx_word' id='word_1_64' title='bbox 1632 971 1765 1025; x_wconf 90' lang='lat' dir='ltr'><strong>lucri</strong></span> <span class='ocrx_word' id='word_1_65' title='bbox 1812 971 2002 1040; x_wconf 90' lang='lat' dir='ltr'><strong>gratia.</strong></span> <span class='ocrx_word' id='word_1_66' title='bbox 2035 968 2182 1024; x_wconf 75' lang='lat' dir='ltr'><strong>Dixit</strong></span> 
     </span>
    </p>
   </div>
   <div class='ocr_carea' id='block_1_11' title="bbox 573 1051 2180 1137">
    <p class='ocr_par' dir='ltr' id='par_1_11' title="bbox 573 1051 2180 1137">
     <span class='ocr_line' id='line_1_11' title="bbox 573 1051 2180 1137; baseline -0.004 -17"><span class='ocrx_word' id='word_1_67' title='bbox 573 1064 793 1137; x_wconf 89' lang='lat' dir='ltr'><strong>quidam</strong></span> <span class='ocrx_word' id='word_1_68' title='bbox 825 1080 894 1120; x_wconf 84' lang='lat' dir='ltr'><strong>ex</strong></span> <span class='ocrx_word' id='word_1_69' title='bbox 926 1064 1056 1130; x_wconf 87' lang='lat' dir='ltr'><strong>illis,</strong></span> <span class='ocrx_word' id='word_1_70' title='bbox 1085 1063 1337 1134; x_wconf 91' lang='lat' dir='ltr'><strong>proprius</strong></span> <span class='ocrx_word' id='word_1_71' title='bbox 1360 1063 1598 1133; x_wconf 89' lang='lat' dir='ltr'><strong>ipsorum</strong></span> <span class='ocrx_word' id='word_1_72' title='bbox 1632 1062 1927 1135; x_wconf 57' lang='lat' dir='ltr'><strong>protolleta:</strong></span> <span class='ocrx_word' id='word_1_73' title='bbox 1951 1051 2180 1117; x_wconf 85' lang='lat' dir='ltr'><strong>Creten-</strong></span> 
     </span>
    </p>
   </div>
   <div class='ocr_carea' id='block_1_12' title="bbox 569 1155 2174 1229">
    <p class='ocr_par' dir='ltr' id='par_1_12' title="bbox 569 1155 2174 1229">
     <span class='ocr_line' id='line_1_12' title="bbox 569 1155 2174 1229; baseline -0.005 -14"><span class='ocrx_word' id='word_1_74' title='bbox 569 1173 681 1228; x_wconf 85' lang='lat' dir='ltr'><strong>ses,</strong></span> <span class='ocrx_word' id='word_1_75' title='bbox 713 1172 930 1229; x_wconf 85' lang='lat' dir='ltr'><strong>semper</strong></span> <span class='ocrx_word' id='word_1_76' title='bbox 969 1157 1288 1222; x_wconf 87' lang='lat' dir='ltr'><strong>mendaces,</strong></span> <span class='ocrx_word' id='word_1_77' title='bbox 1321 1156 1477 1212; x_wconf 85' lang='lat' dir='ltr'><strong>malae</strong></span> <span class='ocrx_word' id='word_1_78' title='bbox 1512 1156 1722 1224; x_wconf 79' lang='lat' dir='ltr'><strong>bestiae,</strong></span> <span class='ocrx_word' id='word_1_79' title='bbox 1764 1166 1988 1212; x_wconf 89' lang='lat' dir='ltr'><strong>ventres</strong></span> <span class='ocrx_word' id='word_1_80' title='bbox 2020 1155 2174 1225; x_wconf 81' lang='lat' dir='ltr'><strong>pigri.</strong></span> 
     </span>
    </p>
   </div>
   <div class='ocr_carea' id='block_1_13' title="bbox 571 1249 2178 1318">
    <p class='ocr_par' dir='ltr' id='par_1_13' title="bbox 571 1249 2178 1318">
     <span class='ocr_line' id='line_1_13' title="bbox 571 1249 2178 1318; baseline -0.004 -11"><span class='ocrx_word' id='word_1_81' title='bbox 571 1251 974 1307; x_wconf 78' lang='lat' dir='ltr'><strong>Testimonium</strong></span> <span class='ocrx_word' id='word_1_82' title='bbox 996 1250 1296 1306; x_wconf 90' lang='lat' dir='ltr'><strong>hocverum</strong></span> <span class='ocrx_word' id='word_1_83' title='bbox 1316 1260 1418 1305; x_wconf 87' lang='lat' dir='ltr'><strong>est.</strong></span> <span class='ocrx_word' id='word_1_84' title='bbox 1435 1249 1604 1315; x_wconf 83' lang='lat' dir='ltr'><strong>Quam</strong></span> <span class='ocrx_word' id='word_1_85' title='bbox 1629 1249 1698 1304; x_wconf 92' lang='lat' dir='ltr'><strong>ob</strong></span> <span class='ocrx_word' id='word_1_86' title='bbox 1717 1263 1935 1304; x_wconf 88' lang='lat' dir='ltr'><strong>causam</strong></span> <span class='ocrx_word' id='word_1_87' title='bbox 1956 1249 2178 1318; x_wconf 87' lang='lat' dir='ltr'><strong>increpa</strong></span> 
     </span>
    </p>
   </div>
   <div class='ocr_carea' id='block_1_14' title="bbox 573 1341 2179 1410">
    <p class='ocr_par' dir='ltr' id='par_1_14' title="bbox 573 1341 2179 1410">
     <span class='ocr_line' id='line_1_14' title="bbox 573 1341 2179 1410; baseline -0.001 -12"><span class='ocrx_word' id='word_1_88' title='bbox 573 1343 698 1399; x_wconf 92' lang='lat' dir='ltr'><strong>illos</strong></span> <span class='ocrx_word' id='word_1_89' title='bbox 719 1343 877 1410; x_wconf 89' lang='lat' dir='ltr'><strong>dure,</strong></span> <span class='ocrx_word' id='word_1_90' title='bbox 911 1350 970 1399; x_wconf 91' lang='lat' dir='ltr'><strong>ut</strong></span> <span class='ocrx_word' id='word_1_91' title='bbox 1006 1344 1120 1399; x_wconf 90' lang='lat' dir='ltr'><strong>sani</strong></span> <span class='ocrx_word' id='word_1_92' title='bbox 1173 1343 1283 1398; x_wconf 91' lang='lat' dir='ltr'><strong>sint</strong></span> <span class='ocrx_word' id='word_1_93' title='bbox 1315 1345 1363 1396; x_wconf 90' lang='lat' dir='ltr'><strong>in</strong></span> <span class='ocrx_word' id='word_1_94' title='bbox 1413 1344 1547 1409; x_wconf 82' lang='lat' dir='ltr'><strong>ﬁde,</strong></span> <span class='ocrx_word' id='word_1_95' title='bbox 1578 1358 1683 1398; x_wconf 86' lang='lat' dir='ltr'><strong>non</strong></span> <span class='ocrx_word' id='word_1_96' title='bbox 1716 1343 2057 1398; x_wconf 81' lang='lat' dir='ltr'><strong>intendetites</strong></span> <span class='ocrx_word' id='word_1_97' title='bbox 2083 1341 2179 1397; x_wconf 84' lang='lat' dir='ltr'><strong>Ju-</strong></span> 
     </span>
    </p>
   </div>
   <div class='ocr_carea' id='block_1_15' title="bbox 567 1435 2179 1503">
    <p class='ocr_par' dir='ltr' id='par_1_15' title="bbox 567 1435 2179 1503">
     <span class='ocr_line' id='line_1_15' title="bbox 567 1435 2179 1503; baseline -0.002 -9"><span class='ocrx_word' id='word_1_98' title='bbox 567 1436 739 1494; x_wconf 91' lang='lat' dir='ltr'><strong>daicis</strong></span> <span class='ocrx_word' id='word_1_99' title='bbox 763 1436 982 1503; x_wconf 86' lang='lat' dir='ltr'><strong>fabulis,</strong></span> <span class='ocrx_word' id='word_1_100' title='bbox 1006 1447 1060 1492; x_wconf 90' lang='lat' dir='ltr'><strong>et</strong></span> <span class='ocrx_word' id='word_1_101' title='bbox 1092 1436 1361 1492; x_wconf 79' lang='lat' dir='ltr'><strong>mandatis</strong></span> <span class='ocrx_word' id='word_1_102' title='bbox 1388 1435 1692 1503; x_wconf 83' lang='lat' dir='ltr'><strong>hominum,</strong></span> <span class='ocrx_word' id='word_1_103' title='bbox 1727 1435 2096 1491; x_wconf 87' lang='lat' dir='ltr'><strong>aversantium</strong></span> <span class='ocrx_word' id='word_1_104' title='bbox 2117 1449 2179 1490; x_wconf 91' lang='lat' dir='ltr'><strong>se</strong></span> 
     </span>
    </p>
   </div>
   <div class='ocr_carea' id='block_1_16' title="bbox 567 1527 2176 1598">
    <p class='ocr_par' dir='ltr' id='par_1_16' title="bbox 567 1527 2176 1598">
     <span class='ocr_line' id='line_1_16' title="bbox 567 1527 2176 1598; baseline -0.001 -14"><span class='ocrx_word' id='word_1_105' title='bbox 567 1543 598 1584; x_wconf 89' lang='lat' dir='ltr'><strong>a</strong></span> <span class='ocrx_word' id='word_1_106' title='bbox 629 1529 881 1584; x_wconf 90' lang='lat' dir='ltr'><strong>veritate.</strong></span> <span class='ocrx_word' id='word_1_107' title='bbox 905 1527 1098 1584; x_wconf 89' lang='lat' dir='ltr'><strong>Omnia</strong></span> <span class='ocrx_word' id='word_1_108' title='bbox 1119 1529 1316 1584; x_wconf 89' lang='lat' dir='ltr'><strong>munda</strong></span> <span class='ocrx_word' id='word_1_109' title='bbox 1335 1529 1580 1584; x_wconf 80' lang='lat' dir='ltr'><strong>mundis:</strong></span> <span class='ocrx_word' id='word_1_110' title='bbox 1607 1527 1970 1598; x_wconf 83' lang='lat' dir='ltr'><strong>coinquinatis</strong></span> <span class='ocrx_word' id='word_1_111' title='bbox 1996 1538 2176 1583; x_wconf 91' lang='lat' dir='ltr'><strong>autem</strong></span> 
     </span>
    </p>
   </div>
   <div class='ocr_carea' id='block_1_17' title="bbox 568 1620 2180 1695">
    <p class='ocr_par' dir='ltr' id='par_1_17' title="bbox 568 1620 2180 1695">
     <span class='ocr_line' id='line_1_17' title="bbox 568 1620 2180 1695; baseline -0.002 -17"><span class='ocrx_word' id='word_1_112' title='bbox 568 1631 624 1678; x_wconf 88' lang='lat' dir='ltr'><strong>et</strong></span> <span class='ocrx_word' id='word_1_113' title='bbox 648 1620 960 1679; x_wconf 79' lang='lat' dir='ltr'><strong>inﬁdelibus</strong></span> <span class='ocrx_word' id='word_1_114' title='bbox 988 1621 1124 1677; x_wconf 84' lang='lat' dir='ltr'><strong>nihil</strong></span> <span class='ocrx_word' id='word_1_115' title='bbox 1154 1633 1237 1678; x_wconf 90' lang='lat' dir='ltr'><strong>est</strong></span> <span class='ocrx_word' id='word_1_116' title='bbox 1279 1622 1563 1695; x_wconf 79' lang='lat' dir='ltr'><strong>mundum,</strong></span> <span class='ocrx_word' id='word_1_117' title='bbox 1599 1625 1693 1676; x_wconf 89' lang='lat' dir='ltr'><strong>sed</strong></span> <span class='ocrx_word' id='word_1_118' title='bbox 1729 1621 2023 1693; x_wconf 52' lang='lat' dir='ltr'><strong>inquinatas</strong></span> <span class='ocrx_word' id='word_1_119' title='bbox 2051 1629 2180 1677; x_wconf 89' lang='lat' dir='ltr'><strong>sunt</strong></span> 
     </span>
    </p>
   </div>
   <div class='ocr_carea' id='block_1_18' title="bbox 572 1714 2177 1772">
    <p class='ocr_par' dir='ltr' id='par_1_18' title="bbox 572 1714 2177 1772">
     <span class='ocr_line' id='line_1_18' title="bbox 572 1714 2177 1772; baseline -0.002 -1"><span class='ocrx_word' id='word_1_120' title='bbox 572 1730 760 1772; x_wconf 90' lang='lat' dir='ltr'><strong>eorum</strong></span> <span class='ocrx_word' id='word_1_121' title='bbox 791 1723 847 1771; x_wconf 86' lang='lat' dir='ltr'><strong>et</strong></span> <span class='ocrx_word' id='word_1_122' title='bbox 873 1729 1028 1771; x_wconf 89' lang='lat' dir='ltr'><strong>mens</strong></span> <span class='ocrx_word' id='word_1_123' title='bbox 1054 1723 1109 1770; x_wconf 86' lang='lat' dir='ltr'><strong>et</strong></span> <span class='ocrx_word' id='word_1_124' title='bbox 1151 1714 1506 1772; x_wconf 86' lang='lat' dir='ltr'><strong>conscientia.</strong></span> <span class='ocrx_word' id='word_1_125' title='bbox 1537 1715 1878 1770; x_wconf 87' lang='lat' dir='ltr'><strong>Confitentur</strong></span> <span class='ocrx_word' id='word_1_126' title='bbox 1915 1729 1974 1769; x_wconf 89' lang='lat' dir='ltr'><strong>se</strong></span> <span class='ocrx_word' id='word_1_127' title='bbox 2013 1729 2177 1769; x_wconf 90' lang='lat' dir='ltr'><strong>nosse</strong></span> 
     </span>
    </p>
   </div>
   <div class='ocr_carea' id='block_1_19' title="bbox 2281 502 3882 576">
    <p class='ocr_par' dir='ltr' id='par_1_19' title="bbox 2281 502 3882 576">
     <span class='ocr_line' id='line_1_19' title="bbox 2281 502 3882 576; baseline 0.001 -18"><span class='ocrx_word' id='word_1_128' title='bbox 2281 503 2485 559; x_wconf 81' lang='lat' dir='ltr'><strong>Christi</strong></span> <span class='ocrx_word' id='word_1_129' title='bbox 2511 522 2522 557; x_wconf 91' lang='lat'><strong>:</strong></span> <span class='ocrx_word' id='word_1_130' title='bbox 2556 506 2646 576; x_wconf 86' lang='lat' dir='ltr'><strong>qui</strong></span> <span class='ocrx_word' id='word_1_131' title='bbox 2675 505 2824 561; x_wconf 87' lang='lat' dir='ltr'><strong>dedit</strong></span> <span class='ocrx_word' id='word_1_132' title='bbox 2853 504 3208 574; x_wconf 85' lang='lat' dir='ltr'><strong>semetipsum</strong></span> <span class='ocrx_word' id='word_1_133' title='bbox 3238 518 3336 573; x_wconf 91' lang='lat' dir='ltr'><strong>pro</strong></span> <span class='ocrx_word' id='word_1_134' title='bbox 3365 502 3546 570; x_wconf 89' lang='lat' dir='ltr'><strong>nobis,</strong></span> <span class='ocrx_word' id='word_1_135' title='bbox 3581 511 3640 558; x_wconf 91' lang='lat' dir='ltr'><strong>ut</strong></span> <span class='ocrx_word' id='word_1_136' title='bbox 3669 518 3766 558; x_wconf 88' lang='lat' dir='ltr'><strong>nos</strong></span> <span class='ocrx_word' id='word_1_137' title='bbox 3794 518 3882 560; x_wconf 89' lang='lat' dir='ltr'><strong>re-</strong></span> 
     </span>
    </p>
   </div>
   <div class='ocr_carea' id='block_1_20' title="bbox 2282 597 3878 670">
    <p class='ocr_par' dir='ltr' id='par_1_20' title="bbox 2282 597 3878 670">
     <span class='ocr_line' id='line_1_20' title="bbox 2282 597 3878 670; baseline 0.001 -17"><span class='ocrx_word' id='word_1_138' title='bbox 2282 598 2510 655; x_wconf 87' lang='lat' dir='ltr'><strong>dimeret</strong></span> <span class='ocrx_word' id='word_1_139' title='bbox 2533 600 2603 654; x_wconf 92' lang='lat' dir='ltr'><strong>ab</strong></span> <span class='ocrx_word' id='word_1_140' title='bbox 2620 602 2764 655; x_wconf 90' lang='lat' dir='ltr'><strong>omni</strong></span> <span class='ocrx_word' id='word_1_141' title='bbox 2790 599 3092 670; x_wconf 83' lang='lat' dir='ltr'><strong>iniquitate,</strong></span> <span class='ocrx_word' id='word_1_142' title='bbox 3110 609 3164 656; x_wconf 90' lang='lat' dir='ltr'><strong>et</strong></span> <span class='ocrx_word' id='word_1_143' title='bbox 3187 597 3473 653; x_wconf 85' lang='lat' dir='ltr'><strong>mundaret</strong></span> <span class='ocrx_word' id='word_1_144' title='bbox 3496 598 3599 654; x_wconf 87' lang='lat' dir='ltr'><strong>sibi</strong></span> <span class='ocrx_word' id='word_1_145' title='bbox 3625 599 3878 670; x_wconf 88' lang='lat' dir='ltr'><strong>p0pulum</strong></span> 
     </span>
    </p>
   </div>
   <div class='ocr_carea' id='block_1_21' title="bbox 2281 691 3876 761">
    <p class='ocr_par' dir='ltr' id='par_1_21' title="bbox 2281 691 3876 761">
     <span class='ocr_line' id='line_1_21' title="bbox 2281 691 3876 761; baseline 0 -17"><span class='ocrx_word' id='word_1_146' title='bbox 2281 691 2692 761; x_wconf 87' lang='lat' dir='ltr'><strong>acceptabilem,</strong></span> <span class='ocrx_word' id='word_1_147' title='bbox 2716 700 3040 747; x_wconf 83' lang='lat' dir='ltr'><strong>sectatorem</strong></span> <span class='ocrx_word' id='word_1_148' title='bbox 3068 693 3336 746; x_wconf 89' lang='lat' dir='ltr'><strong>honorum</strong></span> <span class='ocrx_word' id='word_1_149' title='bbox 3361 704 3607 759; x_wconf 89' lang='lat' dir='ltr'><strong>operum.</strong></span> <span class='ocrx_word' id='word_1_150' title='bbox 3638 691 3763 746; x_wconf 72' lang='lat' dir='ltr'><strong>lltnc</strong></span> <span class='ocrx_word' id='word_1_151' title='bbox 3794 692 3876 746; x_wconf 88' lang='lat' dir='ltr'><strong>lo-</strong></span> 
     </span>
    </p>
   </div>
   <div class='ocr_carea' id='block_1_22' title="bbox 2280 783 3884 856">
    <p class='ocr_par' dir='ltr' id='par_1_22' title="bbox 2280 783 3884 856">
     <span class='ocr_line' id='line_1_22' title="bbox 2280 783 3884 856; baseline 0.003 -20"><span class='ocrx_word' id='word_1_152' title='bbox 2280 798 2470 853; x_wconf 88' lang='lat' dir='ltr'><strong>quere,</strong></span> <span class='ocrx_word' id='word_1_153' title='bbox 2500 794 2555 840; x_wconf 87' lang='lat' dir='ltr'><strong>et</strong></span> <span class='ocrx_word' id='word_1_154' title='bbox 2585 785 2901 852; x_wconf 83' lang='lat' dir='ltr'><strong>exhortare,</strong></span> <span class='ocrx_word' id='word_1_155' title='bbox 2927 792 2983 840; x_wconf 87' lang='lat' dir='ltr'><strong>et</strong></span> <span class='ocrx_word' id='word_1_156' title='bbox 3003 799 3169 856; x_wconf 80' lang='lat' dir='ltr'><strong>argue</strong></span> <span class='ocrx_word' id='word_1_157' title='bbox 3189 799 3313 841; x_wconf 90' lang='lat' dir='ltr'><strong>cum</strong></span> <span class='ocrx_word' id='word_1_158' title='bbox 3340 784 3488 840; x_wconf 89' lang='lat' dir='ltr'><strong>omni</strong></span> <span class='ocrx_word' id='word_1_159' title='bbox 3513 784 3759 854; x_wconf 84' lang='lat' dir='ltr'><strong>imperio.</strong></span> <span class='ocrx_word' id='word_1_160' title='bbox 3785 783 3884 841; x_wconf 76' lang='lat' dir='ltr'><strong>Ne-</strong></span> 
     </span>
    </p>
   </div>
   <div class='ocr_carea' id='block_1_23' title="bbox 2284 885 2828 933">
    <p class='ocr_par' dir='ltr' id='par_1_23' title="bbox 2284 885 2828 933">
     <span class='ocr_line' id='line_1_23' title="bbox 2284 885 2828 933; baseline 0.002 -3"><span class='ocrx_word' id='word_1_161' title='bbox 2284 891 2373 931; x_wconf 92' lang='lat' dir='ltr'><strong>mo</strong></span> <span class='ocrx_word' id='word_1_162' title='bbox 2407 885 2458 932; x_wconf 91' lang='lat' dir='ltr'><strong>te</strong></span> <span class='ocrx_word' id='word_1_163' title='bbox 2487 887 2828 933; x_wconf 86' lang='lat' dir='ltr'><strong>contemnat.</strong></span> 
     </span>
    </p>
   </div>
   <div class='ocr_carea' id='block_1_24' title="bbox 2354 970 3886 1046">
    <p class='ocr_par' dir='ltr' id='par_1_24' title="bbox 2354 970 3886 1046">
     <span class='ocr_line' id='line_1_24' title="bbox 2354 970 3886 1046; baseline 0.003 -20"><span class='ocrx_word' id='word_1_164' title='bbox 2354 970 2508 1045; x_wconf 83' lang='lat' dir='ltr'><strong>[Cap.</strong></span> <span class='ocrx_word' id='word_1_165' title='bbox 2525 971 2640 1045; x_wconf 82' lang='lat' dir='ltr'><strong>[IL]</strong></span> <span class='ocrx_word' id='word_1_166' title='bbox 2668 971 2917 1028; x_wconf 85' lang='lat' dir='ltr'><strong>Admone</strong></span> <span class='ocrx_word' id='word_1_167' title='bbox 2945 973 3068 1028; x_wconf 90' lang='lat' dir='ltr'><strong>illos</strong></span> <span class='ocrx_word' id='word_1_168' title='bbox 3095 974 3430 1046; x_wconf 85' lang='lat' dir='ltr'><strong>principibus</strong></span> <span class='ocrx_word' id='word_1_169' title='bbox 3450 985 3507 1031; x_wconf 92' lang='lat' dir='ltr'><strong>et</strong></span> <span class='ocrx_word' id='word_1_170' title='bbox 3530 972 3886 1044; x_wconf 84' lang='lat' dir='ltr'><strong>potestatibus</strong></span> 
     </span>
    </p>
   </div>
   <div class='ocr_carea' id='block_1_25' title="bbox 2280 1065 3884 1140">
    <p class='ocr_par' dir='ltr' id='par_1_25' title="bbox 2280 1065 3884 1140">
     <span class='ocr_line' id='line_1_25' title="bbox 2280 1065 3884 1140; baseline 0.002 -18"><span class='ocrx_word' id='word_1_171' title='bbox 2280 1065 2533 1122; x_wconf 87' lang='lat' dir='ltr'><strong>subditos</strong></span> <span class='ocrx_word' id='word_1_172' title='bbox 2563 1081 2721 1132; x_wconf 91' lang='lat' dir='ltr'><strong>esse,</strong></span> <span class='ocrx_word' id='word_1_173' title='bbox 2759 1067 2906 1124; x_wconf 89' lang='lat' dir='ltr'><strong>dicto</strong></span> <span class='ocrx_word' id='word_1_174' title='bbox 2935 1067 3186 1137; x_wconf 87' lang='lat' dir='ltr'><strong>obedire,</strong></span> <span class='ocrx_word' id='word_1_175' title='bbox 3220 1071 3285 1126; x_wconf 88' lang='lat' dir='ltr'><strong>ad</strong></span> <span class='ocrx_word' id='word_1_176' title='bbox 3317 1085 3481 1126; x_wconf 89' lang='lat' dir='ltr'><strong>omne</strong></span> <span class='ocrx_word' id='word_1_177' title='bbox 3517 1085 3651 1140; x_wconf 91' lang='lat' dir='ltr'><strong>opus</strong></span> <span class='ocrx_word' id='word_1_178' title='bbox 3685 1069 3884 1125; x_wconf 91' lang='lat' dir='ltr'><strong>bonum</strong></span> 
     </span>
    </p>
   </div>
   <div class='ocr_carea' id='block_1_26' title="bbox 2283 1160 3885 1232">
    <p class='ocr_par' dir='ltr' id='par_1_26' title="bbox 2283 1160 3885 1232">
     <span class='ocr_line' id='line_1_26' title="bbox 2283 1160 3885 1232; baseline 0.003 -18"><span class='ocrx_word' id='word_1_179' title='bbox 2283 1168 2501 1230; x_wconf 85' lang='lat' dir='ltr'><strong>paratos</strong></span> <span class='ocrx_word' id='word_1_180' title='bbox 2533 1175 2656 1217; x_wconf 91' lang='lat' dir='ltr'><strong>esse</strong></span> <span class='ocrx_word' id='word_1_181' title='bbox 2684 1178 2695 1213; x_wconf 94' lang='lat'>:</span> <span class='ocrx_word' id='word_1_182' title='bbox 2731 1160 3004 1217; x_wconf 88' lang='lat' dir='ltr'><strong>neminem</strong></span> <span class='ocrx_word' id='word_1_183' title='bbox 3034 1161 3436 1232; x_wconf 79' lang='lat' dir='ltr'><strong>blaSpbemare,</strong></span> <span class='ocrx_word' id='word_1_184' title='bbox 3488 1178 3592 1218; x_wconf 90' lang='lat' dir='ltr'><strong>non</strong></span> <span class='ocrx_word' id='word_1_185' title='bbox 3623 1161 3885 1232; x_wconf 89' lang='lat' dir='ltr'><strong>litigiosos</strong></span> 
     </span>
    </p>
   </div>
   <div class='ocr_carea' id='block_1_27' title="bbox 2281 1252 3883 1321">
    <p class='ocr_par' dir='ltr' id='par_1_27' title="bbox 2281 1252 3883 1321">
     <span class='ocr_line' id='line_1_27' title="bbox 2281 1252 3883 1321; baseline 0 -13"><span class='ocrx_word' id='word_1_186' title='bbox 2281 1267 2424 1320; x_wconf 91' lang='lat' dir='ltr'><strong>esse,</strong></span> <span class='ocrx_word' id='word_1_187' title='bbox 2457 1252 2552 1308; x_wconf 91' lang='lat' dir='ltr'><strong>sed</strong></span> <span class='ocrx_word' id='word_1_188' title='bbox 2596 1253 2894 1321; x_wconf 75' lang='lat' dir='ltr'><strong>modeStos,</strong></span> <span class='ocrx_word' id='word_1_189' title='bbox 2938 1268 3156 1310; x_wconf 88' lang='lat' dir='ltr'><strong>onmem</strong></span> <span class='ocrx_word' id='word_1_190' title='bbox 3188 1255 3540 1311; x_wconf 82' lang='lat' dir='ltr'><strong>ostendentes</strong></span> <span class='ocrx_word' id='word_1_191' title='bbox 3571 1263 3883 1310; x_wconf 87' lang='lat' dir='ltr'><strong>mansuetu-</strong></span> 
     </span>
    </p>
   </div>
   <div class='ocr_carea' id='block_1_28' title="bbox 2281 1345 3884 1418">
    <p class='ocr_par' dir='ltr' id='par_1_28' title="bbox 2281 1345 3884 1418">
     <span class='ocr_line' id='line_1_28' title="bbox 2281 1345 3884 1418; baseline 0.002 -18"><span class='ocrx_word' id='word_1_192' title='bbox 2281 1345 2462 1401; x_wconf 90' lang='lat' dir='ltr'><strong>dinem</strong></span> <span class='ocrx_word' id='word_1_193' title='bbox 2501 1347 2567 1400; x_wconf 90' lang='lat' dir='ltr'><strong>ad</strong></span> <span class='ocrx_word' id='word_1_194' title='bbox 2595 1361 2785 1401; x_wconf 91' lang='lat' dir='ltr'><strong>omnes</strong></span> <span class='ocrx_word' id='word_1_195' title='bbox 2813 1346 3086 1404; x_wconf 88' lang='lat' dir='ltr'><strong>homines.</strong></span> <span class='ocrx_word' id='word_1_196' title='bbox 3136 1346 3367 1402; x_wconf 86' lang='lat' dir='ltr'><strong>Eramus</strong></span> <span class='ocrx_word' id='word_1_197' title='bbox 3401 1349 3544 1404; x_wconf 89' lang='lat' dir='ltr'><strong>enim</strong></span> <span class='ocrx_word' id='word_1_198' title='bbox 3590 1347 3884 1418; x_wconf 86' lang='lat' dir='ltr'><strong>aliquando</strong></span> 
     </span>
    </p>
   </div>
   <div class='ocr_carea' id='block_1_29' title="bbox 2281 1437 3885 1509">
    <p class='ocr_par' dir='ltr' id='par_1_29' title="bbox 2281 1437 3885 1509">
     <span class='ocr_line' id='line_1_29' title="bbox 2281 1437 3885 1509; baseline 0.001 -15"><span class='ocrx_word' id='word_1_199' title='bbox 2281 1448 2336 1494; x_wconf 89' lang='lat' dir='ltr'><strong>et</strong></span> <span class='ocrx_word' id='word_1_200' title='bbox 2366 1453 2466 1494; x_wconf 92' lang='lat' dir='ltr'><strong>nos</strong></span> <span class='ocrx_word' id='word_1_201' title='bbox 2515 1437 2834 1509; x_wconf 85' lang='lat' dir='ltr'><strong>insipientes</strong></span> <span class='ocrx_word' id='word_1_202' title='bbox 2859 1483 2874 1507; x_wconf 95' lang='lat'><strong>,</strong></span> <span class='ocrx_word' id='word_1_203' title='bbox 2910 1438 3198 1503; x_wconf 89' lang='lat' dir='ltr'><strong>increduli,</strong></span> <span class='ocrx_word' id='word_1_204' title='bbox 3249 1449 3530 1506; x_wconf 88' lang='lat' dir='ltr'><strong>errantes,</strong></span> <span class='ocrx_word' id='word_1_205' title='bbox 3581 1441 3885 1496; x_wconf 85' lang='lat' dir='ltr'><strong>servientes</strong></span> 
     </span>
    </p>
   </div>
   <div class='ocr_carea' id='block_1_30' title="bbox 2281 1529 3888 1600">
    <p class='ocr_par' dir='ltr' id='par_1_30' title="bbox 2281 1529 3888 1600">
     <span class='ocr_line' id='line_1_30' title="bbox 2281 1529 3888 1600; baseline 0.004 -17"><span class='ocrx_word' id='word_1_206' title='bbox 2281 1529 2567 1585; x_wconf 86' lang='lat' dir='ltr'><strong>desideriis</strong></span> <span class='ocrx_word' id='word_1_207' title='bbox 2597 1541 2650 1585; x_wconf 92' lang='lat' dir='ltr'><strong>et</strong></span> <span class='ocrx_word' id='word_1_208' title='bbox 2679 1531 3049 1600; x_wconf 80' lang='lat' dir='ltr'><strong>voluptatibus</strong></span> <span class='ocrx_word' id='word_1_209' title='bbox 3072 1529 3260 1598; x_wconf 87' lang='lat' dir='ltr'><strong>variis,</strong></span> <span class='ocrx_word' id='word_1_210' title='bbox 3287 1533 3338 1586; x_wconf 87' lang='lat' dir='ltr'><strong>in</strong></span> <span class='ocrx_word' id='word_1_211' title='bbox 3371 1533 3577 1588; x_wconf 86' lang='lat' dir='ltr'><strong>malitia</strong></span> <span class='ocrx_word' id='word_1_212' title='bbox 3601 1542 3656 1588; x_wconf 92' lang='lat' dir='ltr'><strong>et</strong></span> <span class='ocrx_word' id='word_1_213' title='bbox 3685 1532 3888 1590; x_wconf 79' lang='lat' dir='ltr'><strong>invidia</strong></span> 
     </span>
    </p>
   </div>
   <div class='ocr_carea' id='block_1_31' title="bbox 2280 1616 3889 1693">
    <p class='ocr_par' dir='ltr' id='par_1_31' title="bbox 2280 1616 3889 1693">
     <span class='ocr_line' id='line_1_31' title="bbox 2280 1616 3889 1693; baseline 0.002 -16"><span class='ocrx_word' id='word_1_214' title='bbox 2280 1631 2526 1693; x_wconf 87' lang='lat' dir='ltr'><strong>agentes,</strong></span> <span class='ocrx_word' id='word_1_215' title='bbox 2556 1623 2806 1688; x_wconf 89' lang='lat' dir='ltr'><strong>odibiles,</strong></span> <span class='ocrx_word' id='word_1_216' title='bbox 2838 1616 3090 1680; x_wconf 87' lang='lat' dir='ltr'><strong>odientes</strong></span> <span class='ocrx_word' id='word_1_217' title='bbox 3121 1623 3377 1680; x_wconf 88' lang='lat' dir='ltr'><strong>invicem.</strong></span> <span class='ocrx_word' id='word_1_218' title='bbox 3406 1622 3539 1680; x_wconf 86' lang='lat' dir='ltr'><strong>Cum</strong></span> <span class='ocrx_word' id='word_1_219' title='bbox 3571 1633 3753 1682; x_wconf 88' lang='lat' dir='ltr'><strong>autem</strong></span> <span class='ocrx_word' id='word_1_220' title='bbox 3790 1625 3889 1681; x_wconf 84' lang='lat' dir='ltr'><strong>be-</strong></span> 
     </span>
    </p>
   </div>
   <div class='ocr_carea' id='block_1_32' title="bbox 2285 1715 3883 1787">
    <p class='ocr_par' dir='ltr' id='par_1_32' title="bbox 2285 1715 3883 1787">
     <span class='ocr_line' id='line_1_32' title="bbox 2285 1715 3883 1787; baseline 0.002 -17"><span class='ocrx_word' id='word_1_221' title='bbox 2285 1715 2522 1786; x_wconf 87' lang='lat' dir='ltr'><strong>nignitas</strong></span> <span class='ocrx_word' id='word_1_222' title='bbox 2550 1725 2607 1772; x_wconf 92' lang='lat' dir='ltr'><strong>et</strong></span> <span class='ocrx_word' id='word_1_223' title='bbox 2637 1715 2946 1770; x_wconf 86' lang='lat' dir='ltr'><strong>humanitas</strong></span> <span class='ocrx_word' id='word_1_224' title='bbox 2969 1717 3218 1787; x_wconf 87' lang='lat' dir='ltr'><strong>apparuit</strong></span> <span class='ocrx_word' id='word_1_225' title='bbox 3244 1717 3541 1774; x_wconf 86' lang='lat' dir='ltr'><strong>Salvatoris</strong></span> <span class='ocrx_word' id='word_1_226' title='bbox 3565 1719 3734 1774; x_wconf 82' lang='lat' dir='ltr'><strong>nostri</strong></span> <span class='ocrx_word' id='word_1_227' title='bbox 3764 1717 3883 1785; x_wconf 86' lang='lat' dir='ltr'><strong>Dei,</strong></span> 
     </span>
    </p>
   </div>
   <div class='ocr_carea' id='block_1_33' title="bbox 575 1806 3888 1880">
    <p class='ocr_par' dir='ltr' id='par_1_33' title="bbox 575 1806 3888 1880">
     <span class='ocr_line' id='line_1_33' title="bbox 575 1806 3888 1880; baseline 0.002 -18"><span class='ocrx_word' id='word_1_228' title='bbox 575 1807 768 1872; x_wconf 89' lang='lat' dir='ltr'><strong>Deum,</strong></span> <span class='ocrx_word' id='word_1_229' title='bbox 802 1806 960 1862; x_wconf 88' lang='lat' dir='ltr'><strong>factis</strong></span> <span class='ocrx_word' id='word_1_230' title='bbox 992 1813 1172 1863; x_wconf 88' lang='lat' dir='ltr'><strong>autem</strong></span> <span class='ocrx_word' id='word_1_231' title='bbox 1203 1815 1402 1878; x_wconf 89' lang='lat' dir='ltr'><strong>negant</strong></span> <span class='ocrx_word' id='word_1_232' title='bbox 1429 1825 1441 1861; x_wconf 92' lang='lat'><strong>:</strong></span> <span class='ocrx_word' id='word_1_233' title='bbox 1476 1823 1596 1863; x_wconf 89' lang='lat' dir='ltr'><strong>cum</strong></span> <span class='ocrx_word' id='word_1_234' title='bbox 1630 1807 1737 1861; x_wconf 84' lang='lat' dir='ltr'><strong>sint</strong></span> <span class='ocrx_word' id='word_1_235' title='bbox 1768 1807 2085 1871; x_wconf 82' lang='lat' dir='ltr'><strong>abominati,</strong></span> <span class='ocrx_word' id='word_1_236' title='bbox 2121 1818 2176 1862; x_wconf 83' lang='lat' dir='ltr'><strong>et</strong></span> <span class='ocrx_word' id='word_1_237' title='bbox 2209 1813 2253 1874; x_wconf 83' lang='grc' dir='ltr'><strong>Β</strong></span> <span class='ocrx_word' id='word_1_238' title='bbox 2284 1824 2389 1863; x_wconf 83' lang='grc' dir='ltr'><strong>ηυη</strong></span> <span class='ocrx_word' id='word_1_239' title='bbox 2421 1823 2487 1864; x_wconf 85' lang='lat' dir='ltr'><strong>ex</strong></span> <span class='ocrx_word' id='word_1_240' title='bbox 2517 1809 2774 1879; x_wconf 87' lang='lat' dir='ltr'><strong>cperibus</strong></span> <span class='ocrx_word' id='word_1_241' title='bbox 2803 1809 3064 1880; x_wconf 68' lang='lat' dir='ltr'><strong>justitiaa,</strong></span> <span class='ocrx_word' id='word_1_242' title='bbox 3093 1825 3216 1880; x_wconf 77' lang='lat' dir='ltr'><strong>quae</strong></span> <span class='ocrx_word' id='word_1_243' title='bbox 3247 1809 3478 1867; x_wconf 80' lang='lat' dir='ltr'><strong>fecimus</strong></span> <span class='ocrx_word' id='word_1_244' title='bbox 3519 1826 3643 1880; x_wconf 90' lang='lat' dir='ltr'><strong>nos,</strong></span> <span class='ocrx_word' id='word_1_245' title='bbox 3675 1811 3776 1867; x_wconf 88' lang='lat' dir='ltr'><strong>sed</strong></span> <span class='ocrx_word' id='word_1_246' title='bbox 3803 1827 3888 1868; x_wconf 88' lang='lat' dir='ltr'><strong>se-</strong></span> 
     </span>
    </p>
   </div>
   <div class='ocr_carea' id='block_1_34' title="bbox 576 1899 1964 1970">
    <p class='ocr_par' dir='ltr' id='par_1_34' title="bbox 576 1899 1964 1970">
     <span class='ocr_line' id='line_1_34' title="bbox 576 1899 1964 1970; baseline -0.001 -16"><span class='ocrx_word' id='word_1_247' title='bbox 576 1899 948 1964; x_wconf 89' lang='lat' dir='ltr'><strong>incredibiles,</strong></span> <span class='ocrx_word' id='word_1_248' title='bbox 981 1906 1039 1955; x_wconf 90' lang='lat' dir='ltr'><strong>et</strong></span> <span class='ocrx_word' id='word_1_249' title='bbox 1057 1900 1124 1955; x_wconf 89' lang='lat' dir='ltr'><strong>ad</strong></span> <span class='ocrx_word' id='word_1_250' title='bbox 1151 1916 1312 1955; x_wconf 90' lang='lat' dir='ltr'><strong>omne</strong></span> <span class='ocrx_word' id='word_1_251' title='bbox 1343 1917 1476 1970; x_wconf 84' lang='lat' dir='ltr'><strong>opus</strong></span> <span class='ocrx_word' id='word_1_252' title='bbox 1499 1900 1700 1956; x_wconf 90' lang='lat' dir='ltr'><strong>bonum</strong></span> <span class='ocrx_word' id='word_1_253' title='bbox 1725 1900 1964 1969; x_wconf 82' lang='lat' dir='ltr'><strong>reprobi.</strong></span> 
     </span>
    </p>
   </div>
   <div class='ocr_carea' id='block_1_35' title="bbox 640 1991 2174 2067">
    <p class='ocr_par' dir='ltr' id='par_1_35' title="bbox 640 1991 2174 2067">
     <span class='ocr_line' id='line_1_35' title="bbox 640 1991 2174 2067; baseline -0.001 -19"><span class='ocrx_word' id='word_1_254' title='bbox 640 1994 793 2067; x_wconf 69' lang='grc' dir='ltr'><strong>[ϐαρ.</strong></span> <span class='ocrx_word' id='word_1_255' title='bbox 821 1991 916 2064; x_wconf 76' lang='lat' dir='ltr'><strong>IL]</strong></span> <span class='ocrx_word' id='word_1_256' title='bbox 969 1993 1050 2048; x_wconf 91' lang='lat' dir='ltr'><strong>Tu</strong></span> <span class='ocrx_word' id='word_1_257' title='bbox 1100 2001 1278 2048; x_wconf 88' lang='lat' dir='ltr'><strong>autem</strong></span> <span class='ocrx_word' id='word_1_258' title='bbox 1323 1994 1548 2063; x_wconf 91' lang='lat' dir='ltr'><strong>loquere</strong></span> <span class='ocrx_word' id='word_1_259' title='bbox 1595 2009 1716 2062; x_wconf 85' lang='lat' dir='ltr'><strong>quae</strong></span> <span class='ocrx_word' id='word_1_260' title='bbox 1753 1993 1949 2048; x_wconf 81' lang='lat' dir='ltr'><strong>decent</strong></span> <span class='ocrx_word' id='word_1_261' title='bbox 1988 2006 2174 2046; x_wconf 89' lang='lat' dir='ltr'><strong>sanam</strong></span> 
     </span>
    </p>
   </div>
   <div class='ocr_carea' id='block_1_36' title="bbox 568 2085 2173 2156">
    <p class='ocr_par' dir='ltr' id='par_1_36' title="bbox 568 2085 2173 2156">
     <span class='ocr_line' id='line_1_36' title="bbox 568 2085 2173 2156; baseline -0.002 -13"><span class='ocrx_word' id='word_1_262' title='bbox 568 2087 892 2143; x_wconf 88' lang='lat' dir='ltr'><strong>doctrinam.</strong></span> <span class='ocrx_word' id='word_1_263' title='bbox 925 2086 1124 2153; x_wconf 91' lang='lat' dir='ltr'><strong>Senes,</strong></span> <span class='ocrx_word' id='word_1_264' title='bbox 1159 2096 1217 2141; x_wconf 91' lang='lat' dir='ltr'><strong>ut</strong></span> <span class='ocrx_word' id='word_1_265' title='bbox 1250 2087 1414 2143; x_wconf 89' lang='lat' dir='ltr'><strong>sobrii</strong></span> <span class='ocrx_word' id='word_1_266' title='bbox 1448 2086 1582 2153; x_wconf 86' lang='lat' dir='ltr'><strong>sint,</strong></span> <span class='ocrx_word' id='word_1_267' title='bbox 1619 2086 1821 2156; x_wconf 91' lang='lat' dir='ltr'><strong>pudici,</strong></span> <span class='ocrx_word' id='word_1_268' title='bbox 1859 2085 2173 2155; x_wconf 84' lang='lat' dir='ltr'><strong>prudentes,</strong></span> 
     </span>
    </p>
   </div>
   <div class='ocr_carea' id='block_1_37' title="bbox 572 2180 2180 2251">
    <p class='ocr_par' dir='ltr' id='par_1_37' title="bbox 572 2180 2180 2251">
     <span class='ocr_line' id='line_1_37' title="bbox 572 2180 2180 2251; baseline -0.002 -14"><span class='ocrx_word' id='word_1_269' title='bbox 572 2183 692 2237; x_wconf 87' lang='lat' dir='ltr'><strong>sani</strong></span> <span class='ocrx_word' id='word_1_270' title='bbox 720 2182 775 2237; x_wconf 92' lang='lat' dir='ltr'><strong>in</strong></span> <span class='ocrx_word' id='word_1_271' title='bbox 806 2181 936 2248; x_wconf 90' lang='lat' dir='ltr'><strong>fide,</strong></span> <span class='ocrx_word' id='word_1_272' title='bbox 970 2183 1022 2237; x_wconf 92' lang='lat' dir='ltr'><strong>in</strong></span> <span class='ocrx_word' id='word_1_273' title='bbox 1052 2181 1376 2246; x_wconf 84' lang='lat' dir='ltr'><strong>dilectione,</strong></span> <span class='ocrx_word' id='word_1_274' title='bbox 1412 2182 1462 2234; x_wconf 94' lang='lat' dir='ltr'><strong>in</strong></span> <span class='ocrx_word' id='word_1_275' title='bbox 1488 2181 1772 2251; x_wconf 88' lang='lat' dir='ltr'><strong>patientia.</strong></span> <span class='ocrx_word' id='word_1_276' title='bbox 1804 2181 1956 2235; x_wconf 88' lang='lat' dir='ltr'><strong>Anus</strong></span> <span class='ocrx_word' id='word_1_277' title='bbox 1987 2180 2180 2234; x_wconf 87' lang='lat' dir='ltr'><strong>simili-</strong></span> 
     </span>
    </p>
   </div>
   <div class='ocr_carea' id='block_1_38' title="bbox 571 2271 2178 2339">
    <p class='ocr_par' dir='ltr' id='par_1_38' title="bbox 571 2271 2178 2339">
     <span class='ocr_line' id='line_1_38' title="bbox 571 2271 2178 2339; baseline -0.001 -10"><span class='ocrx_word' id='word_1_278' title='bbox 571 2283 654 2330; x_wconf 91' lang='lat' dir='ltr'><strong>ter</strong></span> <span class='ocrx_word' id='word_1_279' title='bbox 681 2274 732 2329; x_wconf 89' lang='lat' dir='ltr'><strong>in</strong></span> <span class='ocrx_word' id='word_1_280' title='bbox 768 2273 954 2330; x_wconf 88' lang='lat' dir='ltr'><strong>habitu</strong></span> <span class='ocrx_word' id='word_1_281' title='bbox 1003 2284 1191 2330; x_wconf 88' lang='lat' dir='ltr'><strong>sancto</strong></span> <span class='ocrx_word' id='word_1_282' title='bbox 1213 2315 1226 2339; x_wconf 95' lang='lat'><strong>,</strong></span> <span class='ocrx_word' id='word_1_283' title='bbox 1269 2290 1377 2328; x_wconf 92' lang='lat' dir='ltr'><strong>non</strong></span> <span class='ocrx_word' id='word_1_284' title='bbox 1418 2273 1839 2338; x_wconf 86' lang='lat' dir='ltr'><strong>criminatrices,</strong></span> <span class='ocrx_word' id='word_1_285' title='bbox 1870 2287 1976 2327; x_wconf 88' lang='lat' dir='ltr'><strong>non</strong></span> <span class='ocrx_word' id='word_1_286' title='bbox 2007 2271 2178 2327; x_wconf 90' lang='lat' dir='ltr'><strong>multo</strong></span> 
     </span>
    </p>
   </div>
   <div class='ocr_carea' id='block_1_39' title="bbox 573 2364 2178 2434">
    <p class='ocr_par' dir='ltr' id='par_1_39' title="bbox 573 2364 2178 2434">
     <span class='ocr_line' id='line_1_39' title="bbox 573 2364 2178 2434; baseline -0.001 -14"><span class='ocrx_word' id='word_1_287' title='bbox 573 2367 702 2423; x_wconf 92' lang='lat' dir='ltr'><strong>vino</strong></span> <span class='ocrx_word' id='word_1_288' title='bbox 729 2366 1054 2434; x_wconf 86' lang='lat' dir='ltr'><strong>servientes,</strong></span> <span class='ocrx_word' id='word_1_289' title='bbox 1090 2367 1228 2422; x_wconf 89' lang='lat' dir='ltr'><strong>bene</strong></span> <span class='ocrx_word' id='word_1_290' title='bbox 1251 2365 1546 2421; x_wconf 89' lang='lat' dir='ltr'><strong>docentes:</strong></span> <span class='ocrx_word' id='word_1_291' title='bbox 1587 2377 1640 2419; x_wconf 90' lang='lat' dir='ltr'><strong>ttt</strong></span> <span class='ocrx_word' id='word_1_292' title='bbox 1688 2364 2030 2433; x_wconf 85' lang='lat' dir='ltr'><strong>prudentiam</strong></span> <span class='ocrx_word' id='word_1_293' title='bbox 2075 2364 2178 2419; x_wconf 85' lang='lat' dir='ltr'><strong>do-</strong></span> 
     </span>
    </p>
   </div>
   <div class='ocr_carea' id='block_1_40' title="bbox 509 2457 2178 2526">
    <p class='ocr_par' dir='ltr' id='par_1_40' title="bbox 509 2457 2178 2526">
     <span class='ocr_line' id='line_1_40' title="bbox 509 2457 2178 2526; baseline -0.004 -9"><span class='ocrx_word' id='word_1_294' title='bbox 509 2477 530 2496; x_wconf 63' lang='grc' dir='ltr'><strong>κ</strong></span> <span class='ocrx_word' id='word_1_295' title='bbox 569 2469 731 2517; x_wconf 89' lang='lat' dir='ltr'><strong>ceant</strong></span> <span class='ocrx_word' id='word_1_296' title='bbox 760 2458 1226 2526; x_wconf 83' lang='lat' dir='ltr'><strong>adulescentulas,</strong></span> <span class='ocrx_word' id='word_1_297' title='bbox 1255 2467 1313 2514; x_wconf 92' lang='lat' dir='ltr'><strong>ut</strong></span> <span class='ocrx_word' id='word_1_298' title='bbox 1334 2460 1486 2514; x_wconf 85' lang='lat' dir='ltr'><strong>viros</strong></span> <span class='ocrx_word' id='word_1_299' title='bbox 1501 2473 1628 2513; x_wconf 92' lang='lat' dir='ltr'><strong>suos</strong></span> <span class='ocrx_word' id='word_1_300' title='bbox 1653 2467 1856 2523; x_wconf 88' lang='lat' dir='ltr'><strong>ament,</strong></span> <span class='ocrx_word' id='word_1_301' title='bbox 1881 2457 2021 2512; x_wconf 81' lang='lat' dir='ltr'><strong>ﬁlios</strong></span> <span class='ocrx_word' id='word_1_302' title='bbox 2051 2471 2178 2511; x_wconf 92' lang='lat' dir='ltr'><strong>suos</strong></span> 
     </span>
    </p>
   </div>
   <div class='ocr_carea' id='block_1_41' title="bbox 570 2553 2178 2624">
    <p class='ocr_par' dir='ltr' id='par_1_41' title="bbox 570 2553 2178 2624">
     <span class='ocr_line' id='line_1_41' title="bbox 570 2553 2178 2624; baseline -0.002 -15"><span class='ocrx_word' id='word_1_303' title='bbox 570 2553 834 2624; x_wconf 87' lang='lat' dir='ltr'><strong>diligant,</strong></span> <span class='ocrx_word' id='word_1_304' title='bbox 886 2553 1210 2624; x_wconf 89' lang='lat' dir='ltr'><strong>prudentes,</strong></span> <span class='ocrx_word' id='word_1_305' title='bbox 1253 2562 1467 2621; x_wconf 88' lang='lat' dir='ltr'><strong>castas,</strong></span> <span class='ocrx_word' id='word_1_306' title='bbox 1497 2553 1732 2621; x_wconf 90' lang='lat' dir='ltr'><strong>sobrias,</strong></span> <span class='ocrx_word' id='word_1_307' title='bbox 1766 2553 1961 2608; x_wconf 90' lang='lat' dir='ltr'><strong>domus</strong></span> <span class='ocrx_word' id='word_1_308' title='bbox 1991 2567 2178 2608; x_wconf 89' lang='lat' dir='ltr'><strong>curam</strong></span> 
     </span>
    </p>
   </div>
   <div class='ocr_carea' id='block_1_42' title="bbox 569 2645 2178 2718">
    <p class='ocr_par' dir='ltr' id='par_1_42' title="bbox 569 2645 2178 2718">
     <span class='ocr_line' id='line_1_42' title="bbox 569 2645 2178 2718; baseline -0.001 -18"><span class='ocrx_word' id='word_1_309' title='bbox 569 2645 856 2716; x_wconf 86' lang='lat' dir='ltr'><strong>habentes,</strong></span> <span class='ocrx_word' id='word_1_310' title='bbox 887 2645 1149 2718; x_wconf 87' lang='lat' dir='ltr'><strong>benignas</strong></span> <span class='ocrx_word' id='word_1_311' title='bbox 1173 2687 1188 2712; x_wconf 85' lang='lat'><strong>,</strong></span> <span class='ocrx_word' id='word_1_312' title='bbox 1217 2645 1463 2700; x_wconf 89' lang='lat' dir='ltr'><strong>subditas</strong></span> <span class='ocrx_word' id='word_1_313' title='bbox 1498 2647 1629 2702; x_wconf 90' lang='lat' dir='ltr'><strong>viris</strong></span> <span class='ocrx_word' id='word_1_314' title='bbox 1660 2645 1793 2715; x_wconf 78' lang='lat' dir='ltr'><strong>suis,</strong></span> <span class='ocrx_word' id='word_1_315' title='bbox 1829 2655 1886 2701; x_wconf 91' lang='lat' dir='ltr'><strong>ut</strong></span> <span class='ocrx_word' id='word_1_316' title='bbox 1918 2661 2026 2701; x_wconf 91' lang='lat' dir='ltr'><strong>non</strong></span> <span class='ocrx_word' id='word_1_317' title='bbox 2058 2645 2178 2700; x_wconf 88' lang='lat' dir='ltr'><strong>bla-</strong></span> 
     </span>
    </p>
   </div>
   <div class='ocr_carea' id='block_1_43' title="bbox 566 2739 2183 2811">
    <p class='ocr_par' dir='ltr' id='par_1_43' title="bbox 566 2739 2183 2811">
     <span class='ocr_line' id='line_1_43' title="bbox 566 2739 2183 2811; baseline -0.001 -15"><span class='ocrx_word' id='word_1_318' title='bbox 566 2740 888 2811; x_wconf 89' lang='lat' dir='ltr'><strong>sphemetur</strong></span> <span class='ocrx_word' id='word_1_319' title='bbox 913 2741 1136 2796; x_wconf 91' lang='lat' dir='ltr'><strong>verbum</strong></span> <span class='ocrx_word' id='word_1_320' title='bbox 1171 2741 1293 2796; x_wconf 91' lang='lat' dir='ltr'><strong>Dei.</strong></span> <span class='ocrx_word' id='word_1_321' title='bbox 1317 2740 1551 2796; x_wconf 71' lang='lat' dir='ltr'><strong>Iuvenes</strong></span> <span class='ocrx_word' id='word_1_322' title='bbox 1590 2741 1841 2796; x_wconf 89' lang='lat' dir='ltr'><strong>similiter</strong></span> <span class='ocrx_word' id='word_1_323' title='bbox 1874 2739 2092 2795; x_wconf 90' lang='lat' dir='ltr'><strong>hortare</strong></span> <span class='ocrx_word' id='word_1_324' title='bbox 2120 2745 2183 2794; x_wconf 87' lang='lat' dir='ltr'><strong>ut</strong></span> 
     </span>
    </p>
   </div>
   <div class='ocr_carea' id='block_1_44' title="bbox 567 2833 2177 2905">
    <p class='ocr_par' dir='ltr' id='par_1_44' title="bbox 567 2833 2177 2905">
     <span class='ocr_line' id='line_1_44' title="bbox 567 2833 2177 2905; baseline -0.002 -16"><span class='ocrx_word' id='word_1_325' title='bbox 567 2834 884 2890; x_wconf 85' lang='lat' dir='ltr'><strong>sobriisint.</strong></span> <span class='ocrx_word' id='word_1_326' title='bbox 918 2834 974 2888; x_wconf 91' lang='lat' dir='ltr'><strong>ln</strong></span> <span class='ocrx_word' id='word_1_327' title='bbox 1000 2834 1250 2890; x_wconf 92' lang='lat' dir='ltr'><strong>omnibus</strong></span> <span class='ocrx_word' id='word_1_328' title='bbox 1279 2835 1508 2905; x_wconf 88' lang='lat' dir='ltr'><strong>teipsum</strong></span> <span class='ocrx_word' id='word_1_329' title='bbox 1539 2834 1723 2905; x_wconf 77' lang='lat' dir='ltr'><strong>praebe</strong></span> <span class='ocrx_word' id='word_1_330' title='bbox 1745 2833 2048 2905; x_wconf 81' lang='lat' dir='ltr'><strong>exemplum</strong></span> <span class='ocrx_word' id='word_1_331' title='bbox 2080 2833 2177 2887; x_wconf 85' lang='lat' dir='ltr'><strong>bo-</strong></span> 
     </span>
    </p>
   </div>
   <div class='ocr_carea' id='block_1_45' title="bbox 568 2927 2176 2999">
    <p class='ocr_par' dir='ltr' id='par_1_45' title="bbox 568 2927 2176 2999">
     <span class='ocr_line' id='line_1_45' title="bbox 568 2927 2176 2999; baseline -0.001 -17"><span class='ocrx_word' id='word_1_332' title='bbox 568 2942 765 2982; x_wconf 90' lang='lat' dir='ltr'><strong>norum</strong></span> <span class='ocrx_word' id='word_1_333' title='bbox 788 2942 1038 2998; x_wconf 89' lang='lat' dir='ltr'><strong>operum,</strong></span> <span class='ocrx_word' id='word_1_334' title='bbox 1072 2929 1122 2982; x_wconf 93' lang='lat' dir='ltr'><strong>in</strong></span> <span class='ocrx_word' id='word_1_335' title='bbox 1152 2927 1424 2996; x_wconf 90' lang='lat' dir='ltr'><strong>doctrina,</strong></span> <span class='ocrx_word' id='word_1_336' title='bbox 1450 2928 1501 2982; x_wconf 89' lang='lat' dir='ltr'><strong>in</strong></span> <span class='ocrx_word' id='word_1_337' title='bbox 1532 2929 1865 2999; x_wconf 87' lang='lat' dir='ltr'><strong>integritate,</strong></span> <span class='ocrx_word' id='word_1_338' title='bbox 1893 2937 1947 2984; x_wconf 91' lang='lat' dir='ltr'><strong>et</strong></span> <span class='ocrx_word' id='word_1_339' title='bbox 1973 2927 2028 2982; x_wconf 90' lang='lat' dir='ltr'><strong>in</strong></span> <span class='ocrx_word' id='word_1_340' title='bbox 2049 2942 2176 2997; x_wconf 88' lang='lat' dir='ltr'><strong>gra-</strong></span> 
     </span>
    </p>
   </div>
   <div class='ocr_carea' id='block_1_46' title="bbox 575 3021 2180 3093">
    <p class='ocr_par' dir='ltr' id='par_1_46' title="bbox 575 3021 2180 3093">
     <span class='ocr_line' id='line_1_46' title="bbox 575 3021 2180 3093; baseline 0.001 -17"><span class='ocrx_word' id='word_1_341' title='bbox 575 3023 782 3088; x_wconf 88' lang='lat' dir='ltr'><strong>vitate,</strong></span> <span class='ocrx_word' id='word_1_342' title='bbox 813 3025 1037 3078; x_wconf 90' lang='lat' dir='ltr'><strong>verbnm</strong></span> <span class='ocrx_word' id='word_1_343' title='bbox 1069 3037 1262 3077; x_wconf 88' lang='lat' dir='ltr'><strong>sanum</strong></span> <span class='ocrx_word' id='word_1_344' title='bbox 1283 3064 1297 3088; x_wconf 95' lang='lat'><strong>,</strong></span> <span class='ocrx_word' id='word_1_345' title='bbox 1330 3021 1811 3091; x_wconf 90' lang='lat' dir='ltr'><strong>irrcprehensibile</strong></span> <span class='ocrx_word' id='word_1_346' title='bbox 1842 3041 1854 3076; x_wconf 90' lang='lat'>:</span> <span class='ocrx_word' id='word_1_347' title='bbox 1891 3031 1949 3077; x_wconf 94' lang='lat' dir='ltr'><strong>ut</strong></span> <span class='ocrx_word' id='word_1_348' title='bbox 1977 3021 2056 3088; x_wconf 92' lang='lat' dir='ltr'><strong>is,</strong></span> <span class='ocrx_word' id='word_1_349' title='bbox 2089 3021 2180 3093; x_wconf 91' lang='lat' dir='ltr'><strong>qui</strong></span> 
     </span>
    </p>
   </div>
   <div class='ocr_carea' id='block_1_47' title="bbox 570 3114 2181 3186">
    <p class='ocr_par' dir='ltr' id='par_1_47' title="bbox 570 3114 2181 3186">
     <span class='ocr_line' id='line_1_47' title="bbox 570 3114 2181 3186; baseline 0.001 -15"><span class='ocrx_word' id='word_1_350' title='bbox 570 3129 638 3171; x_wconf 81' lang='lat' dir='ltr'><strong>ex</strong></span> <span class='ocrx_word' id='word_1_351' title='bbox 665 3115 896 3171; x_wconf 87' lang='lat' dir='ltr'><strong>adverso</strong></span> <span class='ocrx_word' id='word_1_352' title='bbox 925 3125 1028 3181; x_wconf 90' lang='lat' dir='ltr'><strong>est,</strong></span> <span class='ocrx_word' id='word_1_353' title='bbox 1057 3123 1332 3186; x_wconf 87' lang='lat' dir='ltr'><strong>vereatur,</strong></span> <span class='ocrx_word' id='word_1_354' title='bbox 1363 3115 1492 3171; x_wconf 90' lang='lat' dir='ltr'><strong>nihil</strong></span> <span class='ocrx_word' id='word_1_355' title='bbox 1533 3115 1740 3172; x_wconf 88' lang='lat' dir='ltr'><strong>habens</strong></span> <span class='ocrx_word' id='word_1_356' title='bbox 1772 3115 1973 3171; x_wconf 90' lang='lat' dir='ltr'><strong>malum</strong></span> <span class='ocrx_word' id='word_1_357' title='bbox 1997 3114 2181 3172; x_wconf 85' lang='lat' dir='ltr'><strong>dicere</strong></span> 
     </span>
    </p>
   </div>
   <div class='ocr_carea' id='block_1_48' title="bbox 2279 1901 3890 1976">
    <p class='ocr_par' dir='ltr' id='par_1_48' title="bbox 2279 1901 3890 1976">
     <span class='ocr_line' id='line_1_48' title="bbox 2279 1901 3890 1976; baseline 0.003 -20"><span class='ocrx_word' id='word_1_358' title='bbox 2279 1901 2517 1958; x_wconf 87' lang='lat' dir='ltr'><strong>eundum</strong></span> <span class='ocrx_word' id='word_1_359' title='bbox 2546 1918 2699 1958; x_wconf 90' lang='lat' dir='ltr'><strong>suam</strong></span> <span class='ocrx_word' id='word_1_360' title='bbox 2742 1903 3173 1961; x_wconf 89' lang='lat' dir='ltr'><strong>misericordiam</strong></span> <span class='ocrx_word' id='word_1_361' title='bbox 3205 1904 3388 1961; x_wconf 89' lang='lat' dir='ltr'><strong>salvos</strong></span> <span class='ocrx_word' id='word_1_362' title='bbox 3441 1921 3538 1960; x_wconf 87' lang='lat' dir='ltr'><strong>nos</strong></span> <span class='ocrx_word' id='word_1_363' title='bbox 3590 1905 3740 1970; x_wconf 86' lang='lat' dir='ltr'><strong>fecit,</strong></span> <span class='ocrx_word' id='word_1_364' title='bbox 3794 1920 3890 1976; x_wconf 87' lang='lat' dir='ltr'><strong>per</strong></span> 
     </span>
    </p>
   </div>
   <div class='ocr_carea' id='block_1_49' title="bbox 2284 1995 3891 2068">
    <p class='ocr_par' dir='ltr' id='par_1_49' title="bbox 2284 1995 3891 2068">
     <span class='ocr_line' id='line_1_49' title="bbox 2284 1995 3891 2068; baseline 0.003 -20"><span class='ocrx_word' id='word_1_365' title='bbox 2284 1995 2556 2050; x_wconf 86' lang='lat' dir='ltr'><strong>lavacrum</strong></span> <span class='ocrx_word' id='word_1_366' title='bbox 2613 1997 3042 2067; x_wconf 83' lang='lat' dir='ltr'><strong>regenerationis</strong></span> <span class='ocrx_word' id='word_1_367' title='bbox 3097 2006 3154 2054; x_wconf 91' lang='lat' dir='ltr'><strong>et</strong></span> <span class='ocrx_word' id='word_1_368' title='bbox 3222 1997 3596 2053; x_wconf 88' lang='lat' dir='ltr'><strong>renovationis</strong></span> <span class='ocrx_word' id='word_1_369' title='bbox 3649 1997 3891 2068; x_wconf 88' lang='lat' dir='ltr'><strong>Spiritus</strong></span> 
     </span>
    </p>
   </div>
   <div class='ocr_carea' id='block_1_50' title="bbox 2283 2089 3889 2160">
    <p class='ocr_par' dir='ltr' id='par_1_50' title="bbox 2283 2089 3889 2160">
     <span class='ocr_line' id='line_1_50' title="bbox 2283 2089 3889 2160; baseline 0.002 -18"><span class='ocrx_word' id='word_1_370' title='bbox 2283 2089 2478 2150; x_wconf 90' lang='lat' dir='ltr'><strong>sancti,</strong></span> <span class='ocrx_word' id='word_1_371' title='bbox 2504 2104 2663 2158; x_wconf 87' lang='lat' dir='ltr'><strong>quem</strong></span> <span class='ocrx_word' id='word_1_372' title='bbox 2691 2089 2884 2145; x_wconf 78' lang='lat' dir='ltr'><strong>effudit</strong></span> <span class='ocrx_word' id='word_1_373' title='bbox 2911 2090 2965 2144; x_wconf 92' lang='lat' dir='ltr'><strong>in</strong></span> <span class='ocrx_word' id='word_1_374' title='bbox 3013 2105 3112 2143; x_wconf 89' lang='lat' dir='ltr'><strong>nos</strong></span> <span class='ocrx_word' id='word_1_375' title='bbox 3138 2089 3359 2146; x_wconf 89' lang='lat' dir='ltr'><strong>abunde</strong></span> <span class='ocrx_word' id='word_1_376' title='bbox 3397 2105 3492 2160; x_wconf 88' lang='lat' dir='ltr'><strong>per</strong></span> <span class='ocrx_word' id='word_1_377' title='bbox 3511 2090 3700 2147; x_wconf 89' lang='lat' dir='ltr'><strong>Jesum</strong></span> <span class='ocrx_word' id='word_1_378' title='bbox 3727 2089 3889 2147; x_wconf 91' lang='lat' dir='ltr'><strong>Chri-</strong></span> 
     </span>
    </p>
   </div>
   <div class='ocr_carea' id='block_1_51' title="bbox 2282 2181 3886 2255">
    <p class='ocr_par' dir='ltr' id='par_1_51' title="bbox 2282 2181 3886 2255">
     <span class='ocr_line' id='line_1_51' title="bbox 2282 2181 3886 2255; baseline 0.003 -21"><span class='ocrx_word' id='word_1_379' title='bbox 2282 2189 2423 2235; x_wconf 92' lang='lat' dir='ltr'><strong>stum</strong></span> <span class='ocrx_word' id='word_1_380' title='bbox 2445 2181 2788 2238; x_wconf 86' lang='lat' dir='ltr'><strong>Salvatorem</strong></span> <span class='ocrx_word' id='word_1_381' title='bbox 2814 2191 3090 2238; x_wconf 88' lang='lat' dir='ltr'><strong>nostrum:</strong></span> <span class='ocrx_word' id='word_1_382' title='bbox 3117 2191 3173 2236; x_wconf 90' lang='lat' dir='ltr'><strong>ut</strong></span> <span class='ocrx_word' id='word_1_383' title='bbox 3196 2182 3476 2253; x_wconf 72' lang='lat' dir='ltr'><strong>iustificati</strong></span> <span class='ocrx_word' id='word_1_384' title='bbox 3497 2183 3673 2255; x_wconf 90' lang='lat' dir='ltr'><strong>gratia</strong></span> <span class='ocrx_word' id='word_1_385' title='bbox 3695 2184 3886 2255; x_wconf 85' lang='lat' dir='ltr'><strong>ipsius,</strong></span> 
     </span>
    </p>
   </div>
   <div class='ocr_carea' id='block_1_52' title="bbox 2285 2273 3889 2345">
    <p class='ocr_par' dir='ltr' id='par_1_52' title="bbox 2285 2273 3889 2345">
     <span class='ocr_line' id='line_1_52' title="bbox 2285 2273 3889 2345; baseline 0.002 -17"><span class='ocrx_word' id='word_1_386' title='bbox 2285 2273 2532 2329; x_wconf 70' lang='lat' dir='ltr'><strong>bmredcs</strong></span> <span class='ocrx_word' id='word_1_387' title='bbox 2570 2275 2741 2330; x_wconf 89' lang='lat' dir='ltr'><strong>simus</strong></span> <span class='ocrx_word' id='word_1_388' title='bbox 2773 2275 3070 2331; x_wconf 90' lang='lat' dir='ltr'><strong>secundum</strong></span> <span class='ocrx_word' id='word_1_389' title='bbox 3104 2290 3255 2345; x_wconf 90' lang='lat' dir='ltr'><strong>spem</strong></span> <span class='ocrx_word' id='word_1_390' title='bbox 3278 2274 3306 2314; x_wconf 68' lang='grc' dir='ltr'>δ</span> <span class='ocrx_word' id='word_1_391' title='bbox 3328 2275 3432 2331; x_wconf 72' lang='lat' dir='ltr'><strong>vite</strong></span> <span class='ocrx_word' id='word_1_392' title='bbox 3461 2286 3702 2332; x_wconf 73' lang='lat' dir='ltr'><strong>azternae.</strong></span> <span class='ocrx_word' id='word_1_393' title='bbox 3723 2276 3889 2332; x_wconf 82' lang='lat' dir='ltr'><strong>Fide-</strong></span> 
     </span>
    </p>
   </div>
   <div class='ocr_carea' id='block_1_53' title="bbox 2287 2368 3886 2438">
    <p class='ocr_par' dir='ltr' id='par_1_53' title="bbox 2287 2368 3886 2438">
     <span class='ocr_line' id='line_1_53' title="bbox 2287 2368 3886 2438; baseline 0.003 -16"><span class='ocrx_word' id='word_1_394' title='bbox 2287 2368 2354 2423; x_wconf 92' lang='lat' dir='ltr'><strong>lis</strong></span> <span class='ocrx_word' id='word_1_395' title='bbox 2375 2384 2556 2426; x_wconf 89' lang='lat' dir='ltr'><strong>sermo</strong></span> <span class='ocrx_word' id='word_1_396' title='bbox 2587 2379 2674 2424; x_wconf 85' lang='lat' dir='ltr'><strong>est</strong></span> <span class='ocrx_word' id='word_1_397' title='bbox 2698 2387 2710 2423; x_wconf 88' lang='lat'><strong>:</strong></span> <span class='ocrx_word' id='word_1_398' title='bbox 2741 2380 2795 2425; x_wconf 89' lang='lat' dir='ltr'><strong>et</strong></span> <span class='ocrx_word' id='word_1_399' title='bbox 2820 2369 2887 2425; x_wconf 91' lang='lat' dir='ltr'><strong>de</strong></span> <span class='ocrx_word' id='word_1_400' title='bbox 2913 2370 2996 2424; x_wconf 91' lang='lat' dir='ltr'><strong>his</strong></span> <span class='ocrx_word' id='word_1_401' title='bbox 3023 2370 3146 2425; x_wconf 89' lang='lat' dir='ltr'><strong>volo</strong></span> <span class='ocrx_word' id='word_1_402' title='bbox 3170 2378 3220 2425; x_wconf 92' lang='lat' dir='ltr'><strong>te</strong></span> <span class='ocrx_word' id='word_1_403' title='bbox 3239 2369 3584 2438; x_wconf 89' lang='lat' dir='ltr'><strong>confirmare,</strong></span> <span class='ocrx_word' id='word_1_404' title='bbox 3613 2379 3672 2426; x_wconf 94' lang='lat' dir='ltr'><strong>ut</strong></span> <span class='ocrx_word' id='word_1_405' title='bbox 3693 2379 3886 2427; x_wconf 90' lang='lat' dir='ltr'><strong>curent</strong></span> 
     </span>
    </p>
   </div>
   <div class='ocr_carea' id='block_1_54' title="bbox 2282 2461 3889 2533">
    <p class='ocr_par' dir='ltr' id='par_1_54' title="bbox 2282 2461 3889 2533">
     <span class='ocr_line' id='line_1_54' title="bbox 2282 2461 3889 2533; baseline 0.001 -15"><span class='ocrx_word' id='word_1_406' title='bbox 2282 2461 2438 2518; x_wconf 78' lang='lat' dir='ltr'><strong>bonis</strong></span> <span class='ocrx_word' id='word_1_407' title='bbox 2466 2463 2720 2532; x_wconf 88' lang='lat' dir='ltr'><strong>operibus</strong></span> <span class='ocrx_word' id='word_1_408' title='bbox 2753 2477 2990 2532; x_wconf 66' lang='lat' dir='ltr'><strong>praeesse</strong></span> <span class='ocrx_word' id='word_1_409' title='bbox 3019 2461 3112 2533; x_wconf 91' lang='lat' dir='ltr'><strong>qui</strong></span> <span class='ocrx_word' id='word_1_410' title='bbox 3156 2462 3391 2518; x_wconf 89' lang='lat' dir='ltr'><strong>credunt</strong></span> <span class='ocrx_word' id='word_1_411' title='bbox 3438 2463 3570 2518; x_wconf 91' lang='lat' dir='ltr'><strong>Deo.</strong></span> <span class='ocrx_word' id='word_1_412' title='bbox 3603 2461 3729 2518; x_wconf 66' lang='lat' dir='ltr'><strong>Haec</strong></span> <span class='ocrx_word' id='word_1_413' title='bbox 3761 2472 3889 2519; x_wconf 88' lang='lat' dir='ltr'><strong>sunt</strong></span> 
     </span>
    </p>
   </div>
   <div class='ocr_carea' id='block_1_55' title="bbox 2284 2556 3887 2629">
    <p class='ocr_par' dir='ltr' id='par_1_55' title="bbox 2284 2556 3887 2629">
     <span class='ocr_line' id='line_1_55' title="bbox 2284 2556 3887 2629; baseline 0.001 -17"><span class='ocrx_word' id='word_1_414' title='bbox 2284 2556 2422 2612; x_wconf 88' lang='lat' dir='ltr'><strong>bona</strong></span> <span class='ocrx_word' id='word_1_415' title='bbox 2452 2565 2505 2612; x_wconf 89' lang='lat' dir='ltr'><strong>et</strong></span> <span class='ocrx_word' id='word_1_416' title='bbox 2539 2557 2689 2612; x_wconf 87' lang='lat' dir='ltr'><strong>utilia</strong></span> <span class='ocrx_word' id='word_1_417' title='bbox 2714 2558 3044 2613; x_wconf 87' lang='lat' dir='ltr'><strong>hominibus.</strong></span> <span class='ocrx_word' id='word_1_418' title='bbox 3071 2557 3278 2614; x_wconf 87' lang='lat' dir='ltr'><strong>Stultas</strong></span> <span class='ocrx_word' id='word_1_419' title='bbox 3313 2567 3494 2613; x_wconf 89' lang='lat' dir='ltr'><strong>autem</strong></span> <span class='ocrx_word' id='word_1_420' title='bbox 3525 2557 3887 2629; x_wconf 67' lang='lat' dir='ltr'><strong>quaastiones,</strong></span> 
     </span>
    </p>
   </div>
   <div class='ocr_carea' id='block_1_56' title="bbox 2283 2649 3893 2724">
    <p class='ocr_par' dir='ltr' id='par_1_56' title="bbox 2283 2649 3893 2724">
     <span class='ocr_line' id='line_1_56' title="bbox 2283 2649 3893 2724; baseline 0.002 -19"><span class='ocrx_word' id='word_1_421' title='bbox 2283 2658 2340 2705; x_wconf 89' lang='lat' dir='ltr'><strong>et</strong></span> <span class='ocrx_word' id='word_1_422' title='bbox 2375 2649 2747 2722; x_wconf 87' lang='lat' dir='ltr'><strong>genealogias,</strong></span> <span class='ocrx_word' id='word_1_423' title='bbox 2776 2661 2829 2706; x_wconf 90' lang='lat' dir='ltr'><strong>et</strong></span> <span class='ocrx_word' id='word_1_424' title='bbox 2879 2652 3285 2720; x_wconf 87' lang='lat' dir='ltr'><strong>contentiones,</strong></span> <span class='ocrx_word' id='word_1_425' title='bbox 3318 2661 3371 2707; x_wconf 90' lang='lat' dir='ltr'><strong>et</strong></span> <span class='ocrx_word' id='word_1_426' title='bbox 3399 2667 3604 2723; x_wconf 85' lang='lat' dir='ltr'><strong>pugnas</strong></span> <span class='ocrx_word' id='word_1_427' title='bbox 3633 2651 3774 2724; x_wconf 82' lang='lat' dir='ltr'><strong>legis</strong></span> <span class='ocrx_word' id='word_1_428' title='bbox 3801 2651 3893 2708; x_wconf 80' lang='lat' dir='ltr'><strong>de-</strong></span> 
     </span>
    </p>
   </div>
   <div class='ocr_carea' id='block_1_57' title="bbox 2281 2741 3891 2812">
    <p class='ocr_par' dir='ltr' id='par_1_57' title="bbox 2281 2741 3891 2812">
     <span class='ocr_line' id='line_1_57' title="bbox 2281 2741 3891 2812; baseline 0.001 -16"><span class='ocrx_word' id='word_1_429' title='bbox 2281 2743 2415 2812; x_wconf 87' lang='lat' dir='ltr'><strong>vita,</strong></span> <span class='ocrx_word' id='word_1_430' title='bbox 2446 2750 2574 2797; x_wconf 90' lang='lat' dir='ltr'><strong>sunt</strong></span> <span class='ocrx_word' id='word_1_431' title='bbox 2599 2741 2744 2799; x_wconf 83' lang='lat' dir='ltr'><strong>enim</strong></span> <span class='ocrx_word' id='word_1_432' title='bbox 2776 2743 3014 2808; x_wconf 90' lang='lat' dir='ltr'><strong>inutiles,</strong></span> <span class='ocrx_word' id='word_1_433' title='bbox 3047 2752 3103 2798; x_wconf 92' lang='lat' dir='ltr'><strong>et</strong></span> <span class='ocrx_word' id='word_1_434' title='bbox 3132 2757 3309 2798; x_wconf 69' lang='lat' dir='ltr'><strong>vanae.</strong></span> <span class='ocrx_word' id='word_1_435' title='bbox 3339 2743 3666 2799; x_wconf 67' lang='lat' dir='ltr'><strong>llmreticum</strong></span> <span class='ocrx_word' id='word_1_436' title='bbox 3709 2742 3891 2798; x_wconf 81' lang='lat' dir='ltr'><strong>homi-</strong></span> 
     </span>
    </p>
   </div>
   <div class='ocr_carea' id='block_1_58' title="bbox 2286 2834 3889 2906">
    <p class='ocr_par' dir='ltr' id='par_1_58' title="bbox 2286 2834 3889 2906">
     <span class='ocr_line' id='line_1_58' title="bbox 2286 2834 3889 2906; baseline 0.001 -18"><span class='ocrx_word' id='word_1_437' title='bbox 2286 2849 2432 2900; x_wconf 84' lang='lat' dir='ltr'><strong>nem,</strong></span> <span class='ocrx_word' id='word_1_438' title='bbox 2462 2843 2584 2905; x_wconf 88' lang='lat' dir='ltr'><strong>post</strong></span> <span class='ocrx_word' id='word_1_439' title='bbox 2618 2850 2777 2889; x_wconf 88' lang='lat' dir='ltr'><strong>unam</strong></span> <span class='ocrx_word' id='word_1_440' title='bbox 2813 2843 2868 2890; x_wconf 89' lang='lat' dir='ltr'><strong>et</strong></span> <span class='ocrx_word' id='word_1_441' title='bbox 2892 2834 3188 2890; x_wconf 70' lang='lat' dir='ltr'><strong>secundum</strong></span> <span class='ocrx_word' id='word_1_442' title='bbox 3228 2836 3631 2906; x_wconf 78' lang='lat' dir='ltr'><strong>correptionem</strong></span> <span class='ocrx_word' id='word_1_443' title='bbox 3662 2834 3847 2891; x_wconf 91' lang='lat' dir='ltr'><strong>devita</strong></span> <span class='ocrx_word' id='word_1_444' title='bbox 3876 2852 3889 2890; x_wconf 91' lang='lat'><strong>:</strong></span> 
     </span>
    </p>
   </div>
   <div class='ocr_carea' id='block_1_59' title="bbox 2285 2923 3892 2998">
    <p class='ocr_par' dir='ltr' id='par_1_59' title="bbox 2285 2923 3892 2998">
     <span class='ocr_line' id='line_1_59' title="bbox 2285 2923 3892 2998; baseline 0.003 -19"><span class='ocrx_word' id='word_1_445' title='bbox 2285 2927 2467 2982; x_wconf 89' lang='lat' dir='ltr'><strong>sciens</strong></span> <span class='ocrx_word' id='word_1_446' title='bbox 2499 2927 2625 2998; x_wconf 93' lang='lat' dir='ltr'><strong>quia</strong></span> <span class='ocrx_word' id='word_1_447' title='bbox 2657 2927 2956 2982; x_wconf 88' lang='lat' dir='ltr'><strong>subversus</strong></span> <span class='ocrx_word' id='word_1_448' title='bbox 2987 2936 3100 2994; x_wconf 90' lang='lat' dir='ltr'><strong>est,</strong></span> <span class='ocrx_word' id='word_1_449' title='bbox 3134 2923 3224 2996; x_wconf 88' lang='lat' dir='ltr'><strong>qui</strong></span> <span class='ocrx_word' id='word_1_450' title='bbox 3257 2925 3524 2996; x_wconf 87' lang='lat' dir='ltr'><strong>ejusmodi</strong></span> <span class='ocrx_word' id='word_1_451' title='bbox 3555 2936 3640 2982; x_wconf 91' lang='lat' dir='ltr'><strong>est</strong></span> <span class='ocrx_word' id='word_1_452' title='bbox 3661 2971 3675 2995; x_wconf 94' lang='lat'><strong>,</strong></span> <span class='ocrx_word' id='word_1_453' title='bbox 3709 2938 3768 2985; x_wconf 92' lang='lat' dir='ltr'><strong>et</strong></span> <span class='ocrx_word' id='word_1_454' title='bbox 3800 2928 3892 2984; x_wconf 89' lang='lat' dir='ltr'><strong>de-</strong></span> 
     </span>
    </p>
   </div>
   <div class='ocr_carea' id='block_1_60' title="bbox 2286 3019 3888 3090">
    <p class='ocr_par' dir='ltr' id='par_1_60' title="bbox 2286 3019 3888 3090">
     <span class='ocr_line' id='line_1_60' title="bbox 2286 3019 3888 3090; baseline 0.002 -17"><span class='ocrx_word' id='word_1_455' title='bbox 2286 3019 2514 3090; x_wconf 90' lang='lat' dir='ltr'><strong>linquit,</strong></span> <span class='ocrx_word' id='word_1_456' title='bbox 2548 3035 2669 3076; x_wconf 91' lang='lat' dir='ltr'><strong>cum</strong></span> <span class='ocrx_word' id='word_1_457' title='bbox 2698 3019 2771 3074; x_wconf 92' lang='lat' dir='ltr'><strong>sit</strong></span> <span class='ocrx_word' id='word_1_458' title='bbox 2808 3020 3029 3090; x_wconf 89' lang='lat' dir='ltr'><strong>proprio</strong></span> <span class='ocrx_word' id='word_1_459' title='bbox 3064 3019 3272 3090; x_wconf 87' lang='lat' dir='ltr'><strong>judicio</strong></span> <span class='ocrx_word' id='word_1_460' title='bbox 3307 3020 3722 3076; x_wconf 83' lang='lat' dir='ltr'><strong>condemnatus.</strong></span> <span class='ocrx_word' id='word_1_461' title='bbox 3748 3021 3888 3076; x_wconf 85' lang='lat' dir='ltr'><strong>Cum</strong></span> 
     </span>
    </p>
   </div>
   <div class='ocr_carea' id='block_1_61' title="bbox 2287 3111 3894 3186">
    <p class='ocr_par' dir='ltr' id='par_1_61' title="bbox 2287 3111 3894 3186">
     <span class='ocr_line' id='line_1_61' title="bbox 2287 3111 3894 3186; baseline 0.002 -20"><span class='ocrx_word' id='word_1_462' title='bbox 2287 3113 2488 3168; x_wconf 86' lang='lat' dir='ltr'><strong>misero</strong></span> <span class='ocrx_word' id='word_1_463' title='bbox 2508 3113 2573 3166; x_wconf 89' lang='lat' dir='ltr'><strong>ad</strong></span> <span class='ocrx_word' id='word_1_464' title='bbox 2608 3121 2661 3168; x_wconf 90' lang='lat' dir='ltr'><strong>te</strong></span> <span class='ocrx_word' id='word_1_465' title='bbox 2689 3111 2989 3178; x_wconf 88' lang='lat' dir='ltr'><strong>Artemam,</strong></span> <span class='ocrx_word' id='word_1_466' title='bbox 3021 3124 3114 3168; x_wconf 90' lang='lat' dir='ltr'><strong>aut</strong></span> <span class='ocrx_word' id='word_1_467' title='bbox 3135 3113 3454 3186; x_wconf 84' lang='lat' dir='ltr'><strong>Tychicum,</strong></span> <span class='ocrx_word' id='word_1_468' title='bbox 3481 3112 3678 3169; x_wconf 83' lang='lat' dir='ltr'><strong>festina</strong></span> <span class='ocrx_word' id='word_1_469' title='bbox 3705 3112 3776 3168; x_wconf 87' lang='lat' dir='ltr'><strong>ad</strong></span> <span class='ocrx_word' id='word_1_470' title='bbox 3807 3129 3894 3169; x_wconf 86' lang='lat' dir='ltr'><strong>me</strong></span> 
     </span>
    </p>
   </div>
   <div class='ocr_carea' id='block_1_62' title="bbox 567 3203 3888 3277">
    <p class='ocr_par' dir='ltr' id='par_1_62' title="bbox 567 3203 3888 3277">
     <span class='ocr_line' id='line_1_62' title="bbox 567 3203 3888 3277; baseline -0.001 -14"><span class='ocrx_word' id='word_1_471' title='bbox 567 3208 635 3263; x_wconf 88' lang='lat' dir='ltr'><strong>de</strong></span> <span class='ocrx_word' id='word_1_472' title='bbox 660 3207 838 3263; x_wconf 90' lang='lat' dir='ltr'><strong>nobis.</strong></span> <span class='ocrx_word' id='word_1_473' title='bbox 866 3205 1072 3263; x_wconf 86' lang='lat' dir='ltr'><strong>Servos</strong></span> <span class='ocrx_word' id='word_1_474' title='bbox 1109 3207 1346 3263; x_wconf 91' lang='lat' dir='ltr'><strong>dominis</strong></span> <span class='ocrx_word' id='word_1_475' title='bbox 1372 3208 1486 3264; x_wconf 86' lang='lat' dir='ltr'><strong>suis</strong></span> <span class='ocrx_word' id='word_1_476' title='bbox 1526 3207 1772 3263; x_wconf 91' lang='lat' dir='ltr'><strong>subditos</strong></span> <span class='ocrx_word' id='word_1_477' title='bbox 1799 3223 1944 3275; x_wconf 91' lang='lat' dir='ltr'><strong>esse,</strong></span> <span class='ocrx_word' id='word_1_478' title='bbox 1976 3208 2030 3263; x_wconf 91' lang='lat' dir='ltr'><strong>in</strong></span> <span class='ocrx_word' id='word_1_479' title='bbox 2059 3223 2174 3264; x_wconf 85' lang='lat' dir='ltr'><strong>om-</strong></span> <span class='ocrx_word' id='word_1_480' title='bbox 2203 3213 2250 3275; x_wconf 69' lang='grc' dir='ltr'>ο</span> <span class='ocrx_word' id='word_1_481' title='bbox 2285 3205 2470 3259; x_wconf 84' lang='lat' dir='ltr'><strong>venire</strong></span> <span class='ocrx_word' id='word_1_482' title='bbox 2501 3203 2807 3276; x_wconf 86' lang='lat' dir='ltr'><strong>Nicepolim</strong></span> <span class='ocrx_word' id='word_1_483' title='bbox 2833 3221 2850 3260; x_wconf 86' lang='lat'><strong>:</strong></span> <span class='ocrx_word' id='word_1_484' title='bbox 2883 3205 2954 3260; x_wconf 93' lang='lat' dir='ltr'><strong>ibi</strong></span> <span class='ocrx_word' id='word_1_485' title='bbox 2989 3209 3132 3261; x_wconf 89' lang='lat' dir='ltr'><strong>enim</strong></span> <span class='ocrx_word' id='word_1_486' title='bbox 3164 3206 3330 3262; x_wconf 88' lang='lat' dir='ltr'><strong>statui</strong></span> <span class='ocrx_word' id='word_1_487' title='bbox 3353 3207 3636 3277; x_wconf 84' lang='lat' dir='ltr'><strong>hyemare.</strong></span> <span class='ocrx_word' id='word_1_488' title='bbox 3676 3205 3888 3262; x_wconf 87' lang='lat' dir='ltr'><strong>Zenam</strong></span> 
     </span>
    </p>
   </div>
   <div class='ocr_carea' id='block_1_63' title="bbox 567 3298 2168 3372">
    <p class='ocr_par' dir='ltr' id='par_1_63' title="bbox 567 3298 2168 3372">
     <span class='ocr_line' id='line_1_63' title="bbox 567 3298 2168 3372; baseline 0.002 -16"><span class='ocrx_word' id='word_1_489' title='bbox 567 3298 729 3356; x_wconf 91' lang='lat' dir='ltr'><strong>nibus</strong></span> <span class='ocrx_word' id='word_1_490' title='bbox 751 3300 1056 3371; x_wconf 89' lang='lat' dir='ltr'><strong>placentes,</strong></span> <span class='ocrx_word' id='word_1_491' title='bbox 1075 3317 1184 3358; x_wconf 93' lang='lat' dir='ltr'><strong>non</strong></span> <span class='ocrx_word' id='word_1_492' title='bbox 1211 3302 1674 3370; x_wconf 85' lang='lat' dir='ltr'><strong>contradicentes,</strong></span> <span class='ocrx_word' id='word_1_493' title='bbox 1700 3318 1807 3358; x_wconf 92' lang='lat' dir='ltr'><strong>non</strong></span> <span class='ocrx_word' id='word_1_494' title='bbox 1832 3302 2168 3372; x_wconf 88' lang='lat' dir='ltr'><strong>fraudantes,</strong></span> 
     </span>
    </p>
   </div>
   <div class='ocr_carea' id='block_1_64' title="bbox 570 3392 2170 3454">
    <p class='ocr_par' dir='ltr' id='par_1_64' title="bbox 570 3392 2170 3454">
     <span class='ocr_line' id='line_1_64' title="bbox 570 3392 2170 3454; baseline 0.003 -6"><span class='ocrx_word' id='word_1_495' title='bbox 570 3392 669 3448; x_wconf 85' lang='lat' dir='ltr'><strong>sed</strong></span> <span class='ocrx_word' id='word_1_496' title='bbox 698 3394 750 3448; x_wconf 92' lang='lat' dir='ltr'><strong>in</strong></span> <span class='ocrx_word' id='word_1_497' title='bbox 775 3394 1028 3451; x_wconf 90' lang='lat' dir='ltr'><strong>omnibus</strong></span> <span class='ocrx_word' id='word_1_498' title='bbox 1055 3394 1219 3452; x_wconf 88' lang='lat' dir='ltr'><strong>fidem</strong></span> <span class='ocrx_word' id='word_1_499' title='bbox 1249 3397 1444 3452; x_wconf 88' lang='lat' dir='ltr'><strong>bonam</strong></span> <span class='ocrx_word' id='word_1_500' title='bbox 1474 3396 1857 3453; x_wconf 85' lang='lat' dir='ltr'><strong>ostendentes:</strong></span> <span class='ocrx_word' id='word_1_501' title='bbox 1883 3407 1943 3452; x_wconf 92' lang='lat' dir='ltr'><strong>ut</strong></span> <span class='ocrx_word' id='word_1_502' title='bbox 1966 3397 2170 3454; x_wconf 87' lang='lat' dir='ltr'><strong>doctri-</strong></span> 
     </span>
    </p>
   </div>
   <div class='ocr_carea' id='block_1_65' title="bbox 570 3488 2170 3562">
    <p class='ocr_par' dir='ltr' id='par_1_65' title="bbox 570 3488 2170 3562">
     <span class='ocr_line' id='line_1_65' title="bbox 570 3488 2170 3562; baseline 0.003 -20"><span class='ocrx_word' id='word_1_503' title='bbox 570 3503 693 3543; x_wconf 88' lang='lat' dir='ltr'><strong>natn</strong></span> <span class='ocrx_word' id='word_1_504' title='bbox 726 3488 1022 3545; x_wconf 88' lang='lat' dir='ltr'><strong>Salvatoris</strong></span> <span class='ocrx_word' id='word_1_505' title='bbox 1053 3490 1226 3545; x_wconf 87' lang='lat' dir='ltr'><strong>nostri</strong></span> <span class='ocrx_word' id='word_1_506' title='bbox 1255 3489 1352 3546; x_wconf 89' lang='lat' dir='ltr'><strong>Dei</strong></span> <span class='ocrx_word' id='word_1_507' title='bbox 1379 3500 1576 3546; x_wconf 91' lang='lat' dir='ltr'><strong>ornent</strong></span> <span class='ocrx_word' id='word_1_508' title='bbox 1605 3492 1658 3546; x_wconf 93' lang='lat' dir='ltr'><strong>in</strong></span> <span class='ocrx_word' id='word_1_509' title='bbox 1689 3491 1962 3546; x_wconf 89' lang='lat' dir='ltr'><strong>omnibus.</strong></span> <span class='ocrx_word' id='word_1_510' title='bbox 1989 3491 2170 3562; x_wconf 87' lang='lat' dir='ltr'><strong>Appa-</strong></span> 
     </span>
    </p>
   </div>
   <div class='ocr_carea' id='block_1_66' title="bbox 571 3579 2172 3652">
    <p class='ocr_par' dir='ltr' id='par_1_66' title="bbox 571 3579 2172 3652">
     <span class='ocr_line' id='line_1_66' title="bbox 571 3579 2172 3652; baseline 0.002 -18"><span class='ocrx_word' id='word_1_511' title='bbox 571 3579 682 3636; x_wconf 86' lang='lat' dir='ltr'><strong>ruit</strong></span> <span class='ocrx_word' id='word_1_512' title='bbox 706 3581 848 3638; x_wconf 90' lang='lat' dir='ltr'><strong>enim</strong></span> <span class='ocrx_word' id='word_1_513' title='bbox 874 3582 1045 3652; x_wconf 86' lang='lat' dir='ltr'><strong>gratia</strong></span> <span class='ocrx_word' id='word_1_514' title='bbox 1074 3582 1168 3638; x_wconf 91' lang='lat' dir='ltr'><strong>Dei</strong></span> <span class='ocrx_word' id='word_1_515' title='bbox 1200 3582 1498 3640; x_wconf 84' lang='lat' dir='ltr'><strong>Salvatoris</strong></span> <span class='ocrx_word' id='word_1_516' title='bbox 1526 3584 1694 3639; x_wconf 91' lang='lat' dir='ltr'><strong>nostri</strong></span> <span class='ocrx_word' id='word_1_517' title='bbox 1718 3583 1967 3639; x_wconf 91' lang='lat' dir='ltr'><strong>omnibus</strong></span> <span class='ocrx_word' id='word_1_518' title='bbox 1995 3583 2172 3639; x_wconf 87' lang='lat' dir='ltr'><strong>homi-</strong></span> 
     </span>
    </p>
   </div>
   <div class='ocr_carea' id='block_1_67' title="bbox 570 3676 2173 3749">
    <p class='ocr_par' dir='ltr' id='par_1_67' title="bbox 570 3676 2173 3749">
     <span class='ocr_line' id='line_1_67' title="bbox 570 3676 2173 3749; baseline 0.001 -17"><span class='ocrx_word' id='word_1_519' title='bbox 570 3676 728 3733; x_wconf 89' lang='lat' dir='ltr'><strong>nibus</strong></span> <span class='ocrx_word' id='word_1_520' title='bbox 755 3718 771 3745; x_wconf 95' lang='lat'><strong>,</strong></span> <span class='ocrx_word' id='word_1_521' title='bbox 803 3678 1060 3734; x_wconf 88' lang='lat' dir='ltr'><strong>erudiens</strong></span> <span class='ocrx_word' id='word_1_522' title='bbox 1087 3693 1218 3744; x_wconf 88' lang='lat' dir='ltr'><strong>nos,</strong></span> <span class='ocrx_word' id='word_1_523' title='bbox 1251 3688 1308 3733; x_wconf 92' lang='lat' dir='ltr'><strong>ut</strong></span> <span class='ocrx_word' id='word_1_524' title='bbox 1333 3677 1667 3749; x_wconf 89' lang='lat' dir='ltr'><strong>abnegantes</strong></span> <span class='ocrx_word' id='word_1_525' title='bbox 1706 3677 2039 3745; x_wconf 87' lang='lat' dir='ltr'><strong>impietatem</strong></span> <span class='ocrx_word' id='word_1_526' title='bbox 2067 3719 2081 3744; x_wconf 93' lang='lat'><strong>,</strong></span> <span class='ocrx_word' id='word_1_527' title='bbox 2116 3686 2173 3734; x_wconf 90' lang='lat' dir='ltr'><strong>et</strong></span> 
     </span>
    </p>
   </div>
   <div class='ocr_carea' id='block_1_68' title="bbox 564 3769 2173 3842">
    <p class='ocr_par' dir='ltr' id='par_1_68' title="bbox 564 3769 2173 3842">
     <span class='ocr_line' id='line_1_68' title="bbox 564 3769 2173 3842; baseline 0.001 -19"><span class='ocrx_word' id='word_1_528' title='bbox 564 3769 852 3826; x_wconf 84' lang='lat' dir='ltr'><strong>saecularia</strong></span> <span class='ocrx_word' id='word_1_529' title='bbox 879 3769 1173 3840; x_wconf 88' lang='lat' dir='ltr'><strong>desideria,</strong></span> <span class='ocrx_word' id='word_1_530' title='bbox 1209 3770 1415 3842; x_wconf 91' lang='lat' dir='ltr'><strong>sobrie,</strong></span> <span class='ocrx_word' id='word_1_531' title='bbox 1447 3780 1502 3826; x_wconf 91' lang='lat' dir='ltr'><strong>et</strong></span> <span class='ocrx_word' id='word_1_532' title='bbox 1532 3771 1694 3841; x_wconf 82' lang='lat' dir='ltr'><strong>iuste,</strong></span> <span class='ocrx_word' id='word_1_533' title='bbox 1727 3778 1783 3827; x_wconf 85' lang='lat' dir='ltr'><strong>et</strong></span> <span class='ocrx_word' id='word_1_534' title='bbox 1812 3771 1900 3842; x_wconf 88' lang='lat' dir='ltr'><strong>pie</strong></span> <span class='ocrx_word' id='word_1_535' title='bbox 1930 3771 2173 3826; x_wconf 86' lang='lat' dir='ltr'><strong>vivamus</strong></span> 
     </span>
    </p>
   </div>
   <div class='ocr_carea' id='block_1_69' title="bbox 563 3863 2169 3937">
    <p class='ocr_par' dir='ltr' id='par_1_69' title="bbox 563 3863 2169 3937">
     <span class='ocr_line' id='line_1_69' title="bbox 563 3863 2169 3937; baseline -0.001 -18"><span class='ocrx_word' id='word_1_536' title='bbox 563 3863 618 3919; x_wconf 91' lang='lat' dir='ltr'><strong>in</strong></span> <span class='ocrx_word' id='word_1_537' title='bbox 646 3863 747 3921; x_wconf 91' lang='lat' dir='ltr'><strong>hoc</strong></span> <span class='ocrx_word' id='word_1_538' title='bbox 775 3863 999 3932; x_wconf 66' lang='lat' dir='ltr'><strong>saeculo,</strong></span> <span class='ocrx_word' id='word_1_539' title='bbox 1027 3873 1409 3937; x_wconf 81' lang='lat' dir='ltr'><strong>exspectantes</strong></span> <span class='ocrx_word' id='word_1_540' title='bbox 1435 3865 1651 3922; x_wconf 91' lang='lat' dir='ltr'><strong>beatam</strong></span> <span class='ocrx_word' id='word_1_541' title='bbox 1684 3879 1838 3937; x_wconf 89' lang='lat' dir='ltr'><strong>spem</strong></span> <span class='ocrx_word' id='word_1_542' title='bbox 1875 3872 1929 3921; x_wconf 89' lang='lat' dir='ltr'><strong>et</strong></span> <span class='ocrx_word' id='word_1_543' title='bbox 1965 3863 2169 3920; x_wconf 89' lang='lat' dir='ltr'><strong>adven-</strong></span> 
     </span>
    </p>
   </div>
   <div class='ocr_carea' id='block_1_70' title="bbox 2280 3297 3892 3371">
    <p class='ocr_par' dir='ltr' id='par_1_70' title="bbox 2280 3297 3892 3371">
     <span class='ocr_line' id='line_1_70' title="bbox 2280 3297 3892 3371; baseline 0.004 -20"><span class='ocrx_word' id='word_1_544' title='bbox 2280 3297 2650 3368; x_wconf 88' lang='lat' dir='ltr'><strong>legisperitutn</strong></span> <span class='ocrx_word' id='word_1_545' title='bbox 2698 3307 2751 3353; x_wconf 90' lang='lat' dir='ltr'><strong>et</strong></span> <span class='ocrx_word' id='word_1_546' title='bbox 2797 3297 2994 3370; x_wconf 85' lang='lat' dir='ltr'><strong>Apollo</strong></span> <span class='ocrx_word' id='word_1_547' title='bbox 3046 3299 3278 3356; x_wconf 85' lang='lat' dir='ltr'><strong>sollicite</strong></span> <span class='ocrx_word' id='word_1_548' title='bbox 3309 3300 3616 3371; x_wconf 64' lang='lat' dir='ltr'><strong>praemitte,</strong></span> <span class='ocrx_word' id='word_1_549' title='bbox 3645 3306 3706 3354; x_wconf 90' lang='lat' dir='ltr'><strong>ut</strong></span> <span class='ocrx_word' id='word_1_550' title='bbox 3746 3299 3892 3357; x_wconf 87' lang='lat' dir='ltr'><strong>nihil</strong></span> 
     </span>
    </p>
   </div>
   <div class='ocr_carea' id='block_1_71' title="bbox 2281 3390 3891 3462">
    <p class='ocr_par' dir='ltr' id='par_1_71' title="bbox 2281 3390 3891 3462">
     <span class='ocr_line' id='line_1_71' title="bbox 2281 3390 3891 3462; baseline 0.001 -16"><span class='ocrx_word' id='word_1_551' title='bbox 2281 3390 2386 3446; x_wconf 88' lang='lat' dir='ltr'><strong>illis</strong></span> <span class='ocrx_word' id='word_1_552' title='bbox 2432 3391 2591 3448; x_wconf 86' lang='lat' dir='ltr'><strong>desit.</strong></span> <span class='ocrx_word' id='word_1_553' title='bbox 2627 3392 2848 3447; x_wconf 87' lang='lat' dir='ltr'><strong>Discant</strong></span> <span class='ocrx_word' id='word_1_554' title='bbox 2889 3401 3068 3448; x_wconf 89' lang='lat' dir='ltr'><strong>autem</strong></span> <span class='ocrx_word' id='word_1_555' title='bbox 3119 3403 3174 3448; x_wconf 92' lang='lat' dir='ltr'><strong>et</strong></span> <span class='ocrx_word' id='word_1_556' title='bbox 3212 3393 3384 3449; x_wconf 88' lang='lat' dir='ltr'><strong>nostri</strong></span> <span class='ocrx_word' id='word_1_557' title='bbox 3427 3392 3584 3448; x_wconf 90' lang='lat' dir='ltr'><strong>bonis</strong></span> <span class='ocrx_word' id='word_1_558' title='bbox 3624 3392 3891 3462; x_wconf 86' lang='lat' dir='ltr'><strong>operibus</strong></span> 
     </span>
    </p>
   </div>
   <div class='ocr_carea' id='block_1_72' title="bbox 2281 3483 3886 3553">
    <p class='ocr_par' dir='ltr' id='par_1_72' title="bbox 2281 3483 3886 3553">
     <span class='ocr_line' id='line_1_72' title="bbox 2281 3483 3886 3553; baseline 0.001 -16"><span class='ocrx_word' id='word_1_559' title='bbox 2281 3499 2515 3553; x_wconf 67' lang='lat' dir='ltr'><strong>praeesse</strong></span> <span class='ocrx_word' id='word_1_560' title='bbox 2540 3485 2606 3540; x_wconf 90' lang='lat' dir='ltr'><strong>ad</strong></span> <span class='ocrx_word' id='word_1_561' title='bbox 2639 3500 2767 3540; x_wconf 92' lang='lat' dir='ltr'><strong>usus</strong></span> <span class='ocrx_word' id='word_1_562' title='bbox 2789 3485 3151 3551; x_wconf 87' lang='lat' dir='ltr'><strong>necessarios,</strong></span> <span class='ocrx_word' id='word_1_563' title='bbox 3172 3495 3231 3541; x_wconf 93' lang='lat' dir='ltr'><strong>ut</strong></span> <span class='ocrx_word' id='word_1_564' title='bbox 3256 3502 3362 3541; x_wconf 91' lang='lat' dir='ltr'><strong>non</strong></span> <span class='ocrx_word' id='word_1_565' title='bbox 3391 3486 3502 3541; x_wconf 87' lang='lat' dir='ltr'><strong>sint</strong></span> <span class='ocrx_word' id='word_1_566' title='bbox 3531 3483 3886 3542; x_wconf 79' lang='lat' dir='ltr'><strong>infructuosi.</strong></span> 
     </span>
    </p>
   </div>
   <div class='ocr_carea' id='block_1_73' title="bbox 2279 3577 3886 3651">
    <p class='ocr_par' dir='ltr' id='par_1_73' title="bbox 2279 3577 3886 3651">
     <span class='ocr_line' id='line_1_73' title="bbox 2279 3577 3886 3651; baseline 0 -17"><span class='ocrx_word' id='word_1_567' title='bbox 2279 3578 2530 3634; x_wconf 89' lang='lat' dir='ltr'><strong>Salutant</strong></span> <span class='ocrx_word' id='word_1_568' title='bbox 2561 3588 2612 3634; x_wconf 90' lang='lat' dir='ltr'><strong>te</strong></span> <span class='ocrx_word' id='word_1_569' title='bbox 2640 3581 2731 3651; x_wconf 91' lang='lat' dir='ltr'><strong>qui</strong></span> <span class='ocrx_word' id='word_1_570' title='bbox 2765 3596 2974 3636; x_wconf 90' lang='lat' dir='ltr'><strong>mecum</strong></span> <span class='ocrx_word' id='word_1_571' title='bbox 3009 3589 3135 3636; x_wconf 85' lang='lat' dir='ltr'><strong>sunt</strong></span> <span class='ocrx_word' id='word_1_572' title='bbox 3163 3594 3392 3636; x_wconf 91' lang='lat' dir='ltr'><strong>omnes:</strong></span> <span class='ocrx_word' id='word_1_573' title='bbox 3431 3579 3608 3639; x_wconf 75' lang='lat' dir='ltr'><strong>Saluta</strong></span> <span class='ocrx_word' id='word_1_574' title='bbox 3637 3593 3758 3647; x_wconf 90' lang='lat' dir='ltr'><strong>eos,</strong></span> <span class='ocrx_word' id='word_1_575' title='bbox 3790 3577 3886 3650; x_wconf 86' lang='lat' dir='ltr'><strong>qui</strong></span> 
     </span>
    </p>
   </div>
   <div class='ocr_carea' id='block_1_74' title="bbox 2279 3671 3887 3732">
    <p class='ocr_par' dir='ltr' id='par_1_74' title="bbox 2279 3671 3887 3732">
     <span class='ocr_line' id='line_1_74' title="bbox 2279 3671 3887 3732; baseline -0.001 -4"><span class='ocrx_word' id='word_1_576' title='bbox 2279 3689 2378 3728; x_wconf 90' lang='lat' dir='ltr'><strong>nos</strong></span> <span class='ocrx_word' id='word_1_577' title='bbox 2418 3683 2602 3730; x_wconf 90' lang='lat' dir='ltr'><strong>amant</strong></span> <span class='ocrx_word' id='word_1_578' title='bbox 2638 3674 2692 3730; x_wconf 89' lang='lat' dir='ltr'><strong>in</strong></span> <span class='ocrx_word' id='word_1_579' title='bbox 2729 3672 2858 3730; x_wconf 86' lang='lat' dir='ltr'><strong>fide.</strong></span> <span class='ocrx_word' id='word_1_580' title='bbox 2890 3673 3073 3731; x_wconf 87' lang='lat' dir='ltr'><strong>Gratia</strong></span> <span class='ocrx_word' id='word_1_581' title='bbox 3121 3674 3220 3732; x_wconf 89' lang='lat' dir='ltr'><strong>Dei</strong></span> <span class='ocrx_word' id='word_1_582' title='bbox 3248 3689 3373 3731; x_wconf 91' lang='lat' dir='ltr'><strong>cum</strong></span> <span class='ocrx_word' id='word_1_583' title='bbox 3416 3673 3669 3731; x_wconf 91' lang='lat' dir='ltr'><strong>omnibus</strong></span> <span class='ocrx_word' id='word_1_584' title='bbox 3700 3671 3887 3729; x_wconf 86' lang='lat' dir='ltr'><strong>vobis.</strong></span> 
     </span>
    </p>
   </div>
   <div class='ocr_carea' id='block_1_75' title="bbox 2277 3773 2472 3827">
    <p class='ocr_par' dir='ltr' id='par_1_75' title="bbox 2277 3773 2472 3827">
     <span class='ocr_line' id='line_1_75' title="bbox 2277 3773 2472 3827; baseline -0.005 -1"><span class='ocrx_word' id='word_1_585' title='bbox 2277 3773 2472 3827; x_wconf 82' lang='lat' dir='ltr'><strong>Amen.</strong></span> 
     </span>
    </p>
   </div>
   <div class='ocr_carea' id='block_1_76' title="bbox 1547 3978 2910 4054">
    <p class='ocr_par' dir='ltr' id='par_1_76' title="bbox 1547 3978 2910 4054">
     <span class='ocr_line' id='line_1_76' title="bbox 1547 3978 2910 4054; baseline 0.001 -21"><span class='ocrx_word' id='word_1_586' title='bbox 1547 3978 1777 4054; x_wconf 76' lang='lat' dir='ltr'><strong>Explicit</strong></span> <span class='ocrx_word' id='word_1_587' title='bbox 1804 3981 2048 4054; x_wconf 79' lang='lat' dir='ltr'><strong>Epistola</strong></span> <span class='ocrx_word' id='word_1_588' title='bbox 2080 3979 2146 4036; x_wconf 87' lang='grc' dir='ltr'><strong>Β.</strong></span> <span class='ocrx_word' id='word_1_589' title='bbox 2178 3978 2336 4036; x_wconf 81' lang='lat' dir='ltr'><strong>Pauli</strong></span> <span class='ocrx_word' id='word_1_590' title='bbox 2363 3982 2596 4052; x_wconf 81' lang='lat' dir='ltr'><strong>apostoli</strong></span> <span class='ocrx_word' id='word_1_591' title='bbox 2620 3981 2689 4036; x_wconf 87' lang='lat' dir='ltr'><strong>ad</strong></span> <span class='ocrx_word' id='word_1_592' title='bbox 2711 3979 2910 4036; x_wconf 86' lang='lat' dir='ltr'><strong>Titum.</strong></span> 
     </span>
    </p>
   </div>
   <div class='ocr_carea' id='block_1_77' title="bbox 633 4114 2152 4188">
    <p class='ocr_par' dir='ltr' id='par_1_77' title="bbox 633 4114 2152 4188">
     <span class='ocr_line' id='line_1_77' title="bbox 633 4114 2152 4188; baseline 0.002 -17"><span class='ocrx_word' id='word_1_593' title='bbox 633 4123 660 4188; x_wconf 53' lang='lat'><strong><em>9</em></strong></span> <span class='ocrx_word' id='word_1_594' title='bbox 697 4114 954 4174; x_wconf 86' lang='lat' dir='ltr'><strong>Voculam</strong></span> <span class='ocrx_word' id='word_1_595' title='bbox 979 4115 1155 4185; x_wconf 81' lang='lat' dir='ltr'><strong>etiam,</strong></span> <span class='ocrx_word' id='word_1_596' title='bbox 1182 4131 1301 4185; x_wconf 75' lang='lat' dir='ltr'><strong>qua:</strong></span> <span class='ocrx_word' id='word_1_597' title='bbox 1327 4115 1381 4171; x_wconf 91' lang='lat' dir='ltr'><strong>in</strong></span> <span class='ocrx_word' id='word_1_598' title='bbox 1406 4115 1613 4188; x_wconf 85' lang='lat' dir='ltr'><strong>aliquot</strong></span> <span class='ocrx_word' id='word_1_599' title='bbox 1641 4117 1845 4174; x_wconf 70' lang='lat' dir='ltr'><strong>Graecis</strong></span> <span class='ocrx_word' id='word_1_600' title='bbox 1872 4115 2026 4173; x_wconf 90' lang='lat' dir='ltr'><strong>libris</strong></span> <span class='ocrx_word' id='word_1_601' title='bbox 2053 4116 2152 4174; x_wconf 88' lang='lat' dir='ltr'><strong>de-</strong></span> 
     </span>
    </p>
   </div>
   <div class='ocr_carea' id='block_1_78' title="bbox 561 4185 1756 4260">
    <p class='ocr_par' dir='ltr' id='par_1_78' title="bbox 561 4185 1756 4260">
     <span class='ocr_line' id='line_1_78' title="bbox 561 4185 1756 4260; baseline 0.003 -19"><span class='ocrx_word' id='word_1_602' title='bbox 561 4185 853 4256; x_wconf 81' lang='lat' dir='ltr'><strong>sideratur,</strong></span> <span class='ocrx_word' id='word_1_603' title='bbox 876 4189 1156 4245; x_wconf 85' lang='lat' dir='ltr'><strong>Palatinus</strong></span> <span class='ocrx_word' id='word_1_604' title='bbox 1181 4202 1396 4260; x_wconf 91' lang='lat' dir='ltr'><strong>quoque</strong></span> <span class='ocrx_word' id='word_1_605' title='bbox 1423 4185 1527 4243; x_wconf 79' lang='lat' dir='ltr'><strong>ms.</strong></span> <span class='ocrx_word' id='word_1_606' title='bbox 1563 4190 1756 4244; x_wconf 88' lang='lat' dir='ltr'><strong>nescit.</strong></span> 
     </span>
    </p>
   </div>
   <div class='ocr_carea' id='block_1_79' title="bbox 2338 4115 3885 4194">
    <p class='ocr_par' dir='ltr' id='par_1_79' title="bbox 2338 4115 3885 4194">
     <span class='ocr_line' id='line_1_79' title="bbox 2338 4115 3885 4194; baseline 0.005 -22"><span class='ocrx_word' id='word_1_607' title='bbox 2338 4115 2366 4155; x_wconf 70' lang='grc' dir='ltr'>δ</span> <span class='ocrx_word' id='word_1_608' title='bbox 2395 4116 2557 4173; x_wconf 78' lang='lat' dir='ltr'><strong>Juxta</strong></span> <span class='ocrx_word' id='word_1_609' title='bbox 2580 4116 2832 4174; x_wconf 65' lang='lat' dir='ltr'><strong>Grmcum</strong></span> <span class='ocrx_word' id='word_1_610' title='bbox 2863 4117 3340 4194; x_wconf 61' lang='lat' dir='ltr'><strong>Cwﬁ;,_legendum</strong></span> <span class='ocrx_word' id='word_1_611' title='bbox 3371 4118 3586 4178; x_wconf 88' lang='lat' dir='ltr'><strong>videtur</strong></span> <span class='ocrx_word' id='word_1_612' title='bbox 3608 4122 3742 4190; x_wconf 72' lang='lat' dir='ltr'><strong>ritis,</strong></span> <span class='ocrx_word' id='word_1_613' title='bbox 3780 4136 3885 4194; x_wconf 82' lang='lat' dir='ltr'><strong>pro</strong></span> 
     </span>
    </p>
   </div>
   <div class='ocr_carea' id='block_1_80' title="bbox 2270 4189 3341 4280">
    <p class='ocr_par' dir='ltr' id='par_1_80' title="bbox 2270 4189 3341 4280">
     <span class='ocr_line' id='line_1_80' title="bbox 2270 4189 3341 4280; baseline 0.005 -37"><span class='ocrx_word' id='word_1_614' title='bbox 2270 4190 2403 4244; x_wconf 74' lang='lat' dir='ltr'><strong>vite:</strong></span> <span class='ocrx_word' id='word_1_615' title='bbox 2434 4203 2566 4244; x_wconf 91' lang='lat' dir='ltr'><strong>mss.</strong></span> <span class='ocrx_word' id='word_1_616' title='bbox 2602 4196 2782 4280; x_wconf 64' lang='lat' dir='ltr'><strong>aptem</strong></span> <span class='ocrx_word' id='word_1_617' title='bbox 2813 4204 2922 4245; x_wconf 92' lang='lat' dir='ltr'><strong>non</strong></span> <span class='ocrx_word' id='word_1_618' title='bbox 2954 4189 3341 4263; x_wconf 78' lang='lat' dir='ltr'><strong>suffragantur.</strong></span> 
     </span>
    </p>
   </div>
   <div class='ocr_carea' id='block_1_81' title="bbox 467 5433 2150 5510">
    <p class='ocr_par' dir='ltr' id='par_1_81' title="bbox 467 5433 2150 5510">
     <span class='ocr_line' id='line_1_81' title="bbox 467 5433 2150 5510; baseline -0.002 -17"><span class='ocrx_word' id='word_1_619' title='bbox 467 5454 475 5461; x_wconf 91' lang='grc'><strong>·</strong></span> <span class='ocrx_word' id='word_1_620' title='bbox 533 5447 657 5507; x_wconf 87' lang='lat' dir='ltr'><strong>.tro,</strong></span> <span class='ocrx_word' id='word_1_621' title='bbox 681 5449 736 5493; x_wconf 90' lang='lat' dir='ltr'><strong>et</strong></span> <span class='ocrx_word' id='word_1_622' title='bbox 766 5437 1044 5504; x_wconf 66' lang='lat' dir='ltr'><strong>Ecclesiae,</strong></span> <span class='ocrx_word' id='word_1_623' title='bbox 1075 5454 1196 5510; x_wconf 75' lang='lat' dir='ltr'><strong>qua:</strong></span> <span class='ocrx_word' id='word_1_624' title='bbox 1230 5438 1283 5492; x_wconf 92' lang='lat' dir='ltr'><strong>in</strong></span> <span class='ocrx_word' id='word_1_625' title='bbox 1324 5437 1487 5493; x_wconf 87' lang='lat' dir='ltr'><strong>domo</strong></span> <span class='ocrx_word' id='word_1_626' title='bbox 1517 5445 1604 5492; x_wconf 91' lang='lat' dir='ltr'><strong>tua</strong></span> <span class='ocrx_word' id='word_1_627' title='bbox 1637 5445 1742 5491; x_wconf 90' lang='lat' dir='ltr'><strong>est.</strong></span> <span class='ocrx_word' id='word_1_628' title='bbox 1778 5433 1963 5491; x_wconf 87' lang='lat' dir='ltr'><strong>Gratia</strong></span> <span class='ocrx_word' id='word_1_629' title='bbox 1998 5433 2150 5490; x_wconf 87' lang='lat' dir='ltr'><strong>vobis</strong></span> 
     </span>
    </p>
   </div>
   <div class='ocr_carea' id='block_1_82' title="bbox 1308 4449 3124 4568">
    <p class='ocr_par' dir='ltr' id='par_1_82' title="bbox 1308 4449 3124 4568">
     <span class='ocr_line' id='line_1_82' title="bbox 1308 4449 3124 4568; baseline 0.002 -5"><span class='ocrx_word' id='word_1_630' title='bbox 1308 4451 1478 4564; x_wconf 81' lang='grc' dir='ltr'><strong>Β.</strong></span> <span class='ocrx_word' id='word_1_631' title='bbox 1553 4451 2122 4568; x_wconf 75' lang='lat' dir='ltr'><strong>PAULI</strong></span> <span class='ocrx_word' id='word_1_632' title='bbox 2199 4449 3124 4568; x_wconf 72' lang='lat' dir='ltr'><strong>APOSTOLI</strong></span> 
     </span>
    </p>
   </div>
   <div class='ocr_carea' id='block_1_83' title="bbox 623 4651 3652 4964">
    <p class='ocr_par' dir='ltr' id='par_1_83' title="bbox 623 4651 3652 4964">
     <span class='ocr_line' id='line_1_83' title="bbox 623 4651 3652 4964; baseline 0 -7"><span class='ocrx_word' id='word_1_633' title='bbox 623 4909 636 4919; x_wconf 51' lang='grc' dir='ltr'><strong>ε</strong></span> <span class='ocrx_word' id='word_1_634' title='bbox 754 4743 1718 4963; x_wconf 73' lang='lat' dir='ltr'><strong>EPISTULA</strong></span> <span class='ocrx_word' id='word_1_635' title='bbox 1849 4651 3652 4964; x_wconf 62' lang='lat' dir='ltr'><strong>ADCPHILEMONEM.</strong></span> 
     </span>
    </p>
   </div>
   <div class='ocr_carea' id='block_1_84' title="bbox 628 5151 3875 5234">
    <p class='ocr_par' dir='ltr' id='par_1_84' title="bbox 628 5151 3875 5234">
     <span class='ocr_line' id='line_1_84' title="bbox 628 5151 3875 5234; baseline -0 -19"><span class='ocrx_word' id='word_1_636' title='bbox 628 5159 780 5234; x_wconf 72' lang='grc' dir='ltr'><strong>[ϐαρ.</strong></span> <span class='ocrx_word' id='word_1_637' title='bbox 807 5159 876 5232; x_wconf 79' lang='lat'><strong>1.]</strong></span> <span class='ocrx_word' id='word_1_638' title='bbox 900 5157 1099 5216; x_wconf 91' lang='lat' dir='ltr'><strong>Paulus</strong></span> <span class='ocrx_word' id='word_1_639' title='bbox 1120 5158 1333 5213; x_wconf 90' lang='lat' dir='ltr'><strong>vinctus</strong></span> <span class='ocrx_word' id='word_1_640' title='bbox 1355 5154 1558 5212; x_wconf 87' lang='lat' dir='ltr'><strong>Christi</strong></span> <span class='ocrx_word' id='word_1_641' title='bbox 1580 5154 1728 5220; x_wconf 86' lang='lat' dir='ltr'><strong>Jesu,</strong></span> <span class='ocrx_word' id='word_1_642' title='bbox 1758 5162 1813 5209; x_wconf 93' lang='lat' dir='ltr'><strong>et</strong></span> <span class='ocrx_word' id='word_1_643' title='bbox 1838 5151 2161 5208; x_wconf 89' lang='lat' dir='ltr'><strong>Timotheus</strong></span> <span class='ocrx_word' id='word_1_644' title='bbox 2188 5154 2238 5215; x_wconf 89' lang='lat' dir='ltr'><strong>D</strong></span> <span class='ocrx_word' id='word_1_645' title='bbox 2265 5151 2476 5208; x_wconf 84' lang='lat' dir='ltr'><strong>Gratias</strong></span> <span class='ocrx_word' id='word_1_646' title='bbox 2499 5166 2599 5224; x_wconf 86' lang='lat' dir='ltr'><strong>ago</strong></span> <span class='ocrx_word' id='word_1_647' title='bbox 2629 5153 2742 5209; x_wconf 88' lang='lat' dir='ltr'><strong>Deo</strong></span> <span class='ocrx_word' id='word_1_648' title='bbox 2781 5169 2925 5222; x_wconf 90' lang='lat' dir='ltr'><strong>meo,</strong></span> <span class='ocrx_word' id='word_1_649' title='bbox 2968 5170 3185 5227; x_wconf 86' lang='lat' dir='ltr'><strong>semper</strong></span> <span class='ocrx_word' id='word_1_650' title='bbox 3214 5155 3539 5212; x_wconf 89' lang='lat' dir='ltr'><strong>memoriam</strong></span> <span class='ocrx_word' id='word_1_651' title='bbox 3563 5156 3637 5212; x_wconf 90' lang='lat' dir='ltr'><strong>tui</strong></span> <span class='ocrx_word' id='word_1_652' title='bbox 3666 5157 3875 5214; x_wconf 82' lang='lat' dir='ltr'><strong>faciens</strong></span> 
     </span>
    </p>
   </div>
   <div class='ocr_carea' id='block_1_85' title="bbox 549 5244 3872 5324">
    <p class='ocr_par' dir='ltr' id='par_1_85' title="bbox 549 5244 3872 5324">
     <span class='ocr_line' id='line_1_85' title="bbox 549 5244 3872 5324; baseline -0.001 -16"><span class='ocrx_word' id='word_1_653' title='bbox 549 5253 739 5324; x_wconf 83' lang='lat' dir='ltr'><strong>frater,</strong></span> <span class='ocrx_word' id='word_1_654' title='bbox 766 5250 1070 5309; x_wconf 83' lang='lat' dir='ltr'><strong>Philemoni</strong></span> <span class='ocrx_word' id='word_1_655' title='bbox 1097 5251 1317 5318; x_wconf 90' lang='lat' dir='ltr'><strong>dilecto,</strong></span> <span class='ocrx_word' id='word_1_656' title='bbox 1355 5258 1410 5307; x_wconf 90' lang='lat' dir='ltr'><strong>et</strong></span> <span class='ocrx_word' id='word_1_657' title='bbox 1440 5248 1675 5320; x_wconf 88' lang='lat' dir='ltr'><strong>adjutori</strong></span> <span class='ocrx_word' id='word_1_658' title='bbox 1703 5257 1923 5316; x_wconf 91' lang='lat' dir='ltr'><strong>nostro,</strong></span> <span class='ocrx_word' id='word_1_659' title='bbox 1955 5255 2010 5302; x_wconf 92' lang='lat' dir='ltr'><strong>et</strong></span> <span class='ocrx_word' id='word_1_660' title='bbox 2038 5248 2148 5316; x_wconf 84' lang='lat' dir='ltr'><strong>Ap-</strong></span> <span class='ocrx_word' id='word_1_661' title='bbox 2251 5244 2304 5300; x_wconf 92' lang='lat' dir='ltr'><strong>in</strong></span> <span class='ocrx_word' id='word_1_662' title='bbox 2319 5246 2658 5303; x_wconf 89' lang='lat' dir='ltr'><strong>orationibus</strong></span> <span class='ocrx_word' id='word_1_663' title='bbox 2675 5246 3412 5315; x_wconf 88' lang='lat' dir='ltr'><strong>meis,audienscharitatem</strong></span> <span class='ocrx_word' id='word_1_664' title='bbox 3430 5250 3872 5320; x_wconf 86' lang='lat' dir='ltr'><strong>tuam,ctfidem,</strong></span> 
     </span>
    </p>
   </div>
   <div class='ocr_carea' id='block_1_86' title="bbox 547 5339 3868 5416">
    <p class='ocr_par' dir='ltr' id='par_1_86' title="bbox 547 5339 3868 5416">
     <span class='ocr_line' id='line_1_86' title="bbox 547 5339 3868 5416; baseline -0 -16"><span class='ocrx_word' id='word_1_665' title='bbox 547 5347 651 5416; x_wconf 82' lang='lat' dir='ltr'><strong>piae</strong></span> <span class='ocrx_word' id='word_1_666' title='bbox 671 5343 1622 5414; x_wconf 58' lang='lat' dir='ltr'><strong>sorori“cbarissim:e,etArchippo</strong></span> <span class='ocrx_word' id='word_1_667' title='bbox 1643 5340 2001 5398; x_wconf 88' lang='lat' dir='ltr'><strong>commilitoni</strong></span> <span class='ocrx_word' id='word_1_668' title='bbox 2025 5353 2150 5394; x_wconf 88' lang='lat' dir='ltr'><strong>nos-</strong></span> <span class='ocrx_word' id='word_1_669' title='bbox 2250 5355 2409 5410; x_wconf 88' lang='lat' dir='ltr'><strong>quam</strong></span> <span class='ocrx_word' id='word_1_670' title='bbox 2444 5339 2614 5396; x_wconf 86' lang='lat' dir='ltr'><strong>habes</strong></span> <span class='ocrx_word' id='word_1_671' title='bbox 2652 5341 2707 5394; x_wconf 92' lang='lat' dir='ltr'><strong>in</strong></span> <span class='ocrx_word' id='word_1_672' title='bbox 2740 5341 2968 5397; x_wconf 85' lang='lat' dir='ltr'><strong>Domino</strong></span> <span class='ocrx_word' id='word_1_673' title='bbox 3006 5341 3161 5409; x_wconf 82' lang='lat' dir='ltr'><strong>Jesu,</strong></span> <span class='ocrx_word' id='word_1_674' title='bbox 3188 5351 3245 5406; x_wconf 86' lang='lat' dir='ltr'><strong>et</strong></span> <span class='ocrx_word' id='word_1_675' title='bbox 3283 5343 3336 5398; x_wconf 92' lang='lat' dir='ltr'><strong>in</strong></span> <span class='ocrx_word' id='word_1_676' title='bbox 3370 5358 3562 5400; x_wconf 91' lang='lat' dir='ltr'><strong>omnes</strong></span> <span class='ocrx_word' id='word_1_677' title='bbox 3603 5353 3868 5399; x_wconf 88' lang='lat' dir='ltr'><strong>sanctos:</strong></span> 
     </span>
    </p>
   </div>
   <div class='ocr_carea' id='block_1_87' title="bbox 2253 5432 3871 5506">
    <p class='ocr_par' dir='ltr' id='par_1_87' title="bbox 2253 5432 3871 5506">
     <span class='ocr_line' id='line_1_87' title="bbox 2253 5432 3871 5506; baseline 0.003 -19"><span class='ocrx_word' id='word_1_678' title='bbox 2253 5440 2313 5487; x_wconf 88' lang='lat' dir='ltr'><strong>ut</strong></span> <span class='ocrx_word' id='word_1_679' title='bbox 2345 5432 2767 5488; x_wconf 88' lang='lat' dir='ltr'><strong>communicatio</strong></span> <span class='ocrx_word' id='word_1_680' title='bbox 2802 5433 2923 5490; x_wconf 86' lang='lat' dir='ltr'><strong>fidei</strong></span> <span class='ocrx_word' id='word_1_681' title='bbox 2954 5443 3060 5490; x_wconf 70' lang='lat' dir='ltr'><strong>tua:</strong></span> <span class='ocrx_word' id='word_1_682' title='bbox 3098 5435 3321 5492; x_wconf 89' lang='lat' dir='ltr'><strong>evidens</strong></span> <span class='ocrx_word' id='word_1_683' title='bbox 3359 5436 3450 5491; x_wconf 91' lang='lat' dir='ltr'><strong>fiat</strong></span> <span class='ocrx_word' id='word_1_684' title='bbox 3487 5436 3539 5490; x_wconf 90' lang='lat' dir='ltr'><strong>in</strong></span> <span class='ocrx_word' id='word_1_685' title='bbox 3589 5435 3871 5506; x_wconf 90' lang='lat' dir='ltr'><strong>agnitione</strong></span> 
     </span>
    </p>
   </div>
   <div class='ocr_carea' id='block_1_88' title="bbox 548 5525 3870 5604">
    <p class='ocr_par' dir='ltr' id='par_1_88' title="bbox 548 5525 3870 5604">
     <span class='ocr_line' id='line_1_88' title="bbox 548 5525 3870 5604; baseline -0.001 -16"><span class='ocrx_word' id='word_1_686' title='bbox 548 5539 604 5588; x_wconf 91' lang='lat' dir='ltr'><strong>et</strong></span> <span class='ocrx_word' id='word_1_687' title='bbox 629 5545 730 5602; x_wconf 80' lang='lat' dir='ltr'><strong>pax</strong></span> <span class='ocrx_word' id='word_1_688' title='bbox 767 5546 800 5588; x_wconf 90' lang='lat' dir='ltr'><strong>a</strong></span> <span class='ocrx_word' id='word_1_689' title='bbox 829 5532 942 5588; x_wconf 90' lang='lat' dir='ltr'><strong>Deo</strong></span> <span class='ocrx_word' id='word_1_690' title='bbox 972 5531 1136 5589; x_wconf 89' lang='lat' dir='ltr'><strong>Patre</strong></span> <span class='ocrx_word' id='word_1_691' title='bbox 1164 5539 1372 5599; x_wconf 89' lang='lat' dir='ltr'><strong>nostro,</strong></span> <span class='ocrx_word' id='word_1_692' title='bbox 1404 5539 1458 5586; x_wconf 90' lang='lat' dir='ltr'><strong>et</strong></span> <span class='ocrx_word' id='word_1_693' title='bbox 1487 5528 1714 5585; x_wconf 88' lang='lat' dir='ltr'><strong>Domino</strong></span> <span class='ocrx_word' id='word_1_694' title='bbox 1743 5527 1872 5584; x_wconf 83' lang='lat' dir='ltr'><strong>Jesu</strong></span> <span class='ocrx_word' id='word_1_695' title='bbox 1911 5526 2149 5604; x_wconf 79' lang='lat' dir='ltr'><strong>Christo.</strong></span> <span class='ocrx_word' id='word_1_696' title='bbox 2254 5526 2433 5582; x_wconf 88' lang='lat' dir='ltr'><strong>omnis</strong></span> <span class='ocrx_word' id='word_1_697' title='bbox 2471 5525 2500 5564; x_wconf 71' lang='grc' dir='ltr'><strong>ι)</strong></span> <span class='ocrx_word' id='word_1_698' title='bbox 2533 5526 2715 5596; x_wconf 81' lang='lat' dir='ltr'><strong>aperis</strong></span> <span class='ocrx_word' id='word_1_699' title='bbox 2750 5527 2876 5583; x_wconf 87' lang='lat' dir='ltr'><strong>boni</strong></span> <span class='ocrx_word' id='word_1_700' title='bbox 2899 5570 2912 5594; x_wconf 94' lang='lat'><strong>,</strong></span> <span class='ocrx_word' id='word_1_701' title='bbox 2955 5529 3099 5600; x_wconf 90' lang='lat' dir='ltr'><strong>quod</strong></span> <span class='ocrx_word' id='word_1_702' title='bbox 3133 5540 3218 5585; x_wconf 89' lang='lat' dir='ltr'><strong>est</strong></span> <span class='ocrx_word' id='word_1_703' title='bbox 3255 5530 3308 5585; x_wconf 91' lang='lat' dir='ltr'><strong>in</strong></span> <span class='ocrx_word' id='word_1_704' title='bbox 3347 5530 3504 5586; x_wconf 91' lang='lat' dir='ltr'><strong>vobis</strong></span> <span class='ocrx_word' id='word_1_705' title='bbox 3542 5529 3596 5584; x_wconf 92' lang='lat' dir='ltr'><strong>in</strong></span> <span class='ocrx_word' id='word_1_706' title='bbox 3641 5529 3870 5586; x_wconf 85' lang='lat' dir='ltr'><strong>Christo</strong></span> 
     </span>
    </p>
   </div>
   <div class='ocr_carea' id='block_1_89' title="bbox 620 5671 2143 5732">
    <p class='ocr_par' dir='ltr' id='par_1_89' title="bbox 620 5671 2143 5732">
     <span class='ocr_line' id='line_1_89' title="bbox 620 5671 2143 5732; baseline -0.005 0"><span class='ocrx_word' id='word_1_707' title='bbox 620 5685 646 5713; x_wconf 75' lang='grc'><strong>⁸</strong></span> <span class='ocrx_word' id='word_1_708' title='bbox 681 5674 800 5732; x_wconf 87' lang='lat' dir='ltr'><strong>Non</strong></span> <span class='ocrx_word' id='word_1_709' title='bbox 838 5676 988 5732; x_wconf 87' lang='lat' dir='ltr'><strong>addit</strong></span> <span class='ocrx_word' id='word_1_710' title='bbox 1025 5676 1155 5732; x_wconf 91' lang='lat' dir='ltr'><strong>illud</strong></span> <span class='ocrx_word' id='word_1_711' title='bbox 1195 5676 1516 5732; x_wconf 76' lang='lat' dir='ltr'><strong>charissima:</strong></span> <span class='ocrx_word' id='word_1_712' title='bbox 1563 5671 1846 5728; x_wconf 87' lang='lat' dir='ltr'><strong>Palatinus</strong></span> <span class='ocrx_word' id='word_1_713' title='bbox 1885 5686 1988 5727; x_wconf 89' lang='lat' dir='ltr'><strong>ms.</strong></span> <span class='ocrx_word' id='word_1_714' title='bbox 2021 5684 2143 5726; x_wconf 91' lang='lat' dir='ltr'><strong>cum</strong></span> 
     </span>
    </p>
   </div>
   <div class='ocr_carea' id='block_1_90' title="bbox 548 5747 1198 5819">
    <p class='ocr_par' dir='ltr' id='par_1_90' title="bbox 548 5747 1198 5819">
     <span class='ocr_line' id='line_1_90' title="bbox 548 5747 1198 5819; baseline -0.006 -13"><span class='ocrx_word' id='word_1_715' title='bbox 548 5747 754 5819; x_wconf 83' lang='lat' dir='ltr'><strong>Graecis</strong></span> <span class='ocrx_word' id='word_1_716' title='bbox 783 5749 990 5819; x_wconf 90' lang='lat' dir='ltr'><strong>aliquot</strong></span> <span class='ocrx_word' id='word_1_717' title='bbox 1024 5747 1198 5811; x_wconf 85' lang='lat' dir='ltr'><strong>libris.</strong></span> 
     </span>
    </p>
   </div>
   <div class='ocr_carea' id='block_1_91' title="bbox 620 5813 2154 5894">
    <p class='ocr_par' dir='ltr' id='par_1_91' title="bbox 620 5813 2154 5894">
     <span class='ocr_line' id='line_1_91' title="bbox 620 5813 2154 5894; baseline -0.007 -16"><span class='ocrx_word' id='word_1_718' title='bbox 620 5818 647 5859; x_wconf 71' lang='grc' dir='ltr'>δ</span> <span class='ocrx_word' id='word_1_719' title='bbox 668 5819 815 5878; x_wconf 87' lang='lat' dir='ltr'><strong>Idem</strong></span> <span class='ocrx_word' id='word_1_720' title='bbox 845 5813 977 5894; x_wconf 61' lang='lat' dir='ltr'><strong>ms,</strong></span> <span class='ocrx_word' id='word_1_721' title='bbox 1007 5819 1062 5876; x_wconf 82' lang='lat' dir='ltr'><strong>in</strong></span> <span class='ocrx_word' id='word_1_722' title='bbox 1082 5821 1343 5894; x_wconf 82' lang='lat' dir='ltr'><strong>agnitione</strong></span> <span class='ocrx_word' id='word_1_723' title='bbox 1361 5819 1527 5877; x_wconf 80' lang='lat' dir='ltr'><strong>omnis</strong></span> <span class='ocrx_word' id='word_1_724' title='bbox 1557 5815 1677 5875; x_wconf 81' lang='lat' dir='ltr'><strong>boni</strong></span> <span class='ocrx_word' id='word_1_725' title='bbox 1699 5855 1714 5886; x_wconf 90' lang='lat'><strong>,</strong></span> <span class='ocrx_word' id='word_1_726' title='bbox 1745 5831 1860 5889; x_wconf 78' lang='lat' dir='ltr'><strong>qua:</strong></span> <span class='ocrx_word' id='word_1_727' title='bbox 1886 5823 1956 5872; x_wconf 75' lang='lat' dir='ltr'><strong>est</strong></span> <span class='ocrx_word' id='word_1_728' title='bbox 1991 5813 2046 5870; x_wconf 83' lang='lat' dir='ltr'><strong>in</strong></span> <span class='ocrx_word' id='word_1_729' title='bbox 2066 5828 2154 5869; x_wconf 80' lang='lat' dir='ltr'><strong>vo-</strong></span> 
     </span>
    </p>
   </div>
   <div class='ocr_carea' id='block_1_92' title="bbox 2255 5669 3868 5746">
    <p class='ocr_par' dir='ltr' id='par_1_92' title="bbox 2255 5669 3868 5746">
     <span class='ocr_line' id='line_1_92' title="bbox 2255 5669 3868 5746; baseline 0.006 -24"><span class='ocrx_word' id='word_1_730' title='bbox 2255 5669 2356 5746; x_wconf 56' lang='grc' dir='ltr'><strong>ρᾶς,</strong></span> <span class='ocrx_word' id='word_1_731' title='bbox 2385 5678 2517 5734; x_wconf 88' lang='lat' dir='ltr'><strong>etc.,</strong></span> <span class='ocrx_word' id='word_1_732' title='bbox 2554 5671 2926 5739; x_wconf 85' lang='lat' dir='ltr'><strong>praetermisso</strong></span> <span class='ocrx_word' id='word_1_733' title='bbox 2957 5675 3150 5744; x_wconf 81' lang='lat' dir='ltr'><strong>operis,</strong></span> <span class='ocrx_word' id='word_1_734' title='bbox 3174 5674 3318 5746; x_wconf 89' lang='lat' dir='ltr'><strong>quod</strong></span> <span class='ocrx_word' id='word_1_735' title='bbox 3359 5689 3580 5742; x_wconf 89' lang='lat' dir='ltr'><strong>nomen,</strong></span> <span class='ocrx_word' id='word_1_736' title='bbox 3600 5687 3775 5745; x_wconf 91' lang='lat' dir='ltr'><strong>neque</strong></span> <span class='ocrx_word' id='word_1_737' title='bbox 3807 5675 3868 5732; x_wconf 91' lang='lat' dir='ltr'><strong>in</strong></span> 
     </span>
    </p>
   </div>
   <div class='ocr_carea' id='block_1_93' title="bbox 2253 5739 2766 5799">
    <p class='ocr_par' dir='ltr' id='par_1_93' title="bbox 2253 5739 2766 5799">
     <span class='ocr_line' id='line_1_93' title="bbox 2253 5739 2766 5799; baseline 0 -1"><span class='ocrx_word' id='word_1_738' title='bbox 2253 5739 2447 5799; x_wconf 73' lang='lat' dir='ltr'><strong>Graeco</strong></span> <span class='ocrx_word' id='word_1_739' title='bbox 2477 5750 2560 5798; x_wconf 89' lang='lat' dir='ltr'><strong>est</strong></span> <span class='ocrx_word' id='word_1_740' title='bbox 2589 5749 2766 5799; x_wconf 85' lang='lat' dir='ltr'><strong>textu.</strong></span> 
     </span>
    </p>
   </div>
  </div>
