4128 6330
318 280 426 342 809

1173 279 1503 338 EPISTOLA
1544 280 1607 336 Β.
1658 278 1862 337 PAULI
1912 277 2243 336 APOSTOLI
2287 280 2379 335 AD
2419 279 2785 336 HEBRAL'OS.

3512 279 3618 336 810

315 386 756 446 Jesu.Gaudium
780 387 925 445 enim
940 401 1193 460 magnum
1219 390 1402 459 habui,
1421 389 1918 446 etconsolationem
1950 397 2000 456 Α
2028 399 2085 444 ιιι
2110 406 2344 455 servum,
2380 391 2474 446 sed
2509 408 2605 460 pro
2634 404 2794 447 servo
2822 388 3204 445 charissimum
3230 390 3479 458 fratrem,
3506 408 3619 448 ma-

316 482 370 537 in
392 482 657 537 cliaritate
679 492 763 537 tua
791 482 947 551 :quia
970 482 1179 538 viscera
1205 494 1511 539 sanctorum
1535 484 1920 554 requievcrunt

315 590 419 646 per
440 587 509 639 te,
530 576 716 631 frater.
738 577 1118 647 Propterquod
1136 576 1361 632 multam
1380 577 1628 632 ﬁduciam
1647 576 1850 631 habens
1866 576 1917 630 iu

319 670 675 727 ChristoJesu
692 670 990 741 imperandi
1010 671 1103 725 tibi
1118 670 1259 740 quod
1277 671 1337 724 ad
1361 686 1471 725 rem
1488 671 1718 741 pertinet
1738 689 1748 723 :
1768 686 1921 738 prop-

322 773 404 819 ter
428 765 745 819 charitatem
768 764 936 835 magis
950 767 1341 831 obsecro,cum
1375 765 1449 818 sis
1479 764 1619 828 talis,
1652 763 1919 817 utPaulus

322 874 511 926 senex,
537 871 678 915 nunc
698 870 875 915 autem
910 868 963 913 ct
990 858 1199 914 vinctus
1223 859 1350 913 Jesu
1370 857 1590 924 Christi,
1614 859 1844 911 obsecro
1870 867 1919 911 te

322 967 423 1023 pro
448 966 569 1006 meo
596 951 729 1018 filio,
762 967 922 1021 quem
945 952 1103 1022 genui
1131 953 1182 1006 in
1209 952 1456 1015 vinculis,
1500 949 1779 1014 Onesimo,
1831 948 1920 1019 qui

328 1047 424 1103 tibi
446 1046 733 1116 aliquando
764 1047 970 1100 inutilis
998 1045 1121 1114 fuit,
1150 1062 1287 1100 nunc
1315 1056 1497 1100 autem
1522 1054 1574 1099 et
1597 1044 1725 1098 mihi
1751 1054 1801 1099 ct
1829 1042 1922 1096 tibi

327 1139 495 1205 utilis,
528 1154 689 1208 quem
724 1139 906 1193 remisi
943 1148 966 1175 ο
1001 1138 1117 1192 tibi.
1180 1138 1262 1193 Tu
1296 1148 1472 1193 autem
1506 1138 1689 1204 illttm,
1724 1147 1779 1190 ut
1806 1153 1921 1190 mea

320 1231 534 1285 viscera
556 1272 571 1296 ,
616 1231 863 1300 suscipe:
916 1246 1077 1302 quem
1106 1247 1206 1301 ego
1239 1232 1513 1285 volueram
1546 1246 1756 1287 mecum
1788 1229 1923 1283 deti-

324 1340 487 1391 nere,
526 1335 583 1379 ut
614 1340 709 1395 pro
742 1334 791 1379 te
820 1325 947 1380 mihi
981 1324 1307 1379 minisxrarel
1348 1325 1397 1378 iu
1428 1325 1653 1377 vinculis
1684 1323 1932 1396 Evange-

323 1416 417 1473 lii:
470 1417 590 1473 sine
633 1417 861 1473 consilio
902 1428 1081 1472 autem
1127 1426 1215 1472 ltto
1244 1418 1377 1472 nihil
1409 1417 1553 1471 volui
1587 1416 1798 1478 facere,
1853 1415 1927 1469 uti

326 1508 457 1582 [Μδ.
487 1509 565 1581 ιιι]
607 1526 672 1564 ne
708 1510 857 1565 velut
899 1525 961 1566 ex
992 1512 1319 1566 necessitate
1352 1512 1549 1565 bonum
1584 1520 1729 1564 tuum
1761 1519 1926 1575 esset,

324 1601 423 1657 sed
456 1601 843 1657 voluntarium.
922 1601 1170 1657 Forsitan
1216 1604 1361 1658 enim
1404 1603 1525 1657 ideo
1572 1602 1821 1657 discessit
1860 1600 1926 1655 ad

324 1694 515 1751 horam
544 1711 573 1750 a
608 1706 658 1752 te
681 1738 695 1761 ,
742 1704 799 1751 ut
826 1704 1090 1751 mternum
1122 1696 1274 1750 illum
1305 1695 1605 1765 reciperes:
1661 1696 1768 1763 jam
1821 1709 1926 1749 non

2026 483 2168 537 xime
2202 484 2361 548 mihi;
2416 492 2618 553 quanto
2649 491 2827 537 autem
2857 482 3027 553 magis
3058 482 3187 551 tibi,
3232 492 3287 538 et
3334 483 3388 537 in
3432 499 3617 546 carne.

2025 590 2073 630 et
2110 576 2159 630 ir.
2190 576 2458 631 Domino!
2519 576 2563 630 si
2604 592 2733 643 ergo
2771 576 2937 631 habes
2976 591 3065 631 me
3109 576 3348 644 socium,
3403 578 3620 647 suscipe

2027 668 2177 723 illum
2208 670 2344 723 sicut
2376 686 2494 725 me:
2530 669 2583 725 Si
2616 678 2797 723 autem
2828 669 3028 738 aliquid
3060 669 3241 723 nocuit
3272 668 3388 733 tibi,
3416 677 3508 723 aut
3529 669 3623 722 de-

2026 760 2147 827 bet;
2182 760 2285 817 hoc
2314 762 2441 816 tuihi
2474 762 2703 832 imputa.
2769 761 2879 831 ligo
2914 760 3112 815 Paulus
3142 761 3332 830 scripsi
3364 776 3482 814 mea
3513 776 3624 814 ma-

2027 872 2131 911 nu:
2164 872 2266 926 ego
2296 856 2518 911 reddam
2545 898 2559 922 ,
2608 867 2665 909 ut
2706 871 2811 910 non
2845 855 3018 910 dicam
3065 855 3192 918 tibi,
3245 856 3384 924 quod
3436 867 3487 910 et
3538 864 3622 909 te-

2028 947 2203 1018 ipsum
2247 949 2377 1002 mihi
2418 948 2619 1007 debes:
2655 949 2725 1003 ita
2772 946 2899 1022 [Ms.
2938 947 3165 1019 itaque],
3205 947 3390 1003 frater.
3428 948 3541 1019 Ego
3571 957 3623 1004 te

2028 1038 2178 1093 fruar
2210 1039 2262 1094 in
2293 1040 2543 1095 Domino.
2604 1040 2783 1095 Reﬁce
2827 1041 3034 1096 viscera
3079 1055 3199 1093 mea
3235 1040 3287 1093 in
3316 1038 3343 1076 ι)
3376 1040 3625 1095 Domino.

2029 1132 2321 1187 Conﬁdens
2356 1134 2407 1187 in
2435 1133 2747 1188 obedientia
2781 1143 2866 1187 tua
2895 1133 3091 1203 scripsi
3125 1132 3257 1187 tibi:
3286 1134 3465 1189 sciens
3489 1148 3626 1202 quo-

2032 1226 2175 1280 niam
2210 1237 2259 1281 et
2293 1242 2457 1297 super
2503 1228 2585 1291 id,
2640 1228 2780 1296 quod
2812 1227 2952 1289 dico,
2987 1225 3176 1282 facies.
3228 1225 3401 1281 Simul
3442 1236 3624 1282 autem

2033 1328 2085 1373 et
2141 1336 2266 1390 para
2312 1306 2449 1375 .mihi
2500 1321 2831 1391 hospitium:
2884 1337 3004 1375 nam
3038 1337 3199 1391 spero
3231 1335 3327 1389 per
3355 1320 3631 1375 orationes

2035 1424 2243 1469 vestras
2276 1416 2463 1470 donari
2493 1432 2576 1469 me
2610 1415 2784 1470 vobis.
2838 1414 3048 1469 Salutat
3090 1424 3140 1469 te
3173 1412 3457 1483 Epaphras
3500 1428 3634 1469 con-

2033 1508 2279 1577 captivus
2312 1524 2460 1563 meus
2489 1508 2539 1561 in
2569 1507 2782 1563 Christo
2812 1508 2964 1569 Jcsu,
3000 1507 3231 1575 Marcus,
3262 1505 3629 1573 Aristarcho,

2029 1601 2261 1669 Demus,
2292 1600 2501 1668 Lucas,
2547 1601 2824 1671 adjutores
2869 1601 2992 1655 mei.
3047 1601 3229 1655 Gratia
3272 1600 3486 1654 Domini
3535 1617 3633 1653 nti--

2033 1694 2129 1749 stri
2158 1696 2288 1750 Jesu
2317 1695 2515 1750 Christi
2548 1710 2668 1749 cum
2696 1694 2892 1766 spiritu
2922 1702 3122 1749 vestro.
3155 1693 3351 1749 Amen.

1206 1808 1438 1882 Explicit
1466 1810 1701 1881 Epistola
1728 1809 1793 1865 B.
1832 1810 1986 1867 Pauli
2006 1812 2241 1882 Apostoli
2266 1812 2333 1865 ad
2357 1809 2735 1865 Philemonem.

400 1974 427 2003 ι
453 1966 649 2044 Atque_
673 1967 761 2044 hic
783 1982 1082 2044 pronomen
1124 1969 1233 2033 tibi,
1275 1968 1446 2023 Palat.
1474 1983 1575 2037 ms.
1604 1978 1765 2038 tacet,
1793 1969 1933 2040 quod
1968 1983 2016 2044 Β
2044 1970 2249 2044 ςζὶεηεῑω
2276 1978 2378 2025 tua:
2407 1970 2635 2041 scripsit,
2670 1977 2775 2025 etc.
2798 2012 2811 2037 ,
2846 1970 3242 2027 contentiosius
3295 1968 3363 2025 ad
3387 1967 3631 2026 Grazcam

329 2051 515 2111 neque
534 2040 587 2093 in
611 2039 806 2095 Graeco
835 2051 917 2095 est
945 2041 1263 2111 archetypo.

400 2108 429 2146 δ
458 2109 609 2165 Idem
639 2125 772 2179 ms.,
803 2112 999 2167 viscera
1028 2108 1153 2165 mea'
1172 2113 1227 2165 in
1256 2110 1484 2166 Christo.
1513 2108 1787 2181 Conﬁdens
1821 2112 1938 2167 obc-

756 2260 811 2267 ..ν
876 2262 883 2266 ι
932 2258 1269 2267 -.μ-ν-ςθρ-...οον-
1292 2258 1505 2265 ῃ-ριι-

1924 2254 2211 2266 ρ-ι--ι--ος
2247 2256 3391 2269 --ς-ᾑ---σ-Ψ--ᾐ-η·κ
3416 2259 3431 2263 -

2044 2040 2301 2096 litteram.

1079 2379 1257 2489 Β.
1337 2376 1904 2490 PAULI
1977 2332 2889 2491 Apos'rom

1841 2572 2135 2637 INCIPIT

715 2726 1695 2878 EPISTULA
1798 2731 2080 2875 AD
2181 2734 3249 2888 HEBR/EOS.

406 3032 560 3107 [ϐαρ.
590 3031 658 3103 1.]
704 3030 1045 3087 Multifariam
1071 3072 1085 3094 ,
1113 3031 1405 3103 multisque
1436 3032 1612 3088 modis
1639 3032 1771 3088 olim
1798 3032 1939 3088 Deus

336 3130 569 3201 loquens
597 3129 842 3202 patribus
871 3131 922 3184 in
956 3116 1271 3199 prephetis,
1326 3128 1623 3184 novissime
1669 3128 1796 3200 [Ms.
1840 3143 1939 3183 n0-

335 3222 629 3295 vissimis],
683 3224 872 3279 diebus
920 3224 1039 3279 istis
1076 3223 1289 3278 locutus
1332 3234 1414 3279 est
1462 3222 1619 3278 nobis
1673 3223 1726 3277 in
1776 3221 1931 3288 Filio,

336 3333 496 3387 quem
544 3318 823 3373 constituit
869 3315 1139 3371 hu'redem
1179 3316 1594 3379 universorum,
1647 3331 1742 3385 per
1772 3330 1935 3386 quem

336 3409 466 3465 fecit
497 3421 550 3466 et
582 3409 803 3465 smcula.
866 3409 965 3478 Qui
1016 3424 1141 3463 cum
1188 3409 1258 3463 sit
1305 3409 1563 3479 splendor
1610 3409 1825 3479 gloriae,
1880 3416 1935 3463 et

338 3500 509 3573 ﬁgura
539 3503 855 3557 substantia:
888 3502 1026 3572 ejus,
1064 3511 1391 3571 portansque
1421 3502 1600 3557 omnia
1634 3502 1801 3557 verbo
1825 3503 1934 3556 vir—

339 3595 469 3651 tutis
499 3611 610 3650 sure
631 3636 648 3661 ,
684 3596 1055 3666 purgationem
1092 3603 1435 3663 peccatorum
1468 3596 1668 3649 faciens
1691 3637 1705 3662 ,
1743 3605 1767 3631 ε
1796 3596 1937 3651 sedit

337 3689 402 3744 ad
426 3688 706 3744 dexteram
736 3688 1035 3759 majestatis
1062 3688 1115 3742 in
1148 3688 1413 3743 excelsis:
1448 3697 1597 3743 tanto
1630 3688 1821 3744 melior
1841 3704 1937 3742 an-

339 3784 473 3854 gelis
503 3782 763 3850 effectus,
812 3792 1015 3853 quanto
1060 3780 1399 3837 diﬂ‘erentius
1432 3798 1541 3851 pra:
1593 3782 1699 3836 illis
1739 3796 1936 3836 nomen

339 3874 702 3931 hmreditavit.
770 3873 867 3930 Cui
909 3876 1053 3930 enim
1094 3874 1235 3928 dixit
1262 3874 1554 3944 aliquando
1586 3874 1935 3944 angelorum:

339 3968 512 4024 Filius
540 3983 694 4023 meus
723 3982 780 4022 es
807 3977 896 4035 tu,
928 3981 1028 4037 ego
1059 3966 1219 4020 hodie
1241 3967 1400 4036 genui
1436 3968 1525 4020 te?
1586 3966 1649 4021 Et
1678 3982 1933 4020 rursum:

340 4062 455 4133 Ego
484 4078 582 4118 ero
613 4061 695 4116 illi
722 4061 775 4115 in
799 4068 1009 4131 patrem
1033 4105 1048 4130 ,
1096 4068 1152 4114 et
1182 4061 1293 4130 ipse
1327 4060 1429 4113 erit
1463 4058 1593 4112 mihi
1637 4060 1688 4113 in
1723 4058 1938 4114 filium?

341 4154 407 4210 Et
445 4170 568 4210 cum
616 4154 811 4209 iterum
856 4152 1151 4207 introducit
1192 4152 1612 4221 primogenitum
1662 4150 1715 4205 in
1748 4152 1937 4206 orbem

342 4257 504 4305 terrae
527 4289 542 4314 ,
572 4246 707 4303 dicit
736 4265 749 4301 :
782 4249 847 4302 Et
876 4247 1106 4302 adorent
1129 4262 1255 4302 eum
1284 4261 1474 4301 omnes
1500 4245 1693 4317 Angeli
1725 4246 1839 4303 Dei.
1874 4246 1943 4300 Et

338 4343 403 4398 ad
433 4342 657 4414 angelos
686 4341 907 4414 quidem
940 4341 1105 4398 dicit:
1135 4341 1239 4409 Qui
1270 4340 1396 4396 facit
1423 4342 1642 4412 angelos
1668 4356 1797 4397 suos
1826 4341 1941 4410 spi-

340 4436 503 4501 ritus,
553 4445 608 4491 et
640 4434 918 4490 ministros
946 4434 1372 4489 suosrﬂammam
1406 4435 1566 4505 ignis.
1618 4436 1698 4490 Ad
1748 4435 1939 4489 Filium

340 4538 521 4583 autem
550 4546 561 4581 :
592 4527 848 4583 Thronus
892 4537 1049 4593 tuus,
1104 4528 1275 4593 Deus,
1330 4528 1386 4583 in
1423 4530 1679 4585 sacculum
1720 4530 1939 4597 saeculi,

339 4619 487 4689 virga
519 4620 809 4690 aequitatis,
861 4621 1009 4690 virga
1038 4619 1190 4691 regni
1223 4621 1317 4676 tui.
1374 4621 1617 4675 Dilcxisti
1653 4622 1937 4690 justitiam,

340 4722 395 4767 et
425 4712 588 4767 odisti
628 4712 999 4782 iniquitatem:
1027 4722 1311 4783 propterea
1350 4714 1500 4768 unxit
1527 4722 1577 4767 te
1604 4714 1764 4779 Deus,
1798 4715 1939 4769 Deus

345 4812 492 4873 tuus,
543 4806 667 4861 oleo
702 4806 1079 4862 exsultationis
1115 4822 1224 4876 prae
1262 4808 1616 4877 participibus
1651 4808 1774 4861 tuis.
1838 4807 1934 4862 Et:

345 4895 424 4950 Tu
456 4897 507 4951 in
542 4898 834 4967 principio,
886 4900 1133 4968 Domine,
1172 4910 1371 4955 terram
1404 4900 1669 4955 fundasti:
1723 4911 1775 4954 et
1809 4916 1941 4969 ope-

2048 3048 2141 3091 cos
2182 3044 2301 3090 tuos
2347 3034 2639 3089 scabellum
2689 3035 2887 3105 pedum
2932 3037 3186 3091 tuorum?
3232 3036 3423 3093 Nonne
3454 3052 3648 3093 omnes

2049 3134 2176 3181 sunt
2216 3126 2660 3182 administratorii
2718 3127 2940 3197 spiritus
2989 3128 3043 3183 in
3077 3128 3443 3186 ministerium
3489 3130 3644 3186 missi

2049 3229 2271 3290 propter
2294 3235 2410 3284 eos,
2442 3222 2534 3290 qui
2565 3220 2936 3276 ha'reditatem
2970 3221 3186 3291 capient
3212 3222 3441 3279 salutis?

2120 3312 2272 3386 [Cap.
2307 3312 2397 3385 IL]
2451 3313 2744 3383 Propterea
2784 3314 3149 3369 abundantius
3194 3322 3413 3384 oportet
3453 3315 3645 3370 obser-

2045 3423 2172 3462 vare
2205 3424 2302 3462 nos
2332 3424 2392 3464 ea
2426 3423 2549 3478 qua:
2578 3408 2913 3476 audivimus,
2968 3424 3036 3463 ne
3064 3410 3205 3465 forte
3231 3408 3637 3480 perefﬂuamus.

2044 3501 2101 3557 Si
2131 3502 2275 3557 enim
2309 3502 2396 3568 qui
2433 3516 2527 3570 per
2560 3502 2778 3571 angelos
2809 3502 2985 3556 dictus
3012 3512 3095 3557 est
3121 3518 3322 3573 sermo,
3352 3501 3528 3558 factus
3555 3513 3641 3557 est

1964 3565 2010 3628 Ο
2043 3595 2257 3662 firmus,
2308 3604 2362 3650 et
2399 3594 2575 3649 omnis
2616 3597 2989 3664 praevaricatio
3030 3605 3084 3651 et
3129 3596 3494 3653 inobedieutia
3545 3612 3637 3651 ac-

2039 3689 2403 3759 eepitjustam
2439 3688 2707 3744 mercedis
2731 3690 3173 3745 retributionem:
3224 3690 3498 3759 quomodo
3533 3706 3633 3745 nos

2039 3780 2381 3852 etfugiemus,
2429 3782 2474 3835 si
2517 3790 2718 3837 tantam
2760 3783 3164 3853 neglexerimus
3208 3784 3481 3838 salutem?
3520 3800 3641 3853 qua:

2038 3892 2161 3930 cum
2204 3877 2416 3930 initium
2456 3880 2759 3945 accepisset
2802 3878 3045 3930 enarrari
3094 3892 3193 3943 per
3218 3876 3502 3931 Dominum
3527 3918 3540 3943 ,
3574 3877 3643 3931 ab

2041 3971 2140 4033 eis,
2164 3970 2254 4041 qui
2281 3969 2587 4034 audierunt,
2614 3970 2666 4023 in
2693 3983 2792 4023 nos
2816 3968 2945 4041 [Ms.
2972 3966 3151 4038 nobis]
3188 3970 3509 4023 confirmata
3534 3978 3639 4031 est.

2043 4071 2392 4117 contestante
2435 4062 2546 4116 Deo
2588 4062 2754 4131 signis
2796 4070 2852 4116 et
2895 4062 3187 4130 portentis,
3232 4069 3287 4115 et
3325 4061 3489 4115 variis
3533 4062 3643 4115 vir-

2044 4158 2281 4225 tatibus,
2326 4167 2382 4212 et
2441 4156 2673 4223 Spiritus
2706 4158 2877 4210 sancti
2934 4154 3412 4210 distributionibus
3448 4168 3640 4210 secun-

2044 4252 2171 4307 dum
2214 4266 2367 4306 suam
2404 4251 2757 4306 voluntatem.
2815 4248 2933 4304 Non
2977 4248 3120 4304 enim
3162 4248 3367 4315 angelis
3410 4246 3645 4317 subjecit

2045 4343 2190 4399 Deus
2212 4344 2398 4397 orbem
2426 4353 2585 4399 terra:
2613 4343 2851 4397 futurum
2889 4342 2957 4397 de
2978 4357 3085 4412 quo
3109 4341 3402 4411 loquimur.
3450 4339 3644 4396 Testa—

2049 4451 2134 4513 tus
2174 4449 2254 4503 est
2299 4430 2478 4493 autem
2522 4438 2575 4491 in
2603 4436 2835 4505 quodam
2869 4436 2988 4491 loco
3016 4446 3038 4474 ο
3071 4435 3216 4505 quis,
3241 4435 3458 4489 dicens:
3504 4433 3645 4499 Quid

2045 4540 2128 4585 est
2170 4530 2351 4593 homo,
2400 4528 2540 4599 quod
2583 4543 2790 4582 memor
2812 4543 2869 4582 es
2894 4527 3035 4594 ejus,
3079 4538 3173 4579 aut
3199 4525 3343 4579 ﬁlius
3377 4524 3637 4591 hominis,

2044 4623 2299 4693 quoniam
2345 4624 2533 4677 visitas
2562 4623 2726 4676 eum?
2770 4620 3001 4675 Minuisti
3028 4635 3151 4674 eum
3178 4618 3340 4688 paulo
3365 4618 3543 4671 minus
3568 4617 3639 4670 ab

2043 4715 2277 4784 angelis:
2323 4715 2489 4784 gloria
2534 4722 2590 4768 et
2632 4714 2839 4767 honore
2883 4711 3155 4767 coronasti
3196 4725 3356 4765 eum:
3418 4719 3472 4763 et
3511 4722 3643 4762 con-

2044 4806 2265 4862 stituisti
2310 4821 2433 4859 eum
2478 4820 2643 4873 super
2685 4818 2847 4874 opera
2880 4817 3136 4856 manuum
3168 4809 3402 4854 tuarum.
3448 4798 3639 4853 Omnia

2045 4898 2323 4967 subjecisti
2363 4898 2463 4952 sub
2508 4895 2732 4966 pedibus
2770 4894 2908 4963 ejus.
2958 4895 3013 4949 ln
3038 4910 3102 4948 eo
3125 4894 3268 4947 enim
3292 4891 3433 4960 quod
3462 4891 3643 4945 omnia

342 5003 405 5043 ra
430 5005 687 5046 manuum
721 5002 935 5047 tuarum
967 5002 1093 5047 sunt
1120 4992 1264 5048 εαξη.
1320 4990 1423 5062 lpsi
1455 4993 1739 5061 peribunt,
1766 5000 1819 5046 tu
1844 5008 1936 5045 att-
1964 4956 2020 5016 Β
2046 4994 2093 5048 ei
2122 4990 2379 5059 subjecit,
2428 4988 2558 5043 nihil
2599 4987 2806 5042 dimisit
2847 5002 2957 5041 non
2998 4985 3299 5053 subjectum
3340 4984 3411 5038 ei.
3491 4981 3645 5036 Nunc

344 5092 450 5138 tem
493 5087 841 5155 permanebis
862 5128 874 5149 ,
928 5096 984 5142 et
1012 5101 1203 5142 omnes
1232 5093 1292 5141 ut
1318 5086 1705 5141 vestimentum
1732 5096 1937 5141 Vetera-

343 5186 530 5231 sceut:
583 5187 636 5234 et
682 5180 828 5233 velut
870 5181 1127 5235 amictum
1156 5180 1183 5218 ι)
1232 5180 1464 5235 mutabis
1512 5194 1628 5245 eos,
1675 5189 1730 5234 et
1768 5188 1941 5234 inula-

342 5266 582 5325 buntur:
633 5279 693 5325 tu
723 5272 1090 5341 autemlidem
1122 5272 1236 5342 ipse
1266 5288 1359 5340 es,
1411 5281 1468 5327 et
1514 5274 1637 5325 anni
1700 5272 1771 5326 tui
1833 5286 1938 5325 non

342 5361 619 5419 deﬁcient.
674 5366 756 5420 Ad
788 5382 950 5436 quem
979 5375 1155 5422 autem
1186 5368 1506 5436 angelorum
1534 5366 1669 5421 dixit
1698 5366 1943 5434 aliquan-

343 5454 413 5510 do
438 5473 452 5513 :
498 5456 640 5515 Sede
671 5474 701 5513 a
730 5459 943 5515 dextris
972 5460 1131 5528 meis,
1162 5460 1518 5532 quoadusque
1548 5473 1741 5529 ponam
1766 5457 1943 5513 inimi-

415 5670 440 5698 κ
471 5660 678 5717 Vitiose
716 5660 975 5729 scriptum
1021 5661 1075 5715 in
1108 5660 1400 5717 Martianmi
1440 5663 1678 5719 editione
1722 5662 1935 5719 duobus

348 5732 551 5795 verbis,
584 5732 675 5786 sed
704 5741 773 5796 et,
802 5747 903 5801 pro
929 5732 1086 5799 sedit,
1121 5742 1213 5788 aut
1234 5736 1399 5791 sedet.

414 5802 443 5841 δ
483 5803 541 5858 In
571 5802 744 5858 Palat.
777 5818 912 5869 ms.,
955 5804 1211 5871 involves,
1258 5815 1308 5860 et
1354 5805 1545 5863 Grtcce
1590 5807 1792 5874 ἑλίξεις,
1845 5822 1941 5877 pro

713 5893 986 5954 PATBOL.
1036 5893 1278 5955 XXIX.

2046 5095 2225 5139 autem
2251 5082 2479 5135 necdum
2509 5079 2754 5134 videmus
2778 5079 2959 5132 omnia
2984 5077 3225 5145 subjecta
3252 5075 3321 5128 ei.
3388 5074 3526 5128 Eum
3550 5087 3646 5127 au-

2048 5187 2179 5241 tem,
2206 5173 2536 5245 quimodico
2557 5187 2718 5243 quam
2741 5170 2915 5240 angeli
2942 5170 3239 5223 minoratus
3263 5176 3366 5229 est,
3401 5165 3651 5219 videmus

2049 5271 2235 5326 Iesum
2261 5312 2275 5334 ,
2322 5278 2543 5339 propter
2566 5267 2873 5337 passionem
2897 5265 3085 5319 mortis
3103 5303 3116 5324 ,
3168 5262 3338 5331 gloria
3364 5269 3417 5315 et
3440 5257 3650 5314 honore

2050 5372 2368 5420 coronatum
2392 5379 2405 5416 :
2432 5372 2490 5416 ut
2509 5362 2681 5433 gratia
2707 5360 2824 5429 Dei,
2850 5374 2948 5430 pro
2966 5356 3219 5412 omnibus
3238 5361 3483 5425 gustaret
3504 5366 3649 5407 mor-

2054 5468 2181 5513 tem.
2231 5454 2465 5511 Decebat
2488 5455 2631 5509 enim
2656 5466 2812 5521 eum,
2858 5461 3079 5521 propter
3125 5461 3283 5518 quem
3326 5444 3540 5519 omnia,
3592 5452 3651 5499 et

2055 5662 2099 5697 ΞΑ
2108 5662 2127 5697 Ἰ
2138 5662 2196 5697 ,εξ

2055 5664 2067 5679 ~
2152 5662 2196 5697 ιτ

2044 5661 2323 5785 ὠὶαῖῗίἷῶ
2356 5743 2483 5797 ms.,
2513 5726 2726 5799 quidam
2747 5726 2925 5780 dicens
2950 5741 2968 5789 ;
2990 5721 3086 5779 Gr.
3119 5723 3197 5781 τὶς
3223 5722 3401 5795 λέγων·

2972 5842 3129 5946 ’26
