4128 6330
1487 296 1546 358 S.
1587 292 1971 356 HIERONYMI
2010 291 2241 353 DIVINA
2277 288 2751 352 BIBLIOTHECA.

473 436 573 493 per
592 433 750 492 quem
774 416 977 486 omnia,
1004 415 1095 488 qui
1120 415 1320 474 multos
1341 415 1482 473 ﬁlios
1505 416 1558 472 in
1581 416 1809 488 gloriam
1833 415 2072 471 adduxe-
2098 412 2147 475 Α
2179 412 2440 469 fuerunt?
2495 410 2561 466 Et
2603 409 2848 466 videmus
2871 448 2885 475 ,
2921 405 3046 479 quia
3072 414 3181 462 non
3210 405 3505 476 potuerunt
3547 397 3783 457 introire

477 521 594 581 rat,
619 522 897 568 auctorem
920 510 1110 567 salutis
1136 525 1329 566 eorum
1359 526 1457 582 per
1478 509 1782 582 passionem
1810 522 2067 564 consum-

481 623 651 665 mare.
723 606 825 674 Qui
868 605 1011 663 enim
1054 604 1390 673 sanctiﬁcat,
1434 604 1602 677 etqui
1640 602 2067 670 sanctificantur,

476 716 544 757 ex
562 716 672 756 uno
698 715 908 756 omnes.
966 698 1194 770 Propter
1216 714 1376 771 quam
1401 714 1621 755 causam
1656 714 1764 755 non
1790 694 2072 752 confundi-

476 803 563 851 tur
582 796 775 851 fratres
788 810 881 851 eos
903 808 1116 861 vocare,
1131 793 1350 850 dicens:
1368 804 1390 830 ει
1410 788 1679 849 Nuntiabo
1703 807 1895 846 nomen
1923 799 2071 845 tuum

475 887 737 943 fratribus
779 888 913 943 meis
948 904 961 941 :
994 885 1044 941 in
1090 882 1271 942 medio
1314 880 1569 941 Ecclesia)
1612 882 1845 940 laudabo
1885 892 1956 938 te.
2006 877 2075 936 Et

479 980 715 1037 iterum:
755 978 870 1051 Ego
910 992 1007 1035 ero
1044 977 1219 1035 fidens
1263 979 1313 1033 in
1357 993 1503 1034 eum.
1549 974 1622 1034 Et
1656 975 1890 1034 iterum:
1933 972 2074 1031 Ecce

438 1148 443 1152 '
481 1086 603 1147 ego,
629 1082 683 1129 et
704 1073 857 1144 pueri
881 1072 988 1129 mei
1010 1117 1024 1143 ,
1051 1088 1185 1144 quos
1209 1072 1357 1129 dedit
1381 1071 1511 1128 mihi
1534 1070 1701 1129 Deus.
1767 1068 1904 1141 Quia
1945 1067 2077 1143 ergo

481 1170 635 1240 pueri
676 1168 1218 1224 communicaverunt
1256 1165 1407 1223 carni
1445 1175 1502 1225 et
1539 1164 1810 1238 sanguini,
1862 1175 1918 1222 et
1959 1164 2077 1237 ipse

479 1258 730 1317 similiter
750 1260 1092 1332 partieipavit
1115 1258 1351 1316 eisdem:
1378 1269 1435 1316 ut
1456 1276 1553 1331 per
1573 1270 1804 1317 mortem
1826 1258 2077 1315 destrue-

479 1362 565 1410 ret
585 1368 730 1419 enm,
754 1354 844 1425 qui
870 1354 1101 1409 habebat
1125 1354 1316 1409 mortis
1340 1354 1646 1425 imperimn,
1674 1350 1726 1409 id
1749 1360 1854 1418 est,
1887 1348 2078 1406 diabo-

396 1500 405 1509 ,
481 1446 618 1502 lum:
644 1455 698 1501 et
719 1443 981 1501 liberaret
1003 1459 1117 1513 cos,
1134 1446 1222 1516 qui
1247 1447 1442 1501 timore
1468 1446 1659 1501 mortis
1682 1460 1777 1515 per
1804 1452 1970 1499 totam
1995 1442 2077 1497 vi-

477 1546 587 1593 tam
607 1535 827 1594 obnoxii
840 1546 994 1594 erant
1013 1536 1277 1592 servituti.
1293 1534 1567 1607 NuSquam
1587 1537 1732 1591 enim
1749 1534 1968 1606 angelos
1982 1547 2078 1603 ap-

483 1628 787 1699 prehendit,
808 1628 901 1687 sed
920 1644 1104 1685 semen
1131 1626 1367 1686 Abrahae
1391 1628 1768 1701 apprehendit.
1806 1624 1960 1684 Unde
1982 1624 2077 1683 dc-

479 1720 595 1776 buit
618 1738 713 1791 per
734 1718 911 1777 omnia
935 1719 1195 1778 fratribus
1216 1720 1465 1785 similari,
1487 1730 1543 1776 ut
1567 1720 1879 1778 misericors
1903 1720 2075 1787 fieret,

2178 518 2201 547 ο
2235 514 2459 578 propter
2489 500 2951 560 incredulitatem.

2247 595 2397 673 [Cap.
2427 592 2543 668 ηπ]
2575 590 2889 651 Timeamus
2917 606 3073 663 ergo,
3113 605 3181 646 ne
3224 584 3387 657 forte,
3428 583 3614 641 relicta
3658 580 3786 653 pol-

2175 690 2475 747 licitatione
2522 686 2833 745 introeundi
2880 685 2933 742 in
2988 677 3227 755 requiem
3268 674 3405 753 ejus,
3436 675 3788 734 existimetur

2174 785 2367 858 aliquis
2401 801 2466 839 ex
2490 781 2644 839 vobis
2672 782 2886 838 deesse.
2919 774 3134 836 Etenim
3178 786 3234 832 et
3273 768 3433 831 nobis
3474 770 3787 828 nuntiatum

2174 889 2279 949 est,
2308 874 2764 951 quemadmodum
2791 885 2848 932 et
2875 874 2979 931 illis
3004 893 3018 929 :
3049 868 3145 931 sed
3171 888 3278 929 non
3311 862 3513 943 profuit
3535 862 3644 923 illis
3664 880 3792 921 ser-

2177 987 2267 1029 mo
2292 973 2530 1041 auditus,
2562 988 2666 1027 non
2699 970 2966 1026 admixtus
2988 962 3115 1044 [Μι.
3148 962 3435 1037 admixtio]
3466 958 3591 1019 ﬁdei
3615 975 3685 1017 ex
3712 957 3792 1015 iis

2176 1065 2269 1138 qui
2316 1062 2623 1121 audierunt.
2670 1060 3038 1136 Ingrediemur
3076 1056 3225 1118 enim
3265 1059 3317 1115 in
3368 1048 3643 1128 requiem,
3690 1048 3794 1121 qui

2176 1156 2544 1215 credidimus:
2587 1157 3044 1231 quemadmodum
3083 1154 3260 1212 dixit:
3312 1152 3463 1211 Sicut
3501 1144 3687 1225 iuravi
3727 1146 3793 1201 in

2180 1252 2258 1309 ira
2296 1269 2440 1323 mea,
2471 1252 2517 1310 si
2548 1252 2848 1309 iutroibunt
2878 1254 2928 1308 in
2960 1252 3204 1324 requiem
3233 1263 3409 1305 meam
3437 1264 3450 1299 ε
3481 1252 3538 1300 et
3564 1240 3794 1316 quidem

2179 1347 2434 1416 operibus
2460 1346 2528 1401 ab
2556 1347 2898 1404 institutione
2922 1345 3105 1402 mundi
3139 1342 3418 1415 perfectis.
3451 1337 3599 1396 Dixit
3635 1334 3793 1391 enim

2179 1440 2235 1497 in
2275 1440 2508 1513 quodam
2559 1441 2681 1497 loco
2720 1440 2788 1497 de
2832 1438 2922 1501 die
2966 1439 3195 1509 septima
3244 1437 3365 1492 sic:
3410 1426 3478 1488 Et
3520 1427 3800 1501 requievit

2183 1532 2326 1593 Deus
2370 1536 2461 1593 die
2507 1537 2739 1609 septima
2782 1537 2849 1592 ab
2899 1535 3151 1592 omnibus
3191 1533 3447 1604 operibus
3469 1522 3605 1586 suis.
3632 1526 3706 1584 Et
3731 1526 3797 1580 in

2181 1630 2288 1688 isto
2319 1644 2532 1686 rursum
2560 1646 2576 1687 :
2611 1632 2665 1687 Si
2697 1629 2998 1686 introibant
3022 1630 3074 1684 in
3106 1627 3349 1699 requiem
3395 1637 3592 1679 meam.
3631 1619 3800 1689 Quo-

2184 1722 2326 1778 niam
2360 1737 2489 1793 ergo
2515 1730 2764 1791 superest
2796 1720 3024 1776 introire
3053 1716 3318 1790 quosdam
3349 1715 3403 1771 in
3434 1713 3611 1779 illam,
3642 1720 3700 1766 et
3726 1707 3794 1776 ii,

477 1822 535 1874 et
557 1814 734 1870 fidelis
760 1815 1003 1887 pontifex
1026 1815 1092 1870 ad
1113 1814 1284 1871 Deum
1311 1859 1327 1883 ,
1382 1822 1442 1870 ut
1460 1812 1845 1886 repropitiaret
1874 1808 2075 1870 delicia
2106 1809 2157 1874 Β
2181 1812 2377 1888 quibus
2422 1814 2695 1886 prioribus
2740 1812 3117 1869 annuntiatum
3169 1818 3255 1866 est
3304 1822 3414 1864 non
3462 1804 3802 1861 introierunt

481 1910 686 1980 populi.
733 1908 789 1964 in
817 1924 882 1965 eo
906 1909 1049 1964 enim
1069 1950 1082 1975 ,
1138 1908 1189 1963 in
1213 1924 1320 1980 quo
1349 1923 1542 1980 passus
1588 1920 1672 1966 est
1694 1910 1809 1980 ipse
1831 1919 1885 1965 et
1907 1918 2079 1965 tenta-

487 2012 596 2069 tus,
624 2011 814 2071 potens
837 2008 920 2057 est
941 2012 992 2058 et
1019 2000 1122 2069 eis,
1148 2003 1238 2072 qui
1267 2008 1567 2076 tentantur,
1590 1998 1861 2058 auxiliari.

554 2091 706 2165 [ϐαρ.
736 2091 851 2166 lll.]
879 2090 1059 2160 Unde,
1081 2090 1275 2148 fratres
1296 2094 1496 2160 sancti,
1520 2095 1816 2149 vocationis
1840 2094 2080 2149 cmlestis

485 2189 801 2262 participes,
835 2188 1174 2244 considerate
1196 2189 1498 2258 apostolum
1537 2196 1589 2243 et
1618 2189 1927 2259 pontiﬁcem
1950 2203 2081 2243 eon-

485 2283 736 2339 fessionis
759 2291 960 2337 nostraa
982 2281 1196 2337 .lesum:
1233 2281 1323 2352 qui
1348 2280 1522 2337 ﬁdelis
1544 2291 1628 2336 est
1648 2282 1720 2345 ei,
1745 2281 1836 2352 qui
1861 2279 1989 2337 fecit
2010 2280 2077 2335 il-

486 2376 596 2431 lum
622 2416 637 2442 ,
692 2375 836 2431 sicut
855 2384 908 2430 et
933 2374 1147 2447 Moyses
1168 2374 1221 2429 in
1246 2370 1395 2429 omni
1419 2372 1582 2429 domo
1602 2367 1744 2443 ejus.
1784 2368 2086 2443 Amplloris

484 2468 626 2524 enim
650 2467 835 2538 gloria:
859 2468 961 2522 iste
984 2482 1094 2537 prae
1117 2466 1298 2539 MoySe
1321 2464 1514 2537 dignus
1536 2474 1618 2522 est
1644 2464 1877 2535 habitus,
1911 2482 2082 2537 quan-

483 2569 539 2616 to
559 2560 877 2631 ampliorem
898 2558 1158 2615 honorem
1185 2560 1345 2615 habet
1366 2562 1580 2624 domus.
1606 2560 1997 2632 quifabricavit
2014 2556 2085 2615 il-

483 2651 615 2707 lam.
658 2652 849 2706 Omnis
874 2667 1106 2724 namque
1127 2652 1320 2708 donms
1345 2652 1638 2709 fabricatur
1660 2654 1727 2707 ab
1749 2654 1963 2725 aliquo;
1988 2652 2079 2723 qui

481 2754 662 2801 autem
695 2745 878 2801 omnia
916 2746 1119 2802 creavit
1142 2786 1161 2809 .
1192 2740 1336 2803 Deus
1370 2756 1477 2803 est.
1541 2744 1611 2802 Et
1628 2748 1843 2820 Moyse!
1859 2748 2078 2818 quidem

482 2839 657 2896 ﬁdelis
677 2848 794 2894 erat
833 2839 891 2894 in
921 2847 1029 2894 tota
1061 2838 1227 2894 domo
1259 2839 1383 2910 ejus
1410 2845 1685 2909 tamquam
1722 2837 1980 2908 famulus,
2026 2840 2076 2893 in

484 2930 852 2986 testimonium
881 2946 1092 2996 eorum,
1118 2946 1238 3000 qua:
1259 2930 1484 2986 dicenda
1509 2941 1692 2986 erant:
1722 2931 1969 2986 Christus
1988 2947 2079 2985 ve-

486 3040 547 3081 ro
578 3034 851 3096 tamquam
882 3023 1038 3102 filius
1075 3023 1129 3077 in
1162 3024 1326 3078 domo
1357 3038 1480 3079 sua:
1524 3038 1645 3095 quas
1671 3024 2079 3080 domussunius

487 3134 588 3175 nos
612 3158 633 3186 ,
660 3121 703 3173 si
728 3116 978 3174 fiduciam
998 3157 1014 3182 ,
1059 3126 1116 3171 et
1144 3115 1375 3186 gloriam
1407 3117 1523 3186 spei
1556 3128 1728 3186 usque
1778 3116 1845 3170 ad
1888 3117 2074 3183 linem,

2184 1920 2406 1981 prOpter
2432 1907 2867 1965 incredulitatem
2892 1925 2905 1960 :
2934 1905 3130 1963 iterum
3160 1898 3573 1960 terminatdicm
3598 1911 3801 1969 quam-

2134 2020 2141 2027 ‘
2183 2003 2332 2071 datu,
2362 2002 2554 2069 Hodie,
2580 2002 2634 2056 in
2656 1999 2830 2056 David
2852 1997 3107 2067 dicendo,
3130 2006 3255 2069 post
3274 2003 3481 2051 tantum
3505 1991 3800 2062 temporis,

2181 2100 2324 2156 sicut
2350 2110 2513 2168 supra
2539 2094 2743 2153 dictum
2767 2098 2887 2151 est':
2916 2092 3092 2150 Hodie
3120 2092 3169 2147 si
3208 2100 3398 2147 vocem
3434 2087 3555 2158 eius
3599 2078 3800 2141 audie—

2182 2193 2326 2261 ritis,
2357 2191 2526 2246 nolite
2551 2190 2826 2248 obdurare
2853 2188 3018 2245 corda
3044 2195 3249 2243 vestra.
3282 2184 3414 2240 Nam
3444 2181 3494 2239 si
3517 2182 3602 2237 eis
3631 2179 3800 2236 Iesus

2185 2287 2431 2359 requiem
2464 2287 2829 2357 praestitisset,
2860 2297 3155 2354 numquam
3194 2280 3264 2336 de
3309 2278 3414 2333 alia
3457 2277 3799 2348 loqueretur,

2186 2377 2439 2448 posthac,
2464 2372 2571 2433 die.
2608 2368 2793 2447 Itaque
2842 2368 3168 2446 relinquitur
3194 2370 3557 2427 sabbatismus
3595 2366 3803 2438 populo

2184 2469 2306 2525 Dei.
2339 2469 2442 2538 Qui
2471 2469 2613 2522 enim
2646 2469 2924 2538 ingressus
2952 2477 3038 2522 est
3068 2466 3120 2520 in
3161 2463 3402 2535 requiem
3449 2460 3588 2531 ejus,
3629 2459 3801 2514 etiam

2185 2556 2303 2632 Ipse
2345 2559 2614 2630 requievit
2657 2558 2727 2613 ab
2763 2557 3021 2629 operibus
3067 2555 3201 2625 suis,
3248 2555 3389 2611 sicut
3425 2567 3455 2607 a
3487 2551 3600 2606 suis
3632 2551 3800 2604 Deus.

2186 2655 2535 2711 Festinemus
2562 2669 2693 2724 ergo
2721 2652 2931 2725 ingredi
2961 2653 3021 2708 in
3049 2652 3194 2708 illam
3230 2650 3473 2720 requiem
3501 2663 3517 2706 :
3549 2657 3609 2702 ut
3639 2660 3710 2702 ne
3741 2646 3804 2700 in

2188 2744 2423 2818 idipsutn
2452 2748 2572 2817 quis
2604 2744 2806 2802 incidat
2832 2738 3230 2803 incredulitatis
3260 2741 3594 2813 exemplum.
3631 2738 3806 2795 Vivus

2185 2843 2271 2896 est
2296 2843 2439 2897 enim
2464 2856 2644 2898 sermo
2671 2836 2790 2908 Dei,
2822 2846 2880 2894 et
2900 2834 3116 2905 efficax,
3146 2846 3202 2893 et
3231 2833 3623 2907 penetrabilior
3644 2829 3805 2887 omni

2185 2934 2365 3004 gladio
2394 2933 2614 3002 ancipiti
2643 2949 2658 2987 :
2688 2940 2745 2988 et
2792 2932 3105 3003 pertingens
3147 2944 3320 3001 usque
3356 2929 3422 2984 ad
3468 2927 3801 2984 divisionem

2186 3025 2385 3083 animis
2418 3036 2485 3082 ac
2524 3024 2749 3096 spiritus
2775 3068 2789 3093 ,
2826 3034 3145 3097 compagum
3194 3034 3411 3095 quoque
3441 3032 3508 3079 ac
3535 3012 3806 3079 medulla-

2184 3131 2330 3188 rum,
2353 3124 2407 3175 et
2431 3118 2701 3176 discretor
2723 3119 3109 3191 cogitationum
3128 3124 3182 3175 et
3204 3114 3564 3174 intentionem
3590 3106 3798 3171 cordis.

489 3215 703 3266 ﬁrmam
733 3210 1089 3266 retinemus-
1112 3208 1452 3278 Quapropter
1490 3209 1632 3263 sicut
1670 3208 1800 3263 dicit
1838 3206 2080 3277 Spiritus
2105 3205 2153 3271 C
2186 3213 2251 3269 Et
2276 3222 2382 3269 non
2404 3224 2488 3270 est
2509 3213 2615 3270 ulla
2645 3218 2899 3271 ereatura
2925 3204 3212 3270 invisibilis
3238 3212 3292 3268 in
3319 3214 3616 3281 conspectu
3645 3209 3800 3280 ejus:

481 3310 737 3360 sanctus:
772 3301 944 3357 Hodie
965 3301 1011 3356 si
1033 3314 1223 3356 vocem
1245 3300 1364 3370 ejus
1385 3299 1691 3368 audieritis,
1720 3297 1894 3355 nolite
1911 3294 2085 3354 obdu-

487 3413 618 3455 rare
632 3395 801 3453 corda
821 3402 1037 3465 vestra,
1067 3395 1207 3450 sicut
1237 3394 1292 3449 in
1325 3395 1753 3450 exacerbatione
1781 3394 2083 3450 semiudum

487 3491 636 3547 diem
656 3488 971 3545 tentationis
1003 3489 1058 3544 in
1076 3488 1319 3555 deserto,
1365 3488 1456 3543 ubi
1490 3497 1837 3544 tentaverunt
1866 3501 1952 3543 me
1990 3500 2086 3558 pa-

489 3592 599 3641 tres
634 3584 843 3648 vestri;
914 3581 1288 3653 probaverunt
1316 3622 1333 3649 ,
1383 3592 1439 3638 et
1470 3581 1722 3637 viderunt
1756 3593 1925 3652 opera
1962 3594 2081 3636 mea

484 3675 844 3748 quadraginta
876 3675 1055 3732 annis.
1087 3674 1318 3745 Propter
1339 3674 1487 3744 quod
1516 3673 1763 3730 infensus
1795 3673 1871 3730 fui
1909 3685 2082 3746 gene-

388 3798 395 3803 -
481 3769 679 3824 rationi
702 3768 847 3833 huic,
872 3767 1085 3823 etdixi:
1135 3766 1365 3839 Semper
1386 3778 1573 3823 errant
1595 3767 1785 3824 corde.
1846 3765 2077 3836 lpsiau—

486 3871 594 3919 tem
619 3878 725 3917 non
747 3870 1127 3934 cognoverunt
1144 3861 1265 3917 vias
1286 3875 1457 3932 meas,
1484 3860 1513 3901 ι’
1541 3863 1686 3917 sicut
1708 3862 1893 3933 iurari
1926 3861 1978 3918 in
2004 3863 2084 3917 ira

480 3972 603 4012 mea
622 3974 641 4010 :
665 3957 720 4013 Si
746 3955 1049 4011 introibunt
1067 3956 1126 4010 iis
1146 3955 1391 4027 requieta
1418 3954 1839 4025 meam.Vitiete,
1863 3956 2079 4023 fratres,

484 4067 553 4106 ne
577 4050 716 4106 forte
738 4050 811 4104 sit
837 4048 893 4106 in
914 4047 1099 4117 aliqua
1120 4055 1363 4103 vestrum
1386 4058 1483 4103 eor
1502 4047 1705 4105 malum
1734 4046 2085 4102 incredulis»

486 4141 588 4207 tis,
617 4138 935 4197 discedendi
956 4154 988 4195 a
1010 4139 1122 4195 Deo
1145 4140 1305 4193 vivo:
1339 4139 1437 4193 sed
1457 4138 1821 4193 adhortamini
1846 4148 2084 4193 inminet-

486 4236 634 4305 ipsos
655 4248 753 4303 per
772 4232 1017 4302 singulos
1036 4230 1178 4299 dies.
1225 4230 1399 4287 donec
1425 4230 1590 4286 hodie
1639 4230 2081 4301 cognominatur,

485 4334 549 4380 nt
566 4323 997 4381 nonobduretur
1017 4324 1141 4393 quis
1167 4338 1235 4379 ex
1261 4323 1414 4379 vobis
1442 4321 1656 4378 fallacia
1689 4323 1917 4392 peccati.
1954 4322 2084 4377 Par-

484 4420 674 4491 ticipes
704 4420 848 4475 enim
878 4419 1083 4475 Christi
1118 4417 1293 4475 eiecti
1332 4414 1551 4475 etimne:
1591 4419 1635 4472 si
1661 4427 1838 4473 tamen
1868 4417 2081 4472 initium

485 4514 805 4571 substantia:
837 4513 958 4583 ejus
994 4528 1165 4583 usque
1193 4512 1262 4567 ad
1286 4511 1449 4567 linem
1477 4511 1693 4567 ﬁrmum
1725 4510 2076 4566 retineamus.

2186 3305 2368 3360 mimis
2412 3314 2593 3361 autem
2638 3303 2785 3360 nuda
2827 3314 2882 3361 ei
2927 3312 3114 3375 aperta
3161 3312 3287 3360 sunt
3328 3298 3505 3359 oeulis
3547 3300 3687 3374 ejus,
3732 3296 3803 3355 ad

2185 3406 2351 3470 quem
2394 3396 2548 3454 nobis
2591 3409 2797 3454 sermo.
2836 3392 3115 3455 Habentes
3149 3406 3282 3469 ergo
3324 3388 3634 3466 pontificem
3683 3406 3805 3449 ma-

2185 3499 2375 3560 gnum,
2403 3492 2494 3564 qui
2529 3488 2832 3559 penetravit
2861 3484 3060 3560 caelos,
3091 3489 3277 3546 issam
3309 3484 3503 3545 Filium
3533 3482 3666 3544 Dei:
3721 3494 3804 3542 te-

2189 3596 2412 3641 neamus
2453 3584 2878 3641 confessionem.
2921 3578 3043 3639 Non
3083 3582 3229 3640 enim
3277 3581 3544 3638 mittemus
3577 3570 3800 3652 pontifi-

2186 3686 2328 3748 cem,
2360 3678 2454 3749 qui
2490 3684 2596 3734 non
2627 3678 2800 3750 possit
2844 3672 3082 3750 compati
3112 3670 3514 3734 inﬁrmitatibus
3555 3676 3805 3741 nostris;

2186 3780 2455 3827 tentatum
2501 3780 2680 3827 autem
2714 3782 2819 3843 per
2838 3771 3018 3827 omnia
3051 3780 3149 3842 pro
3191 3762 3551 3825 similitudine
3593 3764 3805 3838 absque

2188 3872 2433 3933 peccato.
2458 3861 2732 3919 Adeamus
2756 3873 2885 3936 ergo
2912 3872 3033 3919 cum
3068 3860 3261 3919 ﬁducia
3292 3860 3363 3917 ad
3393 3861 3647 3916 thronum
3674 3872 3804 3930 gra-

2186 3956 2316 4014 tias:
2349 3963 2409 4011 ut
2435 3954 2863 4013 misericordiam
2897 3964 3315 4028 consequamur,
3353 3962 3407 4011 et
3440 3952 3672 4027 gratiam
3709 3950 3795 4009 in-

2188 4049 2469 4104 veniamus
2498 4050 2561 4105 itr
2586 4048 2788 4105 auxilio
2817 4056 3147 4121 Opportune.

2260 4138 2414 4215 [ϐαρ.
2436 4140 2529 4213 ν.]
2550 4140 2738 4198 Omnis
2761 4156 2991 4212 namque
3018 4134 3258 4214 pontifex
3286 4154 3355 4198 ex
3376 4136 3689 4198 hominibus
3710 4150 3801 4195 as-

2186 4243 2435 4304 sumptus
2456 4244 2559 4305 pro
2583 4234 2892 4292 hominibus
2917 4235 3268 4293 constituitur
3294 4228 3348 4292 in
3382 4230 3472 4304 iis,
3515 4242 3635 4306 qua:
3674 4236 3804 4290 sunt

2185 4321 2255 4381 ad
2291 4326 2482 4393 Betim,
2511 4334 2570 4382 ut
2607 4326 2801 4385 afferat
2826 4326 2992 4395 dona,
3022 4336 3078 4385 et
3103 4324 3363 4385 sacriﬁcia
3392 4326 3796 4399 pro'peceatis:

2184 4418 2277 4488 qui
2297 4419 2591 4477 eondolere
2605 4421 2776 4491 possit
2799 4421 2885 4490 iis,
2901 4410 3035 4493 quid
3055 4422 3324 4493 ignorant,
3349 4426 3402 4476 et
3424 4424 3641 4476 emant:
3666 4430 3803 4490 quo-

2189 4511 2333 4567 niam
2354 4519 2411 4567 et
2435 4512 2929 4581 ipsecircumdatus
2956 4514 3365 4571 estintirmitate
3390 4524 3405 4569 :
3431 4518 3488 4568 et
3507 4518 3799 4583 propterea

483 4607 623 4662 Dum
652 4605 881 4662 dicitur:
906 4604 1079 4661 Hodie
1116 4605 1163 4660 si
1208 4614 1396 4660 vocem
1429 4602 1547 4673 ejus
1577 4602 1884 4668 audieritis,
1912 4602 2087 4657 nolite
2107 4592 2164 4654 D
2188 4601 2371 4670 debet,
2417 4602 2875 4674 mmmadmedum
2922 4616 3020 4677 pro
3050 4604 3274 4678 populo,
3308 4609 3381 4663 ita
3409 4602 3577 4664 etiam
3603 4616 3657 4664 et
3696 4616 3800 4678 pro

482 4699 754 4755 obdurare
774 4697 937 4753 corda
957 4706 1169 4762 vestra,
1191 4695 1645 4765 quemadmodum
1669 4694 1733 4750 in
1750 4694 1839 4750 illa
1862 4710 2087 4751 exacer-

484 4791 722 4848 batiooe.
758 4790 989 4857 Quidam
1030 4790 1181 4845 enim
1239 4788 1521 4844 audientes
1569 4789 2037 4845 exacerbaveruttt
2062 4826 2079 4856 ,

488 4885 585 4940 sed
608 4898 714 4939 non
740 4882 981 4939 universi
1003 4920 1029 4948 ,.
1062 4880 1161 4952 qui
1190 4880 1417 4951 profecti
1448 4887 1577 4937 sunt
1609 4897 1677 4937 ex
1713 4881 1953 4953 ὣς]Μο
1981 4892 2082 4950 per

488 4975 733 5047 Moysen.
787 4973 996 5041 Quibus
1024 4980 1211 5028 autem
1238 4972 1482 5031 infensus
1501 4981 1587 5030 est
1605 4972 1967 5044 quadraginta
1981 4987 2081 5027 ano

488 5067 609 5123 nisi
642 5066 835 5123 Nonne
862 5066 995 5135 illis,
1026 5066 1118 5137 qui
1146 5076 1531 5136 peccaverunt,
1555 5078 1788 5136 quorum
1818 5066 2083 5121 cadavera

488 5168 759 5235 prostrata
788 5168 915 5217 sunt
941 5161 1003 5216 in
1018 5159 1279 5217 deserto!
1308 5160 1522 5229 Quibus
1542 5170 1729 5216 aute-
1750 5160 1953 5230 juravit
1974 5174 2089 5216 non

485 5254 719 5313 introire
752 5253 806 5310 ia
848 5254 1095 5326 requiem
1131 5254 1325 5324 ipsius,
1372 5253 1650 5322 eisiiilis,
1697 5254 1788 5324 qui
1820 5252 2085 5310 increduli

561 5552 587 5580 ι
617 5540 789 5596 Aliter
819 5534 963 5591 idem
989 5548 1121 5599 me,
1154 5531 1415 5597 Narrabo,
1444 5529 1537 5599 qui
1558 5538 1613 5586 et
1633 5531 1794 5601 paulo
1819 5538 1941 5600 post
1966 5545 2091 5599 pro-

490 5628 687 5672 nomen
721 5609 840 5671 mei,
866 5606 954 5660 ubi
984 5604 1187 5660 dicitur
1215 5603 1365 5674 pueri
1388 5603 1520 5668 mei,
1551 5618 1672 5659 cum
1693 5602 1881 5659 Graeco
1903 5618 2088 5658 exem-

493 5686 640 5758 plari
655 5684 870 5758 reticet.
1070 5747 1102 5758 __
1220 5754 1230 5758 _

557 5738 593 5797 ἱ
615 5754 774 5811 Juxta
794 5746 1017 5807 Graecos
1034 5747 1237 5819 aliquot
1283 5744 1473 5814 libros,
1501 5742 1691 5817 quibus
1712 5745 1762 5800 ln
1781 5738 1952 5801 Palat.
1982 5760 2083 5800 ms.

489 5827 685 5903 legitur
716 5836 813 5895 pro
841 5820 998 5900 sicut.
1192 5838 1201 5848 -

2191 4696 2485 4764 semetipso
2498 4694 2695 4752 offerre
2709 4706 2806 4767 pro
2824 4699 3076 4769 peccatis.
3097 4694 3205 4758 Nec
3222 4699 3509 4771 quisquam
3521 4696 3686 4757 sumit
3697 4692 3805 4755 sibi

2193 4788 2481 4857 honorem,
2506 4790 2602 4846 sed
2624 4792 2714 4860 qui
2733 4796 2961 4847 vocatur
2978 4802 3008 4847 a
3035 4792 3167 4860 ben;
3193 4792 3462 4865 tamquam
3478 4790 3683 4852 Aaron.
3706 4786 3803 4851 Sic

2185 4894 2240 4939 et
2264 4882 2514 4941 Christus
2543 4898 2647 4942 non
2675 4886 3034 4958 semetipsum
3067 4884 3418 4956 clariﬁcavit,
3461 4895 3517 4944 ut
3557 4886 3799 4959 pentifex

2187 4978 2347 5033 fieret
2367 4995 2382 5034 :
2406 4978 2505 5034 sed
2528 4981 2618 5050 qui
2642 4979 2858 5038 locutus
2886 4986 2972 5038 est
2992 4980 3060 5037 ad
3089 4992 3242 5037 eum:
3271 4978 3438 5037 Filius
3457 4992 3610 5039 meus
3634 4999 3696 5039 es
3718 4990 3801 5052 tu,

2187 5082 2288 5139 ego
2319 5068 2482 5126 hodie
2508 5072 2677 5141 genui
2704 5076 2777 5127 te.
2826 5071 3296 5142 Quemadmodum
3339 5084 3395 5130 et
3430 5070 3481 5132 ﬁt
3513 5070 3620 5131 alio
3678 5077 3802 5132 loco

2188 5161 2357 5217 dicit:
2397 5161 2483 5218 Tu:
2500 5178 2561 5218 es
2579 5158 2909 5221 sacerdosin
2934 5174 3196 5223 mtermrm
3224 5166 3522 5225 secundum
3549 5169 3802 5226 Ordinem

2189 5252 2607 5311 Melchisedech;
2651 5255 2755 5325 Qui
2777 5256 2831 5312 in
2859 5255 3051 5316 diebus
3078 5261 3257 5316 carnis
3287 5266 3418 5331 suae,
3452 5269 3642 5334 preces
3670 5277 3804 5334 sup-

2272 5542 2295 5571 ι
2327 5533 2491 5606 Addit
2543 5535 2816 5592 Palatinus
2843 5551 2948 5593 ms.
2997 5551 3063 5592 ex
3115 5537 3365 5595 inferiori
3416 5545 3708 5606 cositextu,
3739 5539 3799 5593 in

2192 5605 2425 5681 requievit
2464 5607 2631 5681 ipsi";
2662 5624 2681 5663 :
2705 5623 2830 5678 quae
2870 5618 3053 5665 tamen
3076 5609 3243 5665 verba
3280 5623 3458 5681 neque
3502 5612 3563 5667 in
3600 5605 3802 5666 Graeco

2193 5676 2497 5744 exemplari
2531 5674 2819 5734 habentur.

2262 5745 2287 5781 ι¹
2322 5749 2378 5802 ln
2415 5748 2659 5804 Palatino
2687 5767 2817 5817 ms.,
2843 5746 2929 5821 qui
2960 5750 3262 5823 ignorantes
3286 5760 3467 5820 «aut,
3494 5760 3603 5810 ιω.
