4128 6330
361 338 469 396 ets
546 320 555 326 ’

1208 345 1549 405 EPISTOLA
1590 343 1647 399 Β.
1694 341 1899 401 PAULI
1942 336 2277 398 APOSTOLI
2318 340 2409 399 AD
2447 338 2812 403 HEBREOS.

3558 355 3664 412 8M

362 458 792 531 plicalionesque
822 432 889 516 ad
918 476 1064 531 eum,
1093 463 1183 535 qui
1228 468 1401 535 possit
1441 466 1590 523 mum
1644 469 1849 523 salvum
1894 468 1966 523 [Α-
1996 467 2041 528 Α
2073 472 2238 522 mam,
2273 466 2328 515 et
2358 460 2696 518 incedentem
2730 478 2898 533 usque
2936 462 3002 519 ad
3042 465 3295 521 interiora
3335 468 3662 528 voluminis:

359 563 484 605 cere
511 565 541 605 a
573 559 766 620 morte,
800 570 921 608 cum
950 554 1185 613 clamore
1216 558 1392 613 valido
1432 568 1485 616 et
1524 561 1779 633 lacrymis
1824 564 1956 619 ofte-

360 657 510 714 reus,
556 645 839 701 exauditus
871 657 954 702 est
992 664 1089 719 pro
1133 665 1229 706 sua
1277 652 1599 712 reverentia.
1644 654 1708 710 Et
1740 656 1955 724 quidem

359 750 480 792 cum
510 748 654 794 esset
684 738 851 796 Filius
882 741 1002 807 Dei,
1036 742 1227 799 didicit
1254 760 1318 801 ex
1353 746 1439 815 iis,
1472 764 1591 818 quae
1623 764 1811 820 passus
1850 761 1957 821 est,

357 831 761 891 obedientiam:
807 845 860 891 et
904 850 1331 909 consummatus,
1379 844 1550 900 factus
1586 853 1669 901 est
1707 847 1960 905 omnibus

360 925 864 995 obtemperantibus
894 931 1018 997 sibi,
1051 948 1211 989 causa
1239 935 1429 992 salutis
1459 948 1699 1007 aeternae,
1724 932 1960 1012 appella-

360 1025 448 1072 tus
477 1036 503 1072 a
536 1019 648 1076 Deo
677 1022 915 1091 pontifex
942 1024 1096 1095 juxta
1138 1027 1382 1083 ordinem
1412 1028 1843 1088 Melchisedech.
1887 1035 1961 1091 De

360 1124 465 1180 quo
494 1114 648 1168 nobis
677 1116 900 1185 grandis
925 1132 1129 1186 sermo,
1160 1129 1216 1177 et
1246 1122 1727 1192 ininterpretabilis
1767 1128 1831 1182 ad
1879 1128 1962 1183 di-

356 1203 589 1259 cendum
615 1220 630 1261 :
661 1209 917 1277 quoniam
946 1211 1250 1269 imbecilles
1288 1213 1417 1272 facti
1456 1219 1588 1272 estis
1627 1218 1693 1272 ad
1736 1219 1959 1275 audien-

356 1292 509 1349 dum.
552 1296 767 1354 Etenim
818 1315 938 1356 cum
990 1302 1258 1360 deberetis
1287 1307 1526 1377 magistri
1568 1323 1690 1365 esse
1736 1319 1958 1381 propter

356 1396 591 1459 tempus.
630 1407 841 1448 rursum
881 1395 1131 1467 indigetis
1150 1407 1210 1453 ut
1232 1413 1330 1455 vos
1356 1400 1679 1469 doceamiui,
1708 1418 1826 1473 quae
1848 1402 1958 1459 sint

355 1482 627 1540 elementa
649 1488 853 1543 exordii
878 1503 1190 1547 sermonum
1214 1492 1345 1549 Dei:
1376 1503 1431 1549 et
1460 1493 1585 1550 facti
1607 1496 1738 1551 estis
1762 1497 1955 1568 quibus

353 1575 496 1633 lacte
522 1594 656 1651 opus
687 1583 775 1649 sit,
808 1598 915 1639 non
942 1584 1117 1642 solido
1144 1586 1285 1642 cibo.
1319 1588 1508 1644 Omnis
1550 1591 1717 1657 enim,
1750 1591 1841 1661 qui
1875 1590 1953 1647 la-

352 1670 455 1726 ctis
482 1682 564 1727 est
604 1673 893 1746 particeps,
924 1693 1119 1749 expers
1147 1690 1233 1736 est
1258 1682 1525 1737 sermonis
1559 1683 1687 1759 [Με.
1712 1685 1836 1739 add.
1877 1683 1953 1755 et]

344 1762 571 1835 justitize
597 1786 609 1821 :
640 1769 894 1839 parvulus
923 1772 1069 1828 enim
1103 1782 1203 1829 est.
1234 1774 1607 1831 Perfectorum
1653 1787 1834 1833 autem
1871 1788 1953 1833 est

2068 548 2153 602 ubi
2189 566 2493 617 prmeursor
2523 569 2619 625 pro
2664 555 2820 609 nobis
2859 555 3100 612 introivit
3142 558 3323 622 Jews.
3366 565 3658 619 secundum

2059 639 2303 696 ordinem
2338 642 2734 702 Melchisedech
2769 648 3010 719 pontifex
3042 648 3214 708 factus
3246 652 3297 707 in
3327 664 3610 711 aeternum.

2131 732 2283 805 (Cap.
2317 736 2456 811 Vll.]
2502 739 2599 795 llic
2644 742 2786 797 enim
2840 743 3255 817 Melchisedech,
3313 765 3406 805 rex
3458 750 3663 820 Salem,

2060 829 2315 883 sacerdos
2344 831 2436 887 Dei
2470 833 2687 902 summi,
2731 837 2819 907 qui
2867 838 3107 895 obviavit
3145 841 3378 898 Abrahae
3416 862 3665 917 regresso

2061 937 2090 975 a
2122 922 2273 979 caede
2302 940 2515 996 regum,
2546 936 2600 983 et
2624 929 2899 986 benedixit
2931 933 2977 987 ei
3003 949 3019 990 :
3057 936 3141 989 cui
3184 946 3236 991 et
3278 937 3517 995 decimas
3548 956 3665 996 ont-

2062 1017 2211 1073 nium
2254 1018 2436 1075 divisit
2481 1022 2793 1079 Abraham:
2838 1026 3071 1096 primum
3109 1028 3330 1100 quidem
3364 1034 3457 1104 qui
3494 1035 3663 1090 inter-

2062 1119 2304 1178 pretatur
2346 1128 2438 1168 rex
2470 1113 2733 1184 iustitiae:
2783 1117 2982 1176 deinde
3023 1132 3203 1178 autem
3243 1132 3300 1179 et
3338 1141 3431 1182 rex
3461 1126 3664 1196 Salem,

2061 1203 2202 1273 quod
2233 1215 2337 1272 est,
2366 1221 2459 1262 rex
2492 1210 2661 1276 pacis,
2694 1210 2814 1267 sine
2840 1214 3161 1283 patre,-sine
3190 1227 3383 1285 matre,
3414 1219 3533 1276 sine
3572 1237 3667 1291 ge-

2060 1296 2327 1367 nealogia,
2376 1314 2553 1370 neque
2602 1302 2811 1359 initium
2857 1306 3088 1373 dierum,
3137 1325 3312 1381 neque
3350 1311 3508 1366 linem
3547 1315 3671 1369 vita:

2060 1387 2190 1462 [Μδ.
2221 1398 2320 1444 lac.
2349 1391 2497 1465 vitae]
2528 1393 2754 1461 habens,
2787 1399 3114 1454 assimilatus
3143 1411 3323 1457 autem
3350 1403 3487 1460 Filio
3531 1406 3666 1476 Dei,

2059 1491 2243 1536 manet
2269 1485 2524 1541 sacerdos
2555 1488 2603 1541 in
2628 1498 2964 1557 perpetuum.
2992 1490 3273 1549 Intuemini
3299 1507 3479 1552 autem
3501 1515 3674 1568 quan-

2059 1582 2144 1627 tus
2175 1574 2246 1628 sit
2273 1575 2378 1646 hic,
2409 1578 2495 1632 cui
2526 1586 2581 1634 et
2608 1580 2846 1639 decimas
2877 1583 3027 1639 dedit
3062 1585 3129 1640 de
3166 1588 3451 1657 praecipuis
3492 1590 3668 1646 Abra-

2059 1666 2180 1718 ham
2211 1669 2533 1735 patriarcha.
2569 1672 2634 1727 Et
2659 1674 2874 1743 quidem
2900 1676 2968 1731 de
2997 1675 3118 1734 filiis
3148 1679 3271 1735 Levi
3301 1683 3665 1739 sacerdotium

2056 1756 2384 1828 accipientes
2413 1804 2425 1824 .
2482 1765 2792 1821 mandatum
2845 1768 3047 1824 habent
3088 1771 3328 1829 decimas
3376 1790 3593 1833 sumere
3638 1792 3670 1832 a

348 1857 562 1915 solidus
585 1861 759 1930 cibus,
782 1879 994 1933 eorum,
1026 1867 1115 1936 qui
1143 1882 1242 1938 pro
1272 1869 1663 1925 consuetudine
1692 1868 1956 1928 exercita-
1985 1863 2035 1923 Β
2061 1849 2258 1917 populo
2297 1852 2592 1908 secundm‘
2636 1857 2830 1926 legem'
2883 1861 2932 1912 id
2977 1870 3080 1927 es"
3129 1878 3157 1917 ³
3218 1865 3472 1921 “mribus
3514 1868 3669 1925 suis:

348 1958 433 2007 tos
466 1948 666 2011 habent
694 1971 885 2013 sensus
911 1957 978 2014 ad
1006 1959 1393 2018 discretionem
1426 1962 1552 2018 boni
1582 1978 1645 2020 ac
1676 1964 1822 2018 mali.

422 2045 573 2119 [Cap.
608 2046 720 2120 VL]
763 2044 1549 2122 Quapropterintermittentes
1597 2057 1955 2114 inchoatiouis

347 2140 548 2198 Christi
580 2157 909 2213 sermonem,
932 2148 999 2203 ad
1032 2149 1353 2220 perlecdora
1379 2151 1507 2225 [Ms.
1542 2150 1953 2224 perlecﬁonem]

347 2236 608 2306 feramur,
629 2254 733 2294 non
752 2255 965 2296 rursum
979 2242 1244 2312 iacientes
1263 2242 1669 2300 fundamentum
1689 2244 1954 2314 ptenitcn-

347 2331 436 2385 tice
459 2332 527 2386 ah
547 2334 801 2402 operibus
822 2337 1075 2399 mortuis,
1102 2345 1127 2372 λ
1151 2347 1203 2391 et
1228 2336 1330 2390 (ide
1355 2336 1420 2391 ad
1448 2336 1638 2403 Deum,
1661 2336 1954 2407 baptisma-

348 2431 463 2478 tum
486 2422 746 2479 doctrinm
766 2416 1123 2495 impositionis
1146 2444 1357 2498 quoque
1378 2443 1655 2498 manuum,
1685 2443 1748 2483 ac
1773 2444 1955 2484 resur—

346 2517 602 2572 reCtionis
631 2529 987 2587 mortuorum,
1017 2521 1272 2590 etjudicii
1297 2521 1506 2578 aeterni.
1547 2522 1613 2577 Et
1658 2521 1758 2577 hoc
1793 2518 1955 2577 facie-

346 2624 491 2673 mus.
512 2610 552 2665 si
574 2610 788 2681 quidem
816 2613 1118 2680 permiserit
1140 2612 1301 2669 Deus.
1322 2609 1657 2683 lmpossibile
1678 2621 1761 2668 est
1781 2612 1950 2679 enim,

346 2716 444 2757 eos
467 2703 556 2772 qui
590 2704 756 2758 semel
786 2713 910 2759 sunt
942 2704 1248 2774 illuminati,
1286 2714 1638 2777 gustaverunt
1663 2704 1826 2761 etiam
1857 2702 1951 2759 do;

344 2811 472 2850 num
505 2798 747 2865 caeleste,
782 2807 837 2852 et
864 2799 1153 2869 participes
1181 2797 1307 2854 facti
1340 2809 1467 2853 sunt
1492 2799 1726 2868 Spiritus
1757 2799 1947 2865 sancti,

343 2898 697 2958 gustaverunt
722 2891 1068 2945 nihilominus
1088 2892 1285 2946 bonum
1309 2890 1405 2945 Dei
1430 2890 1671 2960 verbum,
1700 2891 1954 2946 virtutes-

345 2996 451 3052 que
472 2983 654 3038 είηοιιιὶ
680 2981 909 3050 venturi,
955 2993 1008 3040 et
1038 2983 1273 3054 prolapsi
1308 2993 1453 3045 sunt.
1489 2999 1680 3038 rursus
1702 2980 1952 3037 renovari

344 3079 414 3130 ad
440 3077 835 3146 posuitentiam,
857 3093 1068 3132 rursum
1093 3076 1471 3148 ernciligentes
1496 3065 1845 3146 sibimetipsis
1867 3072 1955 3129 Fi-

344 3168 476 3225 lium
508 3162 621 3236 Dei,
649 3177 705 3226 et
724 3170 958 3226 ostentui
990 3170 1273 3226 habentes.
1310 3171 1475 3225 Terra
1509 3168 1651 3226 enim
1680 3184 1826 3239 saepe
1858 3183 1955 3223 ve-

2058 1954 2384 2015 quamquam
2413 1957 2465 2001 et
2494 1949 2593 2019 ipsi
2624 1953 2871 2005 exierunt
2894 1952 2961 2007 de
2991 1954 3189 2011 lumbis
3215 1958 3471 2015 Abralne.
3501 1962 3671 2031 Cujus

2058 2048 2235 2092 autem
2264 2042 2548 2109 generatio
2585 2058 2692 2096 non
2744 2058 3136 2103 annumeratur
3182 2051 3234 2104 in
3284 2051 3382 2118 eis,
3434 2054 3673 2111 decimas

2058 2128 2286 2198 sumpsit
2310 2128 2377 2186 ab
2400 2130 2696 2203 Abraham,
2721 2146 2776 2189 et
2804 2137 2967 2202 hunc,
3000 2139 3090 2208 qui
3119 2138 3351 2196 habebat
3377 2149 3672 2213 repromis-

2058 2222 2259 2289 siones,
2310 2223 2600 2280 benedixit.
2651 2227 2781 2283 Sine
2831 2229 2936 2284 ulla
2986 2240 3167 2287 autem
3217 2239 3665 2308 contradictione,

2058 2315 2199 2387 quod
2230 2316 2407 2371 minus
2439 2327 2545 2384 est,
2578 2336 2606 2373 a
2650 2321 2875 2377 meliore
2914 2324 3271 2382 benedicitur.
3320 2331 3383 2382 Et
3425 2329 3513 2386 hic
3557 2334 3674 2402 qui-

2058 2411 2205 2477 dem,
2238 2408 2474 2467 decimas
2506 2415 2799 2471 morientes
2833 2416 3079 2474 homines
3116 2422 3425 2490 accipiunt:
3471 2424 3544 2478 ibi
3578 2440 3674 2480 au-
3724 2428 3733 2434 “

2060 2509 2166 2555 tem
2216 2512 2573 2570 contestatur,
2625 2504 2747 2576 quia
2795 2507 2943 2562 vivit.
2994 2509 3059 2562 Et
3097 2512 3194 2579 (ut
3226 2510 3299 2565 ita
3332 2514 3533 2568 dictum
3568 2518 3671 2587 sit)

2060 2610 2155 2663 per
2181 2595 2476 2663 Abraham,
2506 2607 2561 2652 et
2587 2596 2738 2663 Levi,
2773 2601 2861 2670 qui
2893 2601 3131 2656 decimas
3162 2604 3394 2674 accepit,
3433 2606 3674 2663 decima-

2058 2700 2143 2745 tus
2174 2700 2296 2750 est:
2331 2692 2506 2748 adhuc
2535 2694 2677 2750 enim
2722 2695 2772 2749 in
2818 2696 3015 2751 lumbis
3060 2698 3230 2768 patris
3270 2708 3410 2769 erat,
3457 2703 3676 2773 quando

2057 2787 2297 2841 obviavit
2326 2789 2374 2843 ei
2406 2788 2823 2846 Melchisedech.
2856 2791 2909 2844 Si
2957 2807 3086 2862 ergo
3135 2797 3533 2850 consummatio
3578 2812 3674 2866 per

2057 2882 2420 2939 sacerdotium
2458 2883 2759 2939 Leviticum
2798 2894 2912 2940 erat
2946 2887 3214 2955 (populus
3253 2888 3397 2942 enim
3426 2890 3527 2943 sub
3555 2890 3675 2959 ipso

2060 2974 2230 3045 legem
2264 2978 2525 3049 accepit),
2558 2978 2685 3049 quid
2717 2978 2893 3034 adhuc
2934 2982 3301 3035 necessarium
3334 2981 3449 3046 fuit,
3482 2998 3677 3037 secun-

2057 3070 2184 3124 dum
2233 3071 2481 3126 ordinem
2528 3068 2923 3127 Melchisedech
2968 3073 3133 3128 alium
3165 3088 3390 3144 surgere
3416 3074 3674 3130 sacerdo-

2060 3169 2193 3229 tem,
2227 3172 2282 3217 et
2319 3177 2425 3218 non
2468 3164 2765 3232 secundum
2802 3167 3047 3221 ordinem
3077 3169 3257 3221 Aaron
3289 3166 3437 3222 dici?
3467 3169 3674 3224 Trans-

344 3267 588 3322 nicntem
622 3282 785 3337 super
813 3283 870 3321 se
907 3268 1098 3321 bibens
1126 3268 1376 3334 imbrem,
1413 3275 1465 3321 et
1512 3280 1777 3337 generans
1807 3262 1825 3336 [ν
1847 3262 1951 3318 Ms.
1981 3255 2028 3317 C
2061 3254 2170 3310 1³ῑο
2196 3258 2342 3311 enim
2374 3257 2702 3324 sacerdotii).
2738 3273 2963 3314 necesse
2992 3271 3094 3327 85‘.
3140 3266 3199 3314 ιιί
3235 3271 3287 3316 el
3328 3262 3458 3332 Ιθείε
3499 3272 3677 3318 η’δηε·

345 3358 681 3430 germinans]
699 3359 919 3415 herbam
938 3369 1292 3430 opportunam
1312 3359 1441 3425 illis,
1465 3374 1491 3412 a
1516 3359 1711 3428 quibus
1731 3356 1950 3421 colitur;

344 3452 542 3520 accipit
566 3448 998 3507 benedictionem
1033 3469 1058 3504 a
1090 3452 1224 3508 Deo.
1256 3448 1549 3507 Proferens
1572 3457 1749 3505 autem
1773 3444 1955 3517 Spinas

346 3558 413 3600 ac
436 3542 681 3611 tribulos,
706 3546 933 3615 reproba
960 3554 1062 3612 est,
1096 3555 1151 3600 et
1183 3544 1469 3599 maledicto
1492 3544 1734 3612 proxima
1761 3557 1773 3595 :
1804 3537 1957 3608 cujus

347 3643 745 3697 consummatio
766 3642 817 3695 in
840 3641 1295 3696 combustionem.
1323 3628 1664 3693 Conﬁdimus
1687 3644 1865 3688 autem
1891 3632 1959 3688 de

350 3737 525 3801 vobis,
544 3736 900 3803 dilectissimi,
922 3736 1168 3801 meliora,
1186 3732 1516 3791 etviciniora
1532 3729 1724 3785 saluti:
1746 3724 1959 3782 tametsi

352 3831 426 3886 ita
456 3831 748 3901 loquimur.
775 3829 892 3885 Non
918 3829 1061 3885 enim
1086 3829 1319 3899 injustus
1341 3827 1501 3889 Dens,
1528 3834 1584 3879 ut
1609 3822 1963 3879 obliviscatur

352 3924 533 3993 operis
570 3923 759 3991 vestri,
790 3931 846 3978 et
874 3922 1202 3988 dilectionis,
1231 3916 1392 3992 quam
1427 3916 1740 3972 ostendistis
1770 3915 1823 3969 in
1867 3928 1964 3966 no-

354 4016 501 4072 mine
531 4017 729 4085 ipsius,
762 4016 851 4087 qui
894 4016 1238 4071 ministrastis
1278 4013 1499 4075 sanctis,
1537 4019 1589 4066 et
1624 4008 1961 4064 ministratls.

355 4111 610 4180 Cupimus
670 4121 849 4165 autem
915 4124 1353 4181 unumquemque
1415 4115 1654 4163 vestrum
1717 4101 1964 4159 eamdem

356 4213 631 4260 ostentare
658 4203 1077 4258 sollicitudinem
1122 4200 1189 4257 ad
1233 4199 1595 4271 expletionem
1640 4196 1752 4266 spei
1796 4208 1967 4264 usque

358 4296 414 4352 in
448 4298 609 4352 ﬁnem
638 4314 652 4350 :
687 4308 744 4351 ut
775 4312 879 4351 non
910 4310 1106 4366 segnes
1135 4294 1465 4359 efﬁciamini,
1497 4306 1683 4346 verum
1722 4288 1965 4343 imitato-

359 4406 450 4446 res
475 4406 686 4456 eorum,
715 4390 805 4462 qui
833 4388 938 4444 ﬁde
962 4398 1017 4444 et
1042 4387 1296 4457 patientia
1321 4383 1716 4440 hzcreditabunt
1742 4379 1969 4449 promis-

359 4483 564 4539 sioues.
593 4482 827 4537 Abralta:
872 4495 1106 4552 namque
1146 4480 1465 4549 promittens
1508 4474 1670 4540 Deus,
1715 4473 1970 4544 quoniam

365 4576 639 4634 neminem
671 4574 879 4641 habuit,
913 4591 1009 4647 per
1033 4590 1190 4644 quem
1214 4572 1450 4643 juraret,
1496 4570 1781 4636 majorem,
1820 4567 1972 4637 jura-

2062 3347 2192 3402 latio
2224 3347 2340 3403 tiat.
2373 3348 2432 3403 In
2463 3365 2571 3419 quo
2597 3350 2741 3405 enim
2773 3346 2887 3405 haic
2935 3351 3212 3415 dicuntur,
3258 3353 3327 3409 de
3373 3356 3477 3409 alia
3534 3356 3674 3410 tribu

2060 3448 2179 3504 est,
2230 3440 2297 3494 de
2344 3456 2447 3510 qua
2495 3442 2673 3497 nullus
2719 3442 2879 3497 altari
2920 3451 3120 3510 prmsto
3164 3443 3285 3498 fuit.
3335 3442 3673 3501 Manifestum

2061 3543 2145 3588 est
2175 3534 2318 3588 enim
2351 3534 2493 3603 quod
2517 3551 2583 3590 ex
2605 3534 2742 3590 Juda
2774 3545 2929 3590 ortus
2961 3537 3030 3590 sit
3058 3535 3322 3593 Dominus
3354 3548 3541 3594 noster
3572 3557 3584 3593 :
3620 3543 3672 3594 in

2064 3642 2165 3695 qua
2194 3626 2338 3681 tribu
2370 3628 2503 3681 nihil
2536 3627 2605 3683 de
2627 3627 3013 3683 sacerdotibus
3052 3628 3265 3699 Moyses
3315 3630 3529 3685 locutus
3562 3642 3671 3687 est.

2064 3719 2390 3789 Etamplius
2434 3720 2615 3775 adhuc
2656 3722 3001 3776 manifestum
3033 3730 3148 3789 est,
3189 3722 3236 3776 si
3281 3722 3579 3778 secundum
3603 3726 3677 3779 si-

2066 3812 2432 3869 militudinem
2479 3812 2881 3870 Melchisedech
2912 3824 3169 3883 exsurgat
3200 3813 3339 3872 alius
3386 3817 3673 3885 sacerdos,

2066 3906 2156 3975 qui
2202 3921 2308 3959 non
2349 3906 2649 3961 secundum
2701 3907 2873 3977 legem
2924 3904 3164 3961 mandati
3215 3909 3449 3964 carnalis
3501 3910 3675 3968 factus

2069 4010 2170 4064 est,
2203 3999 2300 4055 sed
2334 4001 2632 4056 secundum
2666 4002 2927 4055 virtutem
2955 4002 3081 4055 vitae
3112 4001 3445 4058 insolubilis.
3479 4002 3677 4059 Conte-

2070 4101 2244 4147 statur
2271 4092 2416 4148 enim
2452 4111 2465 4149 :
2497 4094 2765 4161 Quoniam
2794 4104 2847 4146 tu
2886 4109 2946 4147 es
2986 4092 3241 4148 sacerdos
3278 4090 3333 4148 in
3384 4105 3673 4163 aeternum,

2071 4185 2377 4257 secundum
2395 4185 2640 4240 ordinem
2658 4183 3082 4240 Melchisedech.
3102 4183 3436 4253 Reprobatio
3458 4188 3673 4257 quidem

2074 4278 2132 4331 lit
2158 4253 2515 4346 praecedentis
2548 4278 2822 4344 mandati,
2857 4285 3079 4347 prOpter
3122 4253 3493 4335 inﬁrmitatem
3525 4282 3675 4349 ejus,

2073 4381 2132 4427 et
2177 4372 2523 4426 inutilitatem
2562 4389 2574 4425 :
2609 4370 2743 4426 nihil
2777 4358 2945 4426 enim
2995 4371 3060 4425 ad
3107 4371 3406 4440 perfectum
3456 4374 3681 4429 adduxit

2075 4464 2190 4529 lex,
2223 4464 2557 4519 introductio
2586 4478 2714 4518 vero
2744 4461 2987 4519 melioris
3009 4463 3147 4531 spei,
3181 4479 3277 4531 per
3305 4477 3465 4533 quam
3497 4467 3681 4534 proxi-

2074 4540 2289 4612 mamus
2321 4555 2385 4611 ad
2420 4556 2607 4611 Deum.
2651 4554 2711 4610 Et
2741 4566 3002 4626 quantum
3050 4566 3135 4610 est
3180 4572 3287 4610 non
3316 4556 3437 4611 sine
3470 4558 3678 4628 jureju-

365 4671 442 4725 vit
472 4686 568 4740 per
596 4644 969 4739 semetipsum,
994 4666 1215 4723 dicens:
1250 4660 1358 4721 Nisi
1395 4660 1724 4720 benedicens
1754 4657 1975 4714 benedi—
2002 4651 2052 4712 D
2080 4647 2249 4703 rando
2278 4646 2392 4718 ("lii
2421 4646 2639 4717 (Ιηίδυιιι
2669 4647 2789 4740 Sil"?
2826 4644 3184 4740 ἱξιτθὶεηῖθηάυ
3215 4648 3525 4740 “cerdo”?
3551 4648 3679 4740 facii

364 4779 482 4819 eam
516 4770 591 4829 te,
623 4772 678 4818 et
708 4760 1067 4833 multiplicans
1100 4756 1469 4829 multiplicabo
1500 4767 1569 4811 te.
1598 4754 1663 4809 Et
1684 4753 1764 4807 sic
1786 4753 1968 4821 longa-

367 4858 584 4913 nimiter
602 4855 802 4924 ferens,
828 4854 1052 4924 adeptus
1076 4863 1160 4910 est
1180 4849 1677 4922 repromissionem.
1711 4843 1970 4900 Homines

364 4952 511 5007 enim
542 4966 638 5020 per
665 4949 923 5020 majorem
948 4948 1031 5004 sui
1051 4946 1276 5017 jurant:
1306 4953 1363 4998 et
1389 4940 1564 4996 omnis
1588 4934 1972 4995 controversiae

368 5061 557 5103 eorum
582 5044 726 5107 ﬁnis,
760 5043 825 5097 ad
854 5039 1343 5102 confirmationem,
1370 5043 1451 5090 est
1489 5034 1876 5103 jurameutum.
1912 5026 1973 5082 In

368 5158 475 5213 quo
497 5140 857 5197 abundantius
882 5136 1070 5191 volens
1094 5130 1237 5187 lleus
1260 5124 1547 5222 ostendere
1568 5116 1974 5222 pollicitationis

370 5211 679 5295 bteredibus
701 5230 1128 5289 immobilitatem
1153 5221 1366 5282 consilii
1383 5220 1488 5286 sui,
1513 5211 1833 5285 interposuit
1858 5211 1976 5281 jus-

367 5332 658 5406 jurandum
683 5346 693 5381 :
724 5338 779 5382 ut
809 5341 905 5396 per
930 5326 1061 5378 duas
1087 5335 1174 5376 res
1199 5314 1522 5377 immobiles,
1554 5310 1748 5406 quibus
1773 5307 1976 5406 impos-

369 5398 529 5485 sibile
558 5436 641 5480 est
670 5420 887 5477 mentiri
915 5420 1103 5480 Deum,
1130 5411 1481 5468 fortissimum
1504 5403 1753 5460 Solatium
1777 5398 1977 5454 habea-

370 5535 519 5587 mus,
550 5516 641 5588 qui
664 5513 1002 5583 confugimus
1024 5508 1088 5564 ad
1112 5505 1397 5563 tenendam
1426 5496 1754 5571 propositam
1780 5508 1931 5588 spem
1958 5505 1972 5545 :

372 5582 534 5685 quam
566 5582 705 5666 sicut
731 5608 1027 5662 anchoram
1059 5601 1320 5656 habemus
1349 5598 1541 5651 animae
1576 5600 1741 5647 tutam
1778 5602 1842 5641 ac
1882 5582 1976 5638 llr-

451 5804 476 5830 κ
510 5792 658 5847 Idem
684 5804 814 5854 ms.,
842 5787 932 5843 sed
955 5783 1100 5855 ﬁdei,
1125 5782 1347 5855 propius
1376 5780 1564 5855 Graeco
1584 5782 1667 5855 atati
1688 5780 1939 5855 πίστεως.

2072 4750 2235 4805 sunt;
2266 4740 2355 4795 hic
2378 4749 2558 4793 autem
2585 4755 2705 4793 cum
2728 4736 3101 4808 jurejurando,
3125 4754 3220 4808 per
3246 4754 3391 4805 eum,
3422 4738 3512 4809 qui
3544 4738 3680 4794 dixit

2074 4830 2141 4886 ad
2173 4828 2325 4886 illum
2359 4849 2370 4883 :
2404 4830 2611 4886 Jnravit
2641 4831 2899 4885 Dominus
2922 4871 2935 4895 ,
2961 4838 3015 4885 et
3045 4845 3152 4885 non
3185 4830 3469 4900 panitebit
3510 4847 3633 4886 cum
3661 4849 3674 4886 :

2077 4932 2133 4977 tu
2160 4938 2221 4977 es
2253 4922 2509 4976 sacerdos
2544 4920 2597 4975 in
2631 4918 2924 4992 aeternum)
2954 4922 3222 4976 intantum
3246 4920 3484 4976 melioris
3514 4928 3681 4976 testa-

2080 5017 2247 5075 menti
2273 5033 2505 5089 sponsor
2531 5018 2702 5071 tactus
2725 5023 2810 5072 est
2829 5016 3005 5071 Jesus.
3037 5016 3101 5069 lit
3127 5015 3219 5069 alii
3247 5014 3466 5084 quidem
3494 5017 3681 5085 plures

2079 5114 2202 5168 facti
2251 5123 2376 5167 sunt
2404 5112 2715 5167 sacerdotes
2740 5157 2753 5180 ,
2790 5110 2993 5166 idcirco
3024 5109 3167 5178 quod
3208 5120 3384 5164 morte
3430 5108 3684 5178 prohibe-

2080 5218 2273 5263 rentur
2317 5222 2676 5277 permanere:
2710 5205 2796 5259 hic
2840 5213 3017 5256 autem
3062 5215 3128 5256 eo
3178 5197 3322 5270 quod
3372 5212 3591 5257 maneat
3629 5202 3682 5257 in

2081 5308 2370 5366 aeternum,
2399 5298 2789 5367 sempiternum
2821 5294 2986 5349 habet
3015 5289 3397 5349 sacerdOtium.
3432 5293 3588 5350 Unde
3631 5306 3688 5351 et

2081 5394 2290 5447 salvare
2338 5390 2390 5445 in
2424 5400 2746 5461 perpetuum
2794 5395 2967 5456 potest
2999 5385 3326 5441 accedentes
3359 5401 3456 5455 per
3486 5372 3685 5442 semet-

2082 5484 2259 5555 ipsum
2314 5484 2381 5538 ad
2455 5482 2670 5539 Deum:
2704 5496 2923 5551 semper
2976 5480 3164 5535 vivens
3216 5478 3282 5534 ad
3334 5477 3687 5550 interpellan-

2084 5577 2212 5633 dum
2237 5592 2335 5647 pro
2356 5574 2384 5614 δ
2416 5575 2595 5630 nobis.
2627 5573 2774 5629 Talis
2806 5571 2949 5627 enim
2978 5570 3209 5629 decebat
3251 5580 3311 5628 ut
3356 5573 3512 5630 nobis
3540 5582 3688 5631 esset

449 5862 477 5903 lt
520 5846 747 5918 Piraafert
777 5846 871 5930 pro
899 5846 971 5913 eis
997 5901 1010 5927 ,
1058 5846 1180 5911 eum
1207 5846 1396 5908 Gnaeo
1428 5850 1561 5925 ὑπὲρ
1588 5852 1774 5915 αὐτῶν,
1809 5846 2083 5902 Palatinus
2108 5852 2329 5915 quoque
2372 5848 2473 5888 ms.
