4128 6330
439 277 546 335 815

1435 275 1497 339 S.
1535 272 1919 337 HIERONYMI
1955 268 2191 331 DIVINA
2228 273 2709 341 BIBLIO’I‘HECA.

3641 267 3755 328 816

436 390 708 465 pontifex.
736 396 991 460 sanetum
1013 390 1306 463 innocens,
1339 390 1691 464 impollutus,
1734 397 2050 464 segregatus
2078 389 2130 450 A
2154 392 2502 465 sacerdotes,
2533 389 2928 449 sacrificiorum
2955 383 3137 444 ofﬁcia
3178 387 3660 439 consummantes:
3693 382 3750 436 in

438 500 470 540 a
498 482 898 556 peccatoribus,
943 492 1000 538 et
1044 483 1318 541 excelsior
1363 484 1517 541 caelis
1562 483 1743 540 factus
1771 500 1783 536 :
1810 482 1901 554 qui
1938 495 2044 535 non

437 579 607 637 habet
635 578 1016 635 necessitatem
1047 578 1325 649 quotidie,
1372 576 1831 649 quemadmodum
1865 590 2048 630 sacer-

439 670 623 739 dotes,
650 670 803 743 prius
834 685 934 742 pro
962 669 1081 726 suis
1105 669 1322 726 deliciis
1349 668 1555 725 hostias
1583 668 1785 725 offerre
1803 710 1819 736 ,
1849 666 2048 723 deinde

439 781 545 839 pro
570 764 794 838 populi:
818 766 921 820 hoc
961 765 1104 819 enim
1135 764 1263 820 fecit
1302 766 1494 831 semel,
1520 765 1759 834 seipsnm
1783 760 1921 835 [Με.
1952 758 2044 831 se]

436 857 745 916 offerendo.
778 856 894 913 Lex
942 857 1087 912 enim
1121 854 1371 911 homines
1411 855 1694 911 consmnit
1730 852 2046 909 sacerdotes

438 951 816 1008 infirmitatem
860 948 1126 1006 habentes
1158 967 1171 1003 :
1202 961 1385 1004 sermo
1430 955 1614 1003 autem
1648 943 2003 1017 jurisjurandi
2028 982 2043 1009 ,

360 1061 365 1065 ·
438 1045 530 1117 qui
564 1052 685 1116 post
710 1042 884 1114 legem
905 1051 1009 1110 est,
1042 1041 1241 1098 Filium
1275 1041 1330 1097 in
1362 1050 1627 1096 ueternum
1648 1040 1969 1109 perfectum.

516 1136 671 1212 [Cap.
705 1135 871 1209 VIII.]
900 1136 1209 1207 Capitulum
1260 1145 1442 1191 autem
1488 1148 1653 1205 super
1702 1149 1764 1188 ea
1805 1148 1927 1203 quae
1963 1129 2046 1186 di-

447 1241 681 1288 cuntur:
711 1230 899 1287 Talem
933 1229 1195 1286 habemus
1219 1228 1557 1299 pontificem,
1585 1229 1676 1298 qui
1709 1226 1957 1282 consedit
1990 1225 2043 1281 in

444 1323 667 1380 dextera
716 1322 862 1380 sedis
905 1322 1291 1394 magnitudinis
1326 1321 1382 1375 in
1412 1320 1567 1377 caelis
1596 1318 1727 1393 [Με.
1763 1316 2042 1390 excelsis],

444 1424 763 1473 sanctorum
786 1415 1056 1485 minister,
1109 1424 1164 1470 et
1214 1412 1549 1470 tabernaculi
1578 1413 1719 1480 veri,
1752 1410 1897 1483 quod
1928 1410 2047 1465 fixit

442 1510 749 1577 Dominus,
792 1519 848 1565 et
894 1523 1003 1566 non
1059 1508 1244 1564 homo.
1285 1506 1476 1563 Omnis
1517 1506 1658 1562 enim
1702 1503 1946 1575 pontifex
1978 1503 2044 1558 ad

442 1602 782 1660 offerendum
831 1615 1051 1658 munera
1078 1645 1093 1671 ,
1138 1612 1192 1656 et
1235 1599 1442 1655 hostias
1473 1597 1866 1654 constituitur:
1902 1595 2046 1651 unde

440 1711 672 1754 necesse
712 1703 798 1753 est
823 1704 877 1751 et
902 1695 1041 1750 hunc
1064 1694 1266 1750 habere
1294 1692 1493 1764 aliquid
1519 1735 1533 1756 ,
1569 1691 1714 1763 quod
1737 1690 1968 1747 offerat:
1997 1689 2042 1744 si

2150 488 2390 544 secundo
2421 496 2605 543 autem
2638 483 2812 543 semel
2843 483 2896 539 in
2943 494 3088 536 anno
3125 478 3273 534 solus
3303 474 3546 547 pontifex
3574 520 3589 545 ,
3642 466 3769 529 non

2149 580 2271 636 sine
2312 581 2573 651 sanguine
2601 621 2616 646 ,
2649 593 2809 649 quem
2842 574 3004 632 offert
3046 588 3143 641 pro
3173 585 3269 626 sua
3301 577 3356 625 et
3384 567 3564 640 pOpuli
3593 567 3755 639 igno-

2150 677 2368 731 rantia:
2417 673 2917 743 boc‘siguificante
2969 667 3180 740 Spiritu
3228 674 3456 733 sancto,
3504 662 3755 719 nondum

2149 770 2484 841 prOpalatam
2521 784 2643 825 esse
2671 780 2987 823 sanctorum
3018 765 3156 820 viam
3186 804 3202 831 ,
3254 761 3431 817 adhuc
3460 760 3640 831 priore
3672 767 3759 813 ta-

2148 864 2443 920 bernaculo
2497 863 2734 919 habente
2782 868 2984 916 statum
3015 900 3029 924 ,
3061 871 3180 928 quae
3212 854 3469 925 parabola
3500 862 3585 909 est
3617 861 3760 908 tem-

2150 956 2296 1027 poris
2326 955 2580 1012 instantis
2612 973 2625 1010 :
2654 958 2814 1025 juxta
2842 966 3001 1024 quam
3031 964 3278 1016 munera,
3313 959 3366 1002 et
3390 947 3581 1003 hostia:
3612 945 3755 1002 offe-

2109 1074 2113 1078 ~
2150 1059 2363 1120 runtur,
2395 1054 2517 1123 quae
2548 1065 2657 1105 non
2691 1057 2921 1122 possunt
2952 1045 3105 1116 juxta
3147 1030 3538 1099 conscientiam
3571 1038 3758 1110 perfe-

2146 1155 2292 1202 ctum
2326 1145 2509 1202 facere
2539 1144 2875 1200 servientem
2898 1182 2914 1208 ,
2949 1137 3296 1195 solummodo
3324 1136 3379 1191 in
3409 1134 3576 1203 cibis,
3608 1145 3665 1190 et
3697 1134 3755 1189 in

2148 1236 2363 1309 potibus
2395 1280 2410 1305 ,
2463 1244 2519 1291 et
2544 1234 2711 1291 variis
2743 1232 3196 1303 baptismatibus,
3228 1237 3282 1285 et
3308 1226 3543 1299 justitiis
3569 1228 3757 1282 carnis

2147 1344 2321 1401 usque
2371 1329 2438 1385 ad
2488 1341 2700 1398 tempus
2747 1324 3102 1383 correctionis
3143 1311 3434 1391 impositis.
3505 1318 3757 1375 Christus

2148 1435 2329 1479 autem
2382 1421 2645 1478 assistens
2693 1419 2935 1489 pontifex
2969 1417 3275 1473 futurorum
3315 1414 3621 1482 bonorum,
3655 1427 3758 1484 per

2150 1515 2389 1587 amplius
2434 1523 2488 1570 et
2518 1513 2816 1586 perfectius
2860 1509 3270 1567 tabernaculum
3317 1522 3427 1563 non
3472 1521 3635 1561 manu
3677 1505 3757 1560 fa-

2146 1620 2296 1666 ctum
2317 1651 2332 1678 ,
2363 1610 2413 1664 id
2441 1621 2524 1666 est
2551 1650 2565 1675 ,
2596 1626 2701 1665 non
2731 1607 2892 1680 hujus
2923 1608 3255 1677 creationis;
3293 1622 3469 1679 neque
3500 1622 3597 1678 per
3627 1621 3759 1662 san-

2147 1703 2361 1775 guinem
2394 1702 2668 1759 hircorum
2704 1711 2797 1757 aut
2831 1702 3124 1757 vitulorum
3151 1745 3167 1771 ,
3215 1703 3310 1758 sed
3346 1718 3443 1774 per
3472 1701 3754 1774 proprium

444 1805 576 1863 ergo
616 1798 763 1847 esset
801 1805 964 1860 super
993 1799 1195 1844 terram
1221 1829 1235 1854 ,
1285 1802 1386 1843 nec
1416 1795 1561 1841 esset
1591 1786 1847 1841 sacerdos
1873 1803 1886 1839 :
1917 1799 2039 1840 cum

2147 1797 2503 1869 sanguinem,
2552 1796 2795 1852 introivit
2842 1797 3012 1851 semel
3056 1796 3109 1850 in
3159 1795 3355 1852 Sancta
3383 1837 3397 1860 ,
3437 1804 3637 1851 acterna
3660 1807 3757 1850 re-

441 1895 628 1944 essent
672 1885 765 1957 qui
814 1883 1074 1940 offerrent
1114 1882 1411 1938 secundum
1448 1881 1618 1952 legem
1649 1894 1873 1935 munera
1898 1919 1914 1944 ,
1949 1876 2037 1949 qui

443 1978 743 2050 exemplari
793 1985 849 2033 et
890 1976 1096 2031 umbra:
1145 1975 1462 2031 deserviunt
1516 1966 1855 2030 caelestium.
1885 1971 2040 2029 Sicut

443 2087 770 2145 responsum
796 2080 880 2128 est
905 2071 1101 2144 Moysi,
1127 2085 1251 2126 cum
1272 2077 1683 2126 consummaret
1710 2068 2038 2124 tabernacu-

441 2160 600 2220 lum:
654 2163 789 2219 Vide
833 2163 1054 2234 (inquit)
1099 2151 1279 2217 omnia
1320 2159 1482 2216 facito
1526 2160 1823 2216 secundum
1856 2173 2040 2216 exem-

444 2256 587 2328 plar,
620 2255 765 2328 quod
796 2254 894 2311 tibi
923 2265 1200 2311 ostensum
1229 2262 1313 2309 est
1345 2254 1399 2307 in
1431 2264 1634 2308 monte.
1675 2251 1830 2307 Nunc
1859 2260 2038 2307 autem

442 2347 639 2405 melius
670 2348 897 2404 sortitus
937 2356 1022 2403 est
1061 2345 1444 2413 ministerium,
1486 2345 1690 2417 quanto
1718 2353 1773 2399 et
1799 2342 2040 2399 melioris

442 2440 755 2497 testamenti
787 2440 1051 2496 mediator
1080 2448 1162 2495 est
1182 2479 1197 2504 ,
1237 2437 1383 2509 quod
1415 2437 1468 2493 in
1496 2435 1818 2493 melioribus
1849 2448 2039 2505 repro-

446 2533 798 2590 missionibus
833 2534 1099 2589 sancitum
1130 2540 1232 2588 est.
1289 2529 1423 2586 Nam
1457 2530 1500 2584 si
1532 2528 1665 2585 illud
1698 2528 1848 2599 prius
1881 2527 2037 2598 culpa

443 2634 728 2683 vacasset:
755 2641 860 2680 non
893 2625 1077 2695 utique
1107 2622 1327 2681 secundi
1360 2622 1513 2678 locus
1540 2620 1922 2694 inquireretur.
1951 2620 2044 2674 Vi-

445 2730 710 2794 tnperans
757 2719 901 2774 enim
943 2733 1041 2775 eos
1083 2716 1413 2774 dicit:Ecce
1461 2715 1580 2772 dies
1625 2713 1872 2781 venient,
1911 2711 2041 2768 dicit

448 2813 747 2870 Dominus:
779 2820 831 2868 et
862 2811 1250 2867 consummabo
1297 2823 1466 2880 super
1492 2806 1711 2863 domum
1744 2804 1909 2861 Israel
1938 2846 1954 2873 ,
1988 2812 2043 2859 et

444 2922 611 2979 super
639 2906 859 2963 domum
887 2905 1059 2972 Jttda,
1105 2911 1488 2960 testamentum
1521 2915 1758 2956 novum:
1807 2914 1914 2954 non
1957 2913 2045 2954 se-

444 2997 680 3056 cundum
734 3006 1117 3054 testamentum
1147 3038 1162 3065 ,
1213 2994 1357 3067 quod
1403 2994 1504 3050 feci
1550 2994 1796 3065 patribus
1826 3007 2038 3058 eorum,

443 3090 498 3147 in
531 3091 621 3147 die
641 3106 748 3162 qua
777 3089 1114 3162 apprehendi
1154 3104 1376 3144 manum
1411 3102 1631 3153 eorum,
1659 3094 1719 3142 ut
1749 3085 2039 3141 educerem

444 3182 568 3238 illos
598 3156 672 3240 de
691 3156 1074 3255 terraEgypti
1100 3199 1113 3236 :
1144 3181 1398 3253 quoniam
1428 3181 1547 3251 ipsi
1586 3195 1695 3235 non
1730 3188 1757 3217 ι
1789 3195 2040 3249 perman—
2064 3156 2112 3219 ο

444 3280 617 3337 serint
643 3279 698 3333 in
728 3286 1053 3332 testamento
1081 3292 1234 3343 meo,
1258 3282 1337 3345 .et
1357 3288 1459 3344 ego
1490 3274 1701 3344 neglexi
1735 3287 1855 3340 eos,
1907 3273 2042 3328 dicit

443 3370 732 3426 Dominus.
772 3367 908 3437 Quia
954 3367 1061 3423 hoc
1108 3376 1195 3424 est
1235 3375 1649 3430 testamentum,
1682 3365 1824 3437 quod
1856 3365 2041 3436 dispo-

443 3480 570 3521 nam
599 3462 788 3519 domui
833 3462 1001 3519 lsrael
1039 3472 1164 3535 post
1204 3461 1321 3518 dies
1354 3460 1510 3527 illos,
1563 3459 1696 3515 dicit
1728 3459 1991 3514 Dominus
2022 3476 2036 3514 :

450 3555 641 3612 Dando
663 3555 810 3626 leges
833 3568 982 3611 meas
1005 3554 1058 3609 in
1081 3560 1320 3609 mentem
1353 3566 1565 3619 eorum,
1586 3562 1642 3607 et
1673 3552 1725 3606 in
1749 3550 1913 3606 corde
1941 3564 2036 3605 eo-

442 3665 566 3706 rum
598 3648 997 3721 superscribam
1032 3663 1124 3703 eas
1151 3665 1163 3702 :
1212 3655 1268 3703 et
1312 3662 1408 3703 ero
1438 3646 1518 3703 eis
1544 3647 1596 3702 in
1626 3647 1822 3714 Deum,
1853 3654 1907 3701 et
1938 3646 2040 3716 ipsi

446 3752 611 3800 erunt
633 3741 767 3798 mihi
789 3744 842 3798 in
872 3741 1128 3813 populum
1157 3756 1174 3798 :
1208 3749 1261 3796 et
1284 3754 1389 3796 non
1415 3739 1636 3797 docebit
1666 3739 2040 3810 unusquisque

446 3836 756 3908 proximum
787 3849 944 3889 suum
966 3876 981 3902 ,
1014 3843 1069 3891 et
1091 3835 1462 3905 unusquisque
1493 3832 1713 3889 fratrem
1738 3847 1925 3897 suum,
1959 3831 2042 3886 di-

449 3943 619 3987 cens:
669 3926 947 4002 Cognosce
991 3927 1317 3984 Dominum:
1350 3927 1603 3997 quoniam
1635 3940 1828 3982 omnes
1865 3927 2043 3981 scient

446 4037 536 4079 me
582 4037 613 4078 a
650 4021 860 4079 minore
896 4035 1066 4091 usque
1107 4019 1174 4075 ad
1206 4019 1467 4090 majorem
1498 4033 1685 4075 eorum
1715 4037 1726 4073 :
1758 4018 1882 4089 quia
1913 4033 2037 4088 pro-

445 4116 611 4187 pitius
656 4131 751 4173 ero
778 4114 1154 4187 iniquitatibus
1175 4128 1362 4168 eorum
1391 4153 1407 4180 ,
1459 4120 1514 4168 et
1553 4122 1900 4183 peccatorum
1947 4124 2040 4165 eo-

444 4222 567 4265 rum
601 4208 716 4278 jam
749 4223 859 4265 non
908 4204 1273 4263 memorabor.
1325 4204 1566 4260 Dicendo
1603 4212 1780 4273 autem
1814 4218 2036 4267 novum,

445 4300 720 4357 veteravit
760 4301 932 4372 prius.
971 4298 1126 4366 Quod
1174 4307 1356 4355 autem
1407 4298 1740 4369 antiquatur,
1788 4306 1846 4352 et
1882 4311 2041 4353 sene-

445 4395 570 4465 scit,
594 4410 763 4469 prope
787 4396 1063 4452 interitum
1090 4404 1193 4452 est.

518 4486 671 4565 [Cap.
700 4485 822 4561 IX.]
856 4487 1055 4545 Habuit
1094 4489 1313 4561 quidem
1350 4497 1406 4546 et
1444 4488 1595 4560 prius
1620 4488 2040 4560 iustificationes

2141 1892 2451 1963 demptione
2504 1891 2746 1947 inventa.
2805 1890 2865 1948 Si
2910 1891 3055 1946 enim
3105 1892 3322 1961 sanguis
3375 1891 3647 1963 hircorum
3691 1898 3753 1944 et
3841 1935 3847 1943 ,

2148 1995 2459 2051 taurorum,
2492 1994 2547 2041 et
2575 1985 2712 2040 cinis
2734 1983 2916 2040 vitula:
2945 1997 3234 2053 aspersus,
3270 1983 3580 2052 inquinatos
3596 1961 3759 2036 ‘san-

2144 2079 2347 2134 ctificat
2415 2077 2483 2132 ad
2550 2076 2989 2133 emundationem
3051 2075 3269 2130 carnis:
3315 2082 3518 2145 quanto
3573 2073 3756 2143 magis

2145 2175 2364 2244 sanguis
2415 2170 2619 2229 Christi
2648 2216 2664 2239 ,
2714 2172 2805 2242 qui
2837 2187 2934 2243 per
2956 2168 3217 2241 Spiritum
3252 2176 3501 2225 sanctum
3548 2174 3754 2223 semet-

2148 2267 2323 2337 ipsum
2366 2265 2565 2322 obtulit
2613 2264 3014 2320 immaculatum
3063 2262 3215 2331 Deo,
3271 2261 3592 2319 emundabit
3616 2276 3758 2316 con-

2144 2361 2433 2419 scientiam
2455 2368 2700 2417 nostram
2729 2359 2796 2415 ab
2823 2358 3079 2430 operibus
3106 2358 3358 2425 mortuis,
3393 2355 3461 2411 ad
3494 2355 3741 2412 servien-

2140 2455 2270 2510 dum
2298 2454 2411 2510 Deo
2434 2452 2637 2508 viventi
2662 2454 2675 2507 !
2726 2452 2794 2507 Et
2820 2451 2944 2507 ideo
2974 2451 3100 2506 novi
3135 2447 3449 2506 testamenti
3477 2446 3754 2504 mediator

2142 2555 2247 2612 est,
2283 2557 2339 2603 ut
2363 2556 2538 2603 morte
2569 2544 2970 2610 intercedente,
3002 2545 3054 2600 in
3097 2542 3528 2614 redemptionem
3556 2555 3748 2597 earum

2143 2637 2277 2709 [Μι.
2319 2635 2693 2707 earumdemj'
2714 2635 3229 2715 praevaricationum
3254 2676 3269 2699 ,
3315 2648 3435 2702 qua:
3462 2618 3619 2688 erant
3645 2631 3751 2686 sub

2143 2730 2308 2800 priori
2360 2737 2727 2797 testamento,
2776 2712 3260 2798 repromissionem
3303 2726 3614 2796 accipiant,
3653 2722 3781 2796 qui'

2141 2824 2317 2879 vocati
2347 2823 2475 2878 sunt
2503 2832 2721 2879 aeternae
2741 2822 3103 2879 luereditatis.
3136 2822 3240 2880 Ubi
3268 2821 3410 2879 enim
3442 2828 3752 2876 testamen-

2145 2927 2255 2973 tum
2282 2926 2391 2983 est,
2433 2932 2580 2974 mors
2609 2931 2836 2974 necesse
2857 2926 2942 2972 est
2968 2916 3272 2974 intercedat
3299 2915 3603 2972 testatoris.
3633 2913 3750 2969 Te-

2142 3018 2470 3068 stamentum
2499 3012 2642 3067 enim
2676 3012 2727 3067 in
2760 3011 2992 3067 mortuis
3022 3009 3406 3066 confirmatum
3438 3018 3525 3065 est
3553 3023 3567 3062 :
3608 3005 3749 3062 alio-

2143 3105 2274 3176 quin
2304 3105 2543 3160 nondum
2576 3106 2738 3175 valet,
2765 3104 2893 3160 dum
2924 3103 3168 3176 vivitqui
3197 3111 3427 3159 testatus
3457 3109 3561 3158 est.
3588 3099 3751 3159 Unde

2146 3214 2247 3256 nec
2295 3198 2527 3270 primum
2573 3198 2791 3270 quidem
2840 3197 2959 3254 sine
3005 3201 3271 3269 sanguine
3297 3196 3607 3252 dedicatum
3637 3206 3747 3252 est.

2146 3293 2313 3349 Lecto
2342 3293 2485 3348 enim
2525 3291 2678 3347 omni
2726 3291 2989 3347 mandato
3018 3291 3155 3363 legis
3202 3306 3232 3346 a
3262 3291 3448 3363 Moyse
3491 3290 3749 3346 universo

2145 3387 2368 3458 populo,
2399 3386 2673 3457 accipiens
2695 3385 3010 3457 sanguinem
3032 3384 3321 3440 vitulorum
3357 3389 3415 3440 et
3444 3383 3749 3448 hircorum,

2144 3495 2267 3537 cum
2298 3495 2457 3551 aqua,
2494 3488 2543 3535 et
2580 3478 2702 3535 lana
2730 3478 3010 3548 coccinea,
3039 3488 3093 3534 et
3119 3477 3383 3551 hyssOpo,
3413 3477 3587 3547 ipsum
3611 3491 3755 3548 quo-

2144 3587 2249 3644 que
2276 3572 2473 3628 librum
2501 3614 2516 3641 ,
2560 3580 2616 3628 et
2642 3587 2861 3628 omnem
2897 3571 3154 3642 populum
3189 3571 3465 3642 aspersit,
3514 3570 3748 3626 dicens:

2144 3664 2245 3720 Hic
2275 3665 2495 3736 sanguis
2526 3666 2862 3733 testamenti,
2893 3664 3035 3736 quod
3066 3664 3343 3720 mandavit
3360 3665 3426 3720 ad
3449 3678 3550 3721 vos
3576 3664 3745 3720 Deus.

2145 3755 2322 3812 Etiam
2359 3758 2768 3814 tabernaculum
2799 3767 2854 3814 et
2901 3758 3084 3813 omnia
3126 3772 3255 3813 vasa
3287 3757 3575 3814 ministerii
3605 3773 3739 3813 san-

2143 3850 2305 3921 guine
2328 3851 2581 3906 similiter
2607 3852 2864 3922 aspersit.
2907 3851 2978 3907 Et
3005 3851 3188 3907 omnia
3225 3867 3362 3921 pene
3394 3851 3447 3908 in
3476 3850 3748 3922 sanguine

2146 3942 2444 3999 secundum
2476 3944 2650 4015 legem
2696 3945 3066 4000 mundantur:
3100 3954 3156 4000 et
3199 3943 3317 4000 sine
3357 3944 3636 4015 sanguinis
3664 3943 3750 3999 ef-

2143 4035 2356 4092 fusione
2407 4052 2518 4091 nou
2580 4038 2637 4093 fit
2686 4040 2959 4093 remissio.
3001 4038 3236 4094 Necesse
3284 4048 3369 4095 est
3408 4054 3538 4110 ergo
3566 4052 3749 4094 exem-

2144 4127 2313 4197 plaria
2362 4127 2577 4199 quidem
2625 4130 2931 4187 C(Blesiittm
2976 4131 3059 4185 bis
3088 4130 3378 4185 mundari:
3413 4130 3529 4200 ipsa
3559 4140 3746 4185 autem

2143 4221 2385 4278 caelestia
2417 4221 2737 4277 melioribus
2768 4222 2965 4279 hostiis
2996 4238 3158 4295 quam
3192 4225 3328 4279 istis.
3370 4224 3487 4278 Non
3517 4224 3660 4279 enim
3687 4224 3745 4279 in

2144 4314 2452 4370 manufacta
2504 4314 2700 4372 Sancta
2757 4314 2886 4389 [Με.
2946 4315 3273 4372 manufactis
3322 4316 3547 4388 sanctis]
3583 4316 3747 4373 Jesus

2143 4407 2426 4476 introivit,
2477 4409 2807 4480 exemplaria
2858 4423 3153 4467 verorum':
3190 4408 3284 4466 sed
3329 4410 3381 4465 in
3422 4410 3599 4480 ipsum
3630 4425 3746 4466 cae-

2147 4500 2278 4571 lum,
2309 4511 2368 4557 ut
2392 4511 2653 4572 appareat
2682 4516 2827 4558 nunc
2859 4501 3024 4558 vultui
3052 4502 3151 4558 Dei
3182 4518 3279 4571 pro
3308 4503 3500 4569 nobis.
3556 4501 3746 4572 Neque

444 4582 706 4652 culturas,
735 4592 793 4640 et
816 4583 1074 4641 Sanctum
1099 4584 1385 4641 saeculare.
1424 4582 1859 4640 Tabernaculum
1896 4583 2041 4641 enim
2067 4551 2122 4614 D
2146 4606 2206 4653 ιιι
2230 4551 2375 4668 εξερε
2396 4551 2591 4653 οῖῖξτςιι
2637 4596 2989 4669 semetipsum
3016 4637 3032 4666 ,
3072 4551 3529 4666 ηυθξηεάξηοάωη
3560 4551 3746 4667 ροιξιί-

445 4676 652 4734 factum
694 4686 783 4735 est
825 4677 1062 4749 primum
1086 4718 1104 4747 ,
1149 4678 1206 4734 in
1256 4693 1365 4750 quo
1394 4685 1553 4734 erant
1587 4677 1909 4735 candelabra
1934 4720 1948 4745 ,
1986 4686 2044 4735 et

446 4785 657 4839 mensa,
691 4779 747 4827 et
768 4770 1069 4842 propositio
1099 4786 1322 4841 panum,
1356 4787 1476 4844 quae
1503 4770 1630 4845 [Με.
1651 4769 1817 4845 quod]
1845 4771 2041 4827 dicitur

446 4859 672 4921 Sancta.
711 4861 842 4919 Post
882 4863 1255 4921 velamentum
1297 4875 1481 4921 autem
1525 4864 1823 4921 secundum
1861 4864 2044 4920 taber-

443 4957 702 5014 naculum
724 4999 741 5025 ,
773 4956 917 5028 quod
958 4956 1157 5013 dicitur
1199 4957 1397 5015 Sancta
1427 4968 1743 5015 sanctorum
1773 4977 1786 5013 :
1815 4974 2036 5015 aureum

444 5047 651 5105 habens
681 5046 1017 5105 thuribuium
1043 5090 1058 5115 ,
1099 5058 1154 5106 et
1182 5064 1367 5107 arcam
1408 5052 1717 5107 testamenti
1744 5052 2039 5107 circumte-

388 5174 393 5175 ί
444 5150 590 5198 ctam
616 5156 683 5197 ex
708 5139 858 5197 omni
891 5150 1045 5211 parte
1064 5155 1221 5212 auro,
1257 5143 1310 5198 in
1342 5158 1448 5215 qua
1476 5159 1612 5198 urna
1641 5158 1803 5199 aurea
1835 5141 2043 5199 habens

439 5247 670 5300 manna,
703 5240 761 5289 ct
784 5234 936 5303 virga
966 5233 1148 5289 Aaron
1175 5274 1191 5303 ,
1223 5249 1344 5305 quae
1371 5233 1683 5290 fronduerat
1708 5276 1723 5301 ,
1753 5245 1807 5291 et
1840 5235 2039 5290 tabulte

418 5322 798 5390 testamenti,
851 5338 1125 5396 superque
1172 5341 1292 5382 eam
1342 5336 1498 5383 erant
1541 5327 1820 5383 cherubim
1849 5327 2037 5399 glorise

440 5415 825 5474 obumbrantia
886 5419 1318 5489 propitiatorium
1361 5437 1375 5473 :
1427 5420 1495 5474 de
1539 5420 1735 5491 quibus
1789 5438 1897 5478 non
1953 5431 2037 5479 est

442 5508 608 5567 modo
650 5510 940 5569 dicendum
979 5525 1077 5582 per
1103 5512 1339 5584 singula.
1384 5512 1478 5569 His
1505 5530 1630 5570 vero
1661 5516 1730 5572 ita
1763 5518 2031 5586 composio

447 5604 519 5659 tis
540 5644 557 5671 ,
588 5603 645 5659 in
668 5603 834 5676 priori
863 5605 1084 5677 quidem
1113 5605 1461 5664 tabernaculo
1490 5622 1706 5680 semper
1736 5608 2035 5686 introibant

2150 4691 2240 4747 fex
2277 4691 2443 4746 intrat
2484 4690 2536 4745 in
2567 4689 2767 4747 Sancta
2796 4706 2893 4760 per
2922 4690 3168 4762 singulos
3200 4704 3373 4746 annos
3402 4692 3453 4745 in
3478 4690 3747 4761 sanguine

2142 4784 2362 4842 alieno:
2414 4784 2659 4856 alioquin
2690 4782 2979 4855 oportebat
3017 4799 3138 4839 eum
3182 4781 3498 4855 frequenter
3530 4784 3641 4851 pati
3672 4784 3747 4839 ab

2142 4878 2350 4951 origine
2380 4878 2606 4934 mundi:
2659 4892 2803 4933 nunc
2851 4887 3036 4933 autem
3085 4878 3254 4934 semel
3298 4876 3355 4932 in
3396 4891 3749 4933 consumma-

2145 4969 2289 5029 tione
2315 4970 2684 5037 saeculorum,
2716 4969 2785 5024 ad
2810 4968 3220 5025 destitutionem
3254 4968 3487 5038 peccati,
3522 4982 3619 5038 per
3644 4967 3747 5023 ho-

2143 5063 2303 5138 stiam
2352 5078 2505 5119 suam
2550 5063 2818 5135 apparuit.
2862 5061 2930 5117 Et
2973 5060 3431 5134 quemadmodum
3474 5069 3742 5117 statutum

2142 5166 2229 5215 est
2273 5158 2590 5214 hominibus
2635 5157 2808 5214 semel
2854 5156 2991 5211 mori
3018 5196 3031 5219 ,
3074 5162 3199 5225 post
3247 5153 3350 5211 hoc
3380 5162 3561 5211 autem
3594 5154 3746 5225 judi-

2141 5251 2326 5307 cium:
2374 5252 2451 5306 sic
2491 5259 2548 5307 et
2586 5247 2837 5305 Christus
2867 5248 3039 5305 semel
3065 5247 3286 5303 oblatus
3313 5257 3399 5304 eSt
3440 5248 3508 5304 ad
3543 5246 3748 5302 multo.

2141 5360 2259 5401 rum
2285 5342 2657 5400 exbaurienda
2690 5350 2943 5412 peccata;
2972 5339 3218 5423 secundo
3245 5340 3365 5396 sine
3396 5348 3617 5411 peccato
3651 5355 3745 5411 apo

2108 5506 2111 5507 ν
2143 5434 2352 5507 parebit
2378 5435 2817 5506 exSpectantibus
2845 5448 2924 5496 se,
2957 5433 3008 5487 in
3033 5433 3285 5489 salutem.

2214 5528 2363 5603 [ϐαρ.
2400 5527 2496 5602 X.]
2540 5528 2799 5586 Umbram
2848 5529 2993 5583 enim
3041 5526 3252 5582 habens
3297 5526 3386 5582 lex
3435 5526 3741 5582 futurorum

2140 5623 2425 5689 bonorum,
2453 5637 2560 5677 non
2593 5620 2764 5691 ipsam
2797 5621 3086 5691 imaginem
3111 5634 3315 5686 rerum,
3360 5634 3458 5688 per
3488 5618 3740 5691 singulos

512 5750 551 5793 ι.
578 5741 637 5799 in
664 5740 857 5800 eodem
903 5757 1031 5813 ms.,
1073 5760 1177 5802 non
1209 5757 1631 5819 permanserunt,
1675 5765 1800 5810 cum
1829 5730 2029 5814 Graeco

2144 5780 2158 5815 ι
2179 5760 2434 5833 iniustum;
2444 5795 2458 5810 .
