4128 6330
376 415 482 473 817

1203 423 1538 485 EPISTOLA
1584 422 1644 479 Β.
1688 419 1893 478 PAULI
1935 415 2273 475 APOS'I‘OLI
2313 418 2405 474 AD
2445 418 2813 479 HEBREOS.

2225 213 2259 236 ν

3570 421 3676 478 818

376 548 550 590 annos
577 531 783 591 eisdem
807 534 937 609 ipsis
961 534 1186 608 hostiis,
1220 553 1356 610 quas
1386 537 1618 595 oti‘et'unt
1648 535 1966 592 indesinen-
2001 534 2057 594 Α
2081 530 2263 587 buam.
2310 533 2377 587 Et
2403 531 2598 588 iterum
2629 551 2641 588 :
2680 534 2815 603 Quia
2842 535 3108 607 judicabit
3133 537 3392 592 Dominus
3418 537 3676 608 populum

383 636 489 695 ter,
525 643 817 698 numquam
864 637 1045 700 potest
1084 630 1412 687 accedentes
1459 629 1728 700 perfectos
1754 627 1974 682 facere:

381 719 624 790 alioquin
655 730 965 777 cessassent
995 721 1178 778 offerri
1204 740 1218 776 :
1258 723 1380 778 ideo
1413 722 1554 792 quod
1580 722 1778 775 nullam
1810 719 1978 775 habe-

384 824 508 868 rent
555 814 698 870 ultra
761 815 1153 872 conscientiam
1215 817 1420 887 peccad
1453 859 1466 883 ,
1521 815 1759 870 cultores
1810 813 1980 869 semel

382 907 669 963 mundati:
716 908 811 964 sed
857 909 908 964 in
960 910 1093 979 ipsis
1133 909 1584 965 commemoratio
1632 917 1978 976 peccatorum

383 1017 482 1072 per
529 1001 773 1074 singulos
820 1015 994 1057 annos
1026 1001 1101 1055 fit.
1162 999 1504 1072 [inpossibile
1543 999 1688 1054 enim
1723 1007 1807 1053 est
1850 996 1977 1078 [illa

383 1093 524 1167 erat]
556 1094 824 1164 sanguine
867 1103 1145 1149 taurorum
1190 1103 1244 1148 et
1288 1092 1566 1148 hircorum
1611 1089 1815 1146 auferri
1850 1105 1978 1160 pec-

383 1198 524 1242 cata.
563 1186 692 1242 Ideo
723 1187 1034 1257 ingrediens
1083 1188 1344 1242 mundum
1385 1187 1554 1240 dicit:
1603 1186 1879 1251 ltostiatn,
1927 1194 1980 1238 et

382 1279 712 1334 oblationem
757 1279 1024 1334 noluisti:
1073 1295 1270 1349 corpus
1314 1289 1492 1334 autem
1551 1278 1750 1348 aptasti
1804 1275 1976 1331 tnihi:

383 1372 826 1427 holocautomata
860 1382 884 1409 α
923 1387 1020 1442 pro
1065 1382 1289 1443 peccato
1342 1388 1448 1426 non
1495 1371 1588 1426 tibi
1635 1372 1986 1443 placuerunt,

380 1467 536 1522 Tunc
566 1465 714 1521 dixi:
745 1465 886 1522 Ecce
920 1465 1122 1522 venio:
1151 1465 1204 1520 in
1237 1466 1414 1535 capite
1447 1465 1569 1519 libri
1601 1465 1861 1534 scriptum
1898 1474 1983 1519 est

381 1558 451 1614 de
482 1575 607 1614 me:
641 1554 709 1615 Et
740 1560 930 1614 faciam
961 1558 1086 1631 [Με.
1123 1557 1415 1630 facerem],
1447 1559 1613 1629 Deus,
1650 1561 1978 1613 voluntatem

385 1667 552 1708 tuam.
586 1653 855 1723 Superius
879 1653 1070 1709 dicens
1098 1671 1110 1707 :
1144 1653 1280 1722 Quia
1305 1653 1531 1716 hostias,
1567 1665 1620 1708 et
1653 1653 1977 1720 oblationes,

383 1755 439 1802 et
483 1745 922 1802 holocautomata
973 1763 1072 1816 pro
1105 1758 1333 1817 peccato
1365 1746 1583 1800 noluiSti
1605 1789 1618 1813 ,
1654 1762 1753 1800 nec
1783 1746 1979 1816 placita

383 1848 512 1894 sunt
550 1839 687 1907 tibi,
744 1853 866 1909 quae
909 1839 1208 1894 secundum
1255 1839 1427 1909 legem
1475 1837 1795 1906 offeruntur,
1855 1847 1981 1894 tunc

2083 639 2262 678 suum.
2304 623 2648 680 Horreudum
2701 637 2786 683 est
2835 629 3079 685 incidere
3127 629 3179 684 in
3227 644 3418 685 manus
3458 629 3553 684 Dei
3592 630 3679 686 vi-

2083 719 2280 773 ventis.
2323 718 2787 777 Rcmcmoramini
2816 732 2997 778 atttem
3022 724 3284 794 pristinos
3315 724 3456 792 dies,
3483 725 3537 779 in
3559 724 3680 794 qui-

2081 809 2180 864 bus
2205 810 2510 877 illuminati,
2534 829 2784 884 magnum
2817 827 3093 871 certamen
3118 814 3447 872 sustinuistis
3472 816 3677 884 passio-

2083 919 2208 956 num
2237 946 2252 970 ,
2277 913 2330 957 et
2360 905 2410 958 in
2434 904 2609 960 altero
2641 908 2855 976 quidem
2883 949 2897 972 ,
2946 909 3254 978 opprobriis
3282 920 3334 963 et
3369 909 3676 964 tribulatio-

2084 995 2243 1050 nibus
2273 998 2642 1065 spectaculum
2692 999 2818 1054 facti
2846 1019 2857 1054 :
2889 1003 2940 1055 in
2973 1002 3143 1056 attero
3173 1010 3353 1056 autem
3384 1044 3398 1066 ,
3437 1002 3574 1058 socii
3600 1011 3679 1055 ta-

2083 1089 2209 1144 liter
2237 1092 2674 1147 conversantium
2706 1093 2904 1150 effecti.
2945 1094 3079 1150 Nam
3104 1104 3158 1150 et
3190 1095 3386 1150 vinctis
3407 1097 3676 1165 compassi

2085 1184 2254 1250 estis,
2287 1192 2342 1237 et
2370 1185 2612 1254 rapinam
2656 1187 2930 1241 bonorum
2968 1199 3272 1243 vestrorum
3319 1203 3440 1243 cum
3481 1189 3680 1258 gaudio

2084 1275 2400 1346 suscepistis
2426 1321 2440 1341 _,
2490 1290 2886 1349 cognoSCentcs
2927 1297 3024 1336 vos
3076 1279 3281 1337 habere
3320 1281 3600 1337 meliorem
3626 1290 3685 1338 et

2085 1381 2397 1427 manentem
2424 1373 2807 1430 substantiam.
2847 1374 3028 1431 Nolite
3064 1376 3245 1447 itaque
3275 1375 3528 1433 amittere
3551 1391 3685 1431 con-

2084 1462 2362 1519 ﬁdentiam
2408 1476 2647 1522 vestram
2674 1509 2687 1535 ,
2738 1483 2860 1539 qua:
2893 1484 3141 1538 magnam
3170 1468 3333 1526 habet
3367 1484 3685 1525 remunerao

2085 1557 2309 1612 tionem.
2353 1557 2622 1615 Patientia
2656 1561 2800 1615 enim
2836 1561 2989 1616 vobis
3013 1562 3319 1618 necessaria
3343 1570 3465 1620 est:
3501 1569 3559 1616 ut
3590 1575 3684 1616 vo-

2085 1648 2345 1704 luntatem
2393 1649 2490 1705 Dei
2540 1650 2796 1707 facientes
2825 1695 2838 1719 ,
2889 1652 3188 1723 reportetis
3232 1653 3676 1724 promissionem.

2083 1737 2277 1794 Adhuc
2324 1740 2468 1794 enim
2516 1731 2788 1795 modicum
2827 1742 3246 1812 aliquantulum,
3291 1742 3386 1814 qui
3417 1754 3681 1799 venturus

2084 1842 2198 1898 est,
2231 1834 2452 1901 veniet,
2485 1842 2538 1889 et
2562 1849 2672 1890 non
2707 1835 2960 1891 tardabit.
3002 1837 3191 1892 Justus
3217 1847 3399 1892 autem
3431 1851 3583 1892 meus
3612 1852 3682 1894 ex

381 1931 534 1986 dixi:
581 1932 725 1987 Ecce
769 1933 927 1988 venio
954 1975 969 2000 ,
1018 1941 1077 1986 ut
1126 1931 1321 1986 faciam
1354 1974 1366 1998 ,
1413 1932 1555 1987 Deus
1582 1973 1598 1999 ,
1642 1932 1977 1986 voluntatem
2012 1929 2057 1990 Β
2088 1927 2192 1983 fide
2218 1928 2386 1984 vivit:
2418 1930 2560 1998 quod
2588 1930 2630 1984 si
2665 1929 2997 1984 subtraxerit
3020 1946 3115 1998 se,
3161 1949 3264 1986 non
3299 1931 3531 2001 placebit
3559 1931 3683 1986 ani-

383 2037 534 2081 tuam
565 2045 576 2080 :
624 2026 798 2081 aufert
850 2026 1082 2094 primum
1106 2071 1120 2095 ,
1167 2035 1224 2080 ut
1257 2040 1494 2097 sequens
1525 2034 1748 2080 statuat.
1792 2026 1847 2080 lu
1876 2039 1983 2095 qua

379 2120 662 2174 voluntate
690 2120 1012 2175 sanctificati
1046 2134 1236 2174 sumus
1261 2136 1353 2188 per
1379 2120 1703 2174 oblationem
1734 2120 1982 2188 corporis

380 2213 512 2269 Jesu
544 2211 745 2267 Christi
775 2213 940 2268 semel
974 2211 1104 2285 [Ms.
1134 2213 1188 2267 in
1223 2212 1434 2284 semel].
1471 2212 1536 2266 iit
1563 2213 1739 2266 omnis
1762 2210 1979 2282 quidem

381 2307 642 2361 sacerdos
676 2315 874 2375 praesto
914 2317 995 2361 est
1022 2307 1265 2378 qttotidie
1299 2307 1646 2371 ministrans,
1680 2317 1732 2359 et
1763 2305 1980 2360 easdem

380 2413 529 2468 saepe
570 2397 802 2454 offerens
845 2399 1057 2453 hOStias
1082 2441 1096 2465 ,
1145 2414 1266 2469 quae
1303 2416 1594 2469 numquam
1627 2407 1856 2468 possunt
1885 2415 1981 2452 au'

382 2489 526 2544 ferre
571 2499 832 2559 peccata:
885 2490 970 2545 hic
1015 2501 1195 2545 autem
1230 2506 1390 2545 unam
1436 2506 1530 2560 pro
1576 2489 1814 2559 peccatis
1843 2487 1981 2544 oﬂ‘e-

384 2599 510 2639 rens
539 2583 798 2655 hostium,
830 2584 883 2639 itt
917 2585 1310 2656 sempiternum
1337 2586 1493 2641 sedet
1517 2587 1568 2640 in
1601 2585 1823 2642 dextera
1856 2585 1977 2654 Dei,

381 2678 451 2732 de
497 2687 706 2734 cmtero
744 2691 1066 2749 exspectans
1098 2681 1270 2735 donec
1314 2693 1583 2750 ponantur
1620 2680 1827 2736 inimici
1861 2680 1980 2750 ejus

382 2770 680 2826 scabellum
733 2772 926 2842 pedum
977 2773 1114 2842 ejus.
1159 2771 1276 2828 Una
1319 2774 1462 2828 enim
1505 2773 1810 2840 oblatione,
1843 2787 1976 2827 con-

381 2865 670 2918 summavit
711 2865 762 2918 in
804 2864 1195 2935 sempiternum
1245 2867 1634 2922 sanctificatos.
1693 2866 1980 2927 Contesta-

385 2967 470 3011 tur
495 2969 676 3013 autem
707 2975 803 3012 rtus
843 2969 899 3014 et
929 2959 1169 3029 Spiritus
1199 2970 1441 3014 sanctus.
1508 2960 1800 3031 Postquam
1832 2963 1978 3016 enim

382 3047 563 3104 dixit:
609 3049 721 3104 Hoc
767 3059 949 3105 autem
1002 3060 1420 3119 testamentum,
1449 3053 1596 3123 quod
1639 3053 1879 3110 testabor
1909 3056 1978 3110 ad

384 3141 509 3196 illos
551 3151 675 3211 post
718 3142 838 3197 dies
881 3144 1005 3198 illos
1033 3186 1047 3210 ,
1099 3144 1230 3199 dicit
1264 3145 1564 3200 Dominus:
1620 3146 1803 3200 Dando
1834 3147 1980 3218 leges

385 3251 535 3290 meas
569 3237 621 3290 in
655 3237 910 3292 cordibus
941 3253 1126 3292 eorum
1149 3281 1162 3304 ,
1196 3249 1245 3294 et
1278 3238 1329 3292 in
1364 3240 1640 3294 mentibus
1667 3255 1858 3294 eorum
1883 3257 1976 3294 su-

2088 2037 2190 2075 mre
2219 2038 2374 2076 mete.
2416 2021 2524 2076 Nos
2545 2031 2725 2076 autem
2750 2039 2849 2079 nos
2879 2038 3065 2078 sumus
3089 2025 3471 2079 subtractionis
3501 2025 3592 2078 lilii
3625 2023 3681 2079 in

2087 2111 2470 2183 perditionem,
2504 2114 2599 2168 sed
2630 2115 2751 2170 fidei
2784 2116 2835 2169 in
2868 2117 3281 2186 acquisitionetn
3313 2116 3529 2171 animm.

2156 2204 2308 2279 [ϐαρ.
2338 2207 2454 2280 XL]
2487 2207 2585 2263 Est
2616 2218 2797 2265 autem
2831 2210 2960 2266 fides
2994 2210 3385 2280 sperandarutn
3419 2211 3679 2265 substan-

2087 2302 2162 2357 tia
2214 2319 2420 2370 t‘erum,
2465 2317 2845 2373 argumentum
2901 2320 3007 2359 non
3058 2304 3459 2375 apparetttium.
3495 2304 3551 2358 In
3581 2303 3683 2360 hac

2083 2395 2227 2450 enim
2263 2396 2633 2450 testimonium
2684 2398 2967 2451 consecuti
3023 2407 3149 2451 sunt
3193 2412 3374 2450 senes.
3413 2395 3545 2451 Fide
3600 2396 3686 2452 in-

2085 2488 2379 2558 telligimus
2409 2498 2592 2554 aptata
2621 2504 2742 2544 esse
2774 2491 2972 2544 sweula
3004 2491 3171 2546 vetbu
3205 2491 3322 2556 Dei,
3363 2499 3425 2544 ut
3452 2506 3517 2566 ex
3543 2490 3683 2545 invi-

2081 2581 2335 2636 sibilibus
2387 2581 2620 2638 visibilia
2673 2582 2884 2637 fierent.
2933 2583 3069 2638 Fide
3112 2582 3395 2652 plurimam
3449 2583 3684 2638 hostiam

2083 2675 2249 2741 Abel,
2295 2691 2455 2745 quam
2483 2675 2650 2744 Cain,
2697 2675 2894 2732 obtulit
2927 2678 3072 2742 Deo,
3105 2693 3205 2747 per
3233 2692 3393 2749 quam
3437 2677 3685 2732 testimo-

2081 2769 2230 2822 nium
2263 2778 2596 2823 consccutus
2624 2777 2707 2823 est
2738 2783 2859 2824 esse
2885 2770 3084 2838 justus,
3139 2768 3506 2824 testimonium
3553 2783 3682 2839 per-

2084 2860 2307 2936 hibente
2337 2861 2649 2917 muneribus
2677 2861 2794 2932 ejus
2821 2862 2968 2920 Deo:
3007 2872 3063 2917 et
3091 2877 3184 2931 per
3215 2862 3360 2916 illam
3393 2859 3682 2918 defunctus

2081 2954 2261 3007 adhuc
2289 2953 2548 3023 loquitur.
2581 2953 2714 3009 Fide
2739 2954 2961 3010 Heuoch
2985 2954 3272 3008 translatus
3303 2963 3408 3021 est,
3439 2970 3506 3009 ne
3530 2953 3684 3012 vide-

2085 3055 2436 3112 retmortem,
2460 3055 2514 3102 et
2535 3047 3055 3115 noninveniehatur,
3081 3049 3201 3119 quia
3230 3047 3502 3103 transtulit
3527 3047 3678 3102 illum

2082 3139 2262 3196 Deus:
2309 3151 2433 3196 ante
2464 3141 2874 3196 translationem
2924 3144 3067 3196 enim
3098 3144 3464 3198 testimonium
3494 3143 3685 3198 habuit

2084 3233 2349 3303 placuisse
2385 3235 2512 3289 Deo.
2569 3235 2698 3289 Sine
2726 3234 2826 3289 fide
2873 3245 3050 3290 autem
3083 3236 3417 3308 impo.~sibile
3445 3244 3526 3290 est
3569 3235 3685 3306 pla-

383 3331 722 3402 perseribam
755 3348 881 3386 eas:
921 3342 972 3386 et
1016 3343 1361 3404 peccatorum
1389 3377 1403 3401 ,
1437 3345 1489 3389 et
1517 3336 1855 3405 iniquitatum
1887 3350 1980 3390 eo—
2007 3312 2053 3376 (ἶ
2084 3342 2210 3382 cere
2263 3327 2398 3382 D60.
2454 3328 2688 3383 Credere
2739 3328 2884 3383 enim
2931 3339 3147 3396 Opmlcl
3209 3329 3564 3383 accedentem
3616 3328 3686 3384 ad

387 3442 502 3480 rum
529 3426 637 3496 jam
670 3442 774 3481 non
803 3427 1132 3481 recordabor
1162 3426 1416 3498 amplius.
1444 3426 1544 3484 Ubi
1572 3443 1752 3483 autem
1787 3428 1979 3482 horum

387 3520 633 3575 remissio
656 3562 669 3583 ,
707 3520 817 3590 jam
864 3535 970 3574 non
1003 3530 1087 3576 est
1115 3521 1318 3575 oblatio
1349 3536 1447 3590 pro
1480 3533 1724 3590 peccato.
1768 3522 1983 3575 Haben-

385 3624 467 3669 tes
497 3615 710 3685 itaque,
746 3615 971 3677 fratres,
1019 3615 1271 3669 fidueiam
1315 3616 1367 3668 in
1398 3613 1630 3668 introitu
1663 3626 1978 3669 sanctorum

386 3707 438 3760 in
477 3709 739 3777 sanguine
773 3705 1009 3776 ChriSIi,
1056 3724 1214 3776 quam
1259 3708 1487 3762 initiavit
1515 3707 1668 3761 nobis
1705 3709 1846 3762 viam
1883 3725 1981 3761 uo-

384 3816 548 3867 vam,
605 3809 660 3854 ct
705 3800 977 3856 viventem
1027 3817 1120 3870 per
1167 3802 1412 3856 velamen
1442 3843 1455 3868 ,
1509 3801 1560 3856 id
1609 3810 1711 3869 εει,
1757 3817 1978 3856 carnem

383 3907 535 3946 suam
564 3935 578 3956 ,
632 3904 684 3946 et
727 3894 1064 3949 sacerdotem
1117 3911 1369 3965 maguum
1401 3911 1565 3966 super
1589 3894 1808 3950 domum
1842 3896 1936 3951 Dei
1964 3915 1973 3950 :

383 3986 704 4040 accedamus
757 4002 877 4040 eum
921 4003 1051 4041 vero
1095 3989 1258 4041 eor-tle
1322 3988 1372 4040 in
1440 3988 1776 4056 plenitudine
1826 3990 1975 4056 fidei,

383 4081 590 4148 aspersi
635 4078 800 4133 corda
854 4097 881 4134 a
913 4080 1241 4134 conscientia
1278 4080 1448 4143 mala,
1491 4087 1546 4134 et
1576 4079 1746 4134 abluti
1779 4096 1979 4151 corpus

382 4186 520 4239 aqua
566 4171 762 4224 munda
791 4214 803 4235 ,
855 4182 1137 4226 teneamus
1182 4173 1294 4241 spei
1341 4185 1536 4226 nosnxc
1576 4171 1976 4227 confessionem

383 4264 826 4320 indeclinabilem
860 4265 1062 4336 (fidelis
1094 4267 1240 4320 enim
1276 4276 1360 4319 est
1394 4266 1485 4336 qui
1515 4265 1846 4336 reprOmisit)
1877 4312 1889 4334 ,
1925 4276 1980 4321 et

380 4357 794 4413 consideremus
830 4359 1060 4413 invicem
1090 4359 1146 4412 in
1195 4359 1636 4428 provocationem
1667 4358 1974 4428 eharitatis,

381 4462 437 4506 et
469 4453 735 4508 bonorum
783 4468 1042 4521 operum:
1081 4469 1185 4505 non
1235 4452 1552 4506 deserentes
1595 4452 1974 4507 collectionem

382 4557 660 4612 noswam,
703 4547 842 4600 sicut
893 4545 1306 4600 consuetudinis
1353 4557 1438 4601 est
1477 4547 1839 4616 quibusdam:
1883 4547 1975 4600 sed

379 4640 757 4705 Consolantes,
783 4650 834 4694 et
865 4650 1017 4694 tanto
1052 4639 1221 4710 magis
1263 4654 1465 4710 quanto
1495 4639 1740 4693 videritis
1780 4655 1974 4709 appro-

2088 3419 2290 3486 l)eum,
2329 3418 2453 3490 quia
2495 3431 2611 3488 est,
2658 3428 2713 3475 et
2745 3421 3146 3491 inquirentibus
3192 3437 3252 3476 se
3306 3431 3688 3479 retnunerator

2081 3513 2172 3566 sit.
2208 3511 2341 3566 Fide
2370 3510 2520 3575 Noe,
2557 3527 2821 3583 responso
2873 3525 3100 3582 accepto
3143 3513 3211 3568 de
3247 3515 3309 3567 iis
3347 3531 3469 3584 quae
3503 3513 3684 3568 adhuc

2083 3621 2192 3661 non
2221 3605 2588 3672 videbantur,
2619 3617 2866 3661 metuens
2897 3609 3111 3675 aptavit
3135 3621 3320 3661 arcam
3355 3607 3406 3659 in
3445 3607 3680 3662 salutent

2082 3698 2276 3751 domus
2316 3714 2456 3760 sum,
2497 3713 2593 3768 per
2622 3715 2784 3766 quam
2833 3697 3110 3752 damnavit
3141 3698 3401 3752 mttndttm
3432 3716 3444 3750 :
3477 3707 3531 3751 ct
3555 3697 3677 3766 jus-

2085 3792 2239 3860 litim,
2272 3808 2391 3862 qttte
2425 3808 2521 3861 per
2551 3791 2710 3847 fidem
2738 3800 2844 3860 est,
2891 3793 3066 3846 ha't'es
3095 3801 3180 3845 est
3219 3793 3519 3846 institutus.
3549 3790 3682 3845 Fide

2084 3887 2172 3956 qui
2219 3896 2446 3940 vocatur
2501 3885 2804 3955 Abraham,
2861 3885 3104 3940 obedivit
3153 3886 3204 3939 ia
3265 3886 3442 3940 locum
3491 3886 3676 3951 exire,

2083 3995 2242 4048 quem
2272 3988 2593 4048 accepturus
2618 3986 2736 4033 erat
2767 3979 2816 4032 in
2844 3979 3223 4034 ltmreditatetn
3254 3997 3268 4034 :
3313 3989 3364 4035 et
3398 3980 3550 4044 exiit,
3587 3994 3683 4033 ue-

2083 4073 2260 4127 scicns
2290 4087 2396 4141 quo
2424 4073 2548 4127 iret.
2588 4072 2718 4127 Fide
2760 4071 3072 4127 demoratus
3103 4084 3184 4127 est
3233 4074 3284 4128 in
3317 4083 3459 4127 terra
3488 4087 3682 4142 repro-

2084 4168 2361 4220 missionis
2387 4209 2398 4231 ,
2435 4176 2688 4236 tanquam
2723 4165 2773 4220 in
2800 4167 3013 4231 aliena,
3053 4169 3104 4220 in
3129 4167 3328 4221 casulis
3360 4167 3682 4234 habitando,

2081 4273 2203 4313 cum
2262 4257 2412 4314 Isaac
2467 4269 2522 4314 et.
2572 4258 2739 4314 Jac-ob
2798 4259 3178 4314 eolnerediltus
3240 4258 3684 4328 repromissiopis

2083 4349 2352 4416 ejusdem.
2402 4351 2761 4420 Εκμρθςιςὼειι
2809 4351 2950 4405 enirn
2997 4351 3346 4406 fundamenta
3396 4351 3683 4405 habentem

2082 4445 2354 4500 civitatem
2387 4463 2397 4497 :
2447 4445 2600 4513 cujus
2645 4445 2838 4498 artifex
2890 4455 2943 4499 et
2993 4446 3240 4499 Conditor
3271 4443 3434 4498 Deus.
3468 4442 3598 4497 Fide
3629 4453 3686 4499 et

2084 4537 2194 4607 ipsa
2228 4536 2358 4591 Sara
2388 4537 2590 4589 sterilis
2637 4536 2888 4589 virtutem
2919 4536 2968 4589 in
2999 4536 3413 4603 conceptionem
3457 4536 3682 4589 seminis

2082 4632 2311 4697 accepit,
2347 4630 2506 4684 etiam
2536 4638 2732 4699 prater
2764 4641 2974 4696 tempus
3000 4630 3176 4681 :etatis
3204 4646 3214 4678 :
3243 4629 3498 4698 quoniam
3551 4626 3683 4681 fide-

383 4733 732 4801 pinquantem
764 4731 929 4787 diem.
971 4732 1290 4788 Volttntaric
1324 4733 1468 4787 enim
1496 4733 1847 4802 peccantibus
1879 4749 1974 4786 no-
2002 4699 2058 4761 Β
2084 4725 2187 4779 10m
2236 4723 2463 4778 Cledidil
2493 4738 2613 4777 0558
2644 4739 2766 4776 Cum
2795 4767 2808 4790 ,
2861 4723 2951 4792 (ιυὶ
3005 4723 3408 4789 Γορνίηηίδθνειι·
3451 4719 3682 4789 Ρτοῐηθν

381 4825 465 4880 bis
487 4835 608 4896 post
638 4836 911 4897 acceptam
956 4829 1197 4883 notitiam
1229 4826 1473 4882 veritatis
1493 4871 1506 4894 ,
1535 4828 1645 4898 jam
1686 4844 1789 4883 non
1818 4830 1978 4884 relin-

378 4921 565 4989 quitur
591 4934 687 4989 pro
719 4921 955 4990 peccatis
988 4921 1162 4976 ltuStia
1189 4938 1202 4975 :
1236 4921 1494 4976 terribilis
1521 4931 1698 4976 autem
1726 4922 1976 4992 quaedam

380 5013 721 5080 exspectatio
746 5010 962 5082 judieii,
992 5021 1047 5067 et
1075 5013 1213 5082 ignis
1244 5013 1538 5078 mmolatio,
1574 5031 1691 5079 qua:
1730 5030 1978 5068 consum-

379 5113 535 5174 ptura
573 5113 654 5160 est
706 5105 1070 5161 adversarios.
1131 5105 1340 5160 lrritam
1390 5108 1509 5177 quis
1557 5106 1760 5162 faciens
1803 5109 1973 5178 legem

377 5196 570 5268 Moysi,
598 5200 718 5254 sine
758 5200 866 5253 ulla
913 5201 1267 5256 miseratione
1313 5199 1526 5254 duobus
1566 5200 1651 5255 vel
1681 5200 1854 5255 tribus
1888 5213 1970 5256 te-

377 5289 552 5344 Stibus
581 5291 810 5345 moritur
839 5309 850 5343 :
893 5300 1096 5357 quanto
1136 5293 1302 5363 magis
1332 5292 1531 5360 putatis
1568 5292 1834 5346 deteriora
1865 5308 1976 5348 me-

375 5383 484 5437 reri
512 5383 798 5452 supplicia,
833 5385 920 5454 qui
947 5383 1142 5438 Filium
1174 5385 1269 5440 Dei
1302 5386 1737 5455 conculcaverit,
1771 5394 1826 5441 et
1852 5401 1977 5441 san-

375 5476 592 5544 guinem
632 5479 942 5532 testamenti
977 5478 1235 5546 pollutun't
1269 5478 1525 5546 duxerit,
1561 5479 1612 5532 in
1642 5495 1747 5548 quo
1777 5480 1979 5533 sant-ti-

380 5566 569 5620 lit-atus
601 5577 723 5634 est,
766 5580 818 5623 et
861 5569 1072 5639 spiritui
1108 5569 1295 5639 gratiae
1327 5571 1709 5624 contumeliam
1752 5571 1978 5624 fecerit!

377 5657 594 5714 Scimus
623 5659 768 5715 enim
797 5661 892 5732 qui
935 5661 1107 5716 dixit:
1142 5661 1272 5716 Mihi
1297 5661 1536 5718 vindicta
1557 5705 1572 5731 ,
1606 5673 1657 5718 et
1686 5679 1788 5734 ego
1816 5662 1977 5718 retri-

450 5855 476 5883 ι
519 5844 712 5899 Verius
759 5846 1200 5912 conjunctionem
1241 5857 1287 5900 et
1331 5848 1609 5905 Palatinus
1643 5865 1744 5904 ms.
1787 5851 1970 5907 addit:

375 5916 588 5987 Graece,
617 5921 701 5975 καὶ
727 5921 848 5991 περὶ
871 5917 1150 5995 ἁμαρτίαςς
1183 5933 1346 5991 quam
1378 5931 1433 5977 et
1462 5922 1620 5991 paulo
1645 5934 1773 5992 poet
1803 5922 1981 5979 lectio-

2082 4816 2225 4888 quod
2252 4827 2304 4870 et
2332 4817 2399 4870 ab
2419 4833 2524 4870 uno
2566 4815 2670 4870 orti
2703 4817 2937 4884 sunt(et
2969 4815 3068 4868 hoc
3093 4824 3375 4876 cmr-rtuot
3405 4823 3683 4882 tamquam

2082 4910 2260 4967 sidera
2294 4910 2416 4965 αα)ιὶ
2451 4910 2502 4964 in
2535 4909 2960 4976 multitudinem,
2995 4919 3048 4969 et
3072 4909 3215 4963 sicut
3239 4921 3425 4974 arena,
3450 4921 3570 4977 qua:
3598 4915 3684 4960 est

2081 5005 2147 5059 ad
2181 5019 2331 5058 oram
2365 5005 2552 5071 maris,
2583 5004 3012 5060 innumerabilis.
3056 5003 3220 5058 Juxta
3250 5001 3409 5057 fidem
3439 4999 3684 5055 defuncti

2081 5108 2205 5153 sunt
2232 5113 2420 5154 omnes
2454 5098 2564 5165 isti,
2601 5113 2705 5151 non
2747 5096 2985 5166 acceptis
3013 5092 3548 5165 repromissionibus,
3580 5091 3681 5146 sed

2079 5207 2108 5246 a
2137 5193 2295 5261 longe
2337 5206 2428 5245 eas
2467 5191 2814 5261 aspicientes,
2845 5198 2901 5244 et
2929 5189 3245 5251 salutantes,
3275 5197 3327 5241 et
3355 5185 3682 5241 confitcntes

2082 5289 2206 5356 quia
2239 5285 2506 5355 peregrini
2537 5293 2591 5338 et
2637 5282 2881 5352 hospites
2927 5290 3051 5334 sunt
3100 5294 3266 5349 super
3315 5288 3534 5334 terram.
3577 5276 3684 5345 Qui

2080 5380 2224 5436 enim
2259 5378 2375 5432 luce
2415 5379 2639 5442 dicunt,
2687 5373 2993 5445 significant
3026 5386 3086 5426 se
3113 5371 3341 5442 patriam
3385 5369 3682 5438 inquirere.

2082 5473 2149 5529 Et
2179 5475 2222 5527 si
2261 5472 2479 5542 quidem
2525 5469 2693 5540 ipsius
2738 5465 3116 5522 meminissent
3159 5463 3226 5518 de
3267 5477 3370 5534 qua
3402 5463 3682 5530 exierunt,

2079 5563 2355 5619 habebant
2403 5564 2584 5632 utique
2633 5569 2846 5630 tempus
2895 5558 3244 5613 revertendi:
3298 5569 3442 5610 nunc
3497 5565 3679 5608 autem

2078 5657 2359 5714 meliorem
2391 5664 2674 5724 appetunt,
2707 5653 2758 5707 id
2787 5660 2892 5722 est,
2921 5652 3224 5706 caelestem.
3251 5647 3377 5705 Ideo
3411 5661 3516 5702 non
3545 5661 3681 5701 con-

2086 5867 2207 5908 nem
2239 5850 2419 5906 denuo
2451 5847 2594 5902 idem
2627 5859 2751 5899 cunt
2787 5842 2982 5898 Grmco
3011 5849 3212 5897 servat.
