4128 6330
584 323 691 381 819

584 534 885 592 civitatem.
915 534 1049 593 Fide
1071 538 1269 595 obtulit
1290 536 1564 594 Abraham
1597 536 1768 603 Isaac,
1797 551 1919 593 cum
1951 543 2189 591 tentare-

585 637 694 697 tur,
727 640 779 686 et
806 627 1143 702 unigenitum
1169 627 1474 697 offerebat,
1516 631 1606 701 qui
1653 636 1970 700 susceperat
1997 640 2187 698 repro-

584 722 911 791 missiones;
959 720 1027 778 ad
1057 737 1214 795 quem
1250 721 1453 778 dictum
1483 732 1605 777 est:
1656 718 1797 791 Quia
1827 720 1881 774 in
1910 718 2062 777 Isaac
2097 733 2189 777 voc

584 814 799 872 cabitur
828 815 924 872 tibi
954 831 1141 873 semen
1170 834 1183 869 :
1227 814 1499 871 arbitrans
1522 812 1647 885 quia
1674 822 1732 869 et
1756 829 1786 868 a
1817 810 2045 868 mortuis
2069 826 2192 868 sus-

584 907 758 965 citare
805 917 996 979 potens
1025 918 1106 964 est
1150 906 1324 963 Deus:
1356 904 1498 963 unde
1541 922 1666 961 eum
1696 916 1753 963 et
1780 905 1833 961 in
1876 904 2187 978 parabolam

583 1000 811 1072 accepit.
842 999 979 1056 Fide
1012 1008 1068 1056 et
1098 999 1165 1054 de
1196 999 1393 1056 futuris
1440 998 1718 1059 benedixit
1759 997 1940 1067 lsa3c,
1974 996 2183 1067 Jacob,

582 1100 637 1147 et
671 1090 834 1147 Esau.
864 1090 998 1147 Fide
1031 1092 1223 1158 Jacoh,
1255 1092 1493 1147 moriens
1515 1134 1528 1160 ,
1561 1090 1801 1164 singulos
1826 1089 2058 1145 ﬁliorum
2090 1089 2190 1146 Jo-

581 1182 717 1255 seph
762 1184 1085 1243 benedixit:
1134 1198 1189 1242 et
1237 1184 1488 1240 adoravit
1537 1182 1805 1257 fasﬁgium
1853 1183 2019 1254 virga:
2048 1181 2186 1253 ejus.

580 1277 714 1334 Fide
733 1278 964 1348 Joseph,
996 1276 1260 1344 moriens,
1297 1279 1364 1336 de
1395 1278 1730 1349 profecﬁone
1763 1277 1995 1331 ﬁliorum
2020 1275 2187 1331 Israel

579 1380 912 1427 memoratus
940 1383 1063 1442 est,
1097 1383 1152 1429 et
1200 1371 1270 1427 de
1297 1372 1515 1428 ossibus
1559 1370 1671 1426 suis
1706 1369 2002 1427 mandavit.
2057 1367 2189 1425 Fide

581 1475 818 1548 Moyses,
852 1476 1028 1537 natus,
1059 1466 1360 1523 occultatus
1404 1476 1487 1522 est
1519 1465 1798 1521 mensibus
1831 1464 2000 1520 tribus
2029 1480 2059 1518 a
2094 1464 2190 1534 pa-

577 1566 823 1625 rentibus
844 1562 992 1628 suis;
1015 1576 1081 1617 eo
1112 1558 1255 1632 quod
1282 1560 1549 1614 vidissent
1569 1560 1877 1629 elegantem
1903 1555 2186 1622 infantem,

579 1671 635 1719 et
655 1676 762 1718 non
793 1659 1091 1714 timuerunt
1117 1655 1260 1726 regis
1279 1653 1539 1709 edictum.
1570 1651 1704 1708 Fide
1732 1651 1944 1724 Moyses
1966 1649 2187 1723 grandis

576 1755 755 1813 factus
788 1751 1004 1823 negavit
1030 1764 1089 1805 se
1115 1762 1236 1803 csse
1272 1746 1438 1801 ﬁlium
1492 1744 1614 1799 ﬁli-.e
1646 1742 1980 1808 Pharaonis,
2015 1741 2185 1813 magis

1601 324 1660 384 S.
1703 322 2091 385 lllERONYMl
2129 323 2364 385 DIVINA
2404 322 2877 385 BIBLIOTHECA.

582 440 825 497 funditur
847 443 989 498 Dens
1019 444 1201 502 vocari
1229 445 1375 501 Deus
1398 458 1587 502 eorum
1615 460 1628 498 :
1659 443 1873 515 paravit
1903 440 2049 499 enim
2078 440 2186 497 illis
2208 443 2262 503 Α
2290 451 2472 500 catum
2513 451 2884 517 repugnantes
2909 458 2924 499 :
2957 451 3010 499 et
3057 443 3212 499 obliti
3271 445 3401 502 estis
3450 451 3798 512 consolationi;

3749 343 3833 399 8‘20

2290 551 2414 608 quae
2441 503 2596 592 vobis
2622 503 2893 608 tamquam
2938 534 3064 592 ﬁliis
3093 535 3352 607 loquitur,
3379 503 3833 621 dicens:

2292 627 2402 686 noli
2444 627 2718 701 negligere
2755 627 3097 702 disciplinam
3123 627 3337 689 Domini
3368 650 3381 685 :
3421 648 3587 703 neque
3607 634 3829 711 fatigeris,

2290 718 2419 776 dum
2450 721 2610 777 abeo
2638 720 2907 793 argueris.
2940 721 3112 792 Quem
3158 720 3302 782 enim
3339 722 3526 799 diligit
3567 728 3832 807 Dominus,

2289 816 2559 887 castigat:
2594 814 2830 888 ﬂagellat
2861 824 3043 873 autem
3088 833 3305 874 omnem
3357 817 3562 890 ﬁlium,
3596 840 3739 895 quem
3767 845 3838 886 re-

2290 906 2423 978 cipit
2454 906 2583 982 [Μδ.
2631 907 2887 983 recepit].
2922 908 2980 965 In
3007 910 3292 982 disciplina
3337 926 3684 983 perseverale.
3708 918 3840 978 Tam-

2290 1017 2451 1073 quam
2487 1000 2612 1058 ﬁliis
2658 1001 2817 1058 vobis
2846 1002 3009 1062 offert
3054 1019 3114 1061 se
3146 1004 3341 1061 'Deus:
3373 1005 3494 1078 quis
3522 1007 3654 1064 enim
3691 1012 3839 1084 ﬁlius,

2291 1110 2450 1165 quem
2481 1112 2587 1152 non
2618 1097 2847 1168 corripit
2868 1107 3028 1169 pater
3054 1100 3078 1155 ?
3107 1098 3260 1167 Quod
3291 1099 3335 1156 si
3368 1111 3517 1157 extra
3545 1101 3840 1175 disciplinam

2291 1188 2446 1252 estis,
2479 1184 2634 1259 cujus
2667 1190 2965 1263 participes
2997 1189 3125 1247 facti
3147 1203 3276 1248 sunt
3306 1209 3530 1251 omnes:
3575 1211 3693 1271 ergo
3716 1201 3840 1260 adul-

2291 1278 2419 1346 teri,
2449 1290 2506 1336 et
2536 1298 2643 1337 non
2674 1281 2771 1336 lilii
2801 1283 2953 1339 estis.
3004 1282 3213 1341 Deinde
3237 1295 3418 1357 patres
3460 1285 3666 1360 quidem
3694 1297 3841 1352 carnis

2293 1382 2493 1428 nostrae
2520 1414 2535 1439 ,
2563 1371 2875 1453 eruditures
2907 1374 3224 1445 habuimus,
3255 1386 3310 1434 et
3341 1379 3707 1438 reverebamur
3727 1400 3840 1445 eos:

2293 1480 2402 1520 non
2437 1465 2610 1523 multo
2637 1469 2809 1541 magis
2840 1469 3337 1543 obtemperabimus
3372 1472 3516 1531 Patri
3553 1477 3837 1549 spirituum,

2292 1570 2345 1615 et
2368 1560 2656 1617 vivemus?
2701 1562 2771 1619 Et
2817 1563 2895 1620 illi
2937 1565 3157 1639 quidem
3208 1567 3261 1623 it:
3313 1578 3554 1642 tempore
3593 1588 3841 1643 paucorum

2290 1653 2545 1726 dierum,
2611 1658 2911 1715 secundum
2979 1660 3310 1718 voluntatem
3372 1678 3523 1719 suam
3571 1668 3844 1727 erudiebant

2295 1762 2394 1802 nos
2422 1765 2436 1805 :
2467 1750 2554 1805 hic
2583 1760 2763 1809 autem
2793 1753 2858 1807 ad
2894 1753 2943 1809 id
2966 1796 2981 1821 ,
3014 1755 3159 1826 quod
3207 1756 3340 1813 utile
3370 1768 3450 1818 est
3479 1759 3534 1815 in
3576 1764 3843 1833 recipiendo

578 1849 787 1920 eligens
816 1845 981 1915 afﬂigi
1013 1859 1136 1898 cum
1163 1839 1364 1913 p0pnlo
1382 1839 1501 1908 Dei,
1533 1853 1694 1910 quam
1727 1835 2042 1910 temporalis
2064 1851 2185 1906 pee-
2221 1832 2263 1891 Β
2291 1842 2782 1900 sanctiﬁcationem
2824 1846 2963 1916 ejus.
2997 1848 3188 1905 Omnis
3234 1860 3416 1908 autem
3455 1851 3756 1928 disciplina,
3803 1860 3844 1915 in

579 1940 689 1997 cati
723 1938 926 1995 habere
947 1934 1368 2008 iucunditatem,
1400 1932 1635 2001 majores
1662 1929 1883 1985 divitias
1913 1929 2190 1984 aestimans

581 2035 838 2091 thesauro
887 2028 1304 2103 Aigyptiorum,
1335 2021 1726 2096 imprOperium
1773 2020 2014 2077 Christi:
2046 2021 2192 2091 aSpi-

577 2126 760 2185 ciebat
794 2123 938 2181 enim
966 2123 1019 2178 in
1045 2119 1565 2177 remunerationem.
1604 2113 1737 2171 Fide
1771 2112 1993 2184 reliquit
2020 2110 2190 2183 Egy—

576 2230 755 2292 ptum,
804 2233 911 2276 non
955 2218 1160 2273 veritus
1198 2212 1601 2270 animositatem
1634 2208 1782 2282 regis
1813 2229 1826 2263 :
1857 2206 2187 2264 invisibilem

577 2313 726 2370 enim
753 2321 1026 2383 tamquam
1054 2306 1246 2363 videns
1272 2304 1549 2362 sustinuit.
1574 2301 1710 2359 Fide
1731 2300 2027 2359 celebravit
2056 2299 2188 2356 Pas-

576 2405 677 2460 cha
700 2449 716 2472 ,
750 2412 806 2459 et
848 2397 1128 2473 sanguinis
1152 2395 1474 2455 effusionem
1500 2410 1516 2451 :
1568 2409 1638 2450 ne
1667 2393 1759 2463 qui
1782 2392 2047 2449 'vastabat
2076 2392 2191 2466 pri-

575 2497 786 2563 mitiva,
820 2503 1067 2566 tangeret
1094 2505 1209 2548 eos.
1239 2488 1374 2546 Fide
1402 2486 1741 2545 transierunt
1766 2500 1915 2543 mare
1940 2484 2185 2542 Rubrum

575 2601 848 2661 tamquam
880 2604 977 2658 per
1008 2586 1214 2642 aridam
1247 2593 1475 2649 terram,
1504 2579 1651 2655 quod
1688 2580 1898 2651 experti
1920 2577 2182 2654 Egyptii,

574 2684 823 2743 devorati
852 2690 998 2739 sunt.
1061 2676 1198 2739 Fide
1229 2679 1368 2735 muri
1411 2676 1635 2735 Iericho
1682 2684 2040 2743 corruerunt,
2072 2675 2182 2731 cir-

574 2778 722 2834 cuitu
748 2777 960 2835 dierum
982 2771 1365 2847 septem.Fide
1386 2768 1579 2829 Rahab
1601 2766 1864 2826 meretrix
1891 2782 1999 2824 non
2024 2769 2187 2841 periit

573 2886 697 2927 cum
750 2866 1085 2938 incredulis,
1136 2865 1415 2936 excipiens
1465 2862 1841 2937 exploratores
1870 2876 1991 2918 cum
2024 2877 2182 2933 pace.

574 2962 644 3019 Et
692 2960 821 3033 quid
874 2961 1054 3017 adhuc
1096 2957 1323 3016 dicam?
1374 2954 1600 3013 Deﬁciet
1641 2956 1785 3013 enim
1838 2972 1925 3014 me
1973 2968 2182 3027 tempus

570 3064 922 3111 enarrantem
945 3050 1263 3123 decedeon
1289 3094 1303 3120 ,
1362 3048 1534 3105 Barac
1556 3091 1574 3118 ,
1622 3048 1851 3104 Samson
1876 3090 1890 3116 ,
1940 3047 2136 3119 Iephte
2160 3092 2175 3117 ,

570 3146 765 3217 David,
796 3146 1039 3213 Samuel,
1072 3153 1128 3200 et
1149 3141 1465 3214 prophetis:
1496 3139 1587 3213 qui
1617 3157 1713 3212 per
1742 3140 1902 3198 ﬁdem
1928 3140 2178 3197 vicerunt

2290 1938 2552 2009 praesenti
2585 1938 2803 2011 quidem
2836 1940 3052 1998 videtur
3081 1959 3190 1999 non
3217 1960 3339 2003 esse
3382 1949 3590 2020 gaudii,
3622 1953 3707 2008 sed
3738 1969 3846 2009 ma:-

2293 2030 2435 2084 roris
2461 2049 2474 2084 :
2510 2041 2695 2101 postea
2717 2044 2898 2111 autem
2925 2036 3159 2094 fructum
3183 2041 3589 2111 pacatissimum
3617 2043 3736 2118 [Με.
3765 2062 3844 2118 po-

2294 2123 2595 2209 tissimum]
2668 2129 2990 2184 exercitatis
3048 2146 3149 2203 per
3212 2149 3334 2189 eam
3393 2133 3571 2192 reddit
3627 2138 3839 2209 justitim.

2292 2206 2524 2287 Propter
2549 2219 2732 2291 quod,
2779 2223 3041 2281 remissas
3095 2239 3334 2294 manus,
3387 2237 3443 2285 et
3490 2206 3654 2286 soluta
3702 2249 3841 2304 genua

2290 2307 2506 2381 erigite,
2541 2321 2594 2366 et
2623 2328 2841 2384 gressus
2870 2325 3050 2372 rectos
3078 2317 3242 2376 facite
3291 2322 3521 2392 pedibus
3547 2327 3731 2384 vestris
3750 2370 3765 2395 ,
3795 2338 3843 2385 ut

2292 2420 2398 2459 non
2451 2404 2764 2463 claudicans
2810 2410 2934 2481 quis
2980 2421 3145 2483 erret,
3200 2416 3375 2489 magis
3405 2426 3583 2474 autem
3627 2431 3838 2479 sanetur.

2290 2495 2485 2553 Pacem
2540 2498 2822 2572 sequimini
2872 2518 2992 2559 cum
3039 2506 3316 2579 omnibus,
3345 2520 3404 2566 et
3452 2514 3839 2584 sanctimoniam,

2288 2589 2408 2645 sine
2439 2606 2545 2662 qua
2602 2609 2765 2649 nemo
2814 2595 3017 2653 videbit
3065 2601 3272 2657 Deum:
3324 2605 3844 2678 contemplantes.ue

2287 2684 2409 2755 quis
2459 2682 2606 2740 desit
2640 2688 2831 2757 gratia:
2877 2688 3006 2744 Dei:
3055 2707 3126 2748 ne
3173 2708 3278 2765 qua
3324 2693 3481 2751 radix
3516 2698 3843 2757 amaritudinis

2287 2793 2501 2833 sursum
2530 2778 2849 2850 germinans
2899 2785 3178 2857 impediat,
3207 2796 3262 2843 et
3285 2803 3386 2860 per
3418 2789 3562 2846 illam
3592 2793 3843 2865 inquinen-

2290 2881 2375 2926 lnr
2404 2870 2579 2928 multi.
2612 2872 2691 2930 Ne
2706 2874 2829 2947 quis
2848 2876 3165 2951 fornicator,
3189 2889 3283 2936 aut
3304 2881 3582 2952 profanus,
3610 2896 3664 2940 ut
3690 2886 3840 2944 Esau:

2285 2963 2375 3035 qui
2420 2975 2647 3037 propter
2692 2983 2855 3023 unam
2908 2985 3091 3027 escam
3144 2970 3389 3030 vendidit
3442 2976 3699 3047 primitiva
3742 2992 3840 3034 sua.
3892 3029 3899 3037 ,

2286 3052 2496 3111 Scitote
2537 3059 2681 3112 enim
2713 3061 2969 3130 quoniam
3001 3072 3052 3119 et
3086 3074 3275 3134 postea
3304 3066 3530 3137 cupiens
3560 3067 3843 3128 basi-editam

2287 3146 2717 3206 benedictionem
2742 3193 2759 3220 ,
2812 3155 3138 3223 reprobatns
3193 3168 3319 3215 est:
3365 3176 3475 3218 non
3503 3164 3640 3219 enim
3670 3164 3842 3221 invenit

568 3256 758 3312 regna,
791 3238 1004 3312 operati
1052 3246 1181 3294 sunt
1206 3234 1496 3309 justitiam,
1522 3234 1705 3307 adepti
1727 3243 1853 3291 sunt
1886 3234 2183 3306 repromis-
2208 3218 2252 3282 (ἶ
2289 3243 2623 3314 poenitentia:
2661 3218 3221 3322 locﬂumpquamquam
3264 3269 3387 3309 cum
3431 3256 3674 3332 lacrymis
3697 3260 3840 3331 inqui-

568 3336 776 3403 siones,
808 3334 1199 3390 obturaverunt
1227 3346 1325 3387 ora
1376 3329 1616 3395 leonum,
1651 3330 2029 3385 exstinxerunt
2080 3331 2182 3385 im-

571 3435 755 3496 petum
784 3427 956 3497 ignis,
990 3422 1297 3496 eﬂugerunt
1343 3422 1513 3478 aciem
1548 3421 1737 3495 gladii,
1785 3422 2178 3479 convaluerunt

565 3519 635 3576 de
671 3519 1005 3587 inﬁrmitate,
1037 3517 1205 3574 fortes
1234 3516 1357 3574 facti
1394 3526 1520 3572 sunt
1565 3516 1618 3571 in
1650 3514 1814 3585 bello,
1841 3523 2018 3573 castra
2046 3532 2172 3573 ver-

568 3622 749 3669 terunt
774 3622 1089 3670 exterorum
1118 3630 1132 3668 :
1161 3620 1489 3683 acceperunt
1518 3610 1775 3668 mulieres
1799 3611 1867 3668 de
1895 3627 2175 3669 resurrec-

567 3709 715 3764 tione
743 3719 989 3765 mortuos
1035 3721 1188 3765 suos.
1241 3707 1345 3762 Alii
1372 3714 1555 3766 autem
1598 3705 1822 3763 diSIeuti
1864 3715 2017 3774 sunt,
2062 3724 2168 3762 non

565 3800 924 3873 suscipientes
949 3799 1378 3873 redemptionem
1405 3844 1420 3869 ,
1449 3810 1508 3854 ut
1533 3798 1814 3856 meliorem
1860 3800 2171 3857 invenirent

564 3894 1046 3950 resurrectionem.
1070 3893 1175 3950 Alii
1195 3909 1327 3951 vero
1348 3891 1575 3951 ludibria
1599 3903 1653 3950 et
1679 3893 1907 3950 verbera
1928 3896 2164 3966 experti,

563 3990 788 4061 insuper
816 3998 875 4046 et
903 3989 1112 4045 vincula
1146 3999 1201 4045 et
1240 4004 1526 4059 carceres,
1578 3987 1807 4061 lapidati
1835 3998 1997 4059 sunt,
2030 3991 2165 4046 secti

563 4096 687 4139 sunt
709 4126 725 4151 ,
754 4084 946 4139 tentati
979 4092 1149 4152 sunt,
1178 4084 1232 4139 in
1265 4083 1540 4139 occisione
1567 4083 1733 4155 gladii
1766 4084 1963 4141 mortui
1998 4095 2162 4142 sunt:

563 4179 898 4236 circuierunt
926 4179 980 4234 in
1014 4178 1251 4243 meloﬁs,
1278 4178 1330 4233 in
1361 4178 1597 4250 pellibus
1625 4179 1895 4249 caprinis,
1918 4186 2163 4251 egentes,

563 4271 879 4343 augustiati,
902 4270 1089 4327 afﬂicti
1117 4288 1132 4328 :
1161 4271 1355 4344 quibus
1387 4271 1582 4342 dignus
1605 4286 1710 4329 non
1744 4283 1860 4326 erat
1891 4272 2159 4327 mundus:

556 4364 613 4420 in
647 4362 1029 4421 solitudinibus
1058 4365 1326 4431 errantes;
1358 4364 1411 4421 in
1443 4364 1740 4429 montibus,
1771 4372 1830 4419 et
1861 4364 2159 4435 speluncis,

559 4463 614 4512 et
642 4455 696 4511 in
727 4457 978 4512 cavernis
1011 4466 1192 4512 terras.
1237 4455 1305 4511 Et
1352 4456 1405 4511 hi
1454 4471 1645 4513 omnes
1689 4457 2003 4514 tesﬁmonio
2036 4457 2160 4514 ﬁdei

556 4549 808 4620 probati,
848 4564 955 4605 non
988 4558 1319 4621 acceperunt
1367 4550 1848 4621 repromissionem
1876 4592 1892 4617 ,
1923 4551 2034 4607 Deo
2061 4566 2160 4622 pro

559 4645 719 4701 nobis
746 4644 938 4699 melius
982 4644 1187 4714 aliquid
1221 4643 1547 4714 providente
1568 4685 1586 4714 ,
1617 4654 1676 4702 ut
1706 4661 1815 4702 non
1842 4645 1964 4703 sine
2003 4645 2159 4702 nobis

566 4750 1100 4795 consummarentnr.
1533 4804 1541 4814 κ

633 4831 784 4905 [ϐαρ.
819 4832 1229 4906 ΧΙΙ.]ίιᾱεο‹ιιιθ
1275 4842 1332 4890 et
1373 4850 1473 4891 nos
1502 4843 1704 4893 tantam
1755 4836 2017 4895 habentes
2059 4838 2160 4893 im-

558 4924 789 4996 positam
822 4925 1019 4983 nubem
1065 4925 1316 4995 testium,
1371 4927 1708 5000 deponentes
1733 4944 1896 4989 omne
1923 4930 2156 5002 pondus,

555 5026 614 5076 et
642 5019 1003 5076 circumstans
1035 5034 1135 5077 nos
1164 5028 1471 5090 peccatum,
1503 5036 1604 5091 per
1629 5021 1945 5092 patientiam
1969 5036 2156 5079 curra-

556 5127 677 5168 mus
705 5111 771 5167 ad
804 5113 1143 5182 propositum
1187 5112 1347 5168 nobis
1376 5121 1695 5171 certamen:
1735 5114 2060 5185 aspicientes
2100 5117 2153 5173 in

554 5211 837 5260 auctorem
865 5202 1013 5270 ﬁdei,
1040 5212 1096 5261 et
1124 5215 1618 5263 consummatorem
1649 5206 1835 5263 Jesum
1854 5250 1870 5276 ,
1903 5206 1991 5277 qui
2017 5222 2151 5278 pro-

552 5295 732 5366 posito
771 5294 873 5353 sibi
902 5293 1030 5368 [Με.
1062 5293 1162 5370 ibi]
1206 5296 1404 5369 gaudio
1443 5295 1701 5353 sustinuit
1746 5314 1989 5367 crucem,
2020 5314 2155 5357 con-

553 5384 773 5443 fusione
793 5396 1131 5462 contempta,
1159 5396 1322 5462 atque
1347 5389 1401 5447 in
1426 5388 1655 5451 dextera
1678 5390 1826 5447 sedis
1848 5390 1945 5448 Dei
1971 5392 2149 5449 sedet.

547 5474 866 5553 Recogitate
891 5482 1037 5541 enim
1064 5499 1211 5552 eum,
1244 5484 1339 5556 qui
1388 5483 1549 5541 talem
1576 5486 1837 5541 sustinuit
1876 5500 1906 5541 a
1958 5501 2151 5559 pecca-

549 5575 759 5632 toribus
783 5576 1073 5639 adversum
1103 5580 1460 5649 semetipsum
1511 5579 2041 5639 contradictionem:
2089 5590 2148 5639 ut

549 5686 622 5728 ne
648 5670 947 5743 fatigemini
974 5712 992 5741 ,
1031 5674 1228 5730 animis
1275 5674 1471 5730 vestris
1510 5674 1848 5731 deﬁcientes.
1888 5674 2142 5731 Nondum

550 5767 696 5821 enim
730 5782 896 5835 usque
922 5765 988 5821 ad
1017 5764 1332 5838 sanguinem
1359 5768 1637 5825 restitistis
1660 5813 1676 5841 ,
1726 5769 1989 5826 adversus
2016 5785 2143 5842 pec-

2285 3335 2447 3391 sisset
2477 3351 2618 3392 eam.
2639 3336 2757 3395 Non
2787 3339 2932 3396 enim
2954 3344 3264 3400 accessistis
3276 3346 3343 3401 ad
3361 3350 3687 3407 tractabilem
3713 3367 3842 3407 mon-

2284 3436 2421 3496 tem,
2452 3437 2510 3485 et
2533 3431 2915 3488 accensibilem
2953 3433 3156 3506 ignem,
3186 3447 3241 3493 et
3270 3440 3567 3513 turbinem,
3596 3454 3646 3500 et
3684 3445 3841 3516 caligi-

2282 3539 2429 3591 nem,
2461 3535 2515 3581 et
2544 3525 2842 3597 procellam
2867 3570 2884 3598 ,
2912 3540 2967 3585 et
3012 3533 3153 3590 tuba:
3181 3547 3380 3592 sonum
3403 3581 3421 3606 ,
3451 3549 3504 3595 et
3532 3556 3708 3599 vocem
3736 3558 3837 3597 vcr-

2282 3616 2472 3672 borum
2498 3659 2512 3683 ,
2545 3633 2704 3689 quam
2748 3620 2836 3691 qui
2868 3620 3196 3693 audierunt,
3236 3641 3630 3689 excusaverunt
3676 3649 3751 3699 se,
3777 3649 3834 3690 ne

2278 3710 2357 3766 eis
2383 3711 2534 3768 ﬁeret
2560 3712 2806 3770 verbum.
2830 3713 2947 3771 Non
2980 3718 3127 3776 enim
3157 3723 3453 3793 portabant
3477 3727 3619 3800 quod
3643 3728 3831 3785 diceba-

2278 3812 2400 3858 tur:
2432 3800 2499 3859 Et
2528 3806 2574 3860 si
2602 3804 2773 3861 bestia
2823 3807 3058 3882 tetigerit
3090 3825 3330 3872 montem
3355 3859 3372 3883 ,
3423 3818 3750 3892 lapidabitur.
3779 3822 3833 3876 Et

2277 3897 2348 3952 ita
2380 3897 2624 3954 terribile
2652 3910 2769 3955 erat
2795 3907 2939 3974 quod
2972 3903 3274 3963 videbatur.
3307 3907 3523 3982 Moyses
3555 3912 3721 3970 dixit:
3747 3912 3835 3969 Ex-

2272 3990 2496 4046 territus
2520 4007 2663 4059 snm,
2689 4001 2744 4077 et
2767 3995 3179 4055 tremebundus.
3196 3998 3305 4057 Sed
3323 4004 3626 4061 accessistis
3644 4003 3703 4060 ad
3720 4004 3829 4060 Sion

2272 4094 2533 4155 montem,
2558 4099 2614 4143 et
2642 4089 2917 4155 civitatem
2948 4091 3045 4149 Dei
3070 4091 3327 4164 viventis,
3349 4095 3643 4155 Jerusalem
3662 4096 3830 4155 cales-

2272 4187 2402 4246 tem,
2432 4189 2486 4234 et
2508 4181 2795 4238 multorum
2819 4185 3042 4243 millium
3066 4187 3384 4259 angelorum
3411 4189 3769 4264 frequentiam,
3787 4199 3832 4247 et

2271 4266 2567 4326 Ecclesiam
2590 4271 2984 4343 primitivorum
3000 4318 3016 4346 ,
3043 4279 3442 4353 quiconscripti
3470 4293 3595 4340 sunt
3613 4285 3662 4340 in
3678 4283 3827 4352 cadis,

2267 4372 2323 4417 et
2343 4360 2580 4433 judicem
2612 4369 2853 4425 omnium
2886 4369 3081 4441 Deum,
3125 4380 3182 4429 et
3201 4374 3703 4447 spiritusjustorum
3732 4390 3831 4450 pcr-

2266 4452 2530 4511 lectorum
2556 4499 2571 4525 ,
2603 4469 2657 4514 et
2689 4464 3000 4519 testamenti
3033 4467 3159 4521 novi
3205 4467 3558 4529 inediatorem
3587 4470 3831 4536 Jesum,ct

2264 4547 2545 4618 sanguinis
2573 4553 2943 4621 aspersionem
2967 4555 3164 4613 melius
3186 4556 3497 4630 loquentem
3519 4576 3670 4633 quam
3694 4559 3827 4615 Abel.

2273 4636 2484 4705 Videte.
2520 4659 2587 4697 ne
2612 4647 3226 4722 recusetisloquentem.
3246 4651 3304 4708 Si
3323 4654 3469 4710 enim
3495 4654 3573 4710 illi
3597 4670 3697 4711 non
3711 4654 3827 4709 etfu-

2265 4744 2479 4803 gerunt,
2500 4747 2812 4795 recusantes
2832 4755 2976 4808 eum,
2999 4742 3088 4814 qui
3104 4756 3269 4815 super
3291 4752 3495 4802 terram
3508 4745 3822 4817 loquebatur:

2266 4827 2435 4882 multo
2474 4831 2649 4900 magis
2694 4844 2829 4898 nus,
2884 4836 2974 4903 qui
3027 4834 3094 4889 de
3141 4836 3295 4891 cmlis
3340 4834 3646 4909 loquentem
3694 4833 3826 4890 nobis

2262 4921 2586 4977 avertimus.
2620 4919 2788 4995 Cujus
2817 4941 2924 4981 vox
2952 4928 3123 4985 movit
3151 4939 3350 4985 terram
3382 4940 3544 4990 tunc:
3575 4947 3708 4988 nunc
3745 4945 3825 4983 au-

2265 5021 2370 5067 tem
2405 5018 2757 5086 repromittit,
2790 5019 2979 5077 dicens
3009 5038 3021 5075 :
3069 5020 3261 5078 Adhuc
3288 5026 3457 5081 semel
3483 5041 3498 5092 ;
3528 5032 3582 5081 et
3609 5039 3702 5096 ego
3729 5038 3826 5076 ino-

2260 5104 2400 5161 vebo
2432 5121 2538 5161 non
2563 5108 2738 5164 Solum
2763 5119 2984 5183 terram,
3010 5114 3104 5169 sed
3138 5124 3192 5170 et
3220 5116 3441 5173 coelum.
3468 5117 3616 5185 Quod
3642 5125 3820 5183 autem,

2256 5197 2449 5271 Adhuc
2479 5201 2647 5257 semel
2676 5244 2691 5267 ,
2721 5202 2852 5260 dicit
2887 5224 2899 5260 :
2931 5206 3171 5263 declarat
3216 5210 3497 5267 mobilium
3541 5209 3824 5267 translatio-
3858 5213 3866 5233 '

2259 5309 2382 5349 nem
2413 5304 2687 5366 tamquam
2738 5298 3006 5355 factorum
3031 5342 3049 5372 ,
3100 5311 3159 5358 ut
3209 5313 3463 5361 maneant
3488 5320 3552 5363 ea
3578 5320 3689 5377 quae
3714 5306 3823 5357 sunt

2257 5388 2575 5447 immobilia.
2626 5391 2812 5464 Itaque
2832 5410 3059 5468 regnum
3116 5398 3393 5457 immobile
3446 5399 3817 5467 suscipientes,

2258 5481 2518 5540 habemus
2560 5486 2831 5557 gratiam:
2892 5503 2989 5559 per
3028 5505 3189 5559 quam
3232 5493 3533 5550 serviamus
3566 5491 3819 5563 placentes

2257 5573 2388 5643 Deo,
2419 5591 2543 5633 cum
2571 5589 2718 5635 metu
2764 5589 2820 5637 et
2857 5581 3423 5661 reverentia..Etenim
3468 5585 3606 5642 Deus
3649 5591 3817 5639 noster

2252 5665 2391 5737 ignis
2416 5682 2745 5727 consumens
2769 5680 2873 5729 est.

2320 5761 2472 5837 [ϐαρ.
2506 5761 2668 5837 Χ111.]
2709 5766 2956 5829 Charitas
2985 5769 3345 5830 fraternitatis
3374 5779 3585 5829 maneat
3607 5779 3629 5806 ει
3656 5770 3706 5825 in
3735 5779 3813 5821 ro-

622 5894 650 5926 ⁸
689 5883 919 5944 Voculas
951 5885 1004 5941 in
1032 5884 1200 5955 vobis,
1248 5886 1406 5959 juxta
1436 5885 1680 5945 Graecum
1725 5898 1927 5949 textum
1979 5891 2254 5960 Palatinus
2283 5896 2389 5957 ins.
2419 5896 2652 5969 ignorat.
