4128 6330
473 378 580 432 89.5

1473 368 1534 426 S.
1577 363 1969 424 HIEHONYMI
2007 360 2238 418 DlVIN.\
2279 357 2756 416 BIBLlOTIIECA.

3673 357 3785 416 εει

477 507 592 553 Irus
623 495 830 568 primus
851 503 936 552 est
960 494 1013 550 in
1045 507 1274 550 numero
1295 491 1668 564 apostolorum
1691 529 1705 551 ,
1739 488 1929 557 prima:
1957 483 2067 538 sint
2093 493 2142 554 Α
2170 479 2536 550 evangelistas
2560 477 2762 534 dudum
2797 475 2867 534 ad
2895 475 3143 534 veritatis
3170 476 3370 534 lineam
3395 477 3735 535 correximus
3767 496 3785 535 :

479 589 643 645 etiam
676 588 794 658 ejus
825 585 1085 658 Epistolas
1115 585 1170 640 in
1199 583 1395 640 ordine
1419 592 1762 640 caeterarum.
1797 577 1906 635 Sed
1933 575 2077 633 sicut

483 796 717 852 hominis
747 805 1000 866 eruperat
1021 808 1084 850 ex
1115 791 1327 866 inferno
1365 806 1528 866 specu
1559 835 1572 856 ,
1603 789 1692 859 qui
1720 787 1943 866 chriam
1973 800 2074 841 sm-

483 869 704 936 pissime
733 861 1032 921 scribarum
1072 862 1413 936 oscitantiam
1437 903 1451 928 ,
1484 863 1550 936 in
1593 861 1734 914 sacri
1769 869 1948 914 textus
1981 873 2074 912 ca-

481 933 743 994 lumniam
777 938 1037 992 traheret.
1066 935 1323 990 Videatnr
1346 933 1709 988 Martianmus.

555 1029 576 1063 ι
613 1010 928 1065 CenSnriam
964 1007 1154 1078 nuperi
1185 1007 1472 1078 scriptoris
1507 1003 1768 1078 virgulam
1793 1001 1910 1078 jam
1952 1016 2100 1078 sena

477 1083 550 1137 sit
581 1081 667 1136 hic
696 1079 952 1150 prologns
973 1073 1180 1147 septem
1209 1073 1573 1148 Epistolarum
1603 1073 1996 1150 Canonicarum
2027 1074 2077 1126 in

481 1167 640 1224 quem
670 1143 831 1224 etiam
855 1143 1097 1204 'nostras
1123 1143 1443 1218 exspectare
1473 1163 1532 1201 se
1575 1143 2078 1224 animadversiones

478 1217 734 1279 indicavit
764 1221 905 1276 idem
935 1230 1144 1282 auctor,
1177 1217 1298 1274 cum
1329 1234 1396 1274 ne
1427 1217 1796 1286 manuscripto
1846 1229 2078 1286 pra-ser-

483 1296 577 1350 tim
611 1292 1032 1362 Evangeliorum
1061 1289 1506 1362 Cantabrigiensi
1531 1285 1950 1358 disputationem
1998 1285 2083 1362 in-_-

479 1366 676 1421 Stitnit.
712 1357 795 1436 Ab
821 1378 888 1436 eo
914 1363 1080 1436 igitur
1098 1363 1184 1436 sic
1233 1357 1513 1436 provocati
1554 1357 1831 1436 timemus,
1880 1372 1948 1411 ne
1989 1357 2080 1423 qui

480 1436 620 1493 dixit
661 1428 1160 1505 quidquid'Voluit,
1205 1428 1388 1487 audiat
1421 1446 1449 1486 a
1496 1428 1829 1505 nobisqitod
1876 1443 2083 1496 nequa-

480 1524 640 1576 quam
662 1501 826 1561 veliti
847 1505 964 1560 Non
987 1506 1131 1561 enim
1163 1519 1452 1576 possumus
1480 1501 1680 1576 aliquid
1709 1502 1967 1576 adversus
1990 1514 2084 1552 ve-

481 1569 722 1643 ritatem,
775 1577 872 1650 sed
903 1591 1002 1647 pro
1028 1569 1279 1631 veritate.
1327 1575 1426 1650 Cui
1473 1569 1644 1650 seniel
1699 1571 1745 1626 si
1801 1569 2082 1650 nobiscum

483 1641 775 1719 Studiierit,
801 1641 1154 1719 quaecumque
1177 1663 1300 1701 cum
1328 1645 1622 1719 incuriose,
1657 1657 1767 1719 nec
1791 1642 1943 1710 plena
1980 1641 2085 1719 title

483 1713 773 1791 scripsisse
813 1713 1334 1781 demonstrabimus,
1387 1715 1708 1791 simpliciter
1755 1715 1887 1791 ipse.
1913 1713 2086 1767 centi-

483 1783 607 1858 teri,
644 1800 698 1846 et
739 1791 1032 1846 emendare
1079 1791 1374 1842 tenebitur.
1411 1789 1476 1840 Et
1500 1783 1631 1856 quia
1660 1783 1919 1858 veritatis
1953 1799 2082 1852 pura

483 1863 576 1918 lux
596 1855 800 1919 lectori
829 1861 1087 1931 aﬂulgere
1117 1862 1337 1914 minime
1377 1855 1582 1928 posset,
1617 1855 1720 1910 nisi
1748 1859 1905 1927 prius
1936 1870 2086 1931 nien-

485 1935 763 1991 daciorum
795 1949 860 1988 ac
891 1927 1143 1988 errorum
1172 1927 1408 1985 tenebrat:
1449 1937 1893 1994 removerentur,
1936 1927 2085 1980 insti-

480 2007 581 2060 tuti
625 2007 795 2060 nostri
827 2004 932 2059 erit
958 2018 1020 2058 ea
1049 2001 1287 2073 primum
1311 2001 1608 2073 observare
1637 2014 1756 2068 quae
1800 2000 1852 2052 in
1882 2013 2086 2068 nupera

486 2075 720 2132 Historia
755 2074 954 2131 Critica
990 2071 1113 2128 novi
1149 2071 1482 2128 Testamenti
1513 2071 1731 2126 dissoaa
1768 2085 1949 2124 rerum
1997 2085 2090 2122 ve-

484 2117 1028 2218 ritati'rcperiantur.
1059 2144 1126 2218 lis
1158 2160 1286 2199 vero
1302 2142 1581 2218 discussis
1611 2140 2046 2218 atq-nedissertis
2071 2181 2086 2205 ,
2121 2117 2164 2176 Β

485 2211 760 2280 quomodo
783 2233 905 2274 sese
925 2232 1012 2272 res
1045 2217 1277 2272 habeant
1301 2215 1354 2268 in
1373 2213 1649 2270 veteribus
1675 2211 1850 2282 libris,
1876 2225 2089 2268 summa

487 2287 594 2346 fide
621 2306 684 2345 ac
718 2291 832 2358 pari
871 2287 1152 2358 diligentia
1191 2301 1618 2358 proponemus.‘
1823 2301 1826 2304 ’
1865 2339 1906 2358 _,

563 2380 582 2413 ι
619 2353 772 2430 Quod
802 2375 934 2429 ergo
966 2353 1210 2428 primum
1227 2353 1484 2430 observat
1514 2356 1582 2410 de
1609 2356 1714 2430 ista
1744 2353 2086 2430 praefatione,

492 2425 665 2501 primo
695 2433 800 2486 vol.
823 2425 1076 2486 Historia:
1107 2444 1222 2483 sua:
1248 2427 1465 2501 Critiezc
1497 2428 1619 2480 novi
1640 2425 1977 2480 Testamenti
1997 2441 2090 2501 cat

490 2497 600 2573 pite
625 2503 839 2559 decimo
866 2512 1079 2573 octavo,
1115 2515 1221 2555 non
1254 2499 1386 2553 satis
1410 2507 1724 2552 accuratum
1754 2507 1857 2563 est,
1890 2510 1992 2552 uec
2011 2497 2088 2573 ad

491 2567 677 2629 verum
708 2574 938 2629 accedit.
973 2567 1108 2628 Nam
1137 2587 1257 2626 cum
1295 2579 1506 2624 asserat
1549 2581 1873 2638 praesentem
1903 2567 2088 2638 prolo-

487 2660 616 2719 gum
645 2643 876 2701 inveniri
905 2646 964 2719 in
988 2642 1388 2719 exemplaribus
1413 2639 1622 2719 Latinis
1649 2652 1774 2694 ante
1801 2647 2090 2719 sexcentos

491 2709 700 2773 tantum
732 2731 904 2772 annos
934 2709 1225 2781 descriptis
1253 2733 1265 2769 :
1303 2713 1355 2767 in
1385 2715 1504 2766 allia
1546 2723 1726 2766 autem
1768 2709 2092 2780 antiquiori-

469 2788 591 2843 bus
623 2803 750 2844 mss.
780 2803 888 2843 non
919 2789 992 2843 ita
1015 2793 1330 2841 constanter
1358 2784 1594 2854 reperiri
1621 2801 1634 2836 :
1665 2793 1757 2837 aut
1780 2781 1914 2837 iides
1937 2783 1991 2854 in
2025 2796 2090 2836 eo

491 2859 728 2926 vacillat,
758 2870 852 2914 aut
880 2859 1177 2930 diligentiae
1208 2852 1455 2912 nonnihil
1482 2855 1849 2930 desideratur.
1877 2852 2089 2930 Quippe

489 2931 631 3000 quod
654 2925 862 2987 certum
895 2925 1400 3000 sit‘rarioresesse
1442 2928 1843 2981 vetustissimos
1889 2925 2092 3000 Hibliof

489 2996 610 3058 rum
635 3003 872 3070 codices,
905 3003 957 3056 in
988 3001 1184 3072 quibus
1213 2999 1369 3054 abest
1388 3001 1666 3068 prologus,
1698 3012 1858 3072 quam
1889 2996 2089 3072 illiqni

491 3073 742 3129 eumdem
789 3067 1347 3140 habent'ascriptum.
1391 3067 1480 3124 ’Ac
1519 3067 1588 3124 ne
1632 3067 1770 3140 quis
1799 3068 1884 3120 liis
1933 3067 2090 3140 dictis

491 3149 814 3214 scriptorem
835 3145 1083 3200 criticum
1108 3137 1376 3210 protelare
1406 3156 1492 3197 me
1515 3137 1686 3210 putet,
1719 3139 1888 3214 l_ibros
1909 3137 2090 3193 citabo

491 3211 814 3271 assertionis
844 3231 980 3272 mea;
1006 3214 1465 3284 locupletissimos
1495 3219 1682 3266 testes.
1719 3211 1837 3265 Duo
1873 3219 2090 3266 exstant

493 3289 548 3342 in
594 3287 925 3343 bibliotheca
973 3288 1136 3356 Regia
1168 3300 1443 3340 sacrorum
1493 3284 1794 3356 Bibliorum
1837 3289 2090 3356 vetustis-

489 3359 614 3414 simi
641 3359 859 3415 codices
899 3353 1204 3424 inss.,'duo
1228 3362 1432 3424 pariter
1457 3355 1700 3426 ejusdem
1731 3357 1905 3426 aetatis
1925 3362 1982 3408 et
2009 3353 2091 3406 di-

495 3429 718 3496 gnitatis
744 3433 795 3485 in
825 3429 1156 3486 bibliotheca
1184 3424 1514 3482 Colbertina.
1548 3427 1700 3498 liegii
1731 3424 1814 3480 bis
1849 3427 2089 3479 numeris

2183 576 2255 629 ita
2279 573 2375 628 has
2402 571 2628 644 proprio
2651 570 2853 640 ordini,
2877 567 2994 627 Deo
3015 585 3116 625 nos
3141 569 3392 640 juvante,
3417 568 3786 626 reddidimus.

2177 784 2231 839 in
2281 783 2477 839 librum
2528 783 2710 849 Ezrai;
2740 784 2995 854 quodque
3040 784 3212 850 magis
3253 783 3474 850 mirere,
3526 781 3685 854 abest
3731 783 3791 840 in

2177 855 2352 910 tribus
2375 854 2786 924 exemplaribus
2808 853 3048 925 Catienis
3080 855 3358 910 Hebraicie
3387 853 3625 910 veritatis
3647 869 3794 925 pra:-

2177 926 2309 980 fatio
2351 926 2666 1000 Hieronymi
2711 927 2762 980 in
2804 924 3133 1000 Psalterium
3175 941 3242 982 ex
3288 925 3516 1000 Hebraeo
3558 924 3792 1000 conver-

2179 1013 2319 1053 sum.
2365 997 2755 1054 Penridiculum
2785 1012 2916 1054 vero
2963 999 3103 1054 foret
3153 1009 3378 1068 propter
3405 997 3572 1053 talem
3620 997 3791 1052 libra-

2181 1069 2226 1124 ri
2247 1086 2380 1124 trum
2439 1081 2682 1140 veterum
2735 1069 3036 1134 incuriam,
3084 1069 3436 1140 Hieronymo,
3467 1069 3792 1138 abjudicare

2183 1141 2468 1210 praidit-tas
2499 1139 2959 1208 praefatiunculas,
2987 1159 3108 1208 qua:
3137 1157 3256 1196 cum
3285 1139 3404 1209 ejus
3427 1139 3792 1210 inscriptione

2183 1215 2234 1266 in
2275 1220 2354 1266 tot
2395 1212 2518 1266 aliis
2566 1228 2697 1268 mss.
2729 1213 2851 1267 eod.
2886 1212 3402 1284 leguntnrscriptm.
3432 1211 3572 1266 Nihil
3605 1214 3796 1282 itaque

2182 1295 2340 1353 urget
2373 1295 2752 1352 argumentum
2797 1283 3187 1353 suppositionis
3219 1283 3454 1353 prol0gi,
3505 1299 3666 1354 quam
3718 1299 3792 1340 ex

2183 1358 2300 1422 ejus
2333 1356 2578 1410 absentia
2621 1355 2673 1410 in
2719 1355 2996 1412 nonnullis
3046 1356 3332 1412 codicibus
3379 1355 3616 1426 antiquis
3670 1368 3797 1425 pro-

2186 1427 2316 1482 bare
2341 1426 2624 1481 coittendit
2655 1441 2894 1495 nupt-rus
2925 1439 3135 1482 auctor.

2264 1517 2282 1550 ι
2309 1497 2468 1570 Nutat
2488 1499 2726 1551 secundo
2744 1513 2940 1552 nomen
2957 1499 3267 1570 Hieronymi
3293 1512 3392 1553 nec
3409 1497 3632 1570 alterius
3646 1501 3794 1553 scri-

2187 1571 2359 1640 ptoris
2386 1569 2556 1624 fuisse
2589 1570 2821 1639 positum
2853 1570 2920 1624 ad
2951 1569 3182 1626 frontem
3218 1571 3423 1639 prologi
3476 1572 3526 1624 in
3583 1569 3794 1639 aliquot

2189 1655 2320 1696 mss.
2345 1642 2738 1710 antiquioribus
2773 1658 2786 1693 :
2821 1642 3060 1710 indeque
3087 1643 3298 1713 colligit
3329 1643 3526 1696 rationi
3551 1656 3792 1698 consen-

2189 1727 2407 1772 taneum
2428 1729 2582 1786 Acssc,
2617 1725 2673 1768 ut
2701 1713 2986 1768 credamus
3009 1731 3128 1770 eam
3159 1714 3639 1786 prmfatiuuculam
3659 1728 3800 1786 anc-

2192 1799 2363 1842 toretn
2403 1784 2622 1856 llieruti.
2667 1801 2772 1841 non
2821 1786 3095 1842 habuisse.
3155 1784 3258 1842 Sed
3309 1801 3441 1856 pace
3489 1787 3588 1840 viri
3629 1785 3799 1854 huius

2189 1855 2420 1913 studiosi
2448 1855 2703 1923 dixerim,
2739 1871 2929 1925 parum
2958 1859 3289 1914 exercitatos
3311 1873 3406 1913 eos
3435 1873 3556 1912 esse
3587 1857 3640 1912 in
3674 1858 3794 1913 lec-

2193 1931 2339 1989 tione
2369 1939 2615 1983 vetertim
2643 1929 2894 1986 codicum
2914 1974 2927 1997 ,
2957 1932 3046 2001 qui
3079 1939 3189 1986 tam
3222 1931 3432 2001 levibus
3452 1929 3796 2000 conjecturis

2192 2017 2345 2058 suam
2378 2010 2630 2056 astruunt
2650 2000 2988 2070 opinionem.
3017 2001 3152 2071 Quia
3175 2000 3617 2058 manifestissime
3635 2017 3798 2055 com-

2195 2075 2450 2145 probatur
2479 2072 2684 2126 nullum
2717 2090 2916 2130 nomen
2939 2076 3137 2143 apponi
3168 2074 3369 2142 saepius
3401 2075 3456 2130 in
3485 2074 3640 2145 titulo
3665 2072 3796 2145 Hic-

2197 2143 2638 2216 r0iiyniiaittirttm
2675 2145 3081 2213 praefatiouum,
3100 2148 3316 2217 quando
3339 2161 3367 2199 a
3401 2144 3639 2202 librariis
3657 2143 3795 2199 dor-

2195 2216 2508 2288 tnitantibus
2541 2219 2890 2288 reperiuntur
2903 2216 3207 2288 descriptae.
3230 2217 3399 2288 Hujus
3420 2221 3640 2288 generis
3660 2227 3797 2274 sunt

2195 2304 2328 2344 mss.
2381 2286 2506 2343 cod.
2535 2287 2832 2344 Bibliorum
2865 2286 3162 2356 sequentes
3193 2307 3206 2342 :
3232 2286 3444 2345 Cotlcf
3470 2290 3794 2345 monasterii

2195 2361 2367 2415 nostri
2392 2359 2588 2432 Montis
2619 2359 2839 2432 Majoris
2873 2361 3014 2430 apud
3042 2362 3352 2426 Arelatem;
3404 2362 3572 2416 codex
3613 2361 3788 2417 etnin.

2194 2432 2344 2486 card.
2377 2430 2444 2484 dc
2471 2429 2773 2503 Bonzi,'qni
2810 2429 2990 2488 exstat
3028 2435 3078 2486 itt
3112 2433 3229 2503 ejus
3268 2433 3598 2488 bibliodieca
3643 2432 3787 2488 Nar-

2197 2504 2456 2558 hortensi:
2485 2502 2671 2555 Canuti
2708 2504 2986 2560 Ilebraicze
3015 2502 3257 2560 veritatis
3279 2547 3294 2570 ,
3335 2505 3791 2562 Carcassoiiensis

2194 2572 2940 2647 ECCICSiiBiCOdQXMdCIquue
2964 2577 3280 2631 monasterii
3313 2577 3483 2632 nostri
3513 2576 3573 2631 Β.
3605 2577 3794 2632 Maria:

2198 2648 2477 2700 Deaurataa
2499 2643 2641 2714 apud
2671 2643 2980 2702 Tolosates.
3012 2647 3068 2702 Itt
3099 2649 3183 2702 his
3215 2647 3470 2702 titiinibus
3508 2649 3795 2716 exempla-

2194 2719 2343 2772 ribus
2367 2718 2628 2771 omissum
2659 2727 2746 2771 est
2774 2721 3160 2788 quodcumque
3206 2735 3402 2774 nomen
3444 2717 3686 2774 auctoris
3737 2721 3793 2775 in

2197 2789 2575 2862 praefationqu
2589 2789 3001 2862 _iiiseripiione;
3033 2805 3196 2862 atque
3227 2791 3300 2845 ibi
3331 2793 3432 2845 hoc
3465 2791 3630 2862 modo
3652 2791 3794 2860 legi-

2197 2856 2282 2916 tur
2313 2877 2326 2914 :
2361 2859 2550 2931 Incipit
2579 2856 2832 2931 Prwfutio
2852 2863 2918 2916 de
2947 2862 3078 2916 libro
3108 2856 3306 2930 'Josue;
3361 2863 3554 2930 Incipit
3609 2856 3796 2917 Proto-

2193 2949 2289 3003 gus
2313 2932 2368 3006 in
2398 2927 2542 3006 libris
2573 2927 2800 3006 Hegiim;
2833 2931 3026 3006 Incipit
3051 2927 3303 3002 Prwfatio
3327 2936 3385 3006 in
3423 2927 3566 3000 Job;
3603 2933 3797 2988 Prolo-

2193 3000 2290 3076 'gus
2308 3003 2360 3058 in
2390 3002 2559 3076 Libris
2585 3000 2805 3076 lgs'drw;
2833 3015 2890 3060 et
2907 3000 2977 3060 ita
3000 3006 3067 3060 de
3093 3000 3326 3060 cwteris.
3347 3005 3457 3060 Nec
3477 3009 3653 3059 solum
3685 3006 3788 3074 illi,

2195 3073 2291 3129 Sed
2317 3083 2374 3128 et
2401 3075 2576 3128 codic.
2615 3073 2788 3143 Regii,
2825 3078 3155 3143 Colbertini,
3185 3091 3249 3132 ac
3272 3076 3402 3134 San.
3437 3076 3788 3134 Germanen-

2193 3161 2283 3218 ses
2310 3161 2512 3218 nomen
2534 3144 2850 3218 Hieronymi
2872 3148 3133 3204 omittunt
3155 3149 3376 3218 passim.
3417 3148 3620 3218 Regius
3648 3147 3792 3207 1564

2193 3215 2276 3294 sic
2309 3217 2540 3294 Danielis
2571 3215 2854 3294 prologum
2877 3220 3128 3276 inscribit
3155 3215 3174 3273 Ξ
3209 3219 3402 3294 Incipit
3430 3215 3713 3294 Prologus
3734 3221 3791 3276 in

2194 3285 2412 3342 Daniele
2431 3285 2702 3354 prop/icta.
2722 3290 3069 3347 tlolbertintis
3091 3285 3502 3356 antiquissimus
3523 3285 3668 3346 nunt.
3683 3291 3749 3347 61
3773 3310 3786 3348 :

2195 3357 2392 3432 Incipit
2411 3357 2666 3429 Prwfatio
2688 3359 2815 3415 Jesu
2851 3363 2994 3418 Nare
3021 3407 3036 3432 ,
3086 3374 3136 3418 et
3178 3362 3448 3418 Judirum.
3499 3362 3568 3418 Et
3614 3365 3664 3420 in
3723 3363 3794 3417 li-

2198 3431 2625 3506 brum_.leremi.e
2656 3432 2895 3506 :‘lnci'pit
2927 3431 3184 3506 Prologus
3222 3433 3463 3496 Ieremia:
3505 3433 3790 3506 prophetae.

497 3500 714 3578 35619
732 3502 872 3578 ς’)ρὅ
895 3501 1070 3578 notati
1093 3504 1342 3554 visuntur
1368 3499 1704 3578 :‘Colberl'tni
1728 3513 1860 3552 vero
1887 3513 2036 3578 num:
2065 3511 2088 3564 ί
2125 3513 2172 3578 C
2201 3499 2948 3578 _San_-Germauensisnoster
2971 3526 3028 3563 ιι.
3054 3499 3304 3578 13_init_i0
3332 3499 3794 3578 l’arali'pot'neiion

495 3581 554 3628 et
594 3573 942 3630 158.'Omnia
974 3571 1162 3626 istbiec
1190 3570 1522 3639 exetnplaria
1555 3582 1680 3625 ante
1713 3579 1958 3639 tempora
1996 3572 2100 3634 Ca-

499 3646 598 3700 roli
642 3645 814 3710 Calvi,
847 3644 934 3698 vel
963 3643 1159 3697 eodem
1189 3649 1433 3712 tetnpore
1458 3641 1727 3711 exscripta
1769 3642 2101 3710 dignascun-

500 3725 610 3784 tur,
662 3715 812 3770 nullo
859 3713 1169 3786 refragante
1211 3732 1225 3770 :
1273 3729 1305 3770 e
1345 3725 1578 3784 quatuor
1607 3723 1784 3768 tamen
1817 3713 1936 3768 istis
1964 3729 2096 3776 mss.

499 3789 988 3862 priestantissimis,
1033 3806 1100 3844 ae
1143 3790 1367 3862 optimae
1413 3801 1576 3855 nOltl',
1622 3799 1729 3846 tres
1779 3790 2102 3860 insigniores

503 3861 704 3918 habent
737 3861 1014 3934 prologum
1041 3861 1399 3918 memOratum
1436 3873 1563 3918 ante
1598 3876 1804 3932 septem
1833 3863 2100 3930 Epistolas

498 3934 805 3990 Canonicas
844 3934 1203 4003 descriptum.
1255 3936 1410 3992 Unde
1448 3934 1672 3992 evidens
1722 3943 2099 4005 argumentum

501 4011 744 4081 exsurgit
767 4019 956 4066 contra
983 4012 1293 4081 opinionem
1327 4011 1518 4078 nuperi
1541 4009 1713 4066 critici
1741 4024 1756 4075 ;
1787 4009 2022 4064 maxime
2054 4006 2102 4063 si

502 4079 630 4134 huic
672 4079 991 4138 auctoritati
1027 4079 1285 4138 ‘accedat
1329 4081 1521 4138 eadem
1556 4084 1802 4152 probatio
1833 4095 1863 4134 c
1913 4097 2102 4134 manu-

504 4152 724 4220 scriptis
756 4153 953 4208 iterum
981 4163 1213 4224 quatuor
1231 4154 1571 4208 bibliothecae
1605 4165 1801 4209 nostra.-
1831 4157 1936 4210 Sun
1966 4153 2103 4210 Ger-

505 4224 802 4296 manensis,
848 4224 942 4280 ubi
995 4235 1289 4294 supersunt
1334 4227 1493 4280 nobis
1543 4235 1652 4280 tum
1697 4225 1932 4296 propria,
1988 4237 2101 4281 tum

503 4293 853 4349 Corbeiensis
894 4296 1208 4351 monasterii
1249 4297 1581 4364 exemplaria
1611 4293 1934 4352 venerandae
1959 4301 2104 4354 anti-

504 4365 750 4438 quitatis,
777 4375 908 4438 ante
937 4369 1280 4438 octingentos
1302 4381 1474 4421 annos
1517 4369 1568 4421 in
1605 4370 1936 4425 membranis
1966 4385 2102 4425 exa-

502 4435 642 4491 rata.
675 4435 743 4492 Ut
773 4437 825 4491 in
855 4436 1042 4508 Regiis
1067 4435 1120 4494 et
1149 4435 1476 4493 Colbertinis
1502 4438 1782 4495 codicibus
1805 4483 1817 4502 ,
1854 4443 1924 4495 ita
1967 4451 2021 4494 et
2048 4444 2100 4496 in

506 4510 710 4562 nostris
734 4510 916 4564 evenit
957 4524 1124 4582 zinam
1155 4510 1508 4582 nullusinter
1529 4527 1623 4566 eos
1663 4524 1746 4566 est
1773 4524 1974 4582 praeter
2006 4528 2103 4568 no-

505 4587 690 4654 tatum_
707 4595 937 4654 numero
969 4581 1056 4648 15,
1089 4583 1319 4654 quiunou
1348 4580 1544 4654 habeat
1571 4580 1849 4654 prologum
1873 4583 1940 4638 ad
1979 4598 2102 4652 sep-

501 4659 612 4722 tem
633 4651 922 4722 Epistolas
969 4650 1328 4721 Apostolicas.
1361 4651 1511 4721 Quos
1559 4650 1649 4722 qui
1680 4650 1973 4711 consulere
2006 4650 2098 4708 vo-

500 4721 692 4794 luerit,
723 4723 966 4778 numeris
1004 4724 1123 4778 istis
1151 4723 1466 4792 designatus
1495 4721 1690 4780 habt-at
1713 4768 1729 4790 ,
1760 4727 1813 4794 2,
1852 4726 1886 4780 4
1917 4737 1970 4782 et
2007 4726 2097 4783 ‘25.

505 4792 591 4865 Ex
612 4802 738 4850 octo
762 4795 926 4864 igitur
947 4809 1075 4865 mss.
1103 4794 1382 4848 codicibus
1406 4792 1825 4865 antiquioribus,
1858 4814 1950 4852 sex
1977 4810 2102 4853 sunt

505 4863 596 4931 qui
623 4863 939 4936 constanter
970 4864 1206 4921 retinent
1231 4863 1602 4934 pra-rationem
1628 4909 1642 4934 ,
1677 4873 1874 4936 passim
1906 4869 2101 4924 Hiero-

504 4949 669 5004 nymo
697 4935 990 5004 ascriptam
1019 4955 1032 4990 :
1068 4937 1122 4991 in
1168 4937 1562 4994 recentioribus
1601 4935 1780 4995 autem
1814 4954 1914 4994 nec
1958 4955 2100 4995 sem-

505 5019 624 5080 per,
677 5022 797 5080 nec,
827 5007 1027 5080 ubique
1065 5009 1340 5078 descripta
1385 5009 1620 5080 legitur:
1663 5012 1820 5066 abest
1861 5013 2007 5066 enim
2045 5013 2100 5067 in

505 5076 832 5150 Colbertinis
857 5076 1138 5150 codicibus
1167 5076 1316 5133 num.
1350 5076 1515 5150 6135,
1546 5092 1603 5137 et
1631 5083 1794 5138 6180.
1825 5082 1988 5138 Certe
2007 5122 2024 5149 ,
2053 5082 2099 5138 si

506 5149 646 5205 bene
676 5151 936 5216 memini,
970 5149 1306 5218 frequentius
1345 5149 1508 5208 etiam
1555 5155 1608 5208 in
1646 5154 1710 5207 iis
1738 5153 2098 5220 desideratur,

505 5234 666 5300 quam
696 5221 749 5277 in
797 5223 905 5289 jam
947 5223 1176 5300 laudatis
1201 5224 1636 5300 _vetustio_ribns.
1671 5225 1824 5280 Hunc
1865 5239 2100 5300 namque

510 5294 790 5366 prologum
821 5310 943 5350 cum
977 5297 1030 5349 in
1065 5295 1259 5367 multis
1275 5295 1554 5352 codicibus
1581 5304 1710 5352 ante
1738 5294 2102 5367 quadringen-

507 5371 590 5419 tos
605 5364 788 5438 faunos
815 5367 1127 5437 exscriptis,
1153 5367 1204 5420 in
1226 5364 1500 5422 Occitauia
1523 5364 1829 5435 dudum,'et
1859 5369 1910 5422 iit
1937 5364 2104 5438 Aqui-

505 5437 652 5490 tania
698 5438 904 5509 positus
956 5437 1309 5509 requirerem,
1355 5439 1421 5494 ab
1473 5441 1538 5494 iis
1585 5441 1778 5496 abesse
1822 5439 1950 5495 mihi
1992 5437 2099 5497 non

506 5520 632 5581 raro
661 5507 964 5577 videbatur,
1013 5507 1074 5581 ut
1110 5523 1226 5564 mea
1260 5512 1520 5564 memoria
1552 5519 1653 5566 est.
1693 5510 1846 5578 Quod
1878 5511 2097 5581 quidem

507 5578 609 5632 etsi
637 5593 742 5633 non
769 5589 960 5653 esset_.
997 5580 1128 5635 nihil
1160 5582 1377 5653 contert
1399 5583 1645 5638 absentia
1679 5578 1970 5653 pi-otogi'in
2003 5584 2098 5640 ali-

506 5651 1047 5730 quorvetustiorib_tis
1073 5652 1313 5730 libris_ad_
1343 5655 1712 5730 probationem
1742 5651 1862 5730 ejus
1893 5655 2095 5730 falsitas

505 5719 594 5799 tis.
623 5719 755 5790 Quia
779 5723 1064 5799 nonnulla;
1105 5719 1452 5799 prasfationes
1493 5727 1737 5794 geiittin.e
1774 5719 2095 5799 Hieronymi

503 5792 699 5865 absunt
748 5795 1003 5849 similiter
1050 5793 1124 5865 in»
1153 5792 1884 5865 quibusdam'i'etusiissimis
1933 5792 2090 5864 mas,

501 5863 649 5920 verbi
679 5867 852 5937 gratia
881 5865 935 5922 in
965 5880 1066 5923 ms.
1103 5863 1270 5937 Regio
1297 5881 1445 5923 num.
1475 5867 1636 5941 52564,
1665 5871 1819 5927 abest
1849 5863 2092 5942 praefatio

2131 4903 2178 4962 D

2203 3573 2274 3650 ita
2311 3575 2443 3650 legit
2458 3589 2476 3650 _:
2507 3572 2698 3650 incipit
2731 3574 2880 3650 Liber
2908 3575 3382 3650 Dabre-Jamim...
3413 3572 3605 3650 Incipit
3651 3575 3792 3630 Pro-

2201 3645 2370 3718 logus.
2407 3645 2468 3699 Si
2499 3644 2862 3718 Septuaginta,
2893 3661 2999 3705 etc.
3035 3651 3102 3707 Et
3131 3667 3198 3704 tte
3223 3648 3490 3703 diutiusin
3515 3644 3794 3704 iisrecctt-

2201 3717 2388 3774 seudis
2435 3717 2812 3787 immorcmur,
2862 3726 3036 3778 codex
3087 3721 3382 3778 Bibliorum
3426 3719 3798 3777 Son-Germa-

2205 3791 2388 3845 neusis
2419 3806 2474 3842 ti.
2502 3786 2606 3843 164
2633 3786 2936 3865 descriptas
2965 3795 3166 3850 retinet
3194 3791 3538 3865 praefationes
3567 3793 3624 3848 ὃ.
3659 3791 3792 3865 ll_i_e-

2203 3865 2417 3938 ronymi
2445 3865 2650 3938 absque
2678 3864 2784 3918 ulla
2817 3866 3132 3938 epigraphe,
3159 3863 3254 3919 seu
3281 3865 3657 3938 inscriptione.
3693 3863 3792 3938 Υἱ-

2203 3935 2329 3988 deat
2347 3935 2718 3990 tiuiiccriticus
2734 3935 2944 4002 ιιοδίειέ,
2963 3952 3222 4007 quantum
3239 3935 3440 3991 distent
3457 3937 3577 4008 ejus
3601 3935 3793 4006 conje-

2202 4016 2368 4078 cturae
2399 4009 2466 4060 ab
2497 4007 2608 4076 ipsa
2630 4023 2809 4062 rerum
2841 4008 3196 4078 experientia,
3224 4023 3432 4078 usuque
3457 4007 3790 4078 quotidianae

2205 4076 2488 4151 lectionis;
2521 4079 2569 4132 id
2594 4087 2700 4142 est,
2727 4079 2796 4134 ab
2823 4076 2938 4148 ipsa
2958 4082 3232 4151 explorata
3261 4076 3441 4135 rerum
3469 4076 3731 4151 iveritate.

2274 4149 2459 4206 Tertio
2491 4152 2608 4204 loco
2638 4151 2852 4206 veritati
2891 4149 3187 4208 i-oiisonuin
3229 4167 3309 4206 est
3341 4149 3484 4218 quod
3513 4153 3619 4214 ait,
3661 4166 3790 4221 pro-

2202 4221 2384 4294 logum
2415 4223 2558 4278 hunc
2597 4239 2703 4276 non
2737 4223 2968 4279 iuvenili
3013 4223 3066 4278 iii
3101 4224 3468 4292 manuscripto
3497 4221 3667 4294 Regio
3694 4235 3793 4278 co-

2203 4292 2321 4348 dice
2368 4310 2517 4349 num.
2569 4295 2739 4360 5564;
2773 4295 2865 4350 sed
2915 4297 3079 4350 falsus
3125 4305 3208 4350 est
3258 4297 3498 4358 omnino,
3549 4292 3670 4348 cum
3711 4295 3791 4348 ait

2203 4365 2338 4420 duos
2366 4381 2490 4422 esse
2530 4366 2772 4434 ejusdem
2816 4369 2992 4422 {etatis
3033 4366 3251 4423 codices
3299 4368 3695 4435 minu‘criptus
3729 4366 3785 4420 itt

2204 4436 2537 4508 Bibiiotlieca
2566 4449 2743 4491 nostra
2787 4441 2958 4492 sancti
3002 4437 3314 4494 Germania
3350 4437 3550 4502 Pratis,
3577 4441 3628 4490 iii
3659 4435 3785 4508 qui-

2207 4506 2304 4561 bus
2327 4524 2448 4578 ιιοιι⁸
2472 4510 2503 4562 lt
2523 4512 2665 4578 gitur
2710 4512 2960 4578 prologns
2989 4521 3194 4578 septeni
3242 4511 3595 4577 cpistolaiuin
3624 4506 3794 4563 cino-

2205 4578 2472 4650 nicarum.
2501 4579 2557 4633 In
2596 4579 2846 4634 omnibus
2878 4594 3106 4650 namque
3130 4579 3512 4650 manuscriptis
3541 4579 3789 4648 ejusdem

2206 4648 2548 4705 bshlidtliecae
2572 4659 2773 4706 nostra:
2793 4648 3072 4708 codicibus
3102 4671 3130 4706 a
3155 4652 3312 4708 nobis
3343 4648 3632 4722 diligenter
3656 4665 3790 4705 exa-

2205 4722 2444 4784 minatis,
2475 4722 2522 4777 si
2555 4739 2717 4776 unum
2753 4723 2992 4788 excipias
3036 4733 3281 4779 notatum
3317 4738 3467 4779 nunt.
3502 4722 3601 4788 15,
3633 4723 3788 4778 inve-

2207 4792 2353 4865 nitur
2377 4791 2472 4848 ille
2501 4794 2756 4865 prologus
2785 4792 3056 4862 perfectus
3079 4807 3133 4850 ct
3155 4796 3390 4864 integer,
3421 4796 3788 4865 omnibusque

2205 4863 2316 4918 suis
2342 4863 2580 4918 numeris
2606 4863 2904 4919 absolutus.

2282 4953 2301 4985 ι
2341 4935 2594 5008 Errorem
2629 4935 2779 5008 illum
2808 4945 3031 5008 quartus
3057 4938 3292 5008 excipit,
3325 4937 3374 5008 si
3405 4947 3580 4992 tamen
3609 4952 3783 5006 unus,

2205 5017 2257 5059 et
2289 5021 2395 5060 non
2428 5007 2712 5070 multiplex
2742 5007 3052 5076 invenitur,
3105 5005 3199 5064 tibi
3233 5005 3440 5064 -ntiitur
3493 5005 3787 5064 ostendere

2203 5078 2860 5152 auctoreinjcollcctionis
2881 5078 3176 5136 Bibliorum
3205 5123 3219 5146 ,
3243 5083 3332 5152 qui
3365 5082 3571 5150 primus
3591 5095 3787 5152 omnes

2203 5148 2371 5205 libros
2403 5147 2648 5220 Vulgata:
2676 5151 2902 5216 Latinas,
2935 5152 2985 5205 id
3007 5159 3111 5214 est,
3135 5147 3334 5208 veteiis
3361 5147 3427 5208 ac
3452 5151 3789 5208 noviTeSta-

2205 5221 2393 5284 menti,
2425 5237 2532 5294 uno
2562 5223 2834 5278 volumine
2863 5224 3178 5292 complexus
3200 5235 3305 5289 est,
3331 5223 3566 5280 edidisse
3595 5223 3783 5294 prolo-

2201 5307 2327 5362 gum
2362 5293 2591 5362 pn.~itum
2627 5296 2678 5348 iit
2711 5298 2884 5349 fronte
2917 5294 3141 5363 Epistol.
3177 5293 3603 5350 Cttllulllcal‘mll.
3645 5294 3784 5351 Cer-

2204 5375 2314 5438 tum
2338 5375 2448 5438 i-st,
2484 5367 2679 5436 inquit,
2710 5365 3176 5432 pra-fatinnculam
3206 5369 3257 5422 in
3284 5369 3578 5438 exemplari
3601 5367 3785 5424 Caroli

2203 5435 2348 5508 Calvi
2378 5435 2592 5491 aftixam
2627 5437 2779 5492 initio
2803 5442 3031 5492 Actuum
3057 5435 3462 5508 Apostolorum,
3487 5456 3590 5494 non
3612 5439 3784 5496 fuisse

2201 5507 2252 5559 in
2285 5507 2427 5562 hunc
2445 5508 2606 5562 finem
2638 5510 2894 5578 scriptam
2925 5512 2994 5564 ab
3021 5507 3266 5576 llieron.,
3288 5511 3381 5566 sed
3407 5529 3528 5568 esse
3553 5511 3779 5566 desunt-

2201 5593 2346 5646 ptant
2380 5595 2446 5632 cx
2480 5579 2723 5648 ejusdem
2753 5579 2976 5650 prologo
3009 5581 3242 5652 majori,
3287 5599 3446 5652 quem
3493 5581 3778 5640 Galeattim

2199 5665 2488 5722 vocamus;
2540 5652 2728 5720 liisquc
2783 5653 2960 5705 verbis
3009 5667 3268 5722 concepta
3330 5654 3566 5720 legitur:
3623 5657 3784 5710 Arms

2197 5719 2559 5790 Apostolorum
2589 5719 2778 5792 nudum
2805 5721 3012 5792 quidem
3041 5719 3281 5778 resonare
3309 5719 3575 5780 historiam
3606 5727 3786 5781 riden-

2199 5802 2303 5858 tur,
2333 5799 2379 5844 et
2406 5795 2658 5847 nascentis
2689 5791 2937 5846 Ecclesia:
2965 5796 3234 5849 Itistoriam
3257 5808 3424 5850 texere
3451 5812 3469 5850 .°
3495 5808 3584 5852 sed
3610 5798 3656 5851 si
3685 5815 3784 5852 no-

2199 5865 2442 5932 verimus,
2469 5875 2575 5922 ctc.
2607 5863 2959 5936 lncogitantia
3003 5867 3120 5924 haec
3163 5866 3244 5924 illi
3289 5867 3558 5926 excidisse
3604 5869 3784 5926 maui-
