  <div class='ocr_page' id='page_1' title='image "/cluster/home/n/w/nwhite01/storage/ocr_20150623/29/hvd.32044015471428/420.png"; bbox 0 0 4128 6330; ppageno 0'>
   <div class='ocr_carea' id='block_1_1' title="bbox 281 389 389 446">
    <p class='ocr_par' dir='ltr' id='par_1_1' title="bbox 281 389 389 446">
     <span class='ocr_line' id='line_1_1' title="bbox 281 389 389 446; baseline 0.009 -2"><span class='ocrx_word' id='word_1_1' title='bbox 281 389 389 446; x_wconf 70' lang='lat'><strong>89.9</strong></span> 
     </span>
    </p>
   </div>
   <div class='ocr_carea' id='block_1_2' title="bbox 1050 389 2806 453">
    <p class='ocr_par' dir='ltr' id='par_1_2' title="bbox 1050 389 2806 453">
     <span class='ocr_line' id='line_1_2' title="bbox 1050 389 2806 453; baseline 0.003 -8"><span class='ocrx_word' id='word_1_2' title='bbox 1050 389 1413 448; x_wconf 81' lang='lat' dir='ltr'><strong>PROLOGUS</strong></span> <span class='ocrx_word' id='word_1_3' title='bbox 1451 391 1722 449; x_wconf 84' lang='lat' dir='ltr'><strong>SEPTEM</strong></span> <span class='ocrx_word' id='word_1_4' title='bbox 1761 391 2254 452; x_wconf 67' lang='lat' dir='ltr'><strong>EI’ISTULARUH</strong></span> <span class='ocrx_word' id='word_1_5' title='bbox 2294 393 2806 453; x_wconf 73' lang='lat' dir='ltr'><strong>CANONICARUM.</strong></span> 
     </span>
    </p>
   </div>
   <div class='ocr_carea' id='block_1_3' title="bbox 3475 399 3580 455">
    <p class='ocr_par' dir='ltr' id='par_1_3' title="bbox 3475 399 3580 455">
     <span class='ocr_line' id='line_1_3' title="bbox 3475 399 3580 455; baseline 0 -1"><span class='ocrx_word' id='word_1_6' title='bbox 3475 399 3580 455; x_wconf 71' lang='lat'><strong>830</strong></span> 
     </span>
    </p>
   </div>
   <div class='ocr_carea' id='block_1_4' title="bbox 280 502 3582 582">
    <p class='ocr_par' dir='ltr' id='par_1_4' title="bbox 280 502 3582 582">
     <span class='ocr_line' id='line_1_4' title="bbox 280 502 3582 582; baseline 0.002 -21"><span class='ocrx_word' id='word_1_7' title='bbox 280 502 705 561; x_wconf 87' lang='lat' dir='ltr'><strong>translatoribus</strong></span> <span class='ocrx_word' id='word_1_8' title='bbox 745 503 970 557; x_wconf 86' lang='lat' dir='ltr'><strong>multum</strong></span> <span class='ocrx_word' id='word_1_9' title='bbox 1010 515 1248 560; x_wconf 91' lang='lat' dir='ltr'><strong>erratum</strong></span> <span class='ocrx_word' id='word_1_10' title='bbox 1281 519 1308 558; x_wconf 91' lang='lat' dir='ltr'><strong>c</strong></span> <span class='ocrx_word' id='word_1_11' title='bbox 1351 519 1402 559; x_wconf 77' lang='lat' dir='ltr'><strong>.e</strong></span> <span class='ocrx_word' id='word_1_12' title='bbox 1433 520 1461 558; x_wconf 94' lang='lat' dir='ltr'><strong>a</strong></span> <span class='ocrx_word' id='word_1_13' title='bbox 1497 504 1619 560; x_wconf 89' lang='lat' dir='ltr'><strong>lidei</strong></span> <span class='ocrx_word' id='word_1_14' title='bbox 1652 505 1877 561; x_wconf 95' lang='lat' dir='ltr'><strong>veritate</strong></span> <span class='ocrx_word' id='word_1_15' title='bbox 1904 505 1954 566; x_wconf 84' lang='lat' dir='ltr'><strong>A</strong></span> <span class='ocrx_word' id='word_1_16' title='bbox 1981 519 2156 576; x_wconf 72' lang='lat' dir='ltr'><strong>aqum,</strong></span> <span class='ocrx_word' id='word_1_17' title='bbox 2186 507 2486 576; x_wconf 78' lang='lat' dir='ltr'><strong>sanguinis.</strong></span> <span class='ocrx_word' id='word_1_18' title='bbox 2519 516 2573 565; x_wconf 89' lang='lat' dir='ltr'><strong>et</strong></span> <span class='ocrx_word' id='word_1_19' title='bbox 2597 507 2864 578; x_wconf 74' lang='lat' dir='ltr'><strong>spiritus,</strong></span> <span class='ocrx_word' id='word_1_20' title='bbox 2890 508 2943 564; x_wconf 91' lang='lat' dir='ltr'><strong>in</strong></span> <span class='ocrx_word' id='word_1_21' title='bbox 2978 526 3076 566; x_wconf 87' lang='lat' dir='ltr'><strong>sua</strong></span> <span class='ocrx_word' id='word_1_22' title='bbox 3105 510 3346 568; x_wconf 75' lang='lat' dir='ltr'><strong>editione</strong></span> <span class='ocrx_word' id='word_1_23' title='bbox 3378 528 3582 582; x_wconf 88' lang='lat' dir='ltr'><strong>ponen-</strong></span> 
     </span>
    </p>
   </div>
   <div class='ocr_carea' id='block_1_5' title="bbox 279 595 1872 668">
    <p class='ocr_par' dir='ltr' id='par_1_5' title="bbox 279 595 1872 668">
     <span class='ocr_line' id='line_1_5' title="bbox 279 595 1872 668; baseline -0.001 -15"><span class='ocrx_word' id='word_1_24' title='bbox 279 597 652 668; x_wconf 89' lang='lat' dir='ltr'><strong>comperimus</strong></span> <span class='ocrx_word' id='word_1_25' title='bbox 700 613 712 650; x_wconf 92' lang='lat'>:</span> <span class='ocrx_word' id='word_1_26' title='bbox 759 604 781 630; x_wconf 70' lang='grc'><strong><em>⁸</em></strong></span> <span class='ocrx_word' id='word_1_27' title='bbox 819 595 982 650; x_wconf 89' lang='lat' dir='ltr'><strong>trium</strong></span> <span class='ocrx_word' id='word_1_28' title='bbox 1025 603 1229 651; x_wconf 90' lang='lat' dir='ltr'><strong>tantum</strong></span> <span class='ocrx_word' id='word_1_29' title='bbox 1276 595 1536 652; x_wconf 86' lang='lat' dir='ltr'><strong>vocabula</strong></span> <span class='ocrx_word' id='word_1_30' title='bbox 1562 639 1576 665; x_wconf 87' lang='lat'><strong>,</strong></span> <span class='ocrx_word' id='word_1_31' title='bbox 1612 595 1714 652; x_wconf 89' lang='lat' dir='ltr'><strong>hoc</strong></span> <span class='ocrx_word' id='word_1_32' title='bbox 1745 607 1828 652; x_wconf 86' lang='lat' dir='ltr'><strong>est</strong></span> <span class='ocrx_word' id='word_1_33' title='bbox 1858 641 1872 668; x_wconf 92' lang='lat'><strong>,</strong></span> 
     </span>
    </p>
   </div>
   <div class='ocr_carea' id='block_1_6' title="bbox 282 780 1883 854">
    <p class='ocr_par' dir='ltr' id='par_1_6' title="bbox 282 780 1883 854">
     <span class='ocr_line' id='line_1_6' title="bbox 282 780 1883 854; baseline -0.001 -14"><span class='ocrx_word' id='word_1_34' title='bbox 282 784 544 840; x_wconf 78' lang='lat' dir='ltr'><strong>omittere</strong></span> <span class='ocrx_word' id='word_1_35' title='bbox 569 781 753 848; x_wconf 89' lang='lat' dir='ltr'><strong>verba,</strong></span> <span class='ocrx_word' id='word_1_36' title='bbox 787 797 905 853; x_wconf 71' lang='lat' dir='ltr'><strong>qua:</strong></span> <span class='ocrx_word' id='word_1_37' title='bbox 937 780 1176 854; x_wconf 86' lang='lat' dir='ltr'><strong>secundo</strong></span> <span class='ocrx_word' id='word_1_38' title='bbox 1210 781 1400 836; x_wconf 79' lang='lat' dir='ltr'><strong>cadent</strong></span> <span class='ocrx_word' id='word_1_39' title='bbox 1432 797 1494 838; x_wconf 91' lang='lat' dir='ltr'><strong>ac</strong></span> <span class='ocrx_word' id='word_1_40' title='bbox 1541 796 1883 854; x_wconf 87' lang='lat' dir='ltr'><strong>consequen-</strong></span> 
     </span>
    </p>
   </div>
   <div class='ocr_carea' id='block_1_7' title="bbox 284 853 1886 925">
    <p class='ocr_par' dir='ltr' id='par_1_7' title="bbox 284 853 1886 925">
     <span class='ocr_line' id='line_1_7' title="bbox 284 853 1886 925; baseline -0.002 -13"><span class='ocrx_word' id='word_1_41' title='bbox 284 867 373 913; x_wconf 87' lang='lat' dir='ltr'><strong>ter</strong></span> <span class='ocrx_word' id='word_1_42' title='bbox 400 856 674 925; x_wconf 77' lang='lat' dir='ltr'><strong>leguntur.</strong></span> <span class='ocrx_word' id='word_1_43' title='bbox 716 854 900 923; x_wconf 81' lang='lat' dir='ltr'><strong>Neque</strong></span> <span class='ocrx_word' id='word_1_44' title='bbox 943 853 1206 908; x_wconf 90' lang='lat' dir='ltr'><strong>librorum</strong></span> <span class='ocrx_word' id='word_1_45' title='bbox 1253 867 1425 925; x_wconf 82' lang='lat' dir='ltr'><strong>genus</strong></span> <span class='ocrx_word' id='word_1_46' title='bbox 1466 854 1682 924; x_wconf 85' lang='lat' dir='ltr'><strong>aliquod</strong></span> <span class='ocrx_word' id='word_1_47' title='bbox 1730 853 1886 922; x_wconf 71' lang='lat' dir='ltr'><strong>rvpe-</strong></span> 
     </span>
    </p>
   </div>
   <div class='ocr_carea' id='block_1_8' title="bbox 284 925 1882 992">
    <p class='ocr_par' dir='ltr' id='par_1_8' title="bbox 284 925 1882 992">
     <span class='ocr_line' id='line_1_8' title="bbox 284 925 1882 992; baseline -0.003 -8"><span class='ocrx_word' id='word_1_48' title='bbox 284 931 419 992; x_wconf 86' lang='lat' dir='ltr'><strong>ries,</strong></span> <span class='ocrx_word' id='word_1_49' title='bbox 447 929 536 981; x_wconf 85' lang='lat' dir='ltr'><strong>ubi</strong></span> <span class='ocrx_word' id='word_1_50' title='bbox 579 939 688 981; x_wconf 90' lang='lat' dir='ltr'><strong>non</strong></span> <span class='ocrx_word' id='word_1_51' title='bbox 725 926 1049 981; x_wconf 81' lang='lat' dir='ltr'><strong>inoleverint</strong></span> <span class='ocrx_word' id='word_1_52' title='bbox 1095 925 1289 980; x_wconf 86' lang='lat' dir='ltr'><strong>similia</strong></span> <span class='ocrx_word' id='word_1_53' title='bbox 1339 925 1690 980; x_wconf 84' lang='lat' dir='ltr'><strong>omissionnm</strong></span> <span class='ocrx_word' id='word_1_54' title='bbox 1731 926 1882 980; x_wconf 90' lang='lat' dir='ltr'><strong>vitia.</strong></span> 
     </span>
    </p>
   </div>
   <div class='ocr_carea' id='block_1_9' title="bbox 293 998 1887 1070">
    <p class='ocr_par' dir='ltr' id='par_1_9' title="bbox 293 998 1887 1070">
     <span class='ocr_line' id='line_1_9' title="bbox 293 998 1887 1070; baseline -0.001 -16"><span class='ocrx_word' id='word_1_55' title='bbox 293 1003 458 1054; x_wconf 81' lang='lat' dir='ltr'><strong>Docet</strong></span> <span class='ocrx_word' id='word_1_56' title='bbox 491 998 850 1070; x_wconf 85' lang='lat' dir='ltr'><strong>Hieronymus</strong></span> <span class='ocrx_word' id='word_1_57' title='bbox 885 999 975 1052; x_wconf 90' lang='lat' dir='ltr'><strong>lib.</strong></span> <span class='ocrx_word' id='word_1_58' title='bbox 1009 1013 1061 1051; x_wconf 85' lang='lat' dir='ltr'><strong>vt</strong></span> <span class='ocrx_word' id='word_1_59' title='bbox 1084 998 1389 1070; x_wconf 75' lang='lat' dir='ltr'><strong>Comment.</strong></span> <span class='ocrx_word' id='word_1_60' title='bbox 1426 998 1768 1070; x_wconf 65' lang='lat' dir='ltr'><strong>inderentur:</strong></span> <span class='ocrx_word' id='word_1_61' title='bbox 1795 1012 1887 1052; x_wconf 86' lang='lat' dir='ltr'><strong>ca-</strong></span> 
     </span>
    </p>
   </div>
   <div class='ocr_carea' id='block_1_10' title="bbox 290 1068 1891 1142">
    <p class='ocr_par' dir='ltr' id='par_1_10' title="bbox 290 1068 1891 1142">
     <span class='ocr_line' id='line_1_10' title="bbox 290 1068 1891 1142; baseline -0.001 -20"><span class='ocrx_word' id='word_1_62' title='bbox 290 1084 385 1142; x_wconf 81' lang='lat' dir='ltr'><strong>put</strong></span> <span class='ocrx_word' id='word_1_63' title='bbox 420 1087 522 1125; x_wconf 80' lang='lat' dir='ltr'><strong>xxx</strong></span> <span class='ocrx_word' id='word_1_64' title='bbox 554 1068 718 1124; x_wconf 85' lang='lat' dir='ltr'><strong>multa</strong></span> <span class='ocrx_word' id='word_1_65' title='bbox 753 1069 920 1142; x_wconf 81' lang='lat' dir='ltr'><strong>fuisse</strong></span> <span class='ocrx_word' id='word_1_66' title='bbox 947 1069 1309 1142; x_wconf 60' lang='lat' dir='ltr'><strong>praétermissa</strong></span> <span class='ocrx_word' id='word_1_67' title='bbox 1348 1070 1398 1123; x_wconf 91' lang='lat' dir='ltr'><strong>in</strong></span> <span class='ocrx_word' id='word_1_68' title='bbox 1441 1068 1582 1122; x_wconf 77' lang='lat' dir='ltr'><strong>LXX</strong></span> <span class='ocrx_word' id='word_1_69' title='bbox 1617 1070 1891 1142; x_wconf 78' lang='lat' dir='ltr'><strong>Interpre-</strong></span> 
     </span>
    </p>
   </div>
   <div class='ocr_carea' id='block_1_11' title="bbox 285 1140 1889 1212">
    <p class='ocr_par' dir='ltr' id='par_1_11' title="bbox 285 1140 1889 1212">
     <span class='ocr_line' id='line_1_11' title="bbox 285 1140 1889 1212; baseline -0.001 -15"><span class='ocrx_word' id='word_1_70' title='bbox 285 1140 459 1209; x_wconf 78' lang='lat' dir='ltr'><strong>tibus,</strong></span> <span class='ocrx_word' id='word_1_71' title='bbox 486 1143 612 1212; x_wconf 86' lang='lat' dir='ltr'><strong>quia</strong></span> <span class='ocrx_word' id='word_1_72' title='bbox 637 1141 881 1197; x_wconf 80' lang='lat' dir='ltr'><strong>secundo</strong></span> <span class='ocrx_word' id='word_1_73' title='bbox 902 1141 1242 1196; x_wconf 87' lang='lat' dir='ltr'><strong>dicebantur.</strong></span> <span class='ocrx_word' id='word_1_74' title='bbox 1287 1140 1517 1208; x_wconf 78' lang='lat' dir='ltr'><strong>Insignis</strong></span> <span class='ocrx_word' id='word_1_75' title='bbox 1558 1150 1641 1195; x_wconf 90' lang='lat' dir='ltr'><strong>est</strong></span> <span class='ocrx_word' id='word_1_76' title='bbox 1678 1141 1768 1194; x_wconf 89' lang='lat' dir='ltr'><strong>ille</strong></span> <span class='ocrx_word' id='word_1_77' title='bbox 1810 1142 1889 1196; x_wconf 87' lang='lat' dir='ltr'><strong>lo-</strong></span> 
     </span>
    </p>
   </div>
   <div class='ocr_carea' id='block_1_12' title="bbox 288 1213 1887 1284">
    <p class='ocr_par' dir='ltr' id='par_1_12' title="bbox 288 1213 1887 1284">
     <span class='ocr_line' id='line_1_12' title="bbox 288 1213 1887 1284; baseline -0.003 -13"><span class='ocrx_word' id='word_1_78' title='bbox 288 1229 429 1281; x_wconf 83' lang='lat' dir='ltr'><strong>eus,</strong></span> <span class='ocrx_word' id='word_1_79' title='bbox 474 1215 563 1284; x_wconf 86' lang='lat' dir='ltr'><strong>qui</strong></span> <span class='ocrx_word' id='word_1_80' title='bbox 598 1229 708 1268; x_wconf 79' lang='lat' dir='ltr'><strong>rem</strong></span> <span class='ocrx_word' id='word_1_81' title='bbox 749 1225 988 1268; x_wconf 89' lang='lat' dir='ltr'><strong>nostram</strong></span> <span class='ocrx_word' id='word_1_82' title='bbox 1032 1213 1189 1280; x_wconf 87' lang='lat' dir='ltr'><strong>plane</strong></span> <span class='ocrx_word' id='word_1_83' title='bbox 1243 1215 1530 1271; x_wconf 79' lang='lat' dir='ltr'><strong>centiciat.</strong></span> <span class='ocrx_word' id='word_1_84' title='bbox 1585 1213 1706 1268; x_wconf 85' lang='lat' dir='ltr'><strong>ideo</strong></span> <span class='ocrx_word' id='word_1_85' title='bbox 1752 1214 1887 1266; x_wconf 86' lang='lat' dir='ltr'><strong>intc—</strong></span> 
     </span>
    </p>
   </div>
   <div class='ocr_carea' id='block_1_13' title="bbox 329 1284 1884 1354">
    <p class='ocr_par' dir='ltr' id='par_1_13' title="bbox 329 1284 1884 1354">
     <span class='ocr_line' id='line_1_13' title="bbox 329 1284 1884 1354; baseline -0.002 -14"><span class='ocrx_word' id='word_1_86' title='bbox 329 1303 443 1340; x_wconf 90' lang='lat' dir='ltr'><strong>rum</strong></span> <span class='ocrx_word' id='word_1_87' title='bbox 483 1301 604 1338; x_wconf 89' lang='lat' dir='ltr'><strong>cum</strong></span> <span class='ocrx_word' id='word_1_88' title='bbox 645 1301 745 1340; x_wconf 89' lang='lat' dir='ltr'><strong>suo</strong></span> <span class='ocrx_word' id='word_1_89' title='bbox 784 1294 1046 1340; x_wconf 80' lang='lat' dir='ltr'><strong>contextu</strong></span> <span class='ocrx_word' id='word_1_90' title='bbox 1087 1299 1244 1337; x_wconf 89' lang='lat' dir='ltr'><strong>sacro</strong></span> <span class='ocrx_word' id='word_1_91' title='bbox 1299 1299 1605 1354; x_wconf 59' lang='lat' dir='ltr'><strong>propenere</strong></span> <span class='ocrx_word' id='word_1_92' title='bbox 1653 1284 1884 1353; x_wconf 82' lang='lat' dir='ltr'><strong>juvabit.</strong></span> 
     </span>
    </p>
   </div>
   <div class='ocr_carea' id='block_1_14' title="bbox 286 1303 1888 1426">
    <p class='ocr_par' dir='ltr' id='par_1_14' title="bbox 286 1303 1888 1426">
     <span class='ocr_line' id='line_1_14' title="bbox 329 1303 1884 1354; baseline -0.002 -14"><span class='ocrx_word' id='word_1_93' title='bbox 329 1303 443 1340; x_wconf 83' lang='lat' dir='ltr'><strong>l&#39;lllll</strong></span> <span class='ocrx_word' id='word_1_94' title='bbox 483 1303 604 1338; x_wconf 76' lang='lat' dir='ltr'><strong>Clllll</strong></span> <span class='ocrx_word' id='word_1_95' title='bbox 645 1303 745 1340; x_wconf 85' lang='lat' dir='ltr'><strong>SUO</strong></span> <span class='ocrx_word' id='word_1_96' title='bbox 784 1303 1046 1340; x_wconf 73' lang='lat' dir='ltr'><strong>COIIICXIII</strong></span> <span class='ocrx_word' id='word_1_97' title='bbox 1087 1303 1244 1337; x_wconf 85' lang='lat' dir='ltr'><strong>sacro</strong></span> <span class='ocrx_word' id='word_1_98' title='bbox 1299 1303 1605 1354; x_wconf 62' lang='grc' dir='ltr'><strong>νγοροιυθιη</strong></span> <span class='ocrx_word' id='word_1_99' title='bbox 1653 1303 1884 1353; x_wconf 65' lang='grc' dir='ltr'>ιυγειιιιι.</span> 
     </span>
     <span class='ocr_line' id='line_1_15' title="bbox 286 1303 1888 1426; baseline -0.003 -12"><span class='ocrx_word' id='word_1_100' title='bbox 286 1303 545 1414; x_wconf 51' lang='grc' dir='ltr'>ἶριειηὶω</span> <span class='ocrx_word' id='word_1_101' title='bbox 573 1357 734 1426; x_wconf 77' lang='lat' dir='ltr'><strong>igitur</strong></span> <span class='ocrx_word' id='word_1_102' title='bbox 757 1359 938 1424; x_wconf 80' lang='lat' dir='ltr'><strong>capite</strong></span> <span class='ocrx_word' id='word_1_103' title='bbox 968 1372 1079 1410; x_wconf 82' lang='lat' dir='ltr'><strong>xxx</strong></span> <span class='ocrx_word' id='word_1_104' title='bbox 1103 1397 1117 1418; x_wconf 90' lang='lat'><strong>,</strong></span> <span class='ocrx_word' id='word_1_105' title='bbox 1153 1371 1293 1410; x_wconf 70' lang='lat' dir='ltr'><strong>vers.</strong></span> <span class='ocrx_word' id='word_1_106' title='bbox 1345 1355 1403 1409; x_wconf 66' lang='lat' dir='ltr'><strong>lt</strong></span> <span class='ocrx_word' id='word_1_107' title='bbox 1441 1365 1492 1409; x_wconf 80' lang='lat' dir='ltr'><strong>ct</strong></span> <span class='ocrx_word' id='word_1_108' title='bbox 1543 1354 1643 1422; x_wconf 78' lang='grc' dir='ltr'><strong>ιὸ,</strong></span> <span class='ocrx_word' id='word_1_109' title='bbox 1693 1358 1771 1409; x_wconf 88' lang='lat' dir='ltr'><strong>sic</strong></span> <span class='ocrx_word' id='word_1_110' title='bbox 1810 1355 1888 1410; x_wconf 88' lang='lat' dir='ltr'><strong>le-</strong></span> 
     </span>
    </p>
   </div>
   <div class='ocr_carea' id='block_1_15' title="bbox 285 1427 1882 1499">
    <p class='ocr_par' dir='ltr' id='par_1_15' title="bbox 285 1427 1882 1499">
     <span class='ocr_line' id='line_1_16' title="bbox 285 1427 1882 1499; baseline 0.001 -18"><span class='ocrx_word' id='word_1_111' title='bbox 285 1430 466 1499; x_wconf 83' lang='lat' dir='ltr'><strong>gimus</strong></span> <span class='ocrx_word' id='word_1_112' title='bbox 496 1430 753 1495; x_wconf 79' lang='lat' dir='ltr'><strong>scriptum</strong></span> <span class='ocrx_word' id='word_1_113' title='bbox 789 1445 808 1482; x_wconf 91' lang='lat'><strong><em>:</em></strong></span> <span class='ocrx_word' id='word_1_114' title='bbox 840 1427 1028 1483; x_wconf 84' lang='lat' dir='ltr'><strong>Omnes</strong></span> <span class='ocrx_word' id='word_1_115' title='bbox 1057 1437 1308 1480; x_wconf 60' lang='lat' dir='ltr'><strong>amaturus</strong></span> <span class='ocrx_word' id='word_1_116' title='bbox 1343 1429 1416 1479; x_wconf 88' lang='lat' dir='ltr'><strong>tui</strong></span> <span class='ocrx_word' id='word_1_117' title='bbox 1441 1428 1584 1480; x_wconf 88' lang='lat' dir='ltr'><strong>obliti</strong></span> <span class='ocrx_word' id='word_1_118' title='bbox 1613 1439 1732 1482; x_wconf 88' lang='lat' dir='ltr'><strong>sunt</strong></span> <span class='ocrx_word' id='word_1_119' title='bbox 1773 1428 1846 1482; x_wconf 87' lang='lat' dir='ltr'><strong>tui</strong></span> <span class='ocrx_word' id='word_1_120' title='bbox 1868 1471 1882 1496; x_wconf 89' lang='lat'><strong>,</strong></span> 
     </span>
    </p>
   </div>
   <div class='ocr_carea' id='block_1_16' title="bbox 285 1499 1892 1571">
    <p class='ocr_par' dir='ltr' id='par_1_16' title="bbox 285 1499 1892 1571">
     <span class='ocr_line' id='line_1_17' title="bbox 285 1499 1892 1571; baseline -0.001 -15"><span class='ocrx_word' id='word_1_121' title='bbox 285 1510 438 1571; x_wconf 79' lang='lat' dir='ltr'><strong>teque</strong></span> <span class='ocrx_word' id='word_1_122' title='bbox 489 1516 594 1553; x_wconf 85' lang='lat' dir='ltr'><strong>non</strong></span> <span class='ocrx_word' id='word_1_123' title='bbox 651 1508 878 1571; x_wconf 58' lang='lat' dir='ltr'><strong>qua’rent</strong></span> <span class='ocrx_word' id='word_1_124' title='bbox 909 1515 928 1553; x_wconf 88' lang='lat'><strong><em>:</em></strong></span> <span class='ocrx_word' id='word_1_125' title='bbox 958 1502 1116 1570; x_wconf 77' lang='lat' dir='ltr'><strong>plaga</strong></span> <span class='ocrx_word' id='word_1_126' title='bbox 1161 1500 1297 1571; x_wconf 85' lang='lat' dir='ltr'><strong>enim</strong></span> <span class='ocrx_word' id='word_1_127' title='bbox 1342 1499 1536 1571; x_wconf 73' lang='lat' dir='ltr'><strong>inimici</strong></span> <span class='ocrx_word' id='word_1_128' title='bbox 1583 1499 1806 1564; x_wconf 77' lang='lat' dir='ltr'><strong>percussi</strong></span> <span class='ocrx_word' id='word_1_129' title='bbox 1845 1511 1892 1554; x_wconf 84' lang='lat' dir='ltr'><strong>te</strong></span> 
     </span>
    </p>
   </div>
   <div class='ocr_carea' id='block_1_17' title="bbox 284 1570 1888 1644">
    <p class='ocr_par' dir='ltr' id='par_1_17' title="bbox 284 1570 1888 1644">
     <span class='ocr_line' id='line_1_18' title="bbox 284 1570 1888 1644; baseline -0.001 -18"><span class='ocrx_word' id='word_1_130' title='bbox 284 1570 625 1644; x_wconf 64' lang='lat' dir='ltr'><strong>castigatione</strong></span> <span class='ocrx_word' id='word_1_131' title='bbox 655 1570 890 1626; x_wconf 86' lang='lat' dir='ltr'><strong>crudeli:</strong></span> <span class='ocrx_word' id='word_1_132' title='bbox 923 1582 1128 1642; x_wconf 83' lang='lat' dir='ltr'><strong>propter</strong></span> <span class='ocrx_word' id='word_1_133' title='bbox 1173 1570 1553 1644; x_wconf 67' lang='lat' dir='ltr'><strong>multitudinem</strong></span> <span class='ocrx_word' id='word_1_134' title='bbox 1602 1571 1888 1639; x_wconf 76' lang='lat' dir='ltr'><strong>iniquitatis</strong></span> 
     </span>
    </p>
   </div>
   <div class='ocr_carea' id='block_1_18' title="bbox 285 1641 1886 1712">
    <p class='ocr_par' dir='ltr' id='par_1_18' title="bbox 285 1641 1886 1712">
     <span class='ocr_line' id='line_1_19' title="bbox 285 1641 1886 1712; baseline -0.002 -14"><span class='ocrx_word' id='word_1_135' title='bbox 285 1655 392 1698; x_wconf 77' lang='lat' dir='ltr'><strong>tute</strong></span> <span class='ocrx_word' id='word_1_136' title='bbox 421 1641 553 1696; x_wconf 81' lang='lat' dir='ltr'><strong>dura</strong></span> <span class='ocrx_word' id='word_1_137' title='bbox 581 1643 721 1712; x_wconf 77' lang='lat' dir='ltr'><strong>facta</strong></span> <span class='ocrx_word' id='word_1_138' title='bbox 761 1650 878 1696; x_wconf 86' lang='lat' dir='ltr'><strong>sunt</strong></span> <span class='ocrx_word' id='word_1_139' title='bbox 906 1652 1114 1710; x_wconf 87' lang='lat' dir='ltr'><strong>peccata</strong></span> <span class='ocrx_word' id='word_1_140' title='bbox 1145 1651 1255 1696; x_wconf 87' lang='lat' dir='ltr'><strong>tua.</strong></span> <span class='ocrx_word' id='word_1_141' title='bbox 1306 1641 1446 1707; x_wconf 81' lang='lat' dir='ltr'><strong>Quid</strong></span> <span class='ocrx_word' id='word_1_142' title='bbox 1487 1643 1684 1696; x_wconf 88' lang='lat' dir='ltr'><strong>clamas</strong></span> <span class='ocrx_word' id='word_1_143' title='bbox 1733 1659 1886 1712; x_wconf 77' lang='lat' dir='ltr'><strong>super</strong></span> 
     </span>
    </p>
   </div>
   <div class='ocr_carea' id='block_1_19' title="bbox 286 1712 1882 1782">
    <p class='ocr_par' dir='ltr' id='par_1_19' title="bbox 286 1712 1882 1782">
     <span class='ocr_line' id='line_1_20' title="bbox 286 1712 1882 1782; baseline -0.003 -13"><span class='ocrx_word' id='word_1_144' title='bbox 286 1716 596 1770; x_wconf 79' lang='lat' dir='ltr'><strong>contritione</strong></span> <span class='ocrx_word' id='word_1_145' title='bbox 632 1717 767 1769; x_wconf 81' lang='lat' dir='ltr'><strong>tua?</strong></span> <span class='ocrx_word' id='word_1_146' title='bbox 814 1713 1114 1767; x_wconf 80' lang='lat' dir='ltr'><strong>insanabilis</strong></span> <span class='ocrx_word' id='word_1_147' title='bbox 1165 1720 1237 1766; x_wconf 88' lang='lat' dir='ltr'><strong>est</strong></span> <span class='ocrx_word' id='word_1_148' title='bbox 1285 1712 1434 1765; x_wconf 89' lang='lat' dir='ltr'><strong>dolor</strong></span> <span class='ocrx_word' id='word_1_149' title='bbox 1465 1719 1626 1767; x_wconf 88' lang='lat' dir='ltr'><strong>tuus:</strong></span> <span class='ocrx_word' id='word_1_150' title='bbox 1668 1726 1882 1782; x_wconf 79' lang='lat' dir='ltr'><strong>propter</strong></span> 
     </span>
    </p>
   </div>
   <div class='ocr_carea' id='block_1_20' title="bbox 288 1785 1887 1858">
    <p class='ocr_par' dir='ltr' id='par_1_20' title="bbox 288 1785 1887 1858">
     <span class='ocr_line' id='line_1_21' title="bbox 288 1785 1887 1858; baseline -0.001 -18"><span class='ocrx_word' id='word_1_151' title='bbox 288 1785 673 1858; x_wconf 77' lang='lat' dir='ltr'><strong>multitudinem</strong></span> <span class='ocrx_word' id='word_1_152' title='bbox 694 1786 983 1858; x_wconf 85' lang='lat' dir='ltr'><strong>iniquitatis</strong></span> <span class='ocrx_word' id='word_1_153' title='bbox 1012 1794 1142 1858; x_wconf 69' lang='lat' dir='ltr'><strong>tum,</strong></span> <span class='ocrx_word' id='word_1_154' title='bbox 1193 1796 1236 1838; x_wconf 85' lang='lat' dir='ltr'><strong>et</strong></span> <span class='ocrx_word' id='word_1_155' title='bbox 1268 1794 1476 1856; x_wconf 84' lang='lat' dir='ltr'><strong>propter</strong></span> <span class='ocrx_word' id='word_1_156' title='bbox 1501 1786 1887 1858; x_wconf 21' lang='lat' dir='ltr'><strong>duraipeccata</strong></span> 
     </span>
    </p>
   </div>
   <div class='ocr_carea' id='block_1_21' title="bbox 288 1855 1882 1928">
    <p class='ocr_par' dir='ltr' id='par_1_21' title="bbox 288 1855 1882 1928">
     <span class='ocr_line' id='line_1_22' title="bbox 288 1855 1882 1928; baseline -0.002 -17"><span class='ocrx_word' id='word_1_157' title='bbox 288 1869 380 1912; x_wconf 88' lang='lat' dir='ltr'><strong>tua</strong></span> <span class='ocrx_word' id='word_1_158' title='bbox 411 1859 505 1927; x_wconf 77' lang='lat' dir='ltr'><strong>feci</strong></span> <span class='ocrx_word' id='word_1_159' title='bbox 531 1856 642 1911; x_wconf 63' lang='lat' dir='ltr'><strong>haec</strong></span> <span class='ocrx_word' id='word_1_160' title='bbox 673 1855 792 1912; x_wconf 72' lang='lat' dir='ltr'><strong>tibi.</strong></span> <span class='ocrx_word' id='word_1_161' title='bbox 834 1857 986 1926; x_wconf 83' lang='lat' dir='ltr'><strong>Quod</strong></span> <span class='ocrx_word' id='word_1_162' title='bbox 1016 1855 1437 1911; x_wconf 73' lang='lat' dir='ltr'><strong>Cot&#39;nmcntariis</strong></span> <span class='ocrx_word' id='word_1_163' title='bbox 1471 1855 1584 1909; x_wconf 88' lang='lat' dir='ltr'><strong>suis</strong></span> <span class='ocrx_word' id='word_1_164' title='bbox 1623 1855 1882 1928; x_wconf 82' lang='lat' dir='ltr'><strong>Hierony-</strong></span> 
     </span>
    </p>
   </div>
   <div class='ocr_carea' id='block_1_22' title="bbox 288 1928 1888 2001">
    <p class='ocr_par' dir='ltr' id='par_1_22' title="bbox 288 1928 1888 2001">
     <span class='ocr_line' id='line_1_23' title="bbox 288 1928 1888 2001; baseline -0.003 -17"><span class='ocrx_word' id='word_1_165' title='bbox 288 1945 412 1985; x_wconf 85' lang='lat' dir='ltr'><strong>mus</strong></span> <span class='ocrx_word' id='word_1_166' title='bbox 441 1930 721 1983; x_wconf 89' lang='lat' dir='ltr'><strong>illustrans</strong></span> <span class='ocrx_word' id='word_1_167' title='bbox 748 1973 763 2001; x_wconf 89' lang='lat'><strong>,</strong></span> <span class='ocrx_word' id='word_1_168' title='bbox 811 1929 1068 2001; x_wconf 66' lang='lat' dir='ltr'><strong>app0site</strong></span> <span class='ocrx_word' id='word_1_169' title='bbox 1098 1930 1213 2001; x_wconf 76' lang='lat' dir='ltr'><strong>lucc</strong></span> <span class='ocrx_word' id='word_1_170' title='bbox 1259 1929 1600 2001; x_wconf 77' lang='lat' dir='ltr'><strong>intermulta</strong></span> <span class='ocrx_word' id='word_1_171' title='bbox 1629 1928 1888 1983; x_wconf 84' lang='lat' dir='ltr'><strong>observa-</strong></span> 
     </span>
    </p>
   </div>
   <div class='ocr_carea' id='block_1_23' title="bbox 288 1998 1886 2070">
    <p class='ocr_par' dir='ltr' id='par_1_23' title="bbox 288 1998 1886 2070">
     <span class='ocr_line' id='line_1_24' title="bbox 288 1998 1886 2070; baseline -0.002 -14"><span class='ocrx_word' id='word_1_172' title='bbox 288 2004 405 2056; x_wconf 82' lang='lat' dir='ltr'><strong>vit:</strong></span> <span class='ocrx_word' id='word_1_173' title='bbox 459 2001 711 2070; x_wconf 79' lang='lat' dir='ltr'><strong>Quodque</strong></span> <span class='ocrx_word' id='word_1_174' title='bbox 751 1998 1008 2068; x_wconf 78' lang='lat' dir='ltr'><strong>sequitur,</strong></span> <span class='ocrx_word' id='word_1_175' title='bbox 1059 2000 1276 2070; x_wconf 89' lang='lat' dir='ltr'><strong>inquit,</strong></span> <span class='ocrx_word' id='word_1_176' title='bbox 1326 1998 1463 2064; x_wconf 82' lang='lat' dir='ltr'><strong>Quid</strong></span> <span class='ocrx_word' id='word_1_177' title='bbox 1503 2002 1698 2053; x_wconf 87' lang='lat' dir='ltr'><strong>clamas</strong></span> <span class='ocrx_word' id='word_1_178' title='bbox 1725 2016 1886 2068; x_wconf 87' lang='lat' dir='ltr'><strong>super</strong></span> 
     </span>
    </p>
   </div>
   <div class='ocr_carea' id='block_1_24' title="bbox 289 2070 1886 2142">
    <p class='ocr_par' dir='ltr' id='par_1_24' title="bbox 289 2070 1886 2142">
     <span class='ocr_line' id='line_1_25' title="bbox 289 2070 1886 2142; baseline -0.002 -14"><span class='ocrx_word' id='word_1_179' title='bbox 289 2074 599 2128; x_wconf 81' lang='lat' dir='ltr'><strong>contritione</strong></span> <span class='ocrx_word' id='word_1_180' title='bbox 640 2073 775 2127; x_wconf 85' lang='lat' dir='ltr'><strong>tua?</strong></span> <span class='ocrx_word' id='word_1_181' title='bbox 831 2070 1139 2126; x_wconf 81' lang='lat' dir='ltr'><strong>insanabilis</strong></span> <span class='ocrx_word' id='word_1_182' title='bbox 1201 2081 1273 2125; x_wconf 88' lang='lat' dir='ltr'><strong>cst</strong></span> <span class='ocrx_word' id='word_1_183' title='bbox 1308 2071 1466 2142; x_wconf 65' lang='lat' dir='ltr'><strong>dolor</strong></span> <span class='ocrx_word' id='word_1_184' title='bbox 1512 2079 1632 2124; x_wconf 86' lang='lat' dir='ltr'><strong>tuus</strong></span> <span class='ocrx_word' id='word_1_185' title='bbox 1675 2080 1886 2142; x_wconf 83' lang='lat' dir='ltr'><strong>prapter</strong></span> 
     </span>
    </p>
   </div>
   <div class='ocr_carea' id='block_1_25' title="bbox 289 2139 1882 2213">
    <p class='ocr_par' dir='ltr' id='par_1_25' title="bbox 289 2139 1882 2213">
     <span class='ocr_line' id='line_1_26' title="bbox 289 2139 1882 2213; baseline -0.001 -14"><span class='ocrx_word' id='word_1_186' title='bbox 289 2145 678 2199; x_wconf 81' lang='lat' dir='ltr'><strong>multitudinem</strong></span> <span class='ocrx_word' id='word_1_187' title='bbox 721 2144 1007 2213; x_wconf 83' lang='lat' dir='ltr'><strong>iniquitatis</strong></span> <span class='ocrx_word' id='word_1_188' title='bbox 1047 2152 1148 2196; x_wconf 77' lang='lat' dir='ltr'><strong>tute</strong></span> <span class='ocrx_word' id='word_1_189' title='bbox 1173 2185 1186 2208; x_wconf 97' lang='lat'><strong>,</strong></span> <span class='ocrx_word' id='word_1_190' title='bbox 1218 2143 1268 2196; x_wconf 88' lang='lat' dir='ltr'><strong>in</strong></span> <span class='ocrx_word' id='word_1_191' title='bbox 1303 2139 1446 2195; x_wconf 77' lang='lat' dir='ltr'><strong>LXX</strong></span> <span class='ocrx_word' id='word_1_192' title='bbox 1487 2159 1586 2195; x_wconf 88' lang='lat' dir='ltr'><strong>non</strong></span> <span class='ocrx_word' id='word_1_193' title='bbox 1627 2139 1882 2197; x_wconf 78' lang='lat' dir='ltr'><strong>habetur:</strong></span> 
     </span>
    </p>
   </div>
   <div class='ocr_carea' id='block_1_26' title="bbox 285 2214 1883 2287">
    <p class='ocr_par' dir='ltr' id='par_1_26' title="bbox 285 2214 1883 2287">
     <span class='ocr_line' id='line_1_27' title="bbox 285 2214 1883 2287; baseline -0.001 -18"><span class='ocrx_word' id='word_1_194' title='bbox 285 2217 526 2270; x_wconf 74' lang='lat' dir='ltr'><strong>t-idelit&#39;et</strong></span> <span class='ocrx_word' id='word_1_195' title='bbox 561 2218 685 2287; x_wconf 86' lang='lat' dir='ltr'><strong>quia</strong></span> <span class='ocrx_word' id='word_1_196' title='bbox 731 2215 954 2270; x_wconf 89' lang='lat' dir='ltr'><strong>secundo</strong></span> <span class='ocrx_word' id='word_1_197' title='bbox 999 2214 1212 2276; x_wconf 86' lang='lat' dir='ltr'><strong>dicitur,</strong></span> <span class='ocrx_word' id='word_1_198' title='bbox 1249 2225 1457 2281; x_wconf 80' lang='lat' dir='ltr'><strong>pmpter</strong></span> <span class='ocrx_word' id='word_1_199' title='bbox 1495 2215 1883 2287; x_wconf 77' lang='lat' dir='ltr'><strong>multitudinem</strong></span> 
     </span>
    </p>
   </div>
   <div class='ocr_carea' id='block_1_27' title="bbox 289 2285 1882 2355">
    <p class='ocr_par' dir='ltr' id='par_1_27' title="bbox 289 2285 1882 2355">
     <span class='ocr_line' id='line_1_28' title="bbox 289 2285 1882 2355; baseline -0.001 -15"><span class='ocrx_word' id='word_1_200' title='bbox 289 2285 582 2355; x_wconf 74' lang='lat' dir='ltr'><strong>iniquitatis</strong></span> <span class='ocrx_word' id='word_1_201' title='bbox 609 2298 741 2348; x_wconf 76' lang='lat' dir='ltr'><strong>tute,</strong></span> <span class='ocrx_word' id='word_1_202' title='bbox 772 2298 819 2342; x_wconf 79' lang='lat' dir='ltr'><strong>et</strong></span> <span class='ocrx_word' id='word_1_203' title='bbox 849 2289 982 2340; x_wconf 90' lang='lat' dir='ltr'><strong>dura</strong></span> <span class='ocrx_word' id='word_1_204' title='bbox 1013 2297 1220 2352; x_wconf 84' lang='lat' dir='ltr'><strong>peccata</strong></span> <span class='ocrx_word' id='word_1_205' title='bbox 1245 2296 1376 2348; x_wconf 86' lang='lat' dir='ltr'><strong>tua;</strong></span> <span class='ocrx_word' id='word_1_206' title='bbox 1411 2294 1458 2336; x_wconf 89' lang='lat' dir='ltr'><strong>et</strong></span> <span class='ocrx_word' id='word_1_207' title='bbox 1479 2286 1566 2354; x_wconf 85' lang='lat' dir='ltr'><strong>qui</strong></span> <span class='ocrx_word' id='word_1_208' title='bbox 1595 2285 1882 2339; x_wconf 84' lang='lat' dir='ltr'><strong>scribebant</strong></span> 
     </span>
    </p>
   </div>
   <div class='ocr_carea' id='block_1_28' title="bbox 287 2357 1883 2427">
    <p class='ocr_par' dir='ltr' id='par_1_28' title="bbox 287 2357 1883 2427">
     <span class='ocr_line' id='line_1_29' title="bbox 287 2357 1883 2427; baseline -0.001 -13"><span class='ocrx_word' id='word_1_209' title='bbox 287 2378 321 2414; x_wconf 83' lang='grc' dir='ltr'><em>α</em></span> <span class='ocrx_word' id='word_1_210' title='bbox 352 2359 606 2427; x_wconf 84' lang='lat' dir='ltr'><strong>principio</strong></span> <span class='ocrx_word' id='word_1_211' title='bbox 630 2358 871 2413; x_wconf 83' lang='lat' dir='ltr'><strong>additum</strong></span> <span class='ocrx_word' id='word_1_212' title='bbox 900 2368 1229 2426; x_wconf 78' lang='lat' dir='ltr'><strong>putauerunt.</strong></span> <span class='ocrx_word' id='word_1_213' title='bbox 1275 2359 1517 2424; x_wconf 84' lang='lat' dir='ltr'><strong>Quatuor</strong></span> <span class='ocrx_word' id='word_1_214' title='bbox 1547 2357 1723 2427; x_wconf 80' lang='lat' dir='ltr'><strong>itaque</strong></span> <span class='ocrx_word' id='word_1_215' title='bbox 1747 2373 1883 2425; x_wconf 70' lang='lat' dir='ltr'><strong>prae-</strong></span> 
     </span>
    </p>
   </div>
   <div class='ocr_carea' id='block_1_29' title="bbox 296 2426 1882 2496">
    <p class='ocr_par' dir='ltr' id='par_1_29' title="bbox 296 2426 1882 2496">
     <span class='ocr_line' id='line_1_30' title="bbox 296 2426 1882 2496; baseline -0.001 -11"><span class='ocrx_word' id='word_1_216' title='bbox 296 2426 546 2485; x_wconf 82' lang='lat' dir='ltr'><strong>termissa</strong></span> <span class='ocrx_word' id='word_1_217' title='bbox 592 2441 717 2484; x_wconf 92' lang='lat' dir='ltr'><strong>sunt</strong></span> <span class='ocrx_word' id='word_1_218' title='bbox 777 2439 1044 2485; x_wconf 82' lang='lat' dir='ltr'><strong>commata</strong></span> <span class='ocrx_word' id='word_1_219' title='bbox 1096 2430 1148 2483; x_wconf 92' lang='lat' dir='ltr'><strong>in</strong></span> <span class='ocrx_word' id='word_1_220' title='bbox 1207 2427 1620 2496; x_wconf 80' lang='lat' dir='ltr'><strong>Exemplaribus</strong></span> <span class='ocrx_word' id='word_1_221' title='bbox 1672 2426 1882 2484; x_wconf 80' lang='lat' dir='ltr'><strong>Graecis</strong></span> 
     </span>
    </p>
   </div>
   <div class='ocr_carea' id='block_1_30' title="bbox 213 2499 1884 2571">
    <p class='ocr_par' dir='ltr' id='par_1_30' title="bbox 213 2499 1884 2571">
     <span class='ocr_line' id='line_1_31' title="bbox 213 2499 1884 2571; baseline -0.003 -13"><span class='ocrx_word' id='word_1_222' title='bbox 213 2538 217 2542; x_wconf 96' lang='lat'><strong><em>-</em></strong></span> <span class='ocrx_word' id='word_1_223' title='bbox 289 2501 436 2558; x_wconf 77' lang='lat' dir='ltr'><strong>LXX</strong></span> <span class='ocrx_word' id='word_1_224' title='bbox 485 2503 883 2570; x_wconf 81' lang='lat' dir='ltr'><strong>lnterpretum;</strong></span> <span class='ocrx_word' id='word_1_225' title='bbox 936 2501 1058 2571; x_wconf 89' lang='lat' dir='ltr'><strong>quia</strong></span> <span class='ocrx_word' id='word_1_226' title='bbox 1105 2501 1292 2555; x_wconf 83' lang='lat' dir='ltr'><strong>eadem</strong></span> <span class='ocrx_word' id='word_1_227' title='bbox 1332 2500 1496 2571; x_wconf 78' lang='lat' dir='ltr'><strong>verba</strong></span> <span class='ocrx_word' id='word_1_228' title='bbox 1530 2499 1771 2554; x_wconf 84' lang='lat' dir='ltr'><strong>secundo</strong></span> <span class='ocrx_word' id='word_1_229' title='bbox 1801 2500 1884 2553; x_wconf 88' lang='lat' dir='ltr'><strong>di-</strong></span> 
     </span>
    </p>
   </div>
   <div class='ocr_carea' id='block_1_31' title="bbox 286 2570 1877 2643">
    <p class='ocr_par' dir='ltr' id='par_1_31' title="bbox 286 2570 1877 2643">
     <span class='ocr_line' id='line_1_32' title="bbox 286 2570 1877 2643; baseline -0.002 -15"><span class='ocrx_word' id='word_1_230' title='bbox 286 2586 378 2628; x_wconf 87' lang='lat' dir='ltr'><strong>cta</strong></span> <span class='ocrx_word' id='word_1_231' title='bbox 425 2581 590 2637; x_wconf 90' lang='lat' dir='ltr'><strong>sunt,</strong></span> <span class='ocrx_word' id='word_1_232' title='bbox 619 2586 672 2627; x_wconf 88' lang='lat' dir='ltr'><strong>et</strong></span> <span class='ocrx_word' id='word_1_233' title='bbox 711 2570 969 2642; x_wconf 74' lang='lat' dir='ltr'><strong>replicata</strong></span> <span class='ocrx_word' id='word_1_234' title='bbox 1014 2573 1155 2643; x_wconf 90' lang='lat' dir='ltr'><strong>apud</strong></span> <span class='ocrx_word' id='word_1_235' title='bbox 1195 2570 1490 2628; x_wconf 86' lang='lat' dir='ltr'><strong>.Ieremiam</strong></span> <span class='ocrx_word' id='word_1_236' title='bbox 1540 2571 1877 2640; x_wconf 84' lang='lat' dir='ltr'><strong>prophetam.</strong></span> 
     </span>
    </p>
   </div>
   <div class='ocr_carea' id='block_1_32' title="bbox 289 2643 1878 2711">
    <p class='ocr_par' dir='ltr' id='par_1_32' title="bbox 289 2643 1878 2711">
     <span class='ocr_line' id='line_1_33' title="bbox 289 2643 1878 2711; baseline -0.002 -10"><span class='ocrx_word' id='word_1_237' title='bbox 289 2645 399 2701; x_wconf 88' lang='lat' dir='ltr'><strong>Sed</strong></span> <span class='ocrx_word' id='word_1_238' title='bbox 444 2645 870 2700; x_wconf 82' lang='lat' dir='ltr'><strong>commodiorem</strong></span> <span class='ocrx_word' id='word_1_239' title='bbox 918 2645 1096 2698; x_wconf 89' lang='lat' dir='ltr'><strong>adhuc</strong></span> <span class='ocrx_word' id='word_1_240' title='bbox 1145 2645 1319 2697; x_wconf 87' lang='lat' dir='ltr'><strong>locuut</strong></span> <span class='ocrx_word' id='word_1_241' title='bbox 1347 2684 1360 2701; x_wconf 89' lang='lat'><strong>.</strong></span> <span class='ocrx_word' id='word_1_242' title='bbox 1411 2643 1525 2697; x_wconf 88' lang='lat' dir='ltr'><strong>sive</strong></span> <span class='ocrx_word' id='word_1_243' title='bbox 1570 2647 1878 2711; x_wconf 83' lang='lat' dir='ltr'><strong>exemplum</strong></span> 
     </span>
    </p>
   </div>
   <div class='ocr_carea' id='block_1_33' title="bbox 291 2715 1882 2788">
    <p class='ocr_par' dir='ltr' id='par_1_33' title="bbox 291 2715 1882 2788">
     <span class='ocr_line' id='line_1_34' title="bbox 291 2715 1882 2788; baseline -0.001 -16"><span class='ocrx_word' id='word_1_244' title='bbox 291 2717 567 2788; x_wconf 82' lang='lat' dir='ltr'><strong>efﬁcacius</strong></span> <span class='ocrx_word' id='word_1_245' title='bbox 616 2717 681 2771; x_wconf 92' lang='lat' dir='ltr'><strong>ad</strong></span> <span class='ocrx_word' id='word_1_246' title='bbox 726 2717 1100 2788; x_wconf 88' lang='lat' dir='ltr'><strong>probationem</strong></span> <span class='ocrx_word' id='word_1_247' title='bbox 1149 2715 1484 2788; x_wconf 52' lang='lat' dir='ltr'><strong>omissionis</strong></span> <span class='ocrx_word' id='word_1_248' title='bbox 1504 2725 1704 2768; x_wconf 77' lang='lat' dir='ltr'><strong>nostra:</strong></span> <span class='ocrx_word' id='word_1_249' title='bbox 1737 2715 1882 2788; x_wconf 79' lang='lat' dir='ltr'><strong>nacti</strong></span> 
     </span>
    </p>
   </div>
   <div class='ocr_carea' id='block_1_34' title="bbox 291 2785 1881 2855">
    <p class='ocr_par' dir='ltr' id='par_1_34' title="bbox 291 2785 1881 2855">
     <span class='ocr_line' id='line_1_35' title="bbox 291 2785 1881 2855; baseline -0.002 -12"><span class='ocrx_word' id='word_1_250' title='bbox 291 2803 478 2843; x_wconf 86' lang='lat' dir='ltr'><strong>sumus</strong></span> <span class='ocrx_word' id='word_1_251' title='bbox 503 2787 556 2842; x_wconf 92' lang='lat' dir='ltr'><strong>in</strong></span> <span class='ocrx_word' id='word_1_252' title='bbox 584 2785 941 2851; x_wconf 65' lang='lat' dir='ltr'><strong>libro&#39;tosue,</strong></span> <span class='ocrx_word' id='word_1_253' title='bbox 975 2801 1092 2855; x_wconf 85' lang='lat' dir='ltr'><strong>cap.</strong></span> <span class='ocrx_word' id='word_1_254' title='bbox 1127 2802 1248 2850; x_wconf 71' lang='lat' dir='ltr'><strong>ut,</strong></span> <span class='ocrx_word' id='word_1_255' title='bbox 1285 2801 1425 2841; x_wconf 86' lang='lat' dir='ltr'><strong>vers.</strong></span> <span class='ocrx_word' id='word_1_256' title='bbox 1459 2787 1547 2848; x_wconf 65' lang='lat' dir='ltr'><strong>3t},</strong></span> <span class='ocrx_word' id='word_1_257' title='bbox 1577 2785 1881 2840; x_wconf 90' lang='lat' dir='ltr'><strong>secundum</strong></span> 
     </span>
    </p>
   </div>
   <div class='ocr_carea' id='block_1_35' title="bbox 287 2858 1878 2929">
    <p class='ocr_par' dir='ltr' id='par_1_35' title="bbox 287 2858 1878 2929">
     <span class='ocr_line' id='line_1_36' title="bbox 287 2858 1878 2929; baseline 0 -17"><span class='ocrx_word' id='word_1_258' title='bbox 287 2875 545 2915; x_wconf 77' lang='lat' dir='ltr'><strong>versuum</strong></span> <span class='ocrx_word' id='word_1_259' title='bbox 591 2858 869 2929; x_wconf 84' lang='lat' dir='ltr'><strong>Vulgatam</strong></span> <span class='ocrx_word' id='word_1_260' title='bbox 917 2860 1239 2913; x_wconf 79' lang='lat' dir='ltr'><strong>divisionem</strong></span> <span class='ocrx_word' id='word_1_261' title='bbox 1289 2869 1343 2911; x_wconf 77' lang='lat' dir='ltr'><strong>et</strong></span> <span class='ocrx_word' id='word_1_262' title='bbox 1390 2859 1878 2929; x_wconf 85' lang='lat' dir='ltr'><strong>enumerationem.</strong></span> 
     </span>
    </p>
   </div>
   <div class='ocr_carea' id='block_1_36' title="bbox 289 2928 1881 3002">
    <p class='ocr_par' dir='ltr' id='par_1_36' title="bbox 289 2928 1881 3002">
     <span class='ocr_line' id='line_1_37' title="bbox 289 2928 1881 3002; baseline -0.003 -14"><span class='ocrx_word' id='word_1_263' title='bbox 289 2931 422 2988; x_wconf 69' lang='lat' dir='ltr'><strong>Nam</strong></span> <span class='ocrx_word' id='word_1_264' title='bbox 449 2942 613 2987; x_wconf 77' lang='lat' dir='ltr'><strong>tenue</strong></span> <span class='ocrx_word' id='word_1_265' title='bbox 638 2928 990 3002; x_wconf 67' lang='lat' dir='ltr'><strong>repetitioncs</strong></span> <span class='ocrx_word' id='word_1_266' title='bbox 1032 2947 1220 2985; x_wconf 88' lang='lat' dir='ltr'><strong>eorum</strong></span> <span class='ocrx_word' id='word_1_267' title='bbox 1267 2929 1587 2991; x_wconf 80' lang='lat' dir='ltr'><strong>verborum,</strong></span> <span class='ocrx_word' id='word_1_268' title='bbox 1637 2928 1881 3002; x_wconf 77' lang='lat' dir='ltr'><strong>Civitates</strong></span> 
     </span>
    </p>
   </div>
   <div class='ocr_carea' id='block_1_37' title="bbox 289 3000 1876 3074">
    <p class='ocr_par' dir='ltr' id='par_1_37' title="bbox 289 3000 1876 3074">
     <span class='ocr_line' id='line_1_38' title="bbox 289 3000 1876 3074; baseline 0 -18"><span class='ocrx_word' id='word_1_269' title='bbox 289 3013 512 3066; x_wconf 84' lang='lat' dir='ltr'><strong>quatuor</strong></span> <span class='ocrx_word' id='word_1_270' title='bbox 553 3020 667 3057; x_wconf 77' lang='lat' dir='ltr'><strong>cum</strong></span> <span class='ocrx_word' id='word_1_271' title='bbox 703 3000 1016 3056; x_wconf 70' lang='lat' dir='ltr'><strong>suburbanis</strong></span> <span class='ocrx_word' id='word_1_272' title='bbox 1048 3006 1160 3074; x_wconf 71' lang='lat' dir='ltr'><strong>ejus</strong></span> <span class='ocrx_word' id='word_1_273' title='bbox 1185 3044 1198 3067; x_wconf 93' lang='lat'><strong>,</strong></span> <span class='ocrx_word' id='word_1_274' title='bbox 1245 3016 1366 3070; x_wconf 70' lang='lat' dir='ltr'><strong>quae</strong></span> <span class='ocrx_word' id='word_1_275' title='bbox 1416 3002 1664 3074; x_wconf 77' lang='lat' dir='ltr'><strong>leguntur</strong></span> <span class='ocrx_word' id='word_1_276' title='bbox 1705 3017 1752 3055; x_wconf 94' lang='lat' dir='ltr'><strong>v.</strong></span> <span class='ocrx_word' id='word_1_277' title='bbox 1787 3000 1876 3068; x_wconf 78' lang='lat'><strong>55,</strong></span> 
     </span>
    </p>
   </div>
   <div class='ocr_carea' id='block_1_38' title="bbox 285 3072 1878 3144">
    <p class='ocr_par' dir='ltr' id='par_1_38' title="bbox 285 3072 1878 3144">
     <span class='ocr_line' id='line_1_39' title="bbox 285 3072 1878 3144; baseline -0.003 -14"><span class='ocrx_word' id='word_1_278' title='bbox 285 3075 359 3130; x_wconf 68' lang='grc' dir='ltr'><strong>δῦ</strong></span> <span class='ocrx_word' id='word_1_279' title='bbox 391 3084 446 3128; x_wconf 84' lang='lat' dir='ltr'><strong>et</strong></span> <span class='ocrx_word' id='word_1_280' title='bbox 474 3075 566 3140; x_wconf 76' lang='lat'><strong>57,</strong></span> <span class='ocrx_word' id='word_1_281' title='bbox 596 3073 797 3129; x_wconf 62' lang='lat' dir='ltr'><strong>erroris</strong></span> <span class='ocrx_word' id='word_1_282' title='bbox 827 3090 1010 3128; x_wconf 86' lang='lat' dir='ltr'><strong>ansam</strong></span> <span class='ocrx_word' id='word_1_283' title='bbox 1045 3072 1328 3144; x_wconf 54' lang='lat' dir='ltr'><strong>praebuere</strong></span> <span class='ocrx_word' id='word_1_284' title='bbox 1363 3072 1720 3138; x_wconf 78' lang='lat' dir='ltr'><strong>scriptoribus</strong></span> <span class='ocrx_word' id='word_1_285' title='bbox 1747 3116 1758 3133; x_wconf 81' lang='grc'><em>,</em></span> <span class='ocrx_word' id='word_1_286' title='bbox 1789 3075 1878 3144; x_wconf 90' lang='lat' dir='ltr'><strong>qui</strong></span> 
     </span>
    </p>
   </div>
   <div class='ocr_carea' id='block_1_39' title="bbox 287 3143 1881 3214">
    <p class='ocr_par' dir='ltr' id='par_1_39' title="bbox 287 3143 1881 3214">
     <span class='ocr_line' id='line_1_40' title="bbox 287 3143 1881 3214; baseline -0.003 -12"><span class='ocrx_word' id='word_1_287' title='bbox 287 3147 554 3212; x_wconf 82' lang='lat' dir='ltr'><strong>medium,</strong></span> <span class='ocrx_word' id='word_1_288' title='bbox 590 3147 638 3200; x_wconf 91' lang='lat' dir='ltr'><strong>id</strong></span> <span class='ocrx_word' id='word_1_289' title='bbox 663 3156 750 3200; x_wconf 80' lang='lat' dir='ltr'><strong>est</strong></span> <span class='ocrx_word' id='word_1_290' title='bbox 775 3188 788 3210; x_wconf 94' lang='lat'><strong>,</strong></span> <span class='ocrx_word' id='word_1_291' title='bbox 817 3147 888 3201; x_wconf 74' lang='lat'><strong>56</strong></span> <span class='ocrx_word' id='word_1_292' title='bbox 921 3143 1244 3200; x_wconf 73' lang='lat' dir='ltr'><strong>versiculum</strong></span> <span class='ocrx_word' id='word_1_293' title='bbox 1281 3143 1749 3214; x_wconf 70' lang='lat' dir='ltr'><strong>prartermiserunt</strong></span> <span class='ocrx_word' id='word_1_294' title='bbox 1779 3143 1881 3198; x_wconf 88' lang='lat' dir='ltr'><strong>tle-</strong></span> 
     </span>
    </p>
   </div>
   <div class='ocr_carea' id='block_1_40' title="bbox 287 3215 1900 3288">
    <p class='ocr_par' dir='ltr' id='par_1_40' title="bbox 287 3215 1900 3288">
     <span class='ocr_line' id='line_1_41' title="bbox 287 3215 1900 3288; baseline -0.002 -14"><span class='ocrx_word' id='word_1_295' title='bbox 287 3219 433 3288; x_wconf 86' lang='lat' dir='ltr'><strong>cepti</strong></span> <span class='ocrx_word' id='word_1_296' title='bbox 483 3218 877 3282; x_wconf 85' lang='lat' dir='ltr'><strong>similitudine,</strong></span> <span class='ocrx_word' id='word_1_297' title='bbox 927 3219 1011 3272; x_wconf 87' lang='lat' dir='ltr'><strong>vel</strong></span> <span class='ocrx_word' id='word_1_298' title='bbox 1053 3216 1242 3272; x_wconf 85' lang='lat' dir='ltr'><strong>eadem</strong></span> <span class='ocrx_word' id='word_1_299' title='bbox 1291 3215 1560 3270; x_wconf 87' lang='lat' dir='ltr'><strong>sermonis</strong></span> <span class='ocrx_word' id='word_1_300' title='bbox 1613 3216 1900 3282; x_wconf 80' lang='lat' dir='ltr'><strong>clausula,&#39;</strong></span> 
     </span>
    </p>
   </div>
   <div class='ocr_carea' id='block_1_41' title="bbox 287 3287 1881 3361">
    <p class='ocr_par' dir='ltr' id='par_1_41' title="bbox 287 3287 1881 3361">
     <span class='ocr_line' id='line_1_42' title="bbox 287 3287 1881 3361; baseline -0.001 -18"><span class='ocrx_word' id='word_1_301' title='bbox 287 3287 406 3361; x_wconf 62' lang='lat' dir='ltr'><strong>quin</strong></span> <span class='ocrx_word' id='word_1_302' title='bbox 439 3306 546 3344; x_wconf 86' lang='lat' dir='ltr'><strong>non</strong></span> <span class='ocrx_word' id='word_1_303' title='bbox 581 3289 758 3344; x_wconf 90' lang='lat' dir='ltr'><strong>solum</strong></span> <span class='ocrx_word' id='word_1_304' title='bbox 792 3289 1211 3348; x_wconf 85' lang='lat' dir='ltr'><strong>incuriosorum.</strong></span> <span class='ocrx_word' id='word_1_305' title='bbox 1247 3287 1339 3361; x_wconf 86' lang='lat' dir='ltr'><strong>sed</strong></span> <span class='ocrx_word' id='word_1_306' title='bbox 1375 3288 1881 3361; x_wconf 32' lang='lat' dir='ltr'><strong>diligentium‘non-</strong></span> 
     </span>
    </p>
   </div>
   <div class='ocr_carea' id='block_1_42' title="bbox 287 3357 1874 3430">
    <p class='ocr_par' dir='ltr' id='par_1_42' title="bbox 287 3357 1874 3430">
     <span class='ocr_line' id='line_1_43' title="bbox 287 3357 1874 3430; baseline -0.001 -16"><span class='ocrx_word' id='word_1_307' title='bbox 287 3357 580 3430; x_wconf 81' lang='lat' dir='ltr'><strong>numquam</strong></span> <span class='ocrx_word' id='word_1_308' title='bbox 614 3363 838 3415; x_wconf 86' lang='lat' dir='ltr'><strong>obtutus</strong></span> <span class='ocrx_word' id='word_1_309' title='bbox 878 3361 1157 3415; x_wconf 85' lang='lat' dir='ltr'><strong>contundit</strong></span> <span class='ocrx_word' id='word_1_310' title='bbox 1199 3358 1657 3413; x_wconf 83' lang='lat' dir='ltr'><strong>in-tlescribendo</strong></span> <span class='ocrx_word' id='word_1_311' title='bbox 1689 3357 1874 3430; x_wconf 82' lang='lat' dir='ltr'><strong>libros.</strong></span> 
     </span>
    </p>
   </div>
   <div class='ocr_carea' id='block_1_43' title="bbox 287 3429 1878 3502">
    <p class='ocr_par' dir='ltr' id='par_1_43' title="bbox 287 3429 1878 3502">
     <span class='ocr_line' id='line_1_44' title="bbox 287 3429 1878 3502; baseline -0.003 -15"><span class='ocrx_word' id='word_1_312' title='bbox 287 3429 596 3502; x_wconf 20' lang='lat' dir='ltr'><strong>Hitie’apttd</strong></span> <span class='ocrx_word' id='word_1_313' title='bbox 649 3433 905 3487; x_wconf 67' lang='lat' dir='ltr'><strong>chrmos</strong></span> <span class='ocrx_word' id='word_1_314' title='bbox 955 3433 1135 3500; x_wconf 90' lang='lat' dir='ltr'><strong>plures</strong></span> <span class='ocrx_word' id='word_1_315' title='bbox 1187 3430 1523 3502; x_wconf 86' lang='lat' dir='ltr'><strong>habebantur</strong></span> <span class='ocrx_word' id='word_1_316' title='bbox 1568 3443 1696 3484; x_wconf 62' lang='lat' dir='ltr'><strong>mss.</strong></span> <span class='ocrx_word' id='word_1_317' title='bbox 1729 3429 1878 3483; x_wconf 75' lang='lat' dir='ltr'><strong>codi-</strong></span> 
     </span>
    </p>
   </div>
   <div class='ocr_carea' id='block_1_44' title="bbox 1988 599 3583 677">
    <p class='ocr_par' dir='ltr' id='par_1_44' title="bbox 1988 599 3583 677">
     <span class='ocr_line' id='line_1_45' title="bbox 1988 599 3583 677; baseline 0.007 -24"><span class='ocrx_word' id='word_1_318' title='bbox 1988 607 2101 666; x_wconf 87' lang='lat' dir='ltr'><strong>tes;</strong></span> <span class='ocrx_word' id='word_1_319' title='bbox 2133 608 2186 655; x_wconf 90' lang='lat' dir='ltr'><strong>et</strong></span> <span class='ocrx_word' id='word_1_320' title='bbox 2230 599 2406 657; x_wconf 83' lang='lat' dir='ltr'><strong>Patris</strong></span> <span class='ocrx_word' id='word_1_321' title='bbox 2429 643 2446 670; x_wconf 87' lang='lat'><strong>,</strong></span> <span class='ocrx_word' id='word_1_322' title='bbox 2475 600 2750 676; x_wconf 82' lang='lat' dir='ltr'><strong>Verbique</strong></span> <span class='ocrx_word' id='word_1_323' title='bbox 2775 642 2790 669; x_wconf 91' lang='lat'><strong>,</strong></span> <span class='ocrx_word' id='word_1_324' title='bbox 2831 617 2897 658; x_wconf 92' lang='lat' dir='ltr'><strong>ac</strong></span> <span class='ocrx_word' id='word_1_325' title='bbox 2933 601 3173 677; x_wconf 84' lang='lat' dir='ltr'><strong>Spiritus</strong></span> <span class='ocrx_word' id='word_1_326' title='bbox 3213 604 3583 674; x_wconf 78' lang='lat' dir='ltr'><strong>testimonium</strong></span> 
     </span>
    </p>
   </div>
   <div class='ocr_carea' id='block_1_45' title="bbox 1987 783 3580 858">
    <p class='ocr_par' dir='ltr' id='par_1_45' title="bbox 1987 783 3580 858">
     <span class='ocr_line' id='line_1_46' title="bbox 1987 783 3580 858; baseline 0.006 -22"><span class='ocrx_word' id='word_1_327' title='bbox 1987 783 2390 858; x_wconf 72' lang='lat' dir='ltr'><strong>inveniebatur.</strong></span> <span class='ocrx_word' id='word_1_328' title='bbox 2472 787 2661 845; x_wconf 85' lang='lat' dir='ltr'><strong>Fidem</strong></span> <span class='ocrx_word' id='word_1_329' title='bbox 2721 795 2943 843; x_wconf 87' lang='lat' dir='ltr'><strong>econtra</strong></span> <span class='ocrx_word' id='word_1_330' title='bbox 2989 786 3220 857; x_wconf 90' lang='lat' dir='ltr'><strong>probant</strong></span> <span class='ocrx_word' id='word_1_331' title='bbox 3265 787 3580 858; x_wconf 89' lang='lat' dir='ltr'><strong>interpretis</strong></span> 
     </span>
    </p>
   </div>
   <div class='ocr_carea' id='block_1_46' title="bbox 1989 855 3585 930">
    <p class='ocr_par' dir='ltr' id='par_1_46' title="bbox 1989 855 3585 930">
     <span class='ocr_line' id='line_1_47' title="bbox 1989 855 3585 930; baseline 0.004 -21"><span class='ocrx_word' id='word_1_332' title='bbox 1989 855 2238 930; x_wconf 84' lang='lat' dir='ltr'><strong>defectus</strong></span> <span class='ocrx_word' id='word_1_333' title='bbox 2272 858 2654 930; x_wconf 71' lang='lat' dir='ltr'><strong>translationis</strong></span> <span class='ocrx_word' id='word_1_334' title='bbox 2699 876 2805 913; x_wconf 90' lang='lat' dir='ltr'><strong>non</strong></span> <span class='ocrx_word' id='word_1_335' title='bbox 2847 855 3123 914; x_wconf 86' lang='lat' dir='ltr'><strong>absimiles</strong></span> <span class='ocrx_word' id='word_1_336' title='bbox 3151 855 3446 930; x_wconf 82' lang='lat' dir='ltr'><strong>exemplari</strong></span> <span class='ocrx_word' id='word_1_337' title='bbox 3475 860 3585 930; x_wconf 91' lang='lat' dir='ltr'><strong>pri-</strong></span> 
     </span>
    </p>
   </div>
   <div class='ocr_carea' id='block_1_47' title="bbox 1989 927 3582 1001">
    <p class='ocr_par' dir='ltr' id='par_1_47' title="bbox 1989 927 3582 1001">
     <span class='ocr_line' id='line_1_48' title="bbox 1989 927 3582 1001; baseline 0.003 -20"><span class='ocrx_word' id='word_1_338' title='bbox 1989 929 2243 998; x_wconf 80' lang='lat' dir='ltr'><strong>migenio.</strong></span> <span class='ocrx_word' id='word_1_339' title='bbox 2271 927 2457 1001; x_wconf 83' lang='lat' dir='ltr'><strong>Neque</strong></span> <span class='ocrx_word' id='word_1_340' title='bbox 2482 946 2614 985; x_wconf 79' lang='lat' dir='ltr'><strong>vero</strong></span> <span class='ocrx_word' id='word_1_341' title='bbox 2645 932 2713 987; x_wconf 91' lang='lat' dir='ltr'><strong>de</strong></span> <span class='ocrx_word' id='word_1_342' title='bbox 2741 931 2969 986; x_wconf 86' lang='lat' dir='ltr'><strong>veritate</strong></span> <span class='ocrx_word' id='word_1_343' title='bbox 3000 930 3286 997; x_wconf 87' lang='lat' dir='ltr'><strong>Ilebraica,</strong></span> <span class='ocrx_word' id='word_1_344' title='bbox 3315 927 3404 986; x_wconf 72' lang='lat' dir='ltr'><strong>vel</strong></span> <span class='ocrx_word' id='word_1_345' title='bbox 3429 927 3582 986; x_wconf 44' lang='lat' dir='ltr'><strong>Grai.-</strong></span> 
     </span>
    </p>
   </div>
   <div class='ocr_carea' id='block_1_48' title="bbox 1988 1001 3580 1071">
    <p class='ocr_par' dir='ltr' id='par_1_48' title="bbox 1988 1001 3580 1071">
     <span class='ocr_line' id='line_1_49' title="bbox 1988 1001 3580 1071; baseline 0.004 -18"><span class='ocrx_word' id='word_1_346' title='bbox 1988 1014 2052 1053; x_wconf 92' lang='lat' dir='ltr'><strong>ca</strong></span> <span class='ocrx_word' id='word_1_347' title='bbox 2085 1039 2100 1066; x_wconf 93' lang='lat'><strong>,</strong></span> <span class='ocrx_word' id='word_1_348' title='bbox 2136 1001 2395 1055; x_wconf 87' lang='lat' dir='ltr'><strong>nonnulla</strong></span> <span class='ocrx_word' id='word_1_349' title='bbox 2428 1001 2736 1058; x_wconf 75' lang='lat' dir='ltr'><strong>testimonia</strong></span> <span class='ocrx_word' id='word_1_350' title='bbox 2767 1011 2975 1065; x_wconf 82' lang='lat' dir='ltr'><strong>mutat,</strong></span> <span class='ocrx_word' id='word_1_351' title='bbox 3007 1005 3096 1071; x_wconf 88' lang='lat' dir='ltr'><strong>qui</strong></span> <span class='ocrx_word' id='word_1_352' title='bbox 3133 1002 3384 1059; x_wconf 77' lang='lat' dir='ltr'><strong>lidusest</strong></span> <span class='ocrx_word' id='word_1_353' title='bbox 3409 1006 3580 1059; x_wconf 85' lang='lat' dir='ltr'><strong>inter-</strong></span> 
     </span>
    </p>
   </div>
   <div class='ocr_carea' id='block_1_49' title="bbox 1989 1072 3578 1140">
    <p class='ocr_par' dir='ltr' id='par_1_49' title="bbox 1989 1072 3578 1140">
     <span class='ocr_line' id='line_1_50' title="bbox 1989 1072 3578 1140; baseline 0.005 -18"><span class='ocrx_word' id='word_1_354' title='bbox 1989 1085 2132 1140; x_wconf 83' lang='lat' dir='ltr'><strong>pres.</strong></span> <span class='ocrx_word' id='word_1_355' title='bbox 2176 1072 2358 1140; x_wconf 88' lang='lat' dir='ltr'><strong>Itaque</strong></span> <span class='ocrx_word' id='word_1_356' title='bbox 2389 1075 2503 1128; x_wconf 86' lang='lat' dir='ltr'><strong>sive</strong></span> <span class='ocrx_word' id='word_1_357' title='bbox 2537 1076 2795 1129; x_wconf 89' lang='lat' dir='ltr'><strong>omissum</strong></span> <span class='ocrx_word' id='word_1_358' title='bbox 2828 1074 3032 1130; x_wconf 81' lang='lat' dir='ltr'><strong>dixeris</strong></span> <span class='ocrx_word' id='word_1_359' title='bbox 3064 1074 3388 1129; x_wconf 88' lang='lat' dir='ltr'><strong>versiculum</strong></span> <span class='ocrx_word' id='word_1_360' title='bbox 3415 1092 3578 1131; x_wconf 84' lang='lat' dir='ltr'><strong>imum</strong></span> 
     </span>
    </p>
   </div>
   <div class='ocr_carea' id='block_1_50' title="bbox 1989 1142 3580 1217">
    <p class='ocr_par' dir='ltr' id='par_1_50' title="bbox 1989 1142 3580 1217">
     <span class='ocr_line' id='line_1_51' title="bbox 1989 1142 3580 1217; baseline 0.004 -22"><span class='ocrx_word' id='word_1_361' title='bbox 1989 1143 2056 1217; x_wconf 71' lang='lat' dir='ltr'><strong>ab</strong></span> <span class='ocrx_word' id='word_1_362' title='bbox 2085 1142 2418 1217; x_wconf 81' lang='lat' dir='ltr'><strong>IlierOnymo</strong></span> <span class='ocrx_word' id='word_1_363' title='bbox 2445 1190 2459 1213; x_wconf 82' lang='lat'><strong>,</strong></span> <span class='ocrx_word' id='word_1_364' title='bbox 2509 1144 2622 1199; x_wconf 77' lang='lat' dir='ltr'><strong>sive</strong></span> <span class='ocrx_word' id='word_1_365' title='bbox 2651 1163 2754 1200; x_wconf 87' lang='lat' dir='ltr'><strong>non</strong></span> <span class='ocrx_word' id='word_1_366' title='bbox 2796 1142 3220 1213; x_wconf 72' lang='lat' dir='ltr'><strong>praetermissum</strong></span> <span class='ocrx_word' id='word_1_367' title='bbox 3255 1144 3580 1217; x_wconf 80' lang='lat' dir='ltr'><strong>in.Epistola</strong></span> 
     </span>
    </p>
   </div>
   <div class='ocr_carea' id='block_1_51' title="bbox 1987 1214 3583 1286">
    <p class='ocr_par' dir='ltr' id='par_1_51' title="bbox 1987 1214 3583 1286">
     <span class='ocr_line' id='line_1_52' title="bbox 1987 1214 3583 1286; baseline 0.002 -16"><span class='ocrx_word' id='word_1_368' title='bbox 1987 1214 2254 1270; x_wconf 80' lang='lat' dir='ltr'><strong>Joannis;</strong></span> <span class='ocrx_word' id='word_1_369' title='bbox 2289 1214 2419 1271; x_wconf 81' lang='lat' dir='ltr'><strong>nihil</strong></span> <span class='ocrx_word' id='word_1_370' title='bbox 2453 1217 2579 1273; x_wconf 86' lang='lat' dir='ltr'><strong>inde</strong></span> <span class='ocrx_word' id='word_1_371' title='bbox 2611 1217 2910 1272; x_wconf 85' lang='lat' dir='ltr'><strong>lucraberis</strong></span> <span class='ocrx_word' id='word_1_372' title='bbox 2939 1227 3138 1286; x_wconf 66' lang='lat' dir='ltr'><strong>praeter</strong></span> <span class='ocrx_word' id='word_1_373' title='bbox 3163 1214 3422 1272; x_wconf 82' lang='lat' dir='ltr'><strong>incuriam</strong></span> <span class='ocrx_word' id='word_1_374' title='bbox 3443 1260 3455 1278; x_wconf 89' lang='lat'><strong>,</strong></span> <span class='ocrx_word' id='word_1_375' title='bbox 3487 1226 3583 1273; x_wconf 85' lang='lat' dir='ltr'><strong>aut</strong></span> 
     </span>
    </p>
   </div>
   <div class='ocr_carea' id='block_1_52' title="bbox 2002 1288 3576 1359">
    <p class='ocr_par' dir='ltr' id='par_1_52' title="bbox 2002 1288 3576 1359">
     <span class='ocr_line' id='line_1_53' title="bbox 2002 1288 3576 1359; baseline 0.003 -19"><span class='ocrx_word' id='word_1_376' title='bbox 2002 1300 2230 1359; x_wconf 76' lang='lat' dir='ltr'><strong>:rrorem</strong></span> <span class='ocrx_word' id='word_1_377' title='bbox 2256 1297 2501 1343; x_wconf 85' lang='lat' dir='ltr'><strong>veterum</strong></span> <span class='ocrx_word' id='word_1_378' title='bbox 2531 1291 2878 1357; x_wconf 86' lang='lat' dir='ltr'><strong>scriptorum,</strong></span> <span class='ocrx_word' id='word_1_379' title='bbox 2909 1289 2999 1359; x_wconf 91' lang='lat' dir='ltr'><strong>qui</strong></span> <span class='ocrx_word' id='word_1_380' title='bbox 3030 1289 3079 1340; x_wconf 91' lang='lat' dir='ltr'><strong>in</strong></span> <span class='ocrx_word' id='word_1_381' title='bbox 3116 1288 3357 1357; x_wconf 89' lang='lat' dir='ltr'><strong>pluribus</strong></span> <span class='ocrx_word' id='word_1_382' title='bbox 3387 1305 3576 1344; x_wconf 75' lang='lat' dir='ltr'><strong>exem-</strong></span> 
     </span>
    </p>
   </div>
   <div class='ocr_carea' id='block_1_53' title="bbox 1991 1358 3245 1430">
    <p class='ocr_par' dir='ltr' id='par_1_53' title="bbox 1991 1358 3245 1430">
     <span class='ocr_line' id='line_1_54' title="bbox 1991 1358 3245 1430; baseline 0.005 -20"><span class='ocrx_word' id='word_1_383' title='bbox 1991 1358 2230 1430; x_wconf 75' lang='lat' dir='ltr'><strong>plaribus</strong></span> <span class='ocrx_word' id='word_1_384' title='bbox 2257 1359 2392 1414; x_wconf 91' lang='lat' dir='ltr'><strong>duos</strong></span> <span class='ocrx_word' id='word_1_385' title='bbox 2424 1360 2720 1415; x_wconf 87' lang='lat' dir='ltr'><strong>versiculos</strong></span> <span class='ocrx_word' id='word_1_386' title='bbox 2750 1361 2802 1414; x_wconf 91' lang='lat' dir='ltr'><strong>in</strong></span> <span class='ocrx_word' id='word_1_387' title='bbox 2833 1358 2996 1421; x_wconf 87' lang='lat' dir='ltr'><strong>unum</strong></span> <span class='ocrx_word' id='word_1_388' title='bbox 3027 1372 3245 1430; x_wconf 81' lang='lat' dir='ltr'><strong>cogunt.</strong></span> 
     </span>
    </p>
   </div>
   <div class='ocr_carea' id='block_1_54' title="bbox 2065 1428 3580 1504">
    <p class='ocr_par' dir='ltr' id='par_1_54' title="bbox 2065 1428 3580 1504">
     <span class='ocr_line' id='line_1_55' title="bbox 2065 1428 3580 1504; baseline 0.003 -22"><span class='ocrx_word' id='word_1_389' title='bbox 2065 1448 2083 1504; x_wconf 63' lang='grc' dir='ltr'><strong>ι</strong></span> <span class='ocrx_word' id='word_1_390' title='bbox 2114 1428 2170 1482; x_wconf 92' lang='lat' dir='ltr'><strong>Id</strong></span> <span class='ocrx_word' id='word_1_391' title='bbox 2201 1432 2244 1485; x_wconf 90' lang='lat' dir='ltr'><strong>si</strong></span> <span class='ocrx_word' id='word_1_392' title='bbox 2282 1447 2389 1504; x_wconf 87' lang='lat' dir='ltr'><strong>non</strong></span> <span class='ocrx_word' id='word_1_393' title='bbox 2419 1441 2566 1504; x_wconf 85' lang='lat' dir='ltr'><strong>erat,</strong></span> <span class='ocrx_word' id='word_1_394' title='bbox 2623 1447 2811 1504; x_wconf 10' lang='lat' dir='ltr'><strong>quare,</strong></span> <span class='ocrx_word' id='word_1_395' title='bbox 2835 1428 3210 1504; x_wconf 85' lang='lat' dir='ltr'><strong>sanctissimus</strong></span> <span class='ocrx_word' id='word_1_396' title='bbox 3242 1441 3448 1504; x_wconf 62' lang='lat' dir='ltr'><strong>martyr</strong></span> <span class='ocrx_word' id='word_1_397' title='bbox 3473 1430 3580 1504; x_wconf 80' lang='lat' dir='ltr'><strong>Cy-</strong></span> 
     </span>
    </p>
   </div>
   <div class='ocr_carea' id='block_1_55' title="bbox 1991 1500 3577 1571">
    <p class='ocr_par' dir='ltr' id='par_1_55' title="bbox 1991 1500 3577 1571">
     <span class='ocr_line' id='line_1_56' title="bbox 1991 1500 3577 1571; baseline 0.004 -19"><span class='ocrx_word' id='word_1_398' title='bbox 1991 1500 2211 1571; x_wconf 80' lang='lat' dir='ltr'><strong>prianus</strong></span> <span class='ocrx_word' id='word_1_399' title='bbox 2239 1503 2461 1571; x_wconf 87' lang='lat' dir='ltr'><strong>scripsit</strong></span> <span class='ocrx_word' id='word_1_400' title='bbox 2494 1503 2587 1556; x_wconf 87' lang='lat' dir='ltr'><strong>lib.</strong></span> <span class='ocrx_word' id='word_1_401' title='bbox 2618 1503 2685 1557; x_wconf 89' lang='lat' dir='ltr'><strong>de</strong></span> <span class='ocrx_word' id='word_1_402' title='bbox 2719 1503 2871 1560; x_wconf 88' lang='lat' dir='ltr'><strong>Unita</strong></span> <span class='ocrx_word' id='word_1_403' title='bbox 2885 1512 2936 1557; x_wconf 90' lang='lat' dir='ltr'><strong>te</strong></span> <span class='ocrx_word' id='word_1_404' title='bbox 2961 1503 3224 1556; x_wconf 62' lang='lat' dir='ltr'><strong>Ecclesiae</strong></span> <span class='ocrx_word' id='word_1_405' title='bbox 3245 1547 3258 1571; x_wconf 93' lang='lat'><strong>,</strong></span> <span class='ocrx_word' id='word_1_406' title='bbox 3296 1503 3372 1557; x_wconf 86' lang='lat' dir='ltr'><strong>De</strong></span> <span class='ocrx_word' id='word_1_407' title='bbox 3387 1500 3577 1569; x_wconf 53' lang='lat' dir='ltr'><strong>&#39;Patr&#39;e,</strong></span> 
     </span>
    </p>
   </div>
   <div class='ocr_carea' id='block_1_56' title="bbox 1986 1570 3583 1644">
    <p class='ocr_par' dir='ltr' id='par_1_56' title="bbox 1986 1570 3583 1644">
     <span class='ocr_line' id='line_1_57' title="bbox 1986 1570 3583 1644; baseline 0.005 -22"><span class='ocrx_word' id='word_1_408' title='bbox 1986 1579 2035 1623; x_wconf 85' lang='lat' dir='ltr'><strong>et</strong></span> <span class='ocrx_word' id='word_1_409' title='bbox 2069 1570 2207 1626; x_wconf 76' lang='lat' dir='ltr'><strong>Filio</strong></span> <span class='ocrx_word' id='word_1_410' title='bbox 2231 1577 2257 1642; x_wconf 65' lang='lat'><strong>,&#39;</strong></span> <span class='ocrx_word' id='word_1_411' title='bbox 2295 1570 2365 1629; x_wconf 13' lang='lat' dir='ltr'><strong>et,</strong></span> <span class='ocrx_word' id='word_1_412' title='bbox 2392 1573 2595 1644; x_wconf 86' lang='lat' dir='ltr'><strong>Spiritu</strong></span> <span class='ocrx_word' id='word_1_413' title='bbox 2645 1584 2818 1629; x_wconf 83' lang='lat' dir='ltr'><strong>sancto</strong></span> <span class='ocrx_word' id='word_1_414' title='bbox 2864 1575 3117 1643; x_wconf 84' lang='lat' dir='ltr'><strong>scriptum</strong></span> <span class='ocrx_word' id='word_1_415' title='bbox 3163 1570 3276 1640; x_wconf 84' lang='lat' dir='ltr'><strong>est,</strong></span> <span class='ocrx_word' id='word_1_416' title='bbox 3309 1585 3356 1629; x_wconf 87' lang='lat' dir='ltr'><strong>et</strong></span> <span class='ocrx_word' id='word_1_417' title='bbox 3401 1576 3454 1628; x_wconf 80' lang='lat' dir='ltr'><strong>lii</strong></span> <span class='ocrx_word' id='word_1_418' title='bbox 3484 1586 3583 1630; x_wconf 83' lang='lat' dir='ltr'><strong>tres</strong></span> 
     </span>
    </p>
   </div>
   <div class='ocr_carea' id='block_1_57' title="bbox 1987 1644 3580 1714">
    <p class='ocr_par' dir='ltr' id='par_1_57' title="bbox 1987 1644 3580 1714">
     <span class='ocr_line' id='line_1_58' title="bbox 1987 1644 3580 1714; baseline 0.004 -20"><span class='ocrx_word' id='word_1_419' title='bbox 1987 1657 2148 1696; x_wconf 88' lang='lat' dir='ltr'><strong>unum</strong></span> <span class='ocrx_word' id='word_1_420' title='bbox 2175 1646 2340 1700; x_wconf 74' lang='lat' dir='ltr'><strong>sunt!</strong></span> <span class='ocrx_word' id='word_1_421' title='bbox 2384 1645 2482 1700; x_wconf 89' lang='lat' dir='ltr'><strong>Ubi</strong></span> <span class='ocrx_word' id='word_1_422' title='bbox 2533 1646 2648 1700; x_wconf 80' lang='lat' dir='ltr'><strong>lucc</strong></span> <span class='ocrx_word' id='word_1_423' title='bbox 2688 1646 2888 1714; x_wconf 89' lang='lat' dir='ltr'><strong>scripta</strong></span> <span class='ocrx_word' id='word_1_424' title='bbox 2917 1653 3066 1713; x_wconf 87' lang='lat' dir='ltr'><strong>sunt,</strong></span> <span class='ocrx_word' id='word_1_425' title='bbox 3098 1644 3201 1699; x_wconf 91' lang='lat' dir='ltr'><strong>nisi</strong></span> <span class='ocrx_word' id='word_1_426' title='bbox 3224 1646 3276 1699; x_wconf 90' lang='lat' dir='ltr'><strong>in</strong></span> <span class='ocrx_word' id='word_1_427' title='bbox 3306 1647 3580 1701; x_wconf 86' lang='lat' dir='ltr'><strong>versiculo</strong></span> 
     </span>
    </p>
   </div>
   <div class='ocr_carea' id='block_1_58' title="bbox 1987 1716 3580 1787">
    <p class='ocr_par' dir='ltr' id='par_1_58' title="bbox 1987 1716 3580 1787">
     <span class='ocr_line' id='line_1_59' title="bbox 1987 1716 3580 1787; baseline 0.004 -21"><span class='ocrx_word' id='word_1_428' title='bbox 1987 1716 2218 1787; x_wconf 81' lang='lat' dir='ltr'><strong>septimo</strong></span> <span class='ocrx_word' id='word_1_429' title='bbox 2259 1716 2454 1784; x_wconf 88' lang='lat' dir='ltr'><strong>capitis</strong></span> <span class='ocrx_word' id='word_1_430' title='bbox 2500 1718 2672 1787; x_wconf 90' lang='lat' dir='ltr'><strong>quinti</strong></span> <span class='ocrx_word' id='word_1_431' title='bbox 2710 1717 2961 1784; x_wconf 68' lang='lat' dir='ltr'><strong>Epistolae</strong></span> <span class='ocrx_word' id='word_1_432' title='bbox 2996 1717 3194 1787; x_wconf 87' lang='lat' dir='ltr'><strong>prioris</strong></span> <span class='ocrx_word' id='word_1_433' title='bbox 3222 1717 3281 1774; x_wconf 92' lang='lat' dir='ltr'><strong>S.</strong></span> <span class='ocrx_word' id='word_1_434' title='bbox 3310 1718 3580 1785; x_wconf 78' lang='lat' dir='ltr'><strong>Joannis?</strong></span> 
     </span>
    </p>
   </div>
   <div class='ocr_carea' id='block_1_59' title="bbox 1989 1785 3582 1858">
    <p class='ocr_par' dir='ltr' id='par_1_59' title="bbox 1989 1785 3582 1858">
     <span class='ocr_line' id='line_1_60' title="bbox 1989 1785 3582 1858; baseline 0.004 -20"><span class='ocrx_word' id='word_1_435' title='bbox 1989 1785 2166 1858; x_wconf 72' lang='lat' dir='ltr'><strong>Quare</strong></span> <span class='ocrx_word' id='word_1_436' title='bbox 2214 1788 2413 1842; x_wconf 84' lang='lat' dir='ltr'><strong>citatur</strong></span> <span class='ocrx_word' id='word_1_437' title='bbox 2457 1785 2829 1843; x_wconf 81' lang='lat' dir='ltr'><strong>testimonium</strong></span> <span class='ocrx_word' id='word_1_438' title='bbox 2873 1785 3008 1842; x_wconf 86' lang='lat' dir='ltr'><strong>illud</strong></span> <span class='ocrx_word' id='word_1_439' title='bbox 3041 1804 3070 1842; x_wconf 89' lang='lat' dir='ltr'><strong>a</strong></span> <span class='ocrx_word' id='word_1_440' title='bbox 3097 1786 3314 1844; x_wconf 82' lang='lat' dir='ltr'><strong>Victore</strong></span> <span class='ocrx_word' id='word_1_441' title='bbox 3350 1788 3582 1858; x_wconf 85' lang='lat' dir='ltr'><strong>Vitensi,</strong></span> 
     </span>
    </p>
   </div>
   <div class='ocr_carea' id='block_1_60' title="bbox 1990 1857 3577 1931">
    <p class='ocr_par' dir='ltr' id='par_1_60' title="bbox 1990 1857 3577 1931">
     <span class='ocr_line' id='line_1_61' title="bbox 1990 1857 3577 1931; baseline 0.003 -20"><span class='ocrx_word' id='word_1_442' title='bbox 1990 1857 2300 1926; x_wconf 81' lang='lat' dir='ltr'><strong>Fulgentio,</strong></span> <span class='ocrx_word' id='word_1_443' title='bbox 2331 1860 2560 1931; x_wconf 82' lang='lat' dir='ltr'><strong>aliisque</strong></span> <span class='ocrx_word' id='word_1_444' title='bbox 2584 1859 2981 1931; x_wconf 87' lang='lat' dir='ltr'><strong>antiquioribus</strong></span> <span class='ocrx_word' id='word_1_445' title='bbox 3006 1859 3406 1928; x_wconf 81' lang='lat' dir='ltr'><strong>scriptoribus?</strong></span> <span class='ocrx_word' id='word_1_446' title='bbox 3439 1857 3577 1915; x_wconf 81' lang='lat' dir='ltr'><strong>Num</strong></span> 
     </span>
    </p>
   </div>
   <div class='ocr_carea' id='block_1_61' title="bbox 1989 1929 3576 2003">
    <p class='ocr_par' dir='ltr' id='par_1_61' title="bbox 1989 1929 3576 2003">
     <span class='ocr_line' id='line_1_62' title="bbox 1989 1929 3576 2003; baseline 0.006 -26"><span class='ocrx_word' id='word_1_447' title='bbox 1989 1931 2276 2003; x_wconf 69' lang='lat' dir='ltr'><strong>euttlictum</strong></span> <span class='ocrx_word' id='word_1_448' title='bbox 2333 1930 2400 2003; x_wconf 83' lang='lat' dir='ltr'><strong>ab</strong></span> <span class='ocrx_word' id='word_1_449' title='bbox 2448 1929 2592 2003; x_wconf 82' lang='lat' dir='ltr'><strong>illis;</strong></span> <span class='ocrx_word' id='word_1_450' title='bbox 2645 1929 2737 1984; x_wconf 84' lang='lat' dir='ltr'><strong>aui</strong></span> <span class='ocrx_word' id='word_1_451' title='bbox 2779 1930 2844 1984; x_wconf 91' lang='lat' dir='ltr'><strong>ad</strong></span> <span class='ocrx_word' id='word_1_452' title='bbox 2906 1944 3037 2003; x_wconf 87' lang='lat' dir='ltr'><strong>suos</strong></span> <span class='ocrx_word' id='word_1_453' title='bbox 3090 1945 3281 1985; x_wconf 87' lang='lat' dir='ltr'><strong>sensus</strong></span> <span class='ocrx_word' id='word_1_454' title='bbox 3335 1940 3576 2003; x_wconf 85' lang='lat' dir='ltr'><strong>aptatum</strong></span> 
     </span>
    </p>
   </div>
   <div class='ocr_carea' id='block_1_62' title="bbox 1993 1998 3585 2074">
    <p class='ocr_par' dir='ltr' id='par_1_62' title="bbox 1993 1998 3585 2074">
     <span class='ocr_line' id='line_1_63' title="bbox 1993 1998 3585 2074; baseline 0.005 -23"><span class='ocrx_word' id='word_1_455' title='bbox 1993 1998 2158 2054; x_wconf 71' lang='lat' dir='ltr'><strong>fuisse</strong></span> <span class='ocrx_word' id='word_1_456' title='bbox 2208 2001 2412 2056; x_wconf 81' lang='lat' dir='ltr'><strong>dixeris</strong></span> <span class='ocrx_word' id='word_1_457' title='bbox 2459 2002 2668 2074; x_wconf 77' lang='lat' dir='ltr'><strong>absque</strong></span> <span class='ocrx_word' id='word_1_458' title='bbox 2723 2001 3048 2056; x_wconf 84' lang='lat' dir='ltr'><strong>temeritatis</strong></span> <span class='ocrx_word' id='word_1_459' title='bbox 3112 2003 3283 2056; x_wconf 78' lang='lat' dir='ltr'><strong>nota?</strong></span> <span class='ocrx_word' id='word_1_460' title='bbox 3326 1998 3442 2058; x_wconf 72' lang='lat' dir='ltr'><strong>Non</strong></span> <span class='ocrx_word' id='word_1_461' title='bbox 3504 2004 3585 2059; x_wconf 87' lang='lat' dir='ltr'><strong>sic</strong></span> 
     </span>
    </p>
   </div>
   <div class='ocr_carea' id='block_1_63' title="bbox 1994 2073 3587 2144">
    <p class='ocr_par' dir='ltr' id='par_1_63' title="bbox 1994 2073 3587 2144">
     <span class='ocr_line' id='line_1_64' title="bbox 1994 2073 3587 2144; baseline 0.005 -21"><span class='ocrx_word' id='word_1_462' title='bbox 1994 2087 2352 2144; x_wconf 57' lang='lat' dir='ltr'><strong>praimssores</strong></span> <span class='ocrx_word' id='word_1_463' title='bbox 2402 2073 2610 2137; x_wconf 82' lang='lat' dir='ltr'><strong>nostri,</strong></span> <span class='ocrx_word' id='word_1_464' title='bbox 2670 2074 2862 2144; x_wconf 89' lang='lat' dir='ltr'><strong>quibus</strong></span> <span class='ocrx_word' id='word_1_465' title='bbox 2906 2088 3052 2129; x_wconf 75' lang='lat' dir='ltr'><strong>cura:</strong></span> <span class='ocrx_word' id='word_1_466' title='bbox 3107 2073 3210 2129; x_wconf 78' lang='lat' dir='ltr'><strong>iuit</strong></span> <span class='ocrx_word' id='word_1_467' title='bbox 3257 2089 3289 2129; x_wconf 89' lang='lat' dir='ltr'><strong>e</strong></span> <span class='ocrx_word' id='word_1_468' title='bbox 3334 2074 3587 2131; x_wconf 83' lang='lat' dir='ltr'><strong>Patribus</strong></span> 
     </span>
    </p>
   </div>
   <div class='ocr_carea' id='block_1_64' title="bbox 1993 2143 3586 2215">
    <p class='ocr_par' dir='ltr' id='par_1_64' title="bbox 1993 2143 3586 2215">
     <span class='ocr_line' id='line_1_65' title="bbox 1993 2143 3586 2215; baseline 0.004 -20"><span class='ocrx_word' id='word_1_469' title='bbox 1993 2143 2157 2197; x_wconf 89' lang='lat' dir='ltr'><strong>multa</strong></span> <span class='ocrx_word' id='word_1_470' title='bbox 2205 2145 2462 2215; x_wconf 78' lang='lat' dir='ltr'><strong>colligere</strong></span> <span class='ocrx_word' id='word_1_471' title='bbox 2511 2145 2577 2198; x_wconf 90' lang='lat' dir='ltr'><strong>ad</strong></span> <span class='ocrx_word' id='word_1_472' title='bbox 2618 2143 3084 2199; x_wconf 77' lang='lat' dir='ltr'><strong>confirmationem</strong></span> <span class='ocrx_word' id='word_1_473' title='bbox 3112 2145 3229 2215; x_wconf 82' lang='lat' dir='ltr'><strong>ejus</strong></span> <span class='ocrx_word' id='word_1_474' title='bbox 3261 2146 3586 2215; x_wconf 86' lang='lat' dir='ltr'><strong>testimonii,</strong></span> 
     </span>
    </p>
   </div>
   <div class='ocr_carea' id='block_1_65' title="bbox 1985 2213 3583 2340">
    <p class='ocr_par' dir='ltr' id='par_1_65' title="bbox 1985 2213 3583 2340">
     <span class='ocr_line' id='line_1_66' title="bbox 1985 2213 3583 2340; baseline 0.003 -73"><span class='ocrx_word' id='word_1_475' title='bbox 1985 2216 2130 2340; x_wconf 62' lang='lat' dir='ltr'><strong>gum!</strong></span> <span class='ocrx_word' id='word_1_476' title='bbox 2178 2216 2228 2269; x_wconf 91' lang='lat' dir='ltr'><strong>in</strong></span> <span class='ocrx_word' id='word_1_477' title='bbox 2261 2213 2488 2270; x_wconf 58' lang='lat' dir='ltr'><strong>Joannis</strong></span> <span class='ocrx_word' id='word_1_478' title='bbox 2537 2215 2780 2285; x_wconf 63' lang='lat' dir='ltr'><strong>Epistula</strong></span> <span class='ocrx_word' id='word_1_479' title='bbox 2823 2216 3097 2286; x_wconf 82' lang='lat' dir='ltr'><strong>legebant.</strong></span> <span class='ocrx_word' id='word_1_480' title='bbox 3143 2213 3324 2271; x_wconf 87' lang='lat' dir='ltr'><strong>Testis</strong></span> <span class='ocrx_word' id='word_1_481' title='bbox 3365 2226 3450 2272; x_wconf 88' lang='lat' dir='ltr'><strong>est</strong></span> <span class='ocrx_word' id='word_1_482' title='bbox 3479 2213 3583 2271; x_wconf 75' lang='lat' dir='ltr'><strong>ins.</strong></span> 
     </span>
     <span class='ocr_line' id='line_1_67' title="bbox 2031 2287 3583 2340; baseline 0.001 -1"><span class='ocrx_word' id='word_1_483' title='bbox 2031 2287 2332 2340; x_wconf 88' lang='lat' dir='ltr'><strong>nrbeiensis</strong></span> <span class='ocrx_word' id='word_1_484' title='bbox 2361 2287 2532 2340; x_wconf 88' lang='lat' dir='ltr'><strong>codex</strong></span> <span class='ocrx_word' id='word_1_485' title='bbox 2574 2288 2930 2340; x_wconf 76' lang='lat' dir='ltr'><strong>perantiquus</strong></span> <span class='ocrx_word' id='word_1_486' title='bbox 2955 2297 3010 2340; x_wconf 91' lang='lat' dir='ltr'><strong>et</strong></span> <span class='ocrx_word' id='word_1_487' title='bbox 3039 2289 3258 2340; x_wconf 70' lang='lat' dir='ltr'><strong>ontimte</strong></span> <span class='ocrx_word' id='word_1_488' title='bbox 3291 2299 3458 2340; x_wconf 69' lang='lat' dir='ltr'><strong>notae.</strong></span> <span class='ocrx_word' id='word_1_489' title='bbox 3494 2289 3583 2340; x_wconf 88' lang='lat' dir='ltr'><strong>aui</strong></span> 
     </span>
    </p>
   </div>
   <div class='ocr_carea' id='block_1_66' title="bbox 2031 2287 3587 2358">
    <p class='ocr_par' dir='ltr' id='par_1_66' title="bbox 2031 2287 3587 2358">
     <span class='ocr_line' id='line_1_68' title="bbox 2031 2287 3587 2358; baseline 0.004 -20"><span class='ocrx_word' id='word_1_490' title='bbox 2031 2287 2332 2342; x_wconf 89' lang='lat' dir='ltr'><strong>nrbeiensis</strong></span> <span class='ocrx_word' id='word_1_491' title='bbox 2361 2287 2532 2342; x_wconf 90' lang='lat' dir='ltr'><strong>codex</strong></span> <span class='ocrx_word' id='word_1_492' title='bbox 2574 2288 2930 2358; x_wconf 89' lang='lat' dir='ltr'><strong>perantiquus</strong></span> <span class='ocrx_word' id='word_1_493' title='bbox 2955 2297 3010 2342; x_wconf 92' lang='lat' dir='ltr'><strong>et</strong></span> <span class='ocrx_word' id='word_1_494' title='bbox 3039 2289 3258 2355; x_wconf 79' lang='lat' dir='ltr'><strong>optimae</strong></span> <span class='ocrx_word' id='word_1_495' title='bbox 3291 2299 3458 2353; x_wconf 75' lang='lat' dir='ltr'><strong>noue,</strong></span> <span class='ocrx_word' id='word_1_496' title='bbox 3494 2289 3587 2356; x_wconf 89' lang='lat' dir='ltr'><strong>qui</strong></span> 
     </span>
    </p>
   </div>
   <div class='ocr_carea' id='block_1_67' title="bbox 1986 2357 3581 2430">
    <p class='ocr_par' dir='ltr' id='par_1_67' title="bbox 1986 2357 3581 2430">
     <span class='ocr_line' id='line_1_69' title="bbox 1986 2357 3581 2430; baseline 0.001 -18"><span class='ocrx_word' id='word_1_497' title='bbox 1986 2357 2153 2412; x_wconf 79' lang='lat' dir='ltr'><strong>Aetas</strong></span> <span class='ocrx_word' id='word_1_498' title='bbox 2181 2357 2586 2427; x_wconf 72' lang='lat' dir='ltr'><strong>Apestolorum,</strong></span> <span class='ocrx_word' id='word_1_499' title='bbox 2617 2369 2936 2428; x_wconf 73' lang='lat' dir='ltr'><strong>septenaque</strong></span> <span class='ocrx_word' id='word_1_500' title='bbox 2967 2360 3269 2430; x_wconf 69' lang='lat' dir='ltr'><strong>canonica</strong></span> <span class='ocrx_word' id='word_1_501' title='bbox 3300 2360 3581 2430; x_wconf 81' lang='lat' dir='ltr'><strong>Epistolas</strong></span> 
     </span>
    </p>
   </div>
   <div class='ocr_carea' id='block_1_68' title="bbox 1986 2429 3590 2502">
    <p class='ocr_par' dir='ltr' id='par_1_68' title="bbox 1986 2429 3590 2502">
     <span class='ocr_line' id='line_1_70' title="bbox 1986 2429 3590 2502; baseline 0.005 -22"><span class='ocrx_word' id='word_1_502' title='bbox 1986 2444 2109 2483; x_wconf 87' lang='lat' dir='ltr'><strong>cum</strong></span> <span class='ocrx_word' id='word_1_503' title='bbox 2151 2430 2376 2486; x_wconf 82' lang='lat' dir='ltr'><strong>Joannis</strong></span> <span class='ocrx_word' id='word_1_504' title='bbox 2403 2431 2731 2501; x_wconf 86' lang='lat' dir='ltr'><strong>Apocalypsi</strong></span> <span class='ocrx_word' id='word_1_505' title='bbox 2761 2472 2775 2494; x_wconf 91' lang='lat'><strong>,</strong></span> <span class='ocrx_word' id='word_1_506' title='bbox 2826 2446 2934 2485; x_wconf 92' lang='lat' dir='ltr'><strong>uno</strong></span> <span class='ocrx_word' id='word_1_507' title='bbox 2960 2429 3236 2502; x_wconf 85' lang='lat' dir='ltr'><strong>volumine</strong></span> <span class='ocrx_word' id='word_1_508' title='bbox 3269 2433 3590 2502; x_wconf 85' lang='lat' dir='ltr'><strong>complecti-</strong></span> 
     </span>
    </p>
   </div>
   <div class='ocr_carea' id='block_1_69' title="bbox 1989 2501 3584 2566">
    <p class='ocr_par' dir='ltr' id='par_1_69' title="bbox 1989 2501 3584 2566">
     <span class='ocr_line' id='line_1_71' title="bbox 1989 2501 3584 2566; baseline 0.003 -13"><span class='ocrx_word' id='word_1_509' title='bbox 1989 2509 2108 2566; x_wconf 92' lang='lat' dir='ltr'><strong>tur;</strong></span> <span class='ocrx_word' id='word_1_510' title='bbox 2167 2513 2383 2556; x_wconf 90' lang='lat' dir='ltr'><strong>notatns</strong></span> <span class='ocrx_word' id='word_1_511' title='bbox 2433 2510 2608 2555; x_wconf 88' lang='lat' dir='ltr'><strong>autem</strong></span> <span class='ocrx_word' id='word_1_512' title='bbox 2648 2511 2731 2557; x_wconf 71' lang='lat' dir='ltr'><strong>est</strong></span> <span class='ocrx_word' id='word_1_513' title='bbox 2771 2503 2821 2555; x_wconf 91' lang='lat' dir='ltr'><strong>in</strong></span> <span class='ocrx_word' id='word_1_514' title='bbox 2856 2501 3192 2556; x_wconf 86' lang='lat' dir='ltr'><strong>Bibliotheca</strong></span> <span class='ocrx_word' id='word_1_515' title='bbox 3219 2501 3413 2557; x_wconf 13' lang='lat' dir='ltr'><strong>nostra,</strong></span> <span class='ocrx_word' id='word_1_516' title='bbox 3442 2503 3584 2558; x_wconf 89' lang='lat' dir='ltr'><strong>San-</strong></span> 
     </span>
    </p>
   </div>
   <div class='ocr_carea' id='block_1_70' title="bbox 1985 2570 3586 2643">
    <p class='ocr_par' dir='ltr' id='par_1_70' title="bbox 1985 2570 3586 2643">
     <span class='ocr_line' id='line_1_72' title="bbox 1985 2570 3586 2643; baseline 0.003 -18"><span class='ocrx_word' id='word_1_517' title='bbox 1985 2570 2342 2628; x_wconf 77' lang='lat' dir='ltr'><strong>Germaneusi</strong></span> <span class='ocrx_word' id='word_1_518' title='bbox 2382 2588 2610 2628; x_wconf 89' lang='lat' dir='ltr'><strong>numero</strong></span> <span class='ocrx_word' id='word_1_519' title='bbox 2646 2574 2737 2628; x_wconf 72' lang='lat'><strong>25.</strong></span> <span class='ocrx_word' id='word_1_520' title='bbox 2791 2572 2844 2627; x_wconf 92' lang='lat' dir='ltr'><strong>In</strong></span> <span class='ocrx_word' id='word_1_521' title='bbox 2888 2573 3046 2640; x_wconf 84' lang='lat' dir='ltr'><strong>hujus</strong></span> <span class='ocrx_word' id='word_1_522' title='bbox 3085 2573 3275 2626; x_wconf 88' lang='lat' dir='ltr'><strong>ultima</strong></span> <span class='ocrx_word' id='word_1_523' title='bbox 3309 2575 3503 2643; x_wconf 80' lang='lat' dir='ltr'><strong>pagina</strong></span> <span class='ocrx_word' id='word_1_524' title='bbox 3531 2583 3586 2630; x_wconf 87' lang='lat' dir='ltr'><strong>et</strong></span> 
     </span>
    </p>
   </div>
   <div class='ocr_carea' id='block_1_71' title="bbox 1985 2643 3591 2715">
    <p class='ocr_par' dir='ltr' id='par_1_71' title="bbox 1985 2643 3591 2715">
     <span class='ocr_line' id='line_1_73' title="bbox 1985 2643 3591 2715; baseline 0.002 -18"><span class='ocrx_word' id='word_1_525' title='bbox 1985 2643 2114 2697; x_wconf 83' lang='lat' dir='ltr'><strong>lolio</strong></span> <span class='ocrx_word' id='word_1_526' title='bbox 2162 2646 2442 2710; x_wconf 84' lang='lat' dir='ltr'><strong>extrario,</strong></span> <span class='ocrx_word' id='word_1_527' title='bbox 2495 2644 2611 2699; x_wconf 79' lang='lat' dir='ltr'><strong>litec</strong></span> <span class='ocrx_word' id='word_1_528' title='bbox 2660 2645 2898 2700; x_wconf 78' lang='lat' dir='ltr'><strong>attexuit</strong></span> <span class='ocrx_word' id='word_1_529' title='bbox 2931 2643 3242 2699; x_wconf 82' lang='lat' dir='ltr'><strong>testimonia</strong></span> <span class='ocrx_word' id='word_1_530' title='bbox 3275 2647 3591 2715; x_wconf 87' lang='lat' dir='ltr'><strong>exseriptor</strong></span> 
     </span>
    </p>
   </div>
   <div class='ocr_carea' id='block_1_72' title="bbox 1986 2715 3585 2786">
    <p class='ocr_par' dir='ltr' id='par_1_72' title="bbox 1986 2715 3585 2786">
     <span class='ocr_line' id='line_1_74' title="bbox 1986 2715 3585 2786; baseline 0.005 -20"><span class='ocrx_word' id='word_1_531' title='bbox 1986 2715 2274 2772; x_wconf 86' lang='lat' dir='ltr'><strong>voluminis</strong></span> <span class='ocrx_word' id='word_1_532' title='bbox 2298 2735 2314 2783; x_wconf 90' lang='lat'><strong>;</strong></span> <span class='ocrx_word' id='word_1_533' title='bbox 2343 2723 2404 2772; x_wconf 86' lang='lat' dir='ltr'><strong>ut</strong></span> <span class='ocrx_word' id='word_1_534' title='bbox 2445 2717 2797 2786; x_wconf 88' lang='lat' dir='ltr'><strong>comprobata</strong></span> <span class='ocrx_word' id='word_1_535' title='bbox 2829 2725 2976 2772; x_wconf 89' lang='lat' dir='ltr'><strong>esset</strong></span> <span class='ocrx_word' id='word_1_536' title='bbox 2999 2715 3133 2771; x_wconf 82' lang='lat' dir='ltr'><strong>ﬁdes</strong></span> <span class='ocrx_word' id='word_1_537' title='bbox 3153 2715 3448 2786; x_wconf 60' lang='lat' dir='ltr'><strong>Scriptura;</strong></span> <span class='ocrx_word' id='word_1_538' title='bbox 3469 2757 3484 2782; x_wconf 93' lang='lat'><strong>,</strong></span> <span class='ocrx_word' id='word_1_539' title='bbox 3512 2717 3585 2776; x_wconf 86' lang='lat' dir='ltr'><strong>de</strong></span> 
     </span>
    </p>
   </div>
   <div class='ocr_carea' id='block_1_73' title="bbox 1985 2787 3589 2862">
    <p class='ocr_par' dir='ltr' id='par_1_73' title="bbox 1985 2787 3589 2862">
     <span class='ocr_line' id='line_1_75' title="bbox 1985 2787 3589 2862; baseline 0.004 -24"><span class='ocrx_word' id='word_1_540' title='bbox 1985 2787 2616 2862; x_wconf 29' lang='lat' dir='ltr'><strong>qua-imprtesentiarum</strong></span> <span class='ocrx_word' id='word_1_541' title='bbox 2649 2803 2959 2862; x_wconf 81' lang='lat' dir='ltr'><strong>sermonem</strong></span> <span class='ocrx_word' id='word_1_542' title='bbox 2999 2787 3354 2844; x_wconf 68' lang='lat' dir='ltr'><strong>instituimus.</strong></span> <span class='ocrx_word' id='word_1_543' title='bbox 3386 2790 3465 2848; x_wconf 83' lang='lat' dir='ltr'><strong>lla</strong></span> <span class='ocrx_word' id='word_1_544' title='bbox 3492 2787 3589 2862; x_wconf 80' lang='lat' dir='ltr'><strong>igi-</strong></span> 
     </span>
    </p>
   </div>
   <div class='ocr_carea' id='block_1_74' title="bbox 1985 2859 2791 2931">
    <p class='ocr_par' dir='ltr' id='par_1_74' title="bbox 1985 2859 2791 2931">
     <span class='ocr_line' id='line_1_76' title="bbox 1985 2859 2791 2931; baseline 0.001 -20"><span class='ocrx_word' id='word_1_545' title='bbox 1985 2867 2074 2911; x_wconf 91' lang='lat' dir='ltr'><strong>tur</strong></span> <span class='ocrx_word' id='word_1_546' title='bbox 2098 2859 2148 2912; x_wconf 93' lang='lat' dir='ltr'><strong>in</strong></span> <span class='ocrx_word' id='word_1_547' title='bbox 2182 2874 2248 2914; x_wconf 90' lang='lat' dir='ltr'><strong>eo</strong></span> <span class='ocrx_word' id='word_1_548' title='bbox 2277 2859 2542 2926; x_wconf 85' lang='lat' dir='ltr'><strong>scriptum</strong></span> <span class='ocrx_word' id='word_1_549' title='bbox 2573 2860 2749 2931; x_wconf 91' lang='lat' dir='ltr'><strong>reperi</strong></span> <span class='ocrx_word' id='word_1_550' title='bbox 2778 2876 2791 2912; x_wconf 90' lang='lat'><strong>:</strong></span> 
     </span>
    </p>
   </div>
   <div class='ocr_carea' id='block_1_75' title="bbox 2060 2929 3581 3002">
    <p class='ocr_par' dir='ltr' id='par_1_75' title="bbox 2060 2929 3581 3002">
     <span class='ocr_line' id='line_1_77' title="bbox 2060 2929 3581 3002; baseline 0.002 -18"><span class='ocrx_word' id='word_1_551' title='bbox 2060 2947 2080 3002; x_wconf 70' lang='grc' dir='ltr'><strong>ι</strong></span> <span class='ocrx_word' id='word_1_552' title='bbox 2120 2931 2378 2998; x_wconf 84' lang='lat' dir='ltr'><strong>Quoniam</strong></span> <span class='ocrx_word' id='word_1_553' title='bbox 2398 2940 2502 2986; x_wconf 82' lang='lat' dir='ltr'><strong>tres</strong></span> <span class='ocrx_word' id='word_1_554' title='bbox 2524 2929 2646 2984; x_wconf 84' lang='lat' dir='ltr'><strong>sunt</strong></span> <span class='ocrx_word' id='word_1_555' title='bbox 2664 2931 2751 3002; x_wconf 85' lang='lat' dir='ltr'><strong>qui</strong></span> <span class='ocrx_word' id='word_1_556' title='bbox 2777 2929 3126 3002; x_wconf 86' lang='lat' dir='ltr'><strong>testimonium</strong></span> <span class='ocrx_word' id='word_1_557' title='bbox 3153 2929 3333 2985; x_wconf 79' lang='lat' dir='ltr'><strong>dicunt</strong></span> <span class='ocrx_word' id='word_1_558' title='bbox 3350 2931 3406 2985; x_wconf 88' lang='lat' dir='ltr'><strong>in</strong></span> <span class='ocrx_word' id='word_1_559' title='bbox 3423 2939 3581 3000; x_wconf 81' lang='lat' dir='ltr'><strong>terra,</strong></span> 
     </span>
    </p>
   </div>
   <div class='ocr_carea' id='block_1_76' title="bbox 1985 2999 3582 3074">
    <p class='ocr_par' dir='ltr' id='par_1_76' title="bbox 1985 2999 3582 3074">
     <span class='ocr_line' id='line_1_78' title="bbox 1985 2999 3582 3074; baseline 0.004 -20"><span class='ocrx_word' id='word_1_560' title='bbox 1985 2999 2215 3074; x_wconf 69' lang='lat' dir='ltr'><strong>Spiritus</strong></span> <span class='ocrx_word' id='word_1_561' title='bbox 2234 3042 2254 3074; x_wconf 52' lang='grc' dir='ltr'><em>ε</em></span> <span class='ocrx_word' id='word_1_562' title='bbox 2286 3020 2423 3074; x_wconf 88' lang='lat' dir='ltr'><strong>aqua</strong></span> <span class='ocrx_word' id='word_1_563' title='bbox 2437 3047 2472 3074; x_wconf 27' lang='lat' dir='ltr'><strong>_,A</strong></span> <span class='ocrx_word' id='word_1_564' title='bbox 2499 3012 2546 3057; x_wconf 85' lang='lat' dir='ltr'><strong>et</strong></span> <span class='ocrx_word' id='word_1_565' title='bbox 2573 2999 2810 3074; x_wconf 69' lang='lat' dir='ltr'><strong>sanguis.</strong></span> <span class='ocrx_word' id='word_1_566' title='bbox 2849 3002 2916 3055; x_wconf 77' lang='lat' dir='ltr'><strong>Et</strong></span> <span class='ocrx_word' id='word_1_567' title='bbox 2955 3000 3011 3055; x_wconf 82' lang='lat' dir='ltr'><strong>hi</strong></span> <span class='ocrx_word' id='word_1_568' title='bbox 3052 3011 3153 3056; x_wconf 85' lang='lat' dir='ltr'><strong>tres</strong></span> <span class='ocrx_word' id='word_1_569' title='bbox 3187 3018 3347 3057; x_wconf 84' lang='lat' dir='ltr'><strong>unum</strong></span> <span class='ocrx_word' id='word_1_570' title='bbox 3379 3015 3498 3058; x_wconf 81' lang='lat' dir='ltr'><strong>sunt</strong></span> <span class='ocrx_word' id='word_1_571' title='bbox 3525 2999 3582 3060; x_wconf 79' lang='lat' dir='ltr'><strong>iis</strong></span> 
     </span>
    </p>
   </div>
   <div class='ocr_carea' id='block_1_77' title="bbox 1984 3069 3582 3142">
    <p class='ocr_par' dir='ltr' id='par_1_77' title="bbox 1984 3069 3582 3142">
     <span class='ocr_line' id='line_1_79' title="bbox 1984 3069 3582 3142; baseline 0.004 -16"><span class='ocrx_word' id='word_1_572' title='bbox 1984 3069 2188 3127; x_wconf 72' lang='lat' dir='ltr'><strong>Christo</strong></span> <span class='ocrx_word' id='word_1_573' title='bbox 2216 3069 2364 3128; x_wconf 72' lang='lat' dir='ltr'><strong>Iesu.</strong></span> <span class='ocrx_word' id='word_1_574' title='bbox 2428 3071 2626 3128; x_wconf 57' lang='lat' dir='ltr'><strong>Etitrcs</strong></span> <span class='ocrx_word' id='word_1_575' title='bbox 2668 3069 2789 3127; x_wconf 66' lang='lat' dir='ltr'><strong>Sunt</strong></span> <span class='ocrx_word' id='word_1_576' title='bbox 2823 3074 2910 3142; x_wconf 88' lang='lat' dir='ltr'><strong>qui</strong></span> <span class='ocrx_word' id='word_1_577' title='bbox 2947 3075 3291 3128; x_wconf 86' lang='lat' dir='ltr'><strong>testimonium</strong></span> <span class='ocrx_word' id='word_1_578' title='bbox 3317 3074 3495 3128; x_wconf 87' lang='lat' dir='ltr'><strong>dicunt</strong></span> <span class='ocrx_word' id='word_1_579' title='bbox 3527 3077 3582 3132; x_wconf 82' lang='lat' dir='ltr'><strong>in</strong></span> 
     </span>
    </p>
   </div>
   <div class='ocr_carea' id='block_1_78' title="bbox 1983 3142 3582 3216">
    <p class='ocr_par' dir='ltr' id='par_1_78' title="bbox 1983 3142 3582 3216">
     <span class='ocr_line' id='line_1_80' title="bbox 1983 3142 3582 3216; baseline 0.003 -19"><span class='ocrx_word' id='word_1_580' title='bbox 1983 3146 2153 3199; x_wconf 76' lang='lat' dir='ltr'><strong>ccelo:</strong></span> <span class='ocrx_word' id='word_1_581' title='bbox 2185 3143 2368 3213; x_wconf 89' lang='lat' dir='ltr'><strong>Pater,</strong></span> <span class='ocrx_word' id='word_1_582' title='bbox 2407 3143 2656 3215; x_wconf 87' lang='lat' dir='ltr'><strong>Verbum,</strong></span> <span class='ocrx_word' id='word_1_583' title='bbox 2689 3154 2738 3199; x_wconf 89' lang='lat' dir='ltr'><strong>et</strong></span> <span class='ocrx_word' id='word_1_584' title='bbox 2772 3144 2999 3216; x_wconf 86' lang='lat' dir='ltr'><strong>Spiritus</strong></span> <span class='ocrx_word' id='word_1_585' title='bbox 3029 3157 3258 3200; x_wconf 80' lang='lat' dir='ltr'><strong>sanctus.</strong></span> <span class='ocrx_word' id='word_1_586' title='bbox 3296 3142 3366 3201; x_wconf 83' lang='lat' dir='ltr'><strong>Et</strong></span> <span class='ocrx_word' id='word_1_587' title='bbox 3396 3145 3450 3200; x_wconf 84' lang='lat' dir='ltr'><strong>hi</strong></span> <span class='ocrx_word' id='word_1_588' title='bbox 3479 3153 3582 3202; x_wconf 89' lang='lat' dir='ltr'><strong>tres</strong></span> 
     </span>
    </p>
   </div>
   <div class='ocr_carea' id='block_1_79' title="bbox 1982 3225 2305 3272">
    <p class='ocr_par' dir='ltr' id='par_1_79' title="bbox 1982 3225 2305 3272">
     <span class='ocr_line' id='line_1_81' title="bbox 1982 3225 2305 3272; baseline 0.012 -4"><span class='ocrx_word' id='word_1_589' title='bbox 1982 3231 2145 3268; x_wconf 81' lang='lat' dir='ltr'><strong>unum</strong></span> <span class='ocrx_word' id='word_1_590' title='bbox 2165 3225 2305 3272; x_wconf 84' lang='lat' dir='ltr'><strong>sunt.</strong></span> 
     </span>
    </p>
   </div>
   <div class='ocr_carea' id='block_1_80' title="bbox 2061 3285 3583 3359">
    <p class='ocr_par' dir='ltr' id='par_1_80' title="bbox 2061 3285 3583 3359">
     <span class='ocr_line' id='line_1_82' title="bbox 2061 3285 3583 3359; baseline 0.005 -20"><span class='ocrx_word' id='word_1_591' title='bbox 2061 3305 2080 3338; x_wconf 76' lang='grc' dir='ltr'><strong>ι</strong></span> <span class='ocrx_word' id='word_1_592' title='bbox 2109 3285 2264 3342; x_wconf 85' lang='lat' dir='ltr'><strong>Item.</strong></span> <span class='ocrx_word' id='word_1_593' title='bbox 2305 3287 2374 3342; x_wconf 84' lang='lat' dir='ltr'><strong>Hi</strong></span> <span class='ocrx_word' id='word_1_594' title='bbox 2403 3297 2526 3342; x_wconf 86' lang='lat' dir='ltr'><strong>sunt</strong></span> <span class='ocrx_word' id='word_1_595' title='bbox 2557 3289 2645 3359; x_wconf 87' lang='lat' dir='ltr'><strong>qui</strong></span> <span class='ocrx_word' id='word_1_596' title='bbox 2675 3287 3020 3356; x_wconf 80' lang='lat' dir='ltr'><strong>testiﬁcantur</strong></span> <span class='ocrx_word' id='word_1_597' title='bbox 3042 3288 3096 3342; x_wconf 88' lang='lat' dir='ltr'><strong>in</strong></span> <span class='ocrx_word' id='word_1_598' title='bbox 3126 3285 3292 3357; x_wconf 66' lang='lat' dir='ltr'><strong>creto,</strong></span> <span class='ocrx_word' id='word_1_599' title='bbox 3325 3285 3509 3356; x_wconf 86' lang='lat' dir='ltr'><strong>Pater,</strong></span> <span class='ocrx_word' id='word_1_600' title='bbox 3531 3299 3583 3346; x_wconf 88' lang='lat' dir='ltr'><strong>et</strong></span> 
     </span>
    </p>
   </div>
   <div class='ocr_carea' id='block_1_81' title="bbox 1984 3355 3452 3431">
    <p class='ocr_par' dir='ltr' id='par_1_81' title="bbox 1984 3355 3452 3431">
     <span class='ocr_line' id='line_1_83' title="bbox 1984 3355 3452 3431; baseline 0.004 -22"><span class='ocrx_word' id='word_1_601' title='bbox 1984 3355 2255 3431; x_wconf 12' lang='lat' dir='ltr'><strong>Filius,ret</strong></span> <span class='ocrx_word' id='word_1_602' title='bbox 2279 3355 2748 3431; x_wconf 50' lang='lat' dir='ltr'><strong>Spiritussauctus</strong></span> <span class='ocrx_word' id='word_1_603' title='bbox 2775 3355 2802 3414; x_wconf 17' lang='lat'><strong>:7</strong></span> <span class='ocrx_word' id='word_1_604' title='bbox 2823 3369 2874 3413; x_wconf 87' lang='lat' dir='ltr'><strong>et</strong></span> <span class='ocrx_word' id='word_1_605' title='bbox 2903 3361 2956 3413; x_wconf 82' lang='lat' dir='ltr'><strong>hi</strong></span> <span class='ocrx_word' id='word_1_606' title='bbox 2995 3369 3096 3412; x_wconf 87' lang='lat' dir='ltr'><strong>tres</strong></span> <span class='ocrx_word' id='word_1_607' title='bbox 3123 3355 3285 3413; x_wconf 79' lang='lat' dir='ltr'><strong>unum</strong></span> <span class='ocrx_word' id='word_1_608' title='bbox 3307 3369 3452 3431; x_wconf 88' lang='lat' dir='ltr'><strong>sunt.</strong></span> 
     </span>
    </p>
   </div>
   <div class='ocr_carea' id='block_1_82' title="bbox 2059 3428 3577 3502">
    <p class='ocr_par' dir='ltr' id='par_1_82' title="bbox 2059 3428 3577 3502">
     <span class='ocr_line' id='line_1_84' title="bbox 2059 3428 3577 3502; baseline 0.001 -19"><span class='ocrx_word' id='word_1_609' title='bbox 2059 3446 2080 3502; x_wconf 63' lang='grc' dir='ltr'><strong>ς</strong></span> <span class='ocrx_word' id='word_1_610' title='bbox 2111 3428 2444 3502; x_wconf 64' lang='lat' dir='ltr'><strong>Athanaisius.</strong></span> <span class='ocrx_word' id='word_1_611' title='bbox 2490 3428 2617 3485; x_wconf 79' lang='lat' dir='ltr'><strong>Tres</strong></span> <span class='ocrx_word' id='word_1_612' title='bbox 2645 3440 2763 3484; x_wconf 87' lang='lat' dir='ltr'><strong>sunt</strong></span> <span class='ocrx_word' id='word_1_613' title='bbox 2794 3431 2884 3502; x_wconf 88' lang='lat' dir='ltr'><strong>qui</strong></span> <span class='ocrx_word' id='word_1_614' title='bbox 2910 3431 3269 3502; x_wconf 64' lang='lat' dir='ltr'><strong>testimonium</strong></span> <span class='ocrx_word' id='word_1_615' title='bbox 3300 3430 3476 3502; x_wconf 71' lang='lat' dir='ltr'><strong>dicunt</strong></span> <span class='ocrx_word' id='word_1_616' title='bbox 3523 3429 3577 3485; x_wconf 89' lang='lat' dir='ltr'><strong>in</strong></span> 
     </span>
    </p>
   </div>
   <div class='ocr_carea' id='block_1_83' title="bbox 288 3493 3580 3576">
    <p class='ocr_par' dir='ltr' id='par_1_83' title="bbox 288 3493 3580 3576">
     <span class='ocr_line' id='line_1_85' title="bbox 288 3493 3580 3576; baseline -0.001 -17"><span class='ocrx_word' id='word_1_617' title='bbox 288 3519 382 3560; x_wconf 89' lang='lat' dir='ltr'><strong>ces</strong></span> <span class='ocrx_word' id='word_1_618' title='bbox 403 3493 761 3576; x_wconf 71' lang='lat' dir='ltr'><strong>antiquiores,</strong></span> <span class='ocrx_word' id='word_1_619' title='bbox 796 3504 883 3558; x_wconf 90' lang='lat' dir='ltr'><strong>ubi</strong></span> <span class='ocrx_word' id='word_1_620' title='bbox 914 3493 1077 3559; x_wconf 84' lang='lat' dir='ltr'><strong>verba</strong></span> <span class='ocrx_word' id='word_1_621' title='bbox 1101 3501 1443 3576; x_wconf 58' lang='lat' dir='ltr'><strong>versiculifiti</strong></span> <span class='ocrx_word' id='word_1_622' title='bbox 1474 3501 1702 3576; x_wconf 78' lang='lat' dir='ltr'><strong>deerant</strong></span> <span class='ocrx_word' id='word_1_623' title='bbox 1726 3518 1874 3576; x_wconf 52' lang='grc' dir='ltr'>ιιι-ὀνο</span> <span class='ocrx_word' id='word_1_624' title='bbox 1907 3493 1952 3555; x_wconf 91' lang='lat' dir='ltr'><strong>C</strong></span> <span class='ocrx_word' id='word_1_625' title='bbox 1981 3499 2111 3576; x_wconf 55' lang='lat' dir='ltr'><strong>calo</strong></span> <span class='ocrx_word' id='word_1_626' title='bbox 2139 3517 2157 3556; x_wconf 93' lang='lat'><strong><em>:</em></strong></span> <span class='ocrx_word' id='word_1_627' title='bbox 2210 3501 2387 3568; x_wconf 83' lang='lat' dir='ltr'><strong>Pater,</strong></span> <span class='ocrx_word' id='word_1_628' title='bbox 2432 3511 2479 3557; x_wconf 88' lang='lat' dir='ltr'><strong>et</strong></span> <span class='ocrx_word' id='word_1_629' title='bbox 2523 3503 2766 3565; x_wconf 85' lang='lat' dir='ltr'><strong>Verbum,</strong></span> <span class='ocrx_word' id='word_1_630' title='bbox 2805 3493 2855 3556; x_wconf 70' lang='lat' dir='ltr'><strong>et</strong></span> <span class='ocrx_word' id='word_1_631' title='bbox 2895 3494 3132 3574; x_wconf 81' lang='lat' dir='ltr'><strong>Spiritus</strong></span> <span class='ocrx_word' id='word_1_632' title='bbox 3165 3517 3184 3555; x_wconf 89' lang='lat'><strong><em>:</em></strong></span> <span class='ocrx_word' id='word_1_633' title='bbox 3215 3512 3264 3556; x_wconf 82' lang='lat' dir='ltr'><strong>et</strong></span> <span class='ocrx_word' id='word_1_634' title='bbox 3292 3501 3347 3556; x_wconf 89' lang='lat' dir='ltr'><strong>in</strong></span> <span class='ocrx_word' id='word_1_635' title='bbox 3373 3501 3580 3557; x_wconf 79' lang='lat' dir='ltr'><strong>Christo</strong></span> 
     </span>
    </p>
   </div>
   <div class='ocr_carea' id='block_1_84' title="bbox 287 3572 1878 3641">
    <p class='ocr_par' dir='ltr' id='par_1_84' title="bbox 287 3572 1878 3641">
     <span class='ocr_line' id='line_1_86' title="bbox 287 3572 1878 3641; baseline -0.001 -12"><span class='ocrx_word' id='word_1_636' title='bbox 287 3589 413 3641; x_wconf 86' lang='lat' dir='ltr'><strong>sus,</strong></span> <span class='ocrx_word' id='word_1_637' title='bbox 450 3572 748 3631; x_wconf 47' lang='lat' dir='ltr'><strong>uti‘ahsnnt</strong></span> <span class='ocrx_word' id='word_1_638' title='bbox 779 3577 829 3629; x_wconf 90' lang='lat' dir='ltr'><strong>in</strong></span> <span class='ocrx_word' id='word_1_639' title='bbox 850 3573 1218 3630; x_wconf 84' lang='lat' dir='ltr'><strong>veracioribus</strong></span> <span class='ocrx_word' id='word_1_640' title='bbox 1247 3572 1454 3626; x_wconf 86' lang='lat' dir='ltr'><strong>Latinis</strong></span> <span class='ocrx_word' id='word_1_641' title='bbox 1481 3573 1878 3640; x_wconf 84' lang='lat' dir='ltr'><strong>exemplaribus</strong></span> 
     </span>
    </p>
   </div>
   <div class='ocr_carea' id='block_1_85' title="bbox 290 3641 1881 3718">
    <p class='ocr_par' dir='ltr' id='par_1_85' title="bbox 290 3641 1881 3718">
     <span class='ocr_line' id='line_1_87' title="bbox 290 3641 1881 3718; baseline -0.001 -20"><span class='ocrx_word' id='word_1_642' title='bbox 290 3649 561 3700; x_wconf 74' lang='lat' dir='ltr'><strong>versionis</strong></span> <span class='ocrx_word' id='word_1_643' title='bbox 595 3645 1052 3718; x_wconf 64' lang='lat' dir='ltr'><strong>llicronymiante,</strong></span> <span class='ocrx_word' id='word_1_644' title='bbox 1077 3660 1238 3718; x_wconf 89' lang='lat' dir='ltr'><strong>quam</strong></span> <span class='ocrx_word' id='word_1_645' title='bbox 1273 3644 1372 3696; x_wconf 90' lang='lat' dir='ltr'><strong>hoc</strong></span> <span class='ocrx_word' id='word_1_646' title='bbox 1402 3641 1566 3718; x_wconf 68' lang='lat' dir='ltr'><strong>insue</strong></span> <span class='ocrx_word' id='word_1_647' title='bbox 1596 3643 1718 3718; x_wconf 80' lang='lat' dir='ltr'><strong>loco</strong></span> <span class='ocrx_word' id='word_1_648' title='bbox 1746 3659 1881 3718; x_wconf 84' lang='lat' dir='ltr'><strong>cou-</strong></span> 
     </span>
    </p>
   </div>
   <div class='ocr_carea' id='block_1_86' title="bbox 287 3714 1880 3784">
    <p class='ocr_par' dir='ltr' id='par_1_86' title="bbox 287 3714 1880 3784">
     <span class='ocr_line' id='line_1_88' title="bbox 287 3714 1880 3784; baseline -0.001 -12"><span class='ocrx_word' id='word_1_649' title='bbox 287 3722 392 3772; x_wconf 80' lang='lat' dir='ltr'><strong>suli</strong></span> <span class='ocrx_word' id='word_1_650' title='bbox 428 3722 676 3772; x_wconf 86' lang='lat' dir='ltr'><strong>volumus</strong></span> <span class='ocrx_word' id='word_1_651' title='bbox 705 3714 958 3772; x_wconf 83' lang='lat' dir='ltr'><strong>columna</strong></span> <span class='ocrx_word' id='word_1_652' title='bbox 1011 3714 1118 3770; x_wconf 73' lang='lat'><strong>275</strong></span> <span class='ocrx_word' id='word_1_653' title='bbox 1148 3725 1202 3770; x_wconf 91' lang='lat' dir='ltr'><strong>et</strong></span> <span class='ocrx_word' id='word_1_654' title='bbox 1242 3729 1396 3784; x_wconf 90' lang='lat' dir='ltr'><strong>seqq.</strong></span> <span class='ocrx_word' id='word_1_655' title='bbox 1437 3714 1595 3768; x_wconf 83' lang='lat' dir='ltr'><strong>i5tius</strong></span> <span class='ocrx_word' id='word_1_656' title='bbox 1625 3714 1880 3770; x_wconf 89' lang='lat' dir='ltr'><strong>editionis</strong></span> 
     </span>
    </p>
   </div>
   <div class='ocr_carea' id='block_1_87' title="bbox 290 3785 1879 3859">
    <p class='ocr_par' dir='ltr' id='par_1_87' title="bbox 290 3785 1879 3859">
     <span class='ocr_line' id='line_1_89' title="bbox 290 3785 1879 3859; baseline -0.001 -15"><span class='ocrx_word' id='word_1_657' title='bbox 290 3803 512 3844; x_wconf 64' lang='lat' dir='ltr'><strong>nostra}.</strong></span> <span class='ocrx_word' id='word_1_658' title='bbox 553 3790 704 3858; x_wconf 79' lang='lat' dir='ltr'><strong>Quod</strong></span> <span class='ocrx_word' id='word_1_659' title='bbox 734 3791 899 3859; x_wconf 81' lang='lat' dir='ltr'><strong>igitur</strong></span> <span class='ocrx_word' id='word_1_660' title='bbox 929 3791 1069 3856; x_wconf 89' lang='lat' dir='ltr'><strong>apud</strong></span> <span class='ocrx_word' id='word_1_661' title='bbox 1099 3788 1356 3842; x_wconf 54' lang='lat' dir='ltr'><strong>Hebraea</strong></span> <span class='ocrx_word' id='word_1_662' title='bbox 1382 3795 1437 3840; x_wconf 88' lang='lat' dir='ltr'><strong>et</strong></span> <span class='ocrx_word' id='word_1_663' title='bbox 1466 3786 1608 3859; x_wconf 82' lang='lat' dir='ltr'><strong>apud</strong></span> <span class='ocrx_word' id='word_1_664' title='bbox 1658 3785 1879 3842; x_wconf 55' lang='grc' dir='ltr'><strong>(ἕρκεος</strong></span> 
     </span>
    </p>
   </div>
   <div class='ocr_carea' id='block_1_88' title="bbox 288 3857 1878 3931">
    <p class='ocr_par' dir='ltr' id='par_1_88' title="bbox 288 3857 1878 3931">
     <span class='ocr_line' id='line_1_90' title="bbox 288 3857 1878 3931; baseline -0.003 -15"><span class='ocrx_word' id='word_1_665' title='bbox 288 3861 550 3916; x_wconf 82' lang='lat' dir='ltr'><strong>librorum</strong></span> <span class='ocrx_word' id='word_1_666' title='bbox 582 3857 952 3931; x_wconf 78' lang='lat' dir='ltr'><strong>exscriptorcs</strong></span> <span class='ocrx_word' id='word_1_667' title='bbox 996 3876 1103 3913; x_wconf 90' lang='lat' dir='ltr'><strong>non</strong></span> <span class='ocrx_word' id='word_1_668' title='bbox 1153 3875 1272 3931; x_wconf 82' lang='lat' dir='ltr'><strong>raro</strong></span> <span class='ocrx_word' id='word_1_669' title='bbox 1325 3857 1546 3931; x_wconf 86' lang='lat' dir='ltr'><strong>evenit;</strong></span> <span class='ocrx_word' id='word_1_670' title='bbox 1591 3871 1700 3931; x_wconf 75' lang='lat' dir='ltr'><strong>cur</strong></span> <span class='ocrx_word' id='word_1_671' title='bbox 1735 3859 1878 3927; x_wconf 91' lang='lat' dir='ltr'><strong>apud</strong></span> 
     </span>
    </p>
   </div>
   <div class='ocr_carea' id='block_1_89' title="bbox 287 3927 1876 3998">
    <p class='ocr_par' dir='ltr' id='par_1_89' title="bbox 287 3927 1876 3998">
     <span class='ocr_line' id='line_1_91' title="bbox 287 3927 1876 3998; baseline -0.003 -10"><span class='ocrx_word' id='word_1_672' title='bbox 287 3931 513 3988; x_wconf 79' lang='lat' dir='ltr'><strong>Latinos</strong></span> <span class='ocrx_word' id='word_1_673' title='bbox 537 3934 744 3988; x_wconf 87' lang='lat' dir='ltr'><strong>similes</strong></span> <span class='ocrx_word' id='word_1_674' title='bbox 767 3927 1100 3986; x_wconf 65' lang='lat' dir='ltr'><strong>iunissiones</strong></span> <span class='ocrx_word' id='word_1_675' title='bbox 1139 3927 1372 3998; x_wconf 86' lang='lat' dir='ltr'><strong>prudens</strong></span> <span class='ocrx_word' id='word_1_676' title='bbox 1402 3928 1569 3982; x_wconf 90' lang='lat' dir='ltr'><strong>lector</strong></span> <span class='ocrx_word' id='word_1_677' title='bbox 1614 3928 1876 3983; x_wconf 79' lang='lat' dir='ltr'><strong>inliciabi-</strong></span> 
     </span>
    </p>
   </div>
   <div class='ocr_carea' id='block_1_90' title="bbox 288 3998 1879 4068">
    <p class='ocr_par' dir='ltr' id='par_1_90' title="bbox 288 3998 1879 4068">
     <span class='ocr_line' id='line_1_92' title="bbox 288 3998 1879 4068; baseline -0.002 -10"><span class='ocrx_word' id='word_1_678' title='bbox 288 4013 379 4058; x_wconf 89' lang='lat' dir='ltr'><strong>tur</strong></span> <span class='ocrx_word' id='word_1_679' title='bbox 407 4006 429 4058; x_wconf 68' lang='grc' dir='ltr'><em>ἲ</em></span> <span class='ocrx_word' id='word_1_680' title='bbox 468 4003 731 4059; x_wconf 85' lang='lat' dir='ltr'><strong>Proclivis</strong></span> <span class='ocrx_word' id='word_1_681' title='bbox 757 4015 836 4059; x_wconf 90' lang='lat' dir='ltr'><strong>est</strong></span> <span class='ocrx_word' id='word_1_682' title='bbox 870 4007 1092 4058; x_wconf 83' lang='lat' dir='ltr'><strong>omnino</strong></span> <span class='ocrx_word' id='word_1_683' title='bbox 1129 4002 1312 4064; x_wconf 81' lang='lat' dir='ltr'><strong>lapsus</strong></span> <span class='ocrx_word' id='word_1_684' title='bbox 1337 4002 1389 4053; x_wconf 91' lang='lat' dir='ltr'><strong>in</strong></span> <span class='ocrx_word' id='word_1_685' title='bbox 1417 3998 1699 4068; x_wconf 83' lang='lat' dir='ltr'><strong>Epistolal</strong></span> <span class='ocrx_word' id='word_1_686' title='bbox 1730 3999 1879 4056; x_wconf 88' lang='lat' dir='ltr'><strong>Beati</strong></span> 
     </span>
    </p>
   </div>
   <div class='ocr_carea' id='block_1_91' title="bbox 286 4071 1878 4145">
    <p class='ocr_par' dir='ltr' id='par_1_91' title="bbox 286 4071 1878 4145">
     <span class='ocr_line' id='line_1_93' title="bbox 286 4071 1878 4145; baseline -0.004 -13"><span class='ocrx_word' id='word_1_687' title='bbox 286 4075 517 4132; x_wconf 79' lang='lat' dir='ltr'><strong>Joannis</strong></span> <span class='ocrx_word' id='word_1_688' title='bbox 541 4117 556 4140; x_wconf 97' lang='lat'><strong>,</strong></span> <span class='ocrx_word' id='word_1_689' title='bbox 605 4075 783 4143; x_wconf 88' lang='lat' dir='ltr'><strong>capite</strong></span> <span class='ocrx_word' id='word_1_690' title='bbox 827 4077 1015 4145; x_wconf 86' lang='lat' dir='ltr'><strong>quinto</strong></span> <span class='ocrx_word' id='word_1_691' title='bbox 1041 4116 1054 4140; x_wconf 96' lang='lat'><strong>,</strong></span> <span class='ocrx_word' id='word_1_692' title='bbox 1091 4087 1142 4126; x_wconf 92' lang='lat' dir='ltr'><strong>v.</strong></span> <span class='ocrx_word' id='word_1_693' title='bbox 1175 4071 1205 4128; x_wconf 76' lang='grc' dir='ltr'><em>Ἰ</em></span> <span class='ocrx_word' id='word_1_694' title='bbox 1239 4082 1294 4127; x_wconf 88' lang='lat' dir='ltr'><strong>et</strong></span> <span class='ocrx_word' id='word_1_695' title='bbox 1321 4073 1375 4136; x_wconf 82' lang='lat'><strong>8,</strong></span> <span class='ocrx_word' id='word_1_696' title='bbox 1429 4082 1648 4139; x_wconf 86' lang='lat' dir='ltr'><strong>propter</strong></span> <span class='ocrx_word' id='word_1_697' title='bbox 1686 4072 1878 4126; x_wconf 85' lang='lat' dir='ltr'><strong>eadem</strong></span> 
     </span>
    </p>
   </div>
   <div class='ocr_carea' id='block_1_92' title="bbox 289 4145 1880 4218">
    <p class='ocr_par' dir='ltr' id='par_1_92' title="bbox 289 4145 1880 4218">
     <span class='ocr_line' id='line_1_94' title="bbox 289 4145 1880 4218; baseline -0.003 -15"><span class='ocrx_word' id='word_1_698' title='bbox 289 4149 479 4212; x_wconf 75' lang='lat' dir='ltr'><strong>verba,</strong></span> <span class='ocrx_word' id='word_1_699' title='bbox 513 4163 632 4218; x_wconf 74' lang='lat' dir='ltr'><strong>qua:</strong></span> <span class='ocrx_word' id='word_1_700' title='bbox 659 4149 904 4202; x_wconf 81' lang='lat' dir='ltr'><strong>secundo</strong></span> <span class='ocrx_word' id='word_1_701' title='bbox 933 4147 1209 4218; x_wconf 84' lang='lat' dir='ltr'><strong>dicuntur,</strong></span> <span class='ocrx_word' id='word_1_702' title='bbox 1244 4157 1440 4218; x_wconf 83' lang='lat' dir='ltr'><strong>nempe</strong></span> <span class='ocrx_word' id='word_1_703' title='bbox 1461 4182 1477 4208; x_wconf 90' lang='lat'><strong>,</strong></span> <span class='ocrx_word' id='word_1_704' title='bbox 1519 4152 1620 4196; x_wconf 85' lang='lat' dir='ltr'><strong>tres</strong></span> <span class='ocrx_word' id='word_1_705' title='bbox 1647 4155 1764 4196; x_wconf 87' lang='lat' dir='ltr'><strong>sunt</strong></span> <span class='ocrx_word' id='word_1_706' title='bbox 1791 4145 1880 4214; x_wconf 86' lang='lat' dir='ltr'><strong>qui</strong></span> 
     </span>
    </p>
   </div>
   <div class='ocr_carea' id='block_1_93' title="bbox 293 4213 1877 4284">
    <p class='ocr_par' dir='ltr' id='par_1_93' title="bbox 293 4213 1877 4284">
     <span class='ocr_line' id='line_1_95' title="bbox 293 4213 1877 4284; baseline -0.002 -11"><span class='ocrx_word' id='word_1_707' title='bbox 293 4213 635 4273; x_wconf 81' lang='lat' dir='ltr'><strong>testimonium</strong></span> <span class='ocrx_word' id='word_1_708' title='bbox 665 4220 824 4284; x_wconf 86' lang='lat' dir='ltr'><strong>dant;</strong></span> <span class='ocrx_word' id='word_1_709' title='bbox 868 4227 918 4272; x_wconf 90' lang='lat' dir='ltr'><strong>et</strong></span> <span class='ocrx_word' id='word_1_710' title='bbox 957 4216 1192 4280; x_wconf 89' lang='lat' dir='ltr'><strong>iterum,</strong></span> <span class='ocrx_word' id='word_1_711' title='bbox 1244 4226 1290 4268; x_wconf 89' lang='lat' dir='ltr'><strong>et</strong></span> <span class='ocrx_word' id='word_1_712' title='bbox 1318 4213 1372 4266; x_wconf 85' lang='lat' dir='ltr'><strong>hi</strong></span> <span class='ocrx_word' id='word_1_713' title='bbox 1417 4224 1518 4266; x_wconf 83' lang='lat' dir='ltr'><strong>tres</strong></span> <span class='ocrx_word' id='word_1_714' title='bbox 1547 4226 1877 4284; x_wconf 15' lang='lat' dir='ltr'><strong>unumisuttt.</strong></span> 
     </span>
    </p>
   </div>
   <div class='ocr_carea' id='block_1_94' title="bbox 288 4282 1882 4360">
    <p class='ocr_par' dir='ltr' id='par_1_94' title="bbox 288 4282 1882 4360">
     <span class='ocr_line' id='line_1_96' title="bbox 288 4282 1882 4360; baseline -0.003 -15"><span class='ocrx_word' id='word_1_715' title='bbox 288 4291 392 4360; x_wconf 87' lang='lat' dir='ltr'><strong>Qui</strong></span> <span class='ocrx_word' id='word_1_716' title='bbox 421 4294 563 4345; x_wconf 90' lang='lat' dir='ltr'><strong>enim</strong></span> <span class='ocrx_word' id='word_1_717' title='bbox 606 4304 637 4344; x_wconf 88' lang='lat' dir='ltr'><strong>a</strong></span> <span class='ocrx_word' id='word_1_718' title='bbox 674 4282 939 4359; x_wconf 84' lang='lat' dir='ltr'><strong>principio</strong></span> <span class='ocrx_word' id='word_1_719' title='bbox 979 4288 1294 4344; x_wconf 85' lang='lat' dir='ltr'><strong>scribebant</strong></span> <span class='ocrx_word' id='word_1_720' title='bbox 1319 4286 1502 4341; x_wconf 75' lang='lat' dir='ltr'><strong>Grtcca</strong></span> <span class='ocrx_word' id='word_1_721' title='bbox 1525 4285 1661 4360; x_wconf 85' lang='lat' dir='ltr'><strong>novi</strong></span> <span class='ocrx_word' id='word_1_722' title='bbox 1690 4282 1882 4360; x_wconf 88' lang='lat' dir='ltr'><strong>Testa-</strong></span> 
     </span>
    </p>
   </div>
   <div class='ocr_carea' id='block_1_95' title="bbox 297 4358 1882 4430">
    <p class='ocr_par' dir='ltr' id='par_1_95' title="bbox 297 4358 1882 4430">
     <span class='ocr_line' id='line_1_97' title="bbox 297 4358 1882 4430; baseline -0.003 -13"><span class='ocrx_word' id='word_1_723' title='bbox 297 4358 464 4417; x_wconf 82' lang='lat' dir='ltr'><strong>menti</strong></span> <span class='ocrx_word' id='word_1_724' title='bbox 494 4358 821 4429; x_wconf 82' lang='lat' dir='ltr'><strong>exemplaria</strong></span> <span class='ocrx_word' id='word_1_725' title='bbox 841 4401 856 4426; x_wconf 91' lang='lat'><strong>,</strong></span> <span class='ocrx_word' id='word_1_726' title='bbox 893 4369 1172 4430; x_wconf 87' lang='lat' dir='ltr'><strong>postquam</strong></span> <span class='ocrx_word' id='word_1_727' title='bbox 1201 4366 1491 4430; x_wconf 83' lang='lat' dir='ltr'><strong>posuerant</strong></span> <span class='ocrx_word' id='word_1_728' title='bbox 1523 4358 1575 4410; x_wconf 87' lang='lat' dir='ltr'><strong>in</strong></span> <span class='ocrx_word' id='word_1_729' title='bbox 1610 4359 1882 4414; x_wconf 85' lang='lat' dir='ltr'><strong>membra-</strong></span> 
     </span>
    </p>
   </div>
   <div class='ocr_carea' id='block_1_96' title="bbox 294 4429 1878 4508">
    <p class='ocr_par' dir='ltr' id='par_1_96' title="bbox 294 4429 1878 4508">
     <span class='ocr_line' id='line_1_98' title="bbox 294 4429 1878 4508; baseline -0.004 -19"><span class='ocrx_word' id='word_1_730' title='bbox 294 4434 376 4489; x_wconf 81' lang='lat' dir='ltr'><strong>nis</strong></span> <span class='ocrx_word' id='word_1_731' title='bbox 395 4475 409 4501; x_wconf 91' lang='lat'><strong>,</strong></span> <span class='ocrx_word' id='word_1_732' title='bbox 457 4432 547 4508; x_wconf 65' lang='lat' dir='ltr'><strong>ciet</strong></span> <span class='ocrx_word' id='word_1_733' title='bbox 580 4441 725 4508; x_wconf 66' lang='grc' dir='ltr'><strong>τρεῖς</strong></span> <span class='ocrx_word' id='word_1_734' title='bbox 763 4429 960 4508; x_wconf 59' lang='grc' dir='ltr'><strong>εἴτι-ινδὶ</strong></span> <span class='ocrx_word' id='word_1_735' title='bbox 984 4436 1391 4508; x_wconf 61' lang='grc' dir='ltr'><strong>μαρτυρρῦντις,</strong></span> <span class='ocrx_word' id='word_1_736' title='bbox 1420 4429 1473 4508; x_wconf 87' lang='lat' dir='ltr'><strong>id_</strong></span> <span class='ocrx_word' id='word_1_737' title='bbox 1498 4437 1600 4495; x_wconf 83' lang='lat' dir='ltr'><strong>est,</strong></span> <span class='ocrx_word' id='word_1_738' title='bbox 1627 4431 1750 4508; x_wconf 70' lang='lat' dir='ltr'><strong>quin</strong></span> <span class='ocrx_word' id='word_1_739' title='bbox 1779 4439 1878 4485; x_wconf 85' lang='lat' dir='ltr'><strong>tres</strong></span> 
     </span>
    </p>
   </div>
   <div class='ocr_carea' id='block_1_97' title="bbox 291 4500 1881 4576">
    <p class='ocr_par' dir='ltr' id='par_1_97' title="bbox 291 4500 1881 4576">
     <span class='ocr_line' id='line_1_99' title="bbox 291 4500 1881 4576; baseline -0.003 -15"><span class='ocrx_word' id='word_1_740' title='bbox 291 4500 434 4569; x_wconf 87' lang='lat' dir='ltr'><strong>sunt,</strong></span> <span class='ocrx_word' id='word_1_741' title='bbox 460 4507 550 4576; x_wconf 89' lang='lat' dir='ltr'><strong>qui</strong></span> <span class='ocrx_word' id='word_1_742' title='bbox 571 4500 919 4558; x_wconf 78' lang='lat' dir='ltr'><strong>testimonium</strong></span> <span class='ocrx_word' id='word_1_743' title='bbox 948 4500 1115 4568; x_wconf 76' lang='lat' dir='ltr'><strong>dimi;</strong></span> <span class='ocrx_word' id='word_1_744' title='bbox 1155 4500 1221 4556; x_wconf 76' lang='lat' dir='ltr'><strong>ad</strong></span> <span class='ocrx_word' id='word_1_745' title='bbox 1236 4500 1562 4576; x_wconf 78' lang='lat' dir='ltr'><strong>_ex_emplar,</strong></span> <span class='ocrx_word' id='word_1_746' title='bbox 1596 4501 1737 4570; x_wconf 90' lang='lat' dir='ltr'><strong>quod</strong></span> <span class='ocrx_word' id='word_1_747' title='bbox 1771 4517 1881 4571; x_wconf 73' lang='lat' dir='ltr'><strong>prie</strong></span> 
     </span>
    </p>
   </div>
   <div class='ocr_carea' id='block_1_98' title="bbox 293 4571 1882 4642">
    <p class='ocr_par' dir='ltr' id='par_1_98' title="bbox 293 4571 1882 4642">
     <span class='ocr_line' id='line_1_100' title="bbox 293 4571 1882 4642; baseline -0.003 -11"><span class='ocrx_word' id='word_1_748' title='bbox 293 4571 481 4632; x_wconf 74' lang='lat' dir='ltr'><strong>oculis</strong></span> <span class='ocrx_word' id='word_1_749' title='bbox 501 4576 791 4641; x_wconf 85' lang='lat' dir='ltr'><strong>habebant,</strong></span> <span class='ocrx_word' id='word_1_750' title='bbox 819 4579 1164 4630; x_wconf 83' lang='lat' dir='ltr'><strong>recurrentes</strong></span> <span class='ocrx_word' id='word_1_751' title='bbox 1187 4611 1205 4638; x_wconf 89' lang='lat'><strong>,</strong></span> <span class='ocrx_word' id='word_1_752' title='bbox 1232 4571 1390 4626; x_wconf 81' lang='lat' dir='ltr'><strong>facile</strong></span> <span class='ocrx_word' id='word_1_753' title='bbox 1425 4571 1602 4642; x_wconf 88' lang='lat' dir='ltr'><strong>priora</strong></span> <span class='ocrx_word' id='word_1_754' title='bbox 1636 4588 1755 4624; x_wconf 89' lang='lat' dir='ltr'><strong>cum</strong></span> <span class='ocrx_word' id='word_1_755' title='bbox 1787 4587 1882 4641; x_wconf 91' lang='lat' dir='ltr'><strong>po-</strong></span> 
     </span>
    </p>
   </div>
   <div class='ocr_carea' id='block_1_99' title="bbox 291 4642 1882 4716">
    <p class='ocr_par' dir='ltr' id='par_1_99' title="bbox 291 4642 1882 4716">
     <span class='ocr_line' id='line_1_101' title="bbox 291 4642 1882 4716; baseline -0.004 -12"><span class='ocrx_word' id='word_1_756' title='bbox 291 4649 517 4704; x_wconf 76' lang='lat' dir='ltr'><strong>Sll’elltis</strong></span> <span class='ocrx_word' id='word_1_757' title='bbox 554 4649 763 4702; x_wconf 86' lang='lat' dir='ltr'><strong>sociare</strong></span> <span class='ocrx_word' id='word_1_758' title='bbox 811 4654 1101 4716; x_wconf 89' lang='lat' dir='ltr'><strong>potuerunt</strong></span> <span class='ocrx_word' id='word_1_759' title='bbox 1128 4685 1153 4716; x_wconf 15' lang='grc' dir='ltr'><strong>,ί</strong></span> <span class='ocrx_word' id='word_1_760' title='bbox 1190 4644 1393 4716; x_wconf 73' lang='lat' dir='ltr'><strong>relictis</strong></span> <span class='ocrx_word' id='word_1_761' title='bbox 1434 4642 1687 4716; x_wconf 82' lang='lat' dir='ltr'><strong>uninibus</strong></span> <span class='ocrx_word' id='word_1_762' title='bbox 1717 4644 1882 4716; x_wconf 82' lang='lat' dir='ltr'><strong>inter-</strong></span> 
     </span>
    </p>
   </div>
   <div class='ocr_carea' id='block_1_100' title="bbox 290 4713 1880 4783">
    <p class='ocr_par' dir='ltr' id='par_1_100' title="bbox 290 4713 1880 4783">
     <span class='ocr_line' id='line_1_102' title="bbox 290 4713 1880 4783; baseline -0.003 -9"><span class='ocrx_word' id='word_1_763' title='bbox 290 4720 528 4778; x_wconf 81' lang='lat' dir='ltr'><strong>medits:</strong></span> <span class='ocrx_word' id='word_1_764' title='bbox 569 4725 626 4774; x_wconf 86' lang='lat' dir='ltr'><strong>et</strong></span> <span class='ocrx_word' id='word_1_765' title='bbox 655 4720 724 4773; x_wconf 84' lang='lat' dir='ltr'><strong>ita</strong></span> <span class='ocrx_word' id='word_1_766' title='bbox 757 4713 946 4773; x_wconf 71' lang='lat' dir='ltr'><strong>errore</strong></span> <span class='ocrx_word' id='word_1_767' title='bbox 975 4715 1321 4771; x_wconf 89' lang='lat' dir='ltr'><strong>librariorum</strong></span> <span class='ocrx_word' id='word_1_768' title='bbox 1359 4714 1412 4768; x_wconf 90' lang='lat' dir='ltr'><strong>in</strong></span> <span class='ocrx_word' id='word_1_769' title='bbox 1442 4713 1694 4783; x_wconf 89' lang='lat' dir='ltr'><strong>plurimis</strong></span> <span class='ocrx_word' id='word_1_770' title='bbox 1723 4714 1880 4769; x_wconf 89' lang='lat' dir='ltr'><strong>libris</strong></span> 
     </span>
    </p>
   </div>
   <div class='ocr_carea' id='block_1_101' title="bbox 291 4785 1879 4854">
    <p class='ocr_par' dir='ltr' id='par_1_101' title="bbox 291 4785 1879 4854">
     <span class='ocr_line' id='line_1_103' title="bbox 291 4785 1879 4854; baseline -0.004 -8"><span class='ocrx_word' id='word_1_771' title='bbox 291 4792 402 4846; x_wconf 91' lang='lat' dir='ltr'><strong>duo</strong></span> <span class='ocrx_word' id='word_1_772' title='bbox 432 4790 684 4845; x_wconf 80' lang='lat' dir='ltr'><strong>versiculi</strong></span> <span class='ocrx_word' id='word_1_773' title='bbox 711 4789 762 4844; x_wconf 89' lang='lat' dir='ltr'><strong>in</strong></span> <span class='ocrx_word' id='word_1_774' title='bbox 807 4789 1025 4843; x_wconf 90' lang='lat' dir='ltr'><strong>unicum</strong></span> <span class='ocrx_word' id='word_1_775' title='bbox 1061 4787 1404 4843; x_wconf 88' lang='lat' dir='ltr'><strong>coaluerunt.</strong></span> <span class='ocrx_word' id='word_1_776' title='bbox 1452 4785 1696 4854; x_wconf 82' lang='lat' dir='ltr'><strong>Cumque</strong></span> <span class='ocrx_word' id='word_1_777' title='bbox 1726 4788 1879 4853; x_wconf 87' lang='lat' dir='ltr'><strong>sequi</strong></span> 
     </span>
    </p>
   </div>
   <div class='ocr_carea' id='block_1_102' title="bbox 1983 3570 2478 3627">
    <p class='ocr_par' dir='ltr' id='par_1_102' title="bbox 1983 3570 2478 3627">
     <span class='ocr_line' id='line_1_104' title="bbox 1983 3570 2478 3627; baseline -0.002 -2"><span class='ocrx_word' id='word_1_778' title='bbox 1983 3570 2016 3625; x_wconf 83' lang='lat' dir='ltr'><strong><em>J</em></strong></span> <span class='ocrx_word' id='word_1_779' title='bbox 2024 3589 2115 3627; x_wconf 86' lang='lat' dir='ltr'><strong>esu</strong></span> <span class='ocrx_word' id='word_1_780' title='bbox 2146 3589 2308 3627; x_wconf 87' lang='lat' dir='ltr'><strong>unum</strong></span> <span class='ocrx_word' id='word_1_781' title='bbox 2335 3582 2478 3627; x_wconf 79' lang='lat' dir='ltr'><strong>sunt.</strong></span> 
     </span>
    </p>
   </div>
   <div class='ocr_carea' id='block_1_103' title="bbox 2060 3639 3576 3717">
    <p class='ocr_par' dir='ltr' id='par_1_103' title="bbox 2060 3639 3576 3717">
     <span class='ocr_line' id='line_1_105' title="bbox 2060 3639 3576 3717; baseline 0.005 -22"><span class='ocrx_word' id='word_1_782' title='bbox 2060 3661 2080 3717; x_wconf 69' lang='grc' dir='ltr'><strong>ι</strong></span> <span class='ocrx_word' id='word_1_783' title='bbox 2121 3639 2458 3717; x_wconf 67' lang='lat' dir='ltr'><strong>Fulgentius.</strong></span> <span class='ocrx_word' id='word_1_784' title='bbox 2478 3643 2604 3717; x_wconf 81' lang='lat' dir='ltr'><strong>Tres</strong></span> <span class='ocrx_word' id='word_1_785' title='bbox 2623 3655 2740 3699; x_wconf 85' lang='lat' dir='ltr'><strong>sunt</strong></span> <span class='ocrx_word' id='word_1_786' title='bbox 2759 3645 2852 3714; x_wconf 90' lang='lat' dir='ltr'><strong>qui</strong></span> <span class='ocrx_word' id='word_1_787' title='bbox 2875 3645 3221 3700; x_wconf 87' lang='lat' dir='ltr'><strong>testimonium</strong></span> <span class='ocrx_word' id='word_1_788' title='bbox 3233 3643 3496 3716; x_wconf 80' lang='lat' dir='ltr'><strong>perhibent</strong></span> <span class='ocrx_word' id='word_1_789' title='bbox 3520 3646 3576 3702; x_wconf 78' lang='lat' dir='ltr'><strong>in</strong></span> 
     </span>
    </p>
   </div>
   <div class='ocr_carea' id='block_1_104' title="bbox 1980 3714 3574 3786">
    <p class='ocr_par' dir='ltr' id='par_1_104' title="bbox 1980 3714 3574 3786">
     <span class='ocr_line' id='line_1_106' title="bbox 1980 3714 3574 3786; baseline 0.002 -20"><span class='ocrx_word' id='word_1_790' title='bbox 1980 3715 2106 3767; x_wconf 77' lang='lat' dir='ltr'><strong>caelo</strong></span> <span class='ocrx_word' id='word_1_791' title='bbox 2135 3730 2152 3768; x_wconf 90' lang='lat'><strong><em>:</em></strong></span> <span class='ocrx_word' id='word_1_792' title='bbox 2189 3714 2367 3782; x_wconf 77' lang='lat' dir='ltr'><strong>Pater,</strong></span> <span class='ocrx_word' id='word_1_793' title='bbox 2410 3714 2652 3780; x_wconf 81' lang='lat' dir='ltr'><strong>Verbum,</strong></span> <span class='ocrx_word' id='word_1_794' title='bbox 2677 3727 2722 3768; x_wconf 86' lang='lat' dir='ltr'><strong>et</strong></span> <span class='ocrx_word' id='word_1_795' title='bbox 2758 3717 3019 3786; x_wconf 86' lang='lat' dir='ltr'><strong>Spiritus:</strong></span> <span class='ocrx_word' id='word_1_796' title='bbox 3051 3727 3097 3771; x_wconf 90' lang='lat' dir='ltr'><strong>et</strong></span> <span class='ocrx_word' id='word_1_797' title='bbox 3128 3714 3411 3769; x_wconf 31' lang='lat' dir='ltr'><strong>tres—unum</strong></span> <span class='ocrx_word' id='word_1_798' title='bbox 3434 3727 3574 3770; x_wconf 87' lang='lat' dir='ltr'><strong>sunt.</strong></span> 
     </span>
    </p>
   </div>
   <div class='ocr_carea' id='block_1_105' title="bbox 2059 3786 3573 3858">
    <p class='ocr_par' dir='ltr' id='par_1_105' title="bbox 2059 3786 3573 3858">
     <span class='ocr_line' id='line_1_107' title="bbox 2059 3786 3573 3858; baseline 0.003 -22"><span class='ocrx_word' id='word_1_799' title='bbox 2059 3801 2078 3836; x_wconf 78' lang='grc' dir='ltr'><strong>ι</strong></span> <span class='ocrx_word' id='word_1_800' title='bbox 2117 3787 2348 3858; x_wconf 85' lang='lat' dir='ltr'><strong>Ingenue</strong></span> <span class='ocrx_word' id='word_1_801' title='bbox 2367 3788 2598 3841; x_wconf 81' lang='lat' dir='ltr'><strong>tatetnur</strong></span> <span class='ocrx_word' id='word_1_802' title='bbox 2617 3788 2918 3856; x_wconf 87' lang='lat' dir='ltr'><strong>simplicem</strong></span> <span class='ocrx_word' id='word_1_803' title='bbox 2937 3786 3096 3855; x_wconf 86' lang='lat' dir='ltr'><strong>hujus</strong></span> <span class='ocrx_word' id='word_1_804' title='bbox 3123 3786 3484 3855; x_wconf 74' lang='lat' dir='ltr'><strong>exscriptoris</strong></span> <span class='ocrx_word' id='word_1_805' title='bbox 3510 3788 3573 3840; x_wconf 83' lang='lat' dir='ltr'><strong>ti-</strong></span> 
     </span>
    </p>
   </div>
   <div class='ocr_carea' id='block_1_106' title="bbox 1981 3856 3574 3928">
    <p class='ocr_par' dir='ltr' id='par_1_106' title="bbox 1981 3856 3574 3928">
     <span class='ocr_line' id='line_1_108' title="bbox 1981 3856 3574 3928; baseline 0.001 -17"><span class='ocrx_word' id='word_1_806' title='bbox 1981 3856 2105 3911; x_wconf 88' lang='lat' dir='ltr'><strong>dem</strong></span> <span class='ocrx_word' id='word_1_807' title='bbox 2132 3856 2197 3913; x_wconf 87' lang='lat' dir='ltr'><strong>ae</strong></span> <span class='ocrx_word' id='word_1_808' title='bbox 2220 3858 2554 3927; x_wconf 82' lang='lat' dir='ltr'><strong>diligentiam</strong></span> <span class='ocrx_word' id='word_1_809' title='bbox 2587 3859 2759 3927; x_wconf 77' lang='lat' dir='ltr'><strong>magis</strong></span> <span class='ocrx_word' id='word_1_810' title='bbox 2787 3861 2943 3914; x_wconf 84' lang='lat' dir='ltr'><strong>nobis</strong></span> <span class='ocrx_word' id='word_1_811' title='bbox 2971 3859 3269 3928; x_wconf 76' lang='lat' dir='ltr'><strong>placuisse,</strong></span> <span class='ocrx_word' id='word_1_812' title='bbox 3300 3872 3466 3927; x_wconf 89' lang='lat' dir='ltr'><strong>quam</strong></span> <span class='ocrx_word' id='word_1_813' title='bbox 3494 3867 3574 3913; x_wconf 86' lang='lat' dir='ltr'><strong>to-</strong></span> 
     </span>
    </p>
   </div>
   <div class='ocr_carea' id='block_1_107' title="bbox 1984 3929 3575 4000">
    <p class='ocr_par' dir='ltr' id='par_1_107' title="bbox 1984 3929 3575 4000">
     <span class='ocr_line' id='line_1_109' title="bbox 1984 3929 3575 4000; baseline 0.003 -18"><span class='ocrx_word' id='word_1_814' title='bbox 1984 3934 2069 3982; x_wconf 91' lang='lat' dir='ltr'><strong>tus</strong></span> <span class='ocrx_word' id='word_1_815' title='bbox 2099 3929 2190 3984; x_wconf 80' lang='lat' dir='ltr'><strong>ille</strong></span> <span class='ocrx_word' id='word_1_816' title='bbox 2218 3932 2510 3985; x_wconf 87' lang='lat' dir='ltr'><strong>verborum</strong></span> <span class='ocrx_word' id='word_1_817' title='bbox 2529 3941 2818 4000; x_wconf 83' lang='lat' dir='ltr'><strong>apparatus</strong></span> <span class='ocrx_word' id='word_1_818' title='bbox 2849 3931 3038 4000; x_wconf 82' lang='lat' dir='ltr'><strong>nuperi</strong></span> <span class='ocrx_word' id='word_1_819' title='bbox 3065 3929 3266 4000; x_wconf 75' lang='lat' dir='ltr'><strong>critici,</strong></span> <span class='ocrx_word' id='word_1_820' title='bbox 3297 3943 3407 4000; x_wconf 86' lang='lat' dir='ltr'><strong>quo</strong></span> <span class='ocrx_word' id='word_1_821' title='bbox 3433 3930 3575 3986; x_wconf 82' lang='lat' dir='ltr'><strong>sacri</strong></span> 
     </span>
    </p>
   </div>
   <div class='ocr_carea' id='block_1_108' title="bbox 1982 3995 3582 4070">
    <p class='ocr_par' dir='ltr' id='par_1_108' title="bbox 1982 3995 3582 4070">
     <span class='ocr_line' id='line_1_110' title="bbox 1982 3995 3582 4070; baseline 0.002 -18"><span class='ocrx_word' id='word_1_822' title='bbox 1982 4009 2270 4055; x_wconf 83' lang='lat' dir='ltr'><strong>contextus</strong></span> <span class='ocrx_word' id='word_1_823' title='bbox 2309 3995 2688 4056; x_wconf 74' lang='lat' dir='ltr'><strong>auctoritatem</strong></span> <span class='ocrx_word' id='word_1_824' title='bbox 2749 3995 2802 4054; x_wconf 92' lang='lat' dir='ltr'><strong>in</strong></span> <span class='ocrx_word' id='word_1_825' title='bbox 2850 3995 3022 4070; x_wconf 80' lang='lat' dir='ltr'><strong>Epist.</strong></span> <span class='ocrx_word' id='word_1_826' title='bbox 3055 3999 3077 4057; x_wconf 87' lang='grc' dir='ltr'>Ι</span> <span class='ocrx_word' id='word_1_827' title='bbox 3117 3997 3178 4056; x_wconf 86' lang='grc' dir='ltr'><strong>Β.</strong></span> <span class='ocrx_word' id='word_1_828' title='bbox 3222 3995 3445 4055; x_wconf 68' lang='grc' dir='ltr'><strong>Ιοθήιιίε</strong></span> <span class='ocrx_word' id='word_1_829' title='bbox 3471 4001 3582 4056; x_wconf 85' lang='lat' dir='ltr'><strong>ele-</strong></span> 
     </span>
    </p>
   </div>
   <div class='ocr_carea' id='block_1_109' title="bbox 1952 4070 3580 4142">
    <p class='ocr_par' dir='ltr' id='par_1_109' title="bbox 1952 4070 3580 4142">
     <span class='ocr_line' id='line_1_111' title="bbox 1952 4070 3580 4142; baseline 0.002 -19"><span class='ocrx_word' id='word_1_830' title='bbox 1952 4083 2111 4142; x_wconf 23' lang='lat' dir='ltr'><strong>.vare</strong></span> <span class='ocrx_word' id='word_1_831' title='bbox 2139 4073 2320 4142; x_wconf 80' lang='lat' dir='ltr'><strong>gestit.</strong></span> <span class='ocrx_word' id='word_1_832' title='bbox 2366 4073 2474 4127; x_wconf 84' lang='lat' dir='ltr'><strong>Nec</strong></span> <span class='ocrx_word' id='word_1_833' title='bbox 2501 4074 2618 4128; x_wconf 87' lang='lat' dir='ltr'><strong>sine</strong></span> <span class='ocrx_word' id='word_1_834' title='bbox 2660 4070 2839 4142; x_wconf 84' lang='lat' dir='ltr'><strong>aliquo</strong></span> <span class='ocrx_word' id='word_1_835' title='bbox 2885 4074 3190 4126; x_wconf 88' lang='lat' dir='ltr'><strong>animorum</strong></span> <span class='ocrx_word' id='word_1_836' title='bbox 3225 4085 3466 4126; x_wconf 65' lang='lat' dir='ltr'><strong>maerore</strong></span> <span class='ocrx_word' id='word_1_837' title='bbox 3499 4071 3580 4126; x_wconf 89' lang='lat' dir='ltr'><strong>vi-</strong></span> 
     </span>
    </p>
   </div>
   <div class='ocr_carea' id='block_1_110' title="bbox 1982 4141 3576 4212">
    <p class='ocr_par' dir='ltr' id='par_1_110' title="bbox 1982 4141 3576 4212">
     <span class='ocr_line' id='line_1_112' title="bbox 1982 4141 3576 4212; baseline 0.001 -15"><span class='ocrx_word' id='word_1_838' title='bbox 1982 4141 2114 4197; x_wconf 89' lang='lat' dir='ltr'><strong>dere</strong></span> <span class='ocrx_word' id='word_1_839' title='bbox 2161 4159 2448 4212; x_wconf 88' lang='lat' dir='ltr'><strong>possumus</strong></span> <span class='ocrx_word' id='word_1_840' title='bbox 2506 4141 2782 4199; x_wconf 65' lang='lat' dir='ltr'><strong>auderem</strong></span> <span class='ocrx_word' id='word_1_841' title='bbox 2839 4144 3242 4200; x_wconf 77' lang='lat' dir='ltr'><strong>Communiouis</strong></span> <span class='ocrx_word' id='word_1_842' title='bbox 3279 4142 3576 4198; x_wconf 67' lang='lat' dir='ltr'><strong>Catholicae</strong></span> 
     </span>
    </p>
   </div>
   <div class='ocr_carea' id='block_1_111' title="bbox 1983 4213 3579 4285">
    <p class='ocr_par' dir='ltr' id='par_1_111' title="bbox 1983 4213 3579 4285">
     <span class='ocr_line' id='line_1_113' title="bbox 1983 4213 3579 4285; baseline 0.001 -19"><span class='ocrx_word' id='word_1_843' title='bbox 1983 4217 2236 4285; x_wconf 72' lang='lat' dir='ltr'><strong>oinnibus</strong></span> <span class='ocrx_word' id='word_1_844' title='bbox 2264 4217 2448 4272; x_wconf 87' lang='lat' dir='ltr'><strong>nervis</strong></span> <span class='ocrx_word' id='word_1_845' title='bbox 2472 4214 2920 4281; x_wconf 89' lang='lat' dir='ltr'><strong>contendentem,</strong></span> <span class='ocrx_word' id='word_1_846' title='bbox 2955 4225 3013 4270; x_wconf 89' lang='lat' dir='ltr'><strong>ut</strong></span> <span class='ocrx_word' id='word_1_847' title='bbox 3042 4217 3240 4285; x_wconf 88' lang='lat' dir='ltr'><strong>probet</strong></span> <span class='ocrx_word' id='word_1_848' title='bbox 3260 4213 3426 4270; x_wconf 87' lang='lat' dir='ltr'><strong>verba</strong></span> <span class='ocrx_word' id='word_1_849' title='bbox 3457 4213 3579 4274; x_wconf 63' lang='lat' dir='ltr'><strong>base</strong></span> 
     </span>
    </p>
   </div>
   <div class='ocr_carea' id='block_1_112' title="bbox 1986 4281 3580 4358">
    <p class='ocr_par' dir='ltr' id='par_1_112' title="bbox 1986 4281 3580 4358">
     <span class='ocr_line' id='line_1_114' title="bbox 1986 4281 3580 4358; baseline 0.002 -20"><span class='ocrx_word' id='word_1_850' title='bbox 1986 4281 2158 4358; x_wconf 84' lang='lat' dir='ltr'><strong>Epist.</strong></span> <span class='ocrx_word' id='word_1_851' title='bbox 2195 4286 2208 4340; x_wconf 95' lang='grc' dir='ltr'><strong>Ι</strong></span> <span class='ocrx_word' id='word_1_852' title='bbox 2239 4285 2395 4342; x_wconf 86' lang='lat' dir='ltr'><strong>Joan.</strong></span> <span class='ocrx_word' id='word_1_853' title='bbox 2443 4302 2494 4344; x_wconf 92' lang='lat' dir='ltr'><strong>c.</strong></span> <span class='ocrx_word' id='word_1_854' title='bbox 2523 4303 2592 4358; x_wconf 10' lang='lat' dir='ltr'><strong>7v,</strong></span> <span class='ocrx_word' id='word_1_855' title='bbox 2626 4302 2769 4358; x_wconf 89' lang='lat' dir='ltr'><strong>vers.</strong></span> <span class='ocrx_word' id='word_1_856' title='bbox 2805 4289 2876 4358; x_wconf 71' lang='lat'><strong>7:</strong></span> <span class='ocrx_word' id='word_1_857' title='bbox 2915 4281 3170 4358; x_wconf 69' lang='lat' dir='ltr'><strong>Quoniam</strong></span> <span class='ocrx_word' id='word_1_858' title='bbox 3204 4295 3308 4341; x_wconf 84' lang='lat' dir='ltr'><strong>tres</strong></span> <span class='ocrx_word' id='word_1_859' title='bbox 3345 4295 3463 4358; x_wconf 80' lang='lat' dir='ltr'><strong>sunt</strong></span> <span class='ocrx_word' id='word_1_860' title='bbox 3489 4286 3580 4358; x_wconf 88' lang='lat' dir='ltr'><strong>qui</strong></span> 
     </span>
    </p>
   </div>
   <div class='ocr_carea' id='block_1_113' title="bbox 1982 4355 3580 4428">
    <p class='ocr_par' dir='ltr' id='par_1_113' title="bbox 1982 4355 3580 4428">
     <span class='ocr_line' id='line_1_115' title="bbox 1982 4355 3580 4428; baseline 0.002 -19"><span class='ocrx_word' id='word_1_861' title='bbox 1982 4357 2333 4411; x_wconf 86' lang='lat' dir='ltr'><strong>testimonium</strong></span> <span class='ocrx_word' id='word_1_862' title='bbox 2364 4360 2487 4412; x_wconf 84' lang='lat' dir='ltr'><strong>dant</strong></span> <span class='ocrx_word' id='word_1_863' title='bbox 2514 4357 2568 4412; x_wconf 89' lang='lat' dir='ltr'><strong>in</strong></span> <span class='ocrx_word' id='word_1_864' title='bbox 2597 4357 2723 4412; x_wconf 77' lang='lat' dir='ltr'><strong>caelo</strong></span> <span class='ocrx_word' id='word_1_865' title='bbox 2751 4373 2770 4412; x_wconf 91' lang='lat'><strong><em>:</em></strong></span> <span class='ocrx_word' id='word_1_866' title='bbox 2794 4357 2974 4424; x_wconf 83' lang='lat' dir='ltr'><strong>Pater,</strong></span> <span class='ocrx_word' id='word_1_867' title='bbox 3031 4355 3254 4413; x_wconf 85' lang='lat' dir='ltr'><strong>Verbum</strong></span> <span class='ocrx_word' id='word_1_868' title='bbox 3279 4397 3296 4424; x_wconf 91' lang='lat'><strong>,</strong></span> <span class='ocrx_word' id='word_1_869' title='bbox 3325 4366 3372 4410; x_wconf 87' lang='lat' dir='ltr'><strong>et</strong></span> <span class='ocrx_word' id='word_1_870' title='bbox 3405 4355 3580 4428; x_wconf 86' lang='lat' dir='ltr'><strong>Spiri-</strong></span> 
     </span>
    </p>
   </div>
   <div class='ocr_carea' id='block_1_114' title="bbox 1985 4430 3578 4496">
    <p class='ocr_par' dir='ltr' id='par_1_114' title="bbox 1985 4430 3578 4496">
     <span class='ocr_line' id='line_1_116' title="bbox 1985 4430 3578 4496; baseline 0.003 -16"><span class='ocrx_word' id='word_1_871' title='bbox 1985 4436 2066 4482; x_wconf 86' lang='lat' dir='ltr'><strong>tus</strong></span> <span class='ocrx_word' id='word_1_872' title='bbox 2095 4438 2308 4484; x_wconf 86' lang='lat' dir='ltr'><strong>sauctus</strong></span> <span class='ocrx_word' id='word_1_873' title='bbox 2329 4448 2348 4485; x_wconf 88' lang='lat'><strong><em>:</em></strong></span> <span class='ocrx_word' id='word_1_874' title='bbox 2397 4440 2443 4484; x_wconf 89' lang='lat' dir='ltr'><strong>et</strong></span> <span class='ocrx_word' id='word_1_875' title='bbox 2467 4431 2522 4483; x_wconf 74' lang='lat' dir='ltr'><strong>lii</strong></span> <span class='ocrx_word' id='word_1_876' title='bbox 2550 4438 2655 4484; x_wconf 89' lang='lat' dir='ltr'><strong>tres</strong></span> <span class='ocrx_word' id='word_1_877' title='bbox 2684 4446 2843 4483; x_wconf 84' lang='lat' dir='ltr'><strong>unum</strong></span> <span class='ocrx_word' id='word_1_878' title='bbox 2871 4439 3020 4496; x_wconf 77' lang='lat' dir='ltr'><strong>sunt,</strong></span> <span class='ocrx_word' id='word_1_879' title='bbox 3054 4430 3234 4484; x_wconf 88' lang='lat' dir='ltr'><strong>addita</strong></span> <span class='ocrx_word' id='word_1_880' title='bbox 3267 4435 3578 4484; x_wconf 81' lang='lat' dir='ltr'><strong>temeritate</strong></span> 
     </span>
    </p>
   </div>
   <div class='ocr_carea' id='block_1_115' title="bbox 1986 4500 3578 4574">
    <p class='ocr_par' dir='ltr' id='par_1_115' title="bbox 1986 4500 3578 4574">
     <span class='ocr_line' id='line_1_117' title="bbox 1986 4500 3578 4574; baseline 0.001 -21"><span class='ocrx_word' id='word_1_881' title='bbox 1986 4500 2331 4574; x_wconf 82' lang='lat' dir='ltr'><strong>librariorum</strong></span> <span class='ocrx_word' id='word_1_882' title='bbox 2363 4511 2604 4574; x_wconf 82' lang='lat' dir='ltr'><strong>veterum</strong></span> <span class='ocrx_word' id='word_1_883' title='bbox 2629 4517 2645 4568; x_wconf 86' lang='lat'><strong>;</strong></span> <span class='ocrx_word' id='word_1_884' title='bbox 2672 4515 2796 4574; x_wconf 24' lang='lat' dir='ltr'><strong>Anee</strong></span> <span class='ocrx_word' id='word_1_885' title='bbox 2825 4501 2911 4574; x_wconf 16' lang='lat' dir='ltr'><strong>Aab</strong></span> <span class='ocrx_word' id='word_1_886' title='bbox 2953 4512 3174 4574; x_wconf 83' lang='lat' dir='ltr'><strong>auctore</strong></span> <span class='ocrx_word' id='word_1_887' title='bbox 3211 4500 3578 4574; x_wconf 66' lang='lat' dir='ltr'><strong>hagiographo</strong></span> 
     </span>
    </p>
   </div>
   <div class='ocr_carea' id='block_1_116' title="bbox 1985 4570 3578 4640">
    <p class='ocr_par' dir='ltr' id='par_1_116' title="bbox 1985 4570 3578 4640">
     <span class='ocr_line' id='line_1_118' title="bbox 1985 4570 3578 4640; baseline 0.003 -16"><span class='ocrx_word' id='word_1_888' title='bbox 1985 4571 2153 4626; x_wconf 87' lang='lat' dir='ltr'><strong>luisse</strong></span> <span class='ocrx_word' id='word_1_889' title='bbox 2187 4570 2517 4640; x_wconf 83' lang='lat' dir='ltr'><strong>conscripta.</strong></span> <span class='ocrx_word' id='word_1_890' title='bbox 2562 4571 2703 4628; x_wconf 88' lang='lat' dir='ltr'><strong>Proh</strong></span> <span class='ocrx_word' id='word_1_891' title='bbox 2748 4571 2934 4627; x_wconf 82' lang='lat' dir='ltr'><strong>dolor!</strong></span> <span class='ocrx_word' id='word_1_892' title='bbox 2969 4572 3171 4627; x_wconf 84' lang='lat' dir='ltr'><strong>siccine</strong></span> <span class='ocrx_word' id='word_1_893' title='bbox 3205 4570 3578 4629; x_wconf 74' lang='lat' dir='ltr'><strong>additamenta</strong></span> 
     </span>
    </p>
   </div>
   <div class='ocr_carea' id='block_1_117' title="bbox 1987 4640 3577 4710">
    <p class='ocr_par' dir='ltr' id='par_1_117' title="bbox 1987 4640 3577 4710">
     <span class='ocr_line' id='line_1_119' title="bbox 1987 4640 3577 4710; baseline 0.002 -15"><span class='ocrx_word' id='word_1_894' title='bbox 1987 4642 2357 4707; x_wconf 72' lang='lat' dir='ltr'><strong>librariorum,</strong></span> <span class='ocrx_word' id='word_1_895' title='bbox 2396 4659 2491 4710; x_wconf 91' lang='lat' dir='ltr'><strong>pro</strong></span> <span class='ocrx_word' id='word_1_896' title='bbox 2542 4652 2693 4698; x_wconf 84' lang='lat' dir='ltr'><strong>textu</strong></span> <span class='ocrx_word' id='word_1_897' title='bbox 2727 4654 2882 4697; x_wconf 74' lang='lat' dir='ltr'><strong>sacro</strong></span> <span class='ocrx_word' id='word_1_898' title='bbox 2921 4641 3078 4698; x_wconf 90' lang='lat' dir='ltr'><strong>nobis</strong></span> <span class='ocrx_word' id='word_1_899' title='bbox 3137 4640 3452 4697; x_wconf 90' lang='lat' dir='ltr'><strong>obtruderet</strong></span> <span class='ocrx_word' id='word_1_900' title='bbox 3477 4642 3577 4698; x_wconf 86' lang='lat' dir='ltr'><strong>Ec-</strong></span> 
     </span>
    </p>
   </div>
   <div class='ocr_carea' id='block_1_118' title="bbox 1981 4713 3576 4781">
    <p class='ocr_par' dir='ltr' id='par_1_118' title="bbox 1981 4713 3576 4781">
     <span class='ocr_line' id='line_1_120' title="bbox 1981 4713 3576 4781; baseline 0.002 -15"><span class='ocrx_word' id='word_1_901' title='bbox 1981 4713 2148 4768; x_wconf 88' lang='lat' dir='ltr'><strong>clesia</strong></span> <span class='ocrx_word' id='word_1_902' title='bbox 2185 4714 2313 4781; x_wconf 87' lang='lat' dir='ltr'><strong>Dei,</strong></span> <span class='ocrx_word' id='word_1_903' title='bbox 2355 4715 2606 4769; x_wconf 89' lang='lat' dir='ltr'><strong>columna</strong></span> <span class='ocrx_word' id='word_1_904' title='bbox 2657 4724 2710 4769; x_wconf 88' lang='lat' dir='ltr'><strong>et</strong></span> <span class='ocrx_word' id='word_1_905' title='bbox 2759 4719 3158 4770; x_wconf 76' lang='lat' dir='ltr'><strong>ﬁrmamentum</strong></span> <span class='ocrx_word' id='word_1_906' title='bbox 3205 4713 3488 4778; x_wconf 83' lang='lat' dir='ltr'><strong>veritatis;</strong></span> <span class='ocrx_word' id='word_1_907' title='bbox 3524 4713 3576 4769; x_wconf 91' lang='lat' dir='ltr'><strong>in</strong></span> 
     </span>
    </p>
   </div>
   <div class='ocr_carea' id='block_1_119' title="bbox 1987 4785 3580 4856">
    <p class='ocr_par' dir='ltr' id='par_1_119' title="bbox 1987 4785 3580 4856">
     <span class='ocr_line' id='line_1_121' title="bbox 1987 4785 3580 4856; baseline 0.003 -19"><span class='ocrx_word' id='word_1_908' title='bbox 1987 4787 2051 4839; x_wconf 86' lang='lat' dir='ltr'><strong>iis</strong></span> <span class='ocrx_word' id='word_1_909' title='bbox 2075 4785 2307 4840; x_wconf 88' lang='lat' dir='ltr'><strong>maxime</strong></span> <span class='ocrx_word' id='word_1_910' title='bbox 2335 4785 2637 4856; x_wconf 87' lang='lat' dir='ltr'><strong>Scripturae</strong></span> <span class='ocrx_word' id='word_1_911' title='bbox 2659 4800 2828 4841; x_wconf 70' lang='lat' dir='ltr'><strong>sacrae</strong></span> <span class='ocrx_word' id='word_1_912' title='bbox 2862 4787 3181 4849; x_wconf 85' lang='lat' dir='ltr'><strong>sententiis,</strong></span> <span class='ocrx_word' id='word_1_913' title='bbox 3211 4786 3354 4840; x_wconf 88' lang='lat' dir='ltr'><strong>unde</strong></span> <span class='ocrx_word' id='word_1_914' title='bbox 3382 4785 3580 4853; x_wconf 86' lang='lat' dir='ltr'><strong>pendet</strong></span> 
     </span>
    </p>
   </div>
   <div class='ocr_carea' id='block_1_120' title="bbox 290 4855 3572 4947">
    <p class='ocr_par' dir='ltr' id='par_1_120' title="bbox 290 4855 3572 4947">
     <span class='ocr_line' id='line_1_122' title="bbox 290 4855 3572 4947; baseline -0.001 -31"><span class='ocrx_word' id='word_1_915' title='bbox 290 4863 633 4947; x_wconf 59' lang='lat' dir='ltr'><strong>debuissent,</strong></span> <span class='ocrx_word' id='word_1_916' title='bbox 665 4861 717 4914; x_wconf 89' lang='lat' dir='ltr'><strong>in</strong></span> <span class='ocrx_word' id='word_1_917' title='bbox 740 4862 900 4915; x_wconf 76' lang='lat' dir='ltr'><strong>caelo:</strong></span> <span class='ocrx_word' id='word_1_918' title='bbox 930 4857 1114 4924; x_wconf 86' lang='lat' dir='ltr'><strong>Pater,</strong></span> <span class='ocrx_word' id='word_1_919' title='bbox 1163 4855 1404 4920; x_wconf 81' lang='lat' dir='ltr'><strong>Verbum,</strong></span> <span class='ocrx_word' id='word_1_920' title='bbox 1434 4864 1481 4910; x_wconf 85' lang='lat' dir='ltr'><strong>et</strong></span> <span class='ocrx_word' id='word_1_921' title='bbox 1505 4855 1734 4947; x_wconf 51' lang='lat' dir='ltr'><strong>Spiritus</strong></span> <span class='ocrx_word' id='word_1_922' title='bbox 1760 4873 1880 4947; x_wconf 65' lang='lat' dir='ltr'><strong>sqrt-</strong></span> <span class='ocrx_word' id='word_1_923' title='bbox 1913 4888 1961 4947; x_wconf 70' lang='grc' dir='ltr'>υ</span> <span class='ocrx_word' id='word_1_924' title='bbox 1990 4857 2121 4910; x_wconf 82' lang='lat' dir='ltr'><strong>lidcs</strong></span> <span class='ocrx_word' id='word_1_925' title='bbox 2157 4855 2517 4947; x_wconf 44' lang='lat' dir='ltr'><strong>sanctissima</strong></span> <span class='ocrx_word' id='word_1_926' title='bbox 2546 4856 2874 4947; x_wconf 60' lang='lat' dir='ltr'><strong>Trinitatis?</strong></span> <span class='ocrx_word' id='word_1_927' title='bbox 2901 4857 3008 4914; x_wconf 88' lang='lat' dir='ltr'><strong>Sed</strong></span> <span class='ocrx_word' id='word_1_928' title='bbox 3027 4858 3304 4941; x_wconf 41' lang='lat' dir='ltr'><strong>.Ecclcsia:</strong></span> <span class='ocrx_word' id='word_1_929' title='bbox 3318 4857 3572 4947; x_wconf 63' lang='lat' dir='ltr'><strong>,“inquit,</strong></span> 
     </span>
    </p>
   </div>
   <div class='ocr_carea' id='block_1_121' title="bbox 291 4926 1879 4996">
    <p class='ocr_par' dir='ltr' id='par_1_121' title="bbox 291 4926 1879 4996">
     <span class='ocr_line' id='line_1_123' title="bbox 291 4926 1879 4996; baseline -0.003 -9"><span class='ocrx_word' id='word_1_930' title='bbox 291 4942 442 4987; x_wconf 79' lang='lat' dir='ltr'><strong>ctus:</strong></span> <span class='ocrx_word' id='word_1_931' title='bbox 471 4946 515 4987; x_wconf 86' lang='lat' dir='ltr'><strong>et</strong></span> <span class='ocrx_word' id='word_1_932' title='bbox 541 4932 596 4986; x_wconf 78' lang='lat' dir='ltr'><strong>lii</strong></span> <span class='ocrx_word' id='word_1_933' title='bbox 623 4926 731 4987; x_wconf 85' lang='lat' dir='ltr'><strong>tres</strong></span> <span class='ocrx_word' id='word_1_934' title='bbox 759 4947 918 4985; x_wconf 85' lang='lat' dir='ltr'><strong>unum</strong></span> <span class='ocrx_word' id='word_1_935' title='bbox 940 4937 1057 4984; x_wconf 85' lang='lat' dir='ltr'><strong>sunt</strong></span> <span class='ocrx_word' id='word_1_936' title='bbox 1083 4942 1099 4981; x_wconf 92' lang='lat'><em>:</em></span> <span class='ocrx_word' id='word_1_937' title='bbox 1127 4937 1524 4995; x_wconf 85' lang='lat' dir='ltr'><strong>conSeqnenter</strong></span> <span class='ocrx_word' id='word_1_938' title='bbox 1553 4926 1624 4980; x_wconf 85' lang='lat' dir='ltr'><strong>ad</strong></span> <span class='ocrx_word' id='word_1_939' title='bbox 1651 4927 1762 4996; x_wconf 86' lang='lat' dir='ltr'><strong>jam</strong></span> <span class='ocrx_word' id='word_1_940' title='bbox 1791 4926 1879 4982; x_wconf 90' lang='lat' dir='ltr'><strong>di-</strong></span> 
     </span>
    </p>
   </div>
   <div class='ocr_carea' id='block_1_122' title="bbox 285 5000 1888 5080">
    <p class='ocr_par' dir='ltr' id='par_1_122' title="bbox 285 5000 1888 5080">
     <span class='ocr_line' id='line_1_124' title="bbox 285 5000 1888 5080; baseline -0.004 -19"><span class='ocrx_word' id='word_1_941' title='bbox 285 5016 375 5080; x_wconf 84' lang='lat' dir='ltr'><strong>cta</strong></span> <span class='ocrx_word' id='word_1_942' title='bbox 404 5006 607 5080; x_wconf 82' lang='lat' dir='ltr'><strong>verba,</strong></span> <span class='ocrx_word' id='word_1_943' title='bbox 638 5002 716 5080; x_wconf 64' lang='grc' dir='ltr'><strong>ᾅτι</strong></span> <span class='ocrx_word' id='word_1_944' title='bbox 741 5009 880 5080; x_wconf 72' lang='grc' dir='ltr'><strong>τρεῖς</strong></span> <span class='ocrx_word' id='word_1_945' title='bbox 909 5000 1057 5066; x_wconf 64' lang='lat' dir='ltr'><strong>erat»,</strong></span> <span class='ocrx_word' id='word_1_946' title='bbox 1083 5010 1188 5080; x_wconf 77' lang='lat' dir='ltr'><strong>etc.</strong></span> <span class='ocrx_word' id='word_1_947' title='bbox 1216 5039 1233 5062; x_wconf 93' lang='lat'><strong>,</strong></span> <span class='ocrx_word' id='word_1_948' title='bbox 1265 5007 1582 5080; x_wconf 74' lang='lat' dir='ltr'><strong>posuerunt</strong></span> <span class='ocrx_word' id='word_1_949' title='bbox 1624 5000 1723 5080; x_wconf 58' lang='lat' dir='ltr'><strong>ista</strong></span> <span class='ocrx_word' id='word_1_950' title='bbox 1753 5001 1888 5080; x_wconf 85' lang='lat' dir='ltr'><strong>alte-_</strong></span> 
     </span>
    </p>
   </div>
   <div class='ocr_carea' id='block_1_123' title="bbox 287 5069 1888 5150">
    <p class='ocr_par' dir='ltr' id='par_1_123' title="bbox 287 5069 1888 5150">
     <span class='ocr_line' id='line_1_125' title="bbox 287 5069 1888 5150; baseline -0.002 -18"><span class='ocrx_word' id='word_1_951' title='bbox 287 5069 688 5150; x_wconf 76' lang='lat' dir='ltr'><strong>rius_versi¢uli</strong></span> <span class='ocrx_word' id='word_1_952' title='bbox 715 5093 741 5150; x_wconf 84' lang='lat'><strong>:_</strong></span> <span class='ocrx_word' id='word_1_953' title='bbox 773 5069 828 5129; x_wconf 63' lang='grc' dir='ltr'><strong>ἓν</strong></span> <span class='ocrx_word' id='word_1_954' title='bbox 858 5083 920 5150; x_wconf 74' lang='grc' dir='ltr'><strong>τῇ</strong></span> <span class='ocrx_word' id='word_1_955' title='bbox 958 5082 1038 5150; x_wconf 67' lang='grc' dir='ltr'><strong>γῇ⁵</strong></span> <span class='ocrx_word' id='word_1_956' title='bbox 1083 5074 1141 5150; x_wconf 58' lang='grc' dir='ltr'><strong>τὸ</strong></span> <span class='ocrx_word' id='word_1_957' title='bbox 1160 5074 1507 5150; x_wconf 43' lang='grc' dir='ltr'><strong>μνεᾷμα,.κριὶ</strong></span> <span class='ocrx_word' id='word_1_958' title='bbox 1531 5071 1589 5127; x_wconf 84' lang='grc' dir='ltr'><strong>τὸ</strong></span> <span class='ocrx_word' id='word_1_959' title='bbox 1617 5069 1773 5150; x_wconf 55' lang='lat' dir='ltr'><strong>fidem,</strong></span> <span class='ocrx_word' id='word_1_960' title='bbox 1801 5076 1888 5128; x_wconf 82' lang='grc' dir='ltr'><strong>καὶ</strong></span> 
     </span>
    </p>
   </div>
   <div class='ocr_carea' id='block_1_124' title="bbox 289 5143 1888 5224">
    <p class='ocr_par' dir='ltr' id='par_1_124' title="bbox 289 5143 1888 5224">
     <span class='ocr_line' id='line_1_126' title="bbox 289 5143 1888 5224; baseline -0.004 -20"><span class='ocrx_word' id='word_1_961' title='bbox 289 5148 349 5205; x_wconf 82' lang='grc' dir='ltr'><strong>τὸ</strong></span> <span class='ocrx_word' id='word_1_962' title='bbox 378 5144 522 5220; x_wconf 51' lang='lat' dir='ltr'><strong>«iur</strong></span> <span class='ocrx_word' id='word_1_963' title='bbox 569 5151 650 5203; x_wconf 76' lang='grc' dir='ltr'><strong>καὶ</strong></span> <span class='ocrx_word' id='word_1_964' title='bbox 693 5147 742 5201; x_wconf 81' lang='grc' dir='ltr'><strong>οἱ</strong></span> <span class='ocrx_word' id='word_1_965' title='bbox 768 5143 906 5224; x_wconf 80' lang='grc' dir='ltr'><strong>τρεῖέ</strong></span> <span class='ocrx_word' id='word_1_966' title='bbox 943 5143 1014 5206; x_wconf 58' lang='lat' dir='ltr'><strong>sic</strong></span> <span class='ocrx_word' id='word_1_967' title='bbox 1052 5144 1110 5200; x_wconf 86' lang='grc' dir='ltr'><strong>τὸ</strong></span> <span class='ocrx_word' id='word_1_968' title='bbox 1135 5145 1206 5224; x_wconf 40' lang='grc' dir='ltr'><strong>ιὲν</strong></span> <span class='ocrx_word' id='word_1_969' title='bbox 1237 5146 1386 5224; x_wconf 52' lang='grc' dir='ltr'><strong>εἰσινε</strong></span> <span class='ocrx_word' id='word_1_970' title='bbox 1411 5143 1462 5196; x_wconf 87' lang='lat' dir='ltr'><strong>id</strong></span> <span class='ocrx_word' id='word_1_971' title='bbox 1488 5151 1594 5208; x_wconf 82' lang='lat' dir='ltr'><strong>est,</strong></span> <span class='ocrx_word' id='word_1_972' title='bbox 1628 5145 1681 5195; x_wconf 82' lang='lat' dir='ltr'><strong>in</strong></span> <span class='ocrx_word' id='word_1_973' title='bbox 1709 5154 1844 5198; x_wconf 89' lang='lat' dir='ltr'><strong>terra</strong></span> <span class='ocrx_word' id='word_1_974' title='bbox 1868 5160 1888 5198; x_wconf 90' lang='lat'><strong><em>:</em></strong></span> 
     </span>
    </p>
   </div>
   <div class='ocr_carea' id='block_1_125' title="bbox 291 5215 1882 5290">
    <p class='ocr_par' dir='ltr' id='par_1_125' title="bbox 291 5215 1882 5290">
     <span class='ocr_line' id='line_1_127' title="bbox 291 5215 1882 5290; baseline -0.005 -16"><span class='ocrx_word' id='word_1_975' title='bbox 291 5215 550 5290; x_wconf 86' lang='lat' dir='ltr'><strong>Spiritus,</strong></span> <span class='ocrx_word' id='word_1_976' title='bbox 601 5227 648 5272; x_wconf 87' lang='lat' dir='ltr'><strong>et</strong></span> <span class='ocrx_word' id='word_1_977' title='bbox 674 5215 811 5288; x_wconf 77' lang='lat' dir='ltr'><strong>aqud</strong></span> <span class='ocrx_word' id='word_1_978' title='bbox 830 5259 846 5283; x_wconf 97' lang='lat'><strong>,</strong></span> <span class='ocrx_word' id='word_1_979' title='bbox 868 5229 935 5290; x_wconf 13' lang='lat' dir='ltr'><strong>iet</strong></span> <span class='ocrx_word' id='word_1_980' title='bbox 960 5215 1173 5290; x_wconf 82' lang='lat' dir='ltr'><strong>sanguis</strong></span> <span class='ocrx_word' id='word_1_981' title='bbox 1199 5231 1218 5268; x_wconf 93' lang='lat'><em>:</em></span> <span class='ocrx_word' id='word_1_982' title='bbox 1256 5226 1302 5290; x_wconf 77' lang='lat' dir='ltr'><strong>et</strong></span> <span class='ocrx_word' id='word_1_983' title='bbox 1334 5216 1395 5290; x_wconf 81' lang='lat' dir='ltr'><strong>hi</strong></span> <span class='ocrx_word' id='word_1_984' title='bbox 1418 5223 1539 5290; x_wconf 82' lang='lat' dir='ltr'><strong>tres_</strong></span> <span class='ocrx_word' id='word_1_985' title='bbox 1558 5227 1717 5266; x_wconf 89' lang='lat' dir='ltr'><strong>unum</strong></span> <span class='ocrx_word' id='word_1_986' title='bbox 1741 5229 1882 5290; x_wconf 70' lang='lat' dir='ltr'><strong>sunt.</strong></span> 
     </span>
    </p>
   </div>
   <div class='ocr_carea' id='block_1_126' title="bbox 289 5287 1884 5360">
    <p class='ocr_par' dir='ltr' id='par_1_126' title="bbox 289 5287 1884 5360">
     <span class='ocr_line' id='line_1_128' title="bbox 289 5287 1884 5360; baseline -0.003 -14"><span class='ocrx_word' id='word_1_987' title='bbox 289 5287 614 5360; x_wconf 55' lang='lat' dir='ltr'><strong>II&#39;ujusmodi</strong></span> <span class='ocrx_word' id='word_1_988' title='bbox 659 5287 1069 5360; x_wconf 67' lang='lat' dir='ltr'><strong>esetnplaribus</strong></span> <span class='ocrx_word' id='word_1_989' title='bbox 1099 5287 1430 5360; x_wconf 80' lang='lat' dir='ltr'><strong>iinperl&#39;ectis</strong></span> <span class='ocrx_word' id='word_1_990' title='bbox 1464 5287 1542 5340; x_wconf 88' lang='lat' dir='ltr'><strong>usi</strong></span> <span class='ocrx_word' id='word_1_991' title='bbox 1587 5299 1711 5338; x_wconf 88' lang='lat' dir='ltr'><strong>sunt</strong></span> <span class='ocrx_word' id='word_1_992' title='bbox 1737 5288 1884 5355; x_wconf 89' lang='lat' dir='ltr'><strong>apud</strong></span> 
     </span>
    </p>
   </div>
   <div class='ocr_carea' id='block_1_127' title="bbox 291 5356 1880 5432">
    <p class='ocr_par' dir='ltr' id='par_1_127' title="bbox 291 5356 1880 5432">
     <span class='ocr_line' id='line_1_129' title="bbox 291 5356 1880 5432; baseline -0.004 -14"><span class='ocrx_word' id='word_1_993' title='bbox 291 5356 516 5418; x_wconf 74' lang='lat' dir='ltr'><strong>Laiinos</strong></span> <span class='ocrx_word' id='word_1_994' title='bbox 542 5363 634 5432; x_wconf 92' lang='lat' dir='ltr'><strong>qui</strong></span> <span class='ocrx_word' id='word_1_995' title='bbox 667 5356 856 5417; x_wconf 70' lang='lat' dir='ltr'><strong>Graeca</strong></span> <span class='ocrx_word' id='word_1_996' title='bbox 903 5358 1162 5428; x_wconf 66' lang='lat' dir='ltr'><strong>Epistolis:</strong></span> <span class='ocrx_word' id='word_1_997' title='bbox 1208 5356 1453 5432; x_wconf 56' lang='lat' dir='ltr'><strong>Joannis</strong></span> <span class='ocrx_word' id='word_1_998' title='bbox 1478 5365 1880 5432; x_wconf 72' lang='lat' dir='ltr'><strong>convertentes,</strong></span> 
     </span>
    </p>
   </div>
   <div class='ocr_carea' id='block_1_128' title="bbox 293 5426 1878 5504">
    <p class='ocr_par' dir='ltr' id='par_1_128' title="bbox 293 5426 1878 5504">
     <span class='ocr_line' id='line_1_130' title="bbox 293 5426 1878 5504; baseline -0.004 -16"><span class='ocrx_word' id='word_1_999' title='bbox 293 5426 573 5504; x_wconf 72' lang='lat' dir='ltr'><strong>integrum</strong></span> <span class='ocrx_word' id='word_1_1000' title='bbox 598 5433 924 5487; x_wconf 82' lang='lat' dir='ltr'><strong>versiculum</strong></span> <span class='ocrx_word' id='word_1_1001' title='bbox 955 5426 1250 5498; x_wconf 77' lang='lat' dir='ltr'><strong>omittunt,</strong></span> <span class='ocrx_word' id='word_1_1002' title='bbox 1273 5431 1374 5504; x_wconf 65' lang='grc' dir='ltr'><strong>ΔιιΙιι</strong></span> <span class='ocrx_word' id='word_1_1003' title='bbox 1413 5426 1878 5504; x_wconf 66' lang='lat' dir='ltr'><strong>Pitter,_Verliit_n_t,</strong></span> 
     </span>
    </p>
   </div>
   <div class='ocr_carea' id='block_1_129' title="bbox 293 5496 1880 5574">
    <p class='ocr_par' dir='ltr' id='par_1_129' title="bbox 293 5496 1880 5574">
     <span class='ocr_line' id='line_1_131' title="bbox 293 5496 1880 5574; baseline -0.004 -15"><span class='ocrx_word' id='word_1_1004' title='bbox 293 5513 341 5559; x_wconf 83' lang='lat' dir='ltr'><strong>et</strong></span> <span class='ocrx_word' id='word_1_1005' title='bbox 371 5496 603 5574; x_wconf 61' lang='lat' dir='ltr'><strong>Spiritus</strong></span> <span class='ocrx_word' id='word_1_1006' title='bbox 640 5513 876 5570; x_wconf 87' lang='lat' dir='ltr'><strong>sanctus,</strong></span> <span class='ocrx_word' id='word_1_1007' title='bbox 903 5517 1069 5574; x_wconf 87' lang='lat' dir='ltr'><strong>unum</strong></span> <span class='ocrx_word' id='word_1_1008' title='bbox 1103 5496 1526 5574; x_wconf 77' lang='lat' dir='ltr'><strong>essedicuntur.</strong></span> <span class='ocrx_word' id='word_1_1009' title='bbox 1583 5496 1694 5554; x_wconf 87' lang='lat' dir='ltr'><strong>Nec</strong></span> <span class='ocrx_word' id='word_1_1010' title='bbox 1723 5496 1880 5574; x_wconf 42' lang='lat' dir='ltr'><strong>quidé</strong></span> 
     </span>
    </p>
   </div>
   <div class='ocr_carea' id='block_1_130' title="bbox 294 5571 1878 5644">
    <p class='ocr_par' dir='ltr' id='par_1_130' title="bbox 294 5571 1878 5644">
     <span class='ocr_line' id='line_1_132' title="bbox 294 5571 1878 5644; baseline -0.001 -17"><span class='ocrx_word' id='word_1_1011' title='bbox 294 5571 457 5644; x_wconf 88' lang='lat' dir='ltr'><strong>quam</strong></span> <span class='ocrx_word' id='word_1_1012' title='bbox 521 5576 690 5630; x_wconf 82' lang='lat' dir='ltr'><strong>ollicit</strong></span> <span class='ocrx_word' id='word_1_1013' title='bbox 745 5571 1117 5630; x_wconf 87' lang='lat' dir='ltr'><strong>emendationi</strong></span> <span class='ocrx_word' id='word_1_1014' title='bbox 1166 5572 1604 5643; x_wconf 67' lang='lat' dir='ltr'><strong>Hieronymiana:</strong></span> <span class='ocrx_word' id='word_1_1015' title='bbox 1650 5573 1878 5626; x_wconf 86' lang='lat' dir='ltr'><strong>mutilati</strong></span> 
     </span>
    </p>
   </div>
   <div class='ocr_carea' id='block_1_131' title="bbox 294 5644 1879 5716">
    <p class='ocr_par' dir='ltr' id='par_1_131' title="bbox 294 5644 1879 5716">
     <span class='ocr_line' id='line_1_133' title="bbox 294 5644 1879 5716; baseline -0.002 -15"><span class='ocrx_word' id='word_1_1016' title='bbox 294 5647 624 5716; x_wconf 81' lang='lat' dir='ltr'><strong>exemplaris</strong></span> <span class='ocrx_word' id='word_1_1017' title='bbox 646 5647 931 5710; x_wconf 80' lang='lat' dir='ltr'><strong>defectus;</strong></span> <span class='ocrx_word' id='word_1_1018' title='bbox 959 5644 1168 5700; x_wconf 81' lang='lat' dir='ltr'><strong>etiamsi</strong></span> <span class='ocrx_word' id='word_1_1019' title='bbox 1187 5649 1562 5716; x_wconf 12' lang='lat' dir='ltr'><strong>concedamus,</strong></span> <span class='ocrx_word' id='word_1_1020' title='bbox 1577 5645 1746 5716; x_wconf 80' lang='lat' dir='ltr'><strong>ipsam</strong></span> <span class='ocrx_word' id='word_1_1021' title='bbox 1774 5660 1879 5699; x_wconf 91' lang='lat' dir='ltr'><strong>non</strong></span> 
     </span>
    </p>
   </div>
   <div class='ocr_carea' id='block_1_132' title="bbox 293 5714 1880 5786">
    <p class='ocr_par' dir='ltr' id='par_1_132' title="bbox 293 5714 1880 5786">
     <span class='ocr_line' id='line_1_134' title="bbox 293 5714 1880 5786; baseline -0.002 -14"><span class='ocrx_word' id='word_1_1022' title='bbox 293 5714 551 5773; x_wconf 82' lang='lat' dir='ltr'><strong>habuisse</strong></span> <span class='ocrx_word' id='word_1_1023' title='bbox 590 5721 915 5773; x_wconf 87' lang='lat' dir='ltr'><strong>versiculum</strong></span> <span class='ocrx_word' id='word_1_1024' title='bbox 947 5717 978 5770; x_wconf 86' lang='lat'><strong>7</strong></span> <span class='ocrx_word' id='word_1_1025' title='bbox 1007 5732 1126 5786; x_wconf 90' lang='lat' dir='ltr'><strong>cap.</strong></span> <span class='ocrx_word' id='word_1_1026' title='bbox 1169 5731 1201 5770; x_wconf 92' lang='lat' dir='ltr'><strong>v</strong></span> <span class='ocrx_word' id='word_1_1027' title='bbox 1241 5715 1504 5786; x_wconf 59' lang='lat' dir='ltr'><strong>Epistolte</strong></span> <span class='ocrx_word' id='word_1_1028' title='bbox 1551 5715 1569 5770; x_wconf 94' lang='lat' dir='ltr'><strong>I</strong></span> <span class='ocrx_word' id='word_1_1029' title='bbox 1631 5714 1880 5770; x_wconf 82' lang='lat' dir='ltr'><strong>S..loan-</strong></span> 
     </span>
    </p>
   </div>
   <div class='ocr_carea' id='block_1_133' title="bbox 293 5785 1878 5858">
    <p class='ocr_par' dir='ltr' id='par_1_133' title="bbox 293 5785 1878 5858">
     <span class='ocr_line' id='line_1_135' title="bbox 293 5785 1878 5858; baseline -0.001 -15"><span class='ocrx_word' id='word_1_1030' title='bbox 293 5790 410 5844; x_wconf 89' lang='lat' dir='ltr'><strong>nis:</strong></span> <span class='ocrx_word' id='word_1_1031' title='bbox 445 5791 586 5843; x_wconf 85' lang='lat' dir='ltr'><strong>sicut</strong></span> <span class='ocrx_word' id='word_1_1032' title='bbox 618 5804 718 5843; x_wconf 89' lang='lat' dir='ltr'><strong>nec</strong></span> <span class='ocrx_word' id='word_1_1033' title='bbox 749 5800 942 5855; x_wconf 89' lang='lat' dir='ltr'><strong>nocet,</strong></span> <span class='ocrx_word' id='word_1_1034' title='bbox 975 5785 1119 5858; x_wconf 86' lang='lat' dir='ltr'><strong>quod</strong></span> <span class='ocrx_word' id='word_1_1035' title='bbox 1151 5787 1202 5840; x_wconf 91' lang='lat' dir='ltr'><strong>in</strong></span> <span class='ocrx_word' id='word_1_1036' title='bbox 1227 5802 1352 5841; x_wconf 90' lang='lat' dir='ltr'><strong>vera</strong></span> <span class='ocrx_word' id='word_1_1037' title='bbox 1395 5785 1450 5842; x_wconf 93' lang='lat' dir='ltr'><strong>S.</strong></span> <span class='ocrx_word' id='word_1_1038' title='bbox 1488 5785 1738 5858; x_wconf 86' lang='lat' dir='ltr'><strong>Doctoris</strong></span> <span class='ocrx_word' id='word_1_1039' title='bbox 1763 5788 1878 5842; x_wconf 80' lang='lat' dir='ltr'><strong>edi-</strong></span> 
     </span>
    </p>
   </div>
   <div class='ocr_carea' id='block_1_134' title="bbox 293 5857 1877 5930">
    <p class='ocr_par' dir='ltr' id='par_1_134' title="bbox 293 5857 1877 5930">
     <span class='ocr_line' id='line_1_136' title="bbox 293 5857 1877 5930; baseline 0.002 -18"><span class='ocrx_word' id='word_1_1040' title='bbox 293 5861 442 5917; x_wconf 88' lang='lat' dir='ltr'><strong>tione</strong></span> <span class='ocrx_word' id='word_1_1041' title='bbox 472 5861 592 5917; x_wconf 88' lang='lat' dir='ltr'><strong>libri</strong></span> <span class='ocrx_word' id='word_1_1042' title='bbox 626 5860 809 5929; x_wconf 86' lang='lat' dir='ltr'><strong>Josue,</strong></span> <span class='ocrx_word' id='word_1_1043' title='bbox 839 5861 906 5916; x_wconf 92' lang='lat' dir='ltr'><strong>de</strong></span> <span class='ocrx_word' id='word_1_1044' title='bbox 929 5857 1034 5930; x_wconf 81' lang='lat' dir='ltr'><strong>quo</strong></span> <span class='ocrx_word' id='word_1_1045' title='bbox 1060 5874 1222 5928; x_wconf 86' lang='lat' dir='ltr'><strong>supra</strong></span> <span class='ocrx_word' id='word_1_1046' title='bbox 1254 5858 1567 5930; x_wconf 81' lang='lat' dir='ltr'><strong>dicebamus</strong></span> <span class='ocrx_word' id='word_1_1047' title='bbox 1594 5903 1608 5925; x_wconf 90' lang='lat'><strong>,</strong></span> <span class='ocrx_word' id='word_1_1048' title='bbox 1643 5857 1877 5916; x_wconf 74' lang='lat' dir='ltr'><strong>abfuerit</strong></span> 
     </span>
    </p>
   </div>
   <div class='ocr_carea' id='block_1_135' title="bbox 197 5929 1880 6007">
    <p class='ocr_par' dir='ltr' id='par_1_135' title="bbox 197 5929 1880 6007">
     <span class='ocr_line' id='line_1_137' title="bbox 197 5929 1880 6007; baseline 0.003 -17"><span class='ocrx_word' id='word_1_1049' title='bbox 197 6003 201 6007; x_wconf 13' lang='grc' dir='ltr'>ἰ</span> <span class='ocrx_word' id='word_1_1050' title='bbox 290 5932 484 5991; x_wconf 86' lang='lat' dir='ltr'><strong>eadem</strong></span> <span class='ocrx_word' id='word_1_1051' title='bbox 513 5935 769 6006; x_wconf 83' lang='lat' dir='ltr'><strong>pericope</strong></span> <span class='ocrx_word' id='word_1_1052' title='bbox 792 5976 808 6006; x_wconf 94' lang='lat'><strong>,</strong></span> <span class='ocrx_word' id='word_1_1053' title='bbox 857 5929 979 6005; x_wconf 74' lang='lat' dir='ltr'><strong>qua:</strong></span> <span class='ocrx_word' id='word_1_1054' title='bbox 1009 5933 1064 5993; x_wconf 87' lang='lat' dir='ltr'><strong>in</strong></span> <span class='ocrx_word' id='word_1_1055' title='bbox 1090 5930 1493 6002; x_wconf 81' lang='lat' dir='ltr'><strong>exemplaribus</strong></span> <span class='ocrx_word' id='word_1_1056' title='bbox 1520 5929 1738 5994; x_wconf 65' lang='lat' dir='ltr'><strong>Inutilis</strong></span> <span class='ocrx_word' id='word_1_1057' title='bbox 1768 5945 1880 5997; x_wconf 79' lang='lat' dir='ltr'><strong>non</strong></span> 
     </span>
    </p>
   </div>
   <div class='ocr_carea' id='block_1_136' title="bbox 1991 4927 3582 5000">
    <p class='ocr_par' dir='ltr' id='par_1_136' title="bbox 1991 4927 3582 5000">
     <span class='ocr_line' id='line_1_138' title="bbox 1991 4927 3582 5000; baseline 0.004 -21"><span class='ocrx_word' id='word_1_1058' title='bbox 1991 4931 2290 5000; x_wconf 83' lang='lat' dir='ltr'><strong>auctoritas</strong></span> <span class='ocrx_word' id='word_1_1059' title='bbox 2320 4927 2494 5000; x_wconf 85' lang='lat' dir='ltr'><strong>hodie</strong></span> <span class='ocrx_word' id='word_1_1060' title='bbox 2513 4929 2670 5000; x_wconf 66' lang='lat' dir='ltr'><strong>nobis</strong></span> <span class='ocrx_word' id='word_1_1061' title='bbox 2699 4927 2896 5000; x_wconf 85' lang='lat' dir='ltr'><strong>ingerit</strong></span> <span class='ocrx_word' id='word_1_1062' title='bbox 2917 4930 3285 4985; x_wconf 89' lang='lat' dir='ltr'><strong>testimonium</strong></span> <span class='ocrx_word' id='word_1_1063' title='bbox 3318 4927 3484 4998; x_wconf 79' lang='lat' dir='ltr'><strong>illud,</strong></span> <span class='ocrx_word' id='word_1_1064' title='bbox 3521 4939 3582 4986; x_wconf 84' lang='lat' dir='ltr'><strong>tit</strong></span> 
     </span>
    </p>
   </div>
   <div class='ocr_carea' id='block_1_137' title="bbox 1989 4993 3581 5071">
    <p class='ocr_par' dir='ltr' id='par_1_137' title="bbox 1989 4993 3581 5071">
     <span class='ocr_line' id='line_1_139' title="bbox 1989 4993 3581 5071; baseline 0.005 -21"><span class='ocrx_word' id='word_1_1065' title='bbox 1989 4999 2355 5054; x_wconf 82' lang='lat' dir='ltr'><strong>authenticatn</strong></span> <span class='ocrx_word' id='word_1_1066' title='bbox 2380 4993 2742 5071; x_wconf 76' lang='lat' dir='ltr'><strong>ScriptuFam.</strong></span> <span class='ocrx_word' id='word_1_1067' title='bbox 2760 4993 2938 5066; x_wconf 64' lang='lat' dir='ltr'><strong>&#39;Quasi</strong></span> <span class='ocrx_word' id='word_1_1068' title='bbox 2964 5017 3092 5057; x_wconf 91' lang='lat' dir='ltr'><strong>vero</strong></span> <span class='ocrx_word' id='word_1_1069' title='bbox 3115 5003 3293 5070; x_wconf 84' lang='lat' dir='ltr'><strong>aliqua</strong></span> <span class='ocrx_word' id='word_1_1070' title='bbox 3319 4993 3581 5058; x_wconf 71' lang='lat' dir='ltr'><strong>Ecclesiae</strong></span> 
     </span>
    </p>
   </div>
   <div class='ocr_carea' id='block_1_138' title="bbox 1990 5071 3581 5144">
    <p class='ocr_par' dir='ltr' id='par_1_138' title="bbox 1990 5071 3581 5144">
     <span class='ocr_line' id='line_1_140' title="bbox 1990 5071 3581 5144; baseline 0.002 -19"><span class='ocrx_word' id='word_1_1071' title='bbox 1990 5071 2192 5126; x_wconf 83' lang='lat' dir='ltr'><strong>Christi</strong></span> <span class='ocrx_word' id='word_1_1072' title='bbox 2241 5074 2539 5126; x_wconf 74' lang='lat' dir='ltr'><strong>auctoritas</strong></span> <span class='ocrx_word' id='word_1_1073' title='bbox 2586 5077 2969 5142; x_wconf 83' lang='lat' dir='ltr'><strong>corruptelas,</strong></span> <span class='ocrx_word' id='word_1_1074' title='bbox 3014 5073 3494 5144; x_wconf 88' lang='lat' dir='ltr'><strong>interpolationes,</strong></span> <span class='ocrx_word' id='word_1_1075' title='bbox 3525 5083 3581 5130; x_wconf 89' lang='lat' dir='ltr'><strong>et</strong></span> 
     </span>
    </p>
   </div>
   <div class='ocr_carea' id='block_1_139' title="bbox 1991 5143 3583 5212">
    <p class='ocr_par' dir='ltr' id='par_1_139' title="bbox 1991 5143 3583 5212">
     <span class='ocr_line' id='line_1_141' title="bbox 1991 5143 3583 5212; baseline 0.003 -16"><span class='ocrx_word' id='word_1_1076' title='bbox 1991 5152 2186 5196; x_wconf 59' lang='lat' dir='ltr'><strong>caetera</strong></span> <span class='ocrx_word' id='word_1_1077' title='bbox 2222 5143 2566 5199; x_wconf 87' lang='lat' dir='ltr'><strong>librariorum</strong></span> <span class='ocrx_word' id='word_1_1078' title='bbox 2599 5143 2969 5201; x_wconf 87' lang='lat' dir='ltr'><strong>additamenta</strong></span> <span class='ocrx_word' id='word_1_1079' title='bbox 2999 5187 3015 5212; x_wconf 89' lang='lat'><strong>,</strong></span> <span class='ocrx_word' id='word_1_1080' title='bbox 3062 5147 3113 5201; x_wconf 91' lang='lat' dir='ltr'><strong>in</strong></span> <span class='ocrx_word' id='word_1_1081' title='bbox 3145 5143 3366 5201; x_wconf 80' lang='lat' dir='ltr'><strong>verbum</strong></span> <span class='ocrx_word' id='word_1_1082' title='bbox 3399 5145 3494 5210; x_wconf 81' lang='lat' dir='ltr'><strong>Dei</strong></span> <span class='ocrx_word' id='word_1_1083' title='bbox 3527 5155 3583 5201; x_wconf 89' lang='lat' dir='ltr'><strong>et</strong></span> 
     </span>
    </p>
   </div>
   <div class='ocr_carea' id='block_1_140' title="bbox 1992 5212 3581 5286">
    <p class='ocr_par' dir='ltr' id='par_1_140' title="bbox 1992 5212 3581 5286">
     <span class='ocr_line' id='line_1_142' title="bbox 1992 5212 3581 5286; baseline 0.003 -20"><span class='ocrx_word' id='word_1_1084' title='bbox 1992 5219 2042 5267; x_wconf 87' lang='lat' dir='ltr'><strong>itt</strong></span> <span class='ocrx_word' id='word_1_1085' title='bbox 2077 5212 2404 5269; x_wconf 85' lang='lat' dir='ltr'><strong>Canonicam</strong></span> <span class='ocrx_word' id='word_1_1086' title='bbox 2442 5216 2781 5285; x_wconf 81' lang='lat' dir='ltr'><strong>Scripturaut</strong></span> <span class='ocrx_word' id='word_1_1087' title='bbox 2822 5219 2994 5286; x_wconf 89' lang='lat' dir='ltr'><strong>possit</strong></span> <span class='ocrx_word' id='word_1_1088' title='bbox 3055 5226 3405 5273; x_wconf 85' lang='lat' dir='ltr'><strong>convertere.</strong></span> <span class='ocrx_word' id='word_1_1089' title='bbox 3439 5216 3581 5272; x_wconf 79' lang='lat' dir='ltr'><strong>Nihil</strong></span> 
     </span>
    </p>
   </div>
   <div class='ocr_carea' id='block_1_141' title="bbox 1987 5287 3578 5357">
    <p class='ocr_par' dir='ltr' id='par_1_141' title="bbox 1987 5287 3578 5357">
     <span class='ocr_line' id='line_1_143' title="bbox 1987 5287 3578 5357; baseline 0.003 -19"><span class='ocrx_word' id='word_1_1090' title='bbox 1987 5287 2187 5339; x_wconf 87' lang='lat' dir='ltr'><strong>dicitur</strong></span> <span class='ocrx_word' id='word_1_1091' title='bbox 2229 5287 2519 5351; x_wconf 89' lang='lat' dir='ltr'><strong>obtusius;</strong></span> <span class='ocrx_word' id='word_1_1092' title='bbox 2566 5287 2701 5341; x_wconf 90' lang='lat' dir='ltr'><strong>nihil</strong></span> <span class='ocrx_word' id='word_1_1093' title='bbox 2798 5289 3100 5342; x_wconf 88' lang='lat' dir='ltr'><strong>divinarum</strong></span> <span class='ocrx_word' id='word_1_1094' title='bbox 3171 5288 3578 5357; x_wconf 87' lang='lat' dir='ltr'><strong>Scripturarum</strong></span> 
     </span>
    </p>
   </div>
   <div class='ocr_carea' id='block_1_142' title="bbox 1993 5357 3579 5431">
    <p class='ocr_par' dir='ltr' id='par_1_142' title="bbox 1993 5357 3579 5431">
     <span class='ocr_line' id='line_1_144' title="bbox 1993 5357 3579 5431; baseline 0.003 -22"><span class='ocrx_word' id='word_1_1095' title='bbox 1993 5359 2117 5412; x_wconf 87' lang='lat' dir='ltr'><strong>tidei</strong></span> <span class='ocrx_word' id='word_1_1096' title='bbox 2141 5359 2591 5431; x_wconf 10' lang='lat' dir='ltr'><strong>imagisexitialc.</strong></span> <span class='ocrx_word' id='word_1_1097' title='bbox 2635 5357 2788 5415; x_wconf 84' lang='lat' dir='ltr'><strong>Unde</strong></span> <span class='ocrx_word' id='word_1_1098' title='bbox 2813 5363 3030 5415; x_wconf 85' lang='lat' dir='ltr'><strong>saniora</strong></span> <span class='ocrx_word' id='word_1_1099' title='bbox 3058 5372 3418 5431; x_wconf 85' lang='lat' dir='ltr'><strong>apprecantur</strong></span> <span class='ocrx_word' id='word_1_1100' title='bbox 3447 5375 3579 5414; x_wconf 90' lang='lat' dir='ltr'><strong>cou-</strong></span> 
     </span>
    </p>
   </div>
   <div class='ocr_carea' id='block_1_143' title="bbox 1992 5430 3582 5502">
    <p class='ocr_par' dir='ltr' id='par_1_143' title="bbox 1992 5430 3582 5502">
     <span class='ocr_line' id='line_1_145' title="bbox 1992 5430 3582 5502; baseline 0.004 -20"><span class='ocrx_word' id='word_1_1101' title='bbox 1992 5430 2112 5502; x_wconf 83' lang='lat' dir='ltr'><strong>silia</strong></span> <span class='ocrx_word' id='word_1_1102' title='bbox 2137 5430 2345 5502; x_wconf 73' lang='lat' dir='ltr'><strong>homini</strong></span> <span class='ocrx_word' id='word_1_1103' title='bbox 2376 5432 2638 5502; x_wconf 83' lang='lat' dir='ltr'><strong>litterato,</strong></span> <span class='ocrx_word' id='word_1_1104' title='bbox 2655 5431 2746 5499; x_wconf 88' lang='lat' dir='ltr'><strong>qui</strong></span> <span class='ocrx_word' id='word_1_1105' title='bbox 2768 5430 3339 5501; x_wconf 35' lang='lat' dir='ltr'><strong>obsequium’putabat</strong></span> <span class='ocrx_word' id='word_1_1106' title='bbox 3356 5448 3416 5488; x_wconf 82' lang='lat' dir='ltr'><strong>se</strong></span> <span class='ocrx_word' id='word_1_1107' title='bbox 3440 5446 3582 5502; x_wconf 71' lang='lat' dir='ltr'><strong>prie-</strong></span> 
     </span>
    </p>
   </div>
   <div class='ocr_carea' id='block_1_144' title="bbox 1992 5499 3576 5572">
    <p class='ocr_par' dir='ltr' id='par_1_144' title="bbox 1992 5499 3576 5572">
     <span class='ocr_line' id='line_1_146' title="bbox 1992 5499 3576 5572; baseline 0.003 -18"><span class='ocrx_word' id='word_1_1108' title='bbox 1992 5500 2198 5554; x_wconf 89' lang='lat' dir='ltr'><strong>stitissc</strong></span> <span class='ocrx_word' id='word_1_1109' title='bbox 2227 5499 2338 5555; x_wconf 89' lang='lat' dir='ltr'><strong>Deo</strong></span> <span class='ocrx_word' id='word_1_1110' title='bbox 2367 5502 2419 5555; x_wconf 92' lang='lat' dir='ltr'><strong>in</strong></span> <span class='ocrx_word' id='word_1_1111' title='bbox 2450 5516 2544 5556; x_wconf 90' lang='lat' dir='ltr'><strong>sua</strong></span> <span class='ocrx_word' id='word_1_1112' title='bbox 2575 5501 2805 5556; x_wconf 85' lang='lat' dir='ltr'><strong>llistoria</strong></span> <span class='ocrx_word' id='word_1_1113' title='bbox 2829 5499 3032 5557; x_wconf 79' lang='lat' dir='ltr'><strong>Critica</strong></span> <span class='ocrx_word' id='word_1_1114' title='bbox 3057 5499 3356 5572; x_wconf 73' lang='lat' dir='ltr'><strong>Scriptum</strong></span> <span class='ocrx_word' id='word_1_1115' title='bbox 3379 5499 3576 5559; x_wconf 64' lang='lat' dir='ltr'><strong>sacrae:</strong></span> 
     </span>
    </p>
   </div>
   <div class='ocr_carea' id='block_1_145' title="bbox 1990 5572 3578 5644">
    <p class='ocr_par' dir='ltr' id='par_1_145' title="bbox 1990 5572 3578 5644">
     <span class='ocr_line' id='line_1_147' title="bbox 1990 5572 3578 5644; baseline 0.003 -19"><span class='ocrx_word' id='word_1_1116' title='bbox 1990 5573 2092 5625; x_wconf 92' lang='lat' dir='ltr'><strong>etsi</strong></span> <span class='ocrx_word' id='word_1_1117' title='bbox 2144 5572 2378 5641; x_wconf 89' lang='lat' dir='ltr'><strong>plurima</strong></span> <span class='ocrx_word' id='word_1_1118' title='bbox 2440 5574 2491 5626; x_wconf 92' lang='lat' dir='ltr'><strong>in</strong></span> <span class='ocrx_word' id='word_1_1119' title='bbox 2541 5573 2662 5644; x_wconf 81' lang='lat' dir='ltr'><strong>ejus</strong></span> <span class='ocrx_word' id='word_1_1120' title='bbox 2706 5573 3173 5630; x_wconf 89' lang='lat' dir='ltr'><strong>lucubrationibus</strong></span> <span class='ocrx_word' id='word_1_1121' title='bbox 3216 5576 3578 5642; x_wconf 87' lang='lat' dir='ltr'><strong>reperiantur,</strong></span> 
     </span>
    </p>
   </div>
   <div class='ocr_carea' id='block_1_146' title="bbox 1988 5644 3576 5718">
    <p class='ocr_par' dir='ltr' id='par_1_146' title="bbox 1988 5644 3576 5718">
     <span class='ocr_line' id='line_1_148' title="bbox 1988 5644 3576 5718; baseline 0.004 -21"><span class='ocrx_word' id='word_1_1122' title='bbox 1988 5657 2112 5713; x_wconf 68' lang='lat' dir='ltr'><strong>qua:</strong></span> <span class='ocrx_word' id='word_1_1123' title='bbox 2141 5651 2388 5718; x_wconf 80' lang='lat' dir='ltr'><strong>veterum</strong></span> <span class='ocrx_word' id='word_1_1124' title='bbox 2424 5644 2645 5698; x_wconf 78' lang='lat' dir='ltr'><strong>Patrum</strong></span> <span class='ocrx_word' id='word_1_1125' title='bbox 2677 5645 3033 5713; x_wconf 82' lang='lat' dir='ltr'><strong>traditiones,</strong></span> <span class='ocrx_word' id='word_1_1126' title='bbox 3077 5660 3140 5702; x_wconf 87' lang='lat' dir='ltr'><strong>ac</strong></span> <span class='ocrx_word' id='word_1_1127' title='bbox 3169 5646 3576 5718; x_wconf 87' lang='lat' dir='ltr'><strong>Seripturarum</strong></span> 
     </span>
    </p>
   </div>
   <div class='ocr_carea' id='block_1_147' title="bbox 1987 5715 2804 5772">
    <p class='ocr_par' dir='ltr' id='par_1_147' title="bbox 1987 5715 2804 5772">
     <span class='ocr_line' id='line_1_149' title="bbox 1987 5715 2804 5772; baseline 0.001 -2"><span class='ocrx_word' id='word_1_1128' title='bbox 1987 5715 2307 5770; x_wconf 86' lang='lat' dir='ltr'><strong>convellant</strong></span> <span class='ocrx_word' id='word_1_1129' title='bbox 2337 5719 2740 5771; x_wconf 86' lang='lat' dir='ltr'><strong>auctoritatem.</strong></span> <span class='ocrx_word' id='word_1_1130' title='bbox 2783 5737 2804 5772; x_wconf 71' lang='grc' dir='ltr'><strong>ι</strong></span> 
     </span>
    </p>
   </div>
   <div class='ocr_carea' id='block_1_148' title="bbox 2063 5784 3576 5858">
    <p class='ocr_par' dir='ltr' id='par_1_148' title="bbox 2063 5784 3576 5858">
     <span class='ocr_line' id='line_1_150' title="bbox 2063 5784 3576 5858; baseline 0.004 -19"><span class='ocrx_word' id='word_1_1131' title='bbox 2063 5796 2085 5820; x_wconf 72' lang='grc' dir='ltr'><strong><em>υ</em></strong></span> <span class='ocrx_word' id='word_1_1132' title='bbox 2110 5785 2209 5842; x_wconf 83' lang='lat' dir='ltr'><strong>Ms.</strong></span> <span class='ocrx_word' id='word_1_1133' title='bbox 2243 5787 2300 5842; x_wconf 92' lang='lat' dir='ltr'><strong>S.</strong></span> <span class='ocrx_word' id='word_1_1134' title='bbox 2327 5784 2516 5842; x_wconf 91' lang='lat' dir='ltr'><strong>Crucis</strong></span> <span class='ocrx_word' id='word_1_1135' title='bbox 2537 5828 2551 5851; x_wconf 93' lang='lat'><strong>,</strong></span> <span class='ocrx_word' id='word_1_1136' title='bbox 2593 5789 2750 5842; x_wconf 83' lang='lat' dir='ltr'><strong>trium</strong></span> <span class='ocrx_word' id='word_1_1137' title='bbox 2781 5792 2930 5846; x_wconf 84' lang='lat' dir='ltr'><strong>modo</strong></span> <span class='ocrx_word' id='word_1_1138' title='bbox 2959 5808 3131 5847; x_wconf 86' lang='lat' dir='ltr'><strong>rerum</strong></span> <span class='ocrx_word' id='word_1_1139' title='bbox 3152 5791 3436 5858; x_wconf 80' lang='lat' dir='ltr'><strong>uocabula;</strong></span> <span class='ocrx_word' id='word_1_1140' title='bbox 3463 5791 3576 5855; x_wconf 89' lang='lat' dir='ltr'><strong>alii,</strong></span> 
     </span>
    </p>
   </div>
   <div class='ocr_carea' id='block_1_149' title="bbox 1987 5858 3579 5937">
    <p class='ocr_par' dir='ltr' id='par_1_149' title="bbox 1987 5858 3579 5937">
     <span class='ocr_line' id='line_1_151' title="bbox 1987 5858 3579 5937; baseline 0.005 -27"><span class='ocrx_word' id='word_1_1141' title='bbox 1987 5858 2146 5911; x_wconf 87' lang='lat' dir='ltr'><strong>trium</strong></span> <span class='ocrx_word' id='word_1_1142' title='bbox 2165 5859 2518 5937; x_wconf 76' lang='lat' dir='ltr'><strong>tantummodo</strong></span> <span class='ocrx_word' id='word_1_1143' title='bbox 2542 5860 2804 5937; x_wconf 81' lang='lat' dir='ltr'><strong>vocabula.</strong></span> <span class='ocrx_word' id='word_1_1144' title='bbox 2831 5861 2991 5937; x_wconf 86' lang='lat' dir='ltr'><strong>Tum,</strong></span> <span class='ocrx_word' id='word_1_1145' title='bbox 3017 5865 3066 5920; x_wconf 87' lang='lat' dir='ltr'><strong>in</strong></span> <span class='ocrx_word' id='word_1_1146' title='bbox 3092 5866 3208 5937; x_wconf 89' lang='lat' dir='ltr'><strong>ipsa</strong></span> <span class='ocrx_word' id='word_1_1147' title='bbox 3235 5881 3327 5919; x_wconf 88' lang='lat' dir='ltr'><strong>sua</strong></span> <span class='ocrx_word' id='word_1_1148' title='bbox 3356 5861 3579 5919; x_wconf 85' lang='lat' dir='ltr'><strong>editione</strong></span> 
     </span>
    </p>
   </div>
   <div class='ocr_carea' id='block_1_150' title="bbox 1986 5931 3006 6015">
    <p class='ocr_par' dir='ltr' id='par_1_150' title="bbox 1986 5931 3006 6015">
     <span class='ocr_line' id='line_1_152' title="bbox 1986 5931 3006 6015; baseline 0.012 -28"><span class='ocrx_word' id='word_1_1149' title='bbox 1986 5931 2330 6010; x_wconf 79' lang='lat' dir='ltr'><strong>ponentibus,</strong></span> <span class='ocrx_word' id='word_1_1150' title='bbox 2371 5941 2427 5991; x_wconf 84' lang='lat' dir='ltr'><strong>et</strong></span> <span class='ocrx_word' id='word_1_1151' title='bbox 2455 5946 2580 5992; x_wconf 81' lang='lat' dir='ltr'><strong>mox</strong></span> <span class='ocrx_word' id='word_1_1152' title='bbox 2609 5935 3006 6015; x_wconf 61' lang='lat' dir='ltr'><strong>mittentibus.</strong></span> 
     </span>
    </p>
   </div>
  </div>
