4128 6330
520 399 620 457 831
1034 422 1039 429 ι
1523 392 1581 451 S.
1633 386 2009 448 HIERONYMI
2047 383 2282 444 DIVINA
2319 383 2794 443 BIBLIOTHECA.
2966 390 2973 399 '
3722 380 3832 437 832

521 516 839 574 omittentes
864 532 878 569 :
908 512 966 569 in
994 524 1104 585 quo
1134 509 1375 567 maxime
1403 516 1459 566 et
1479 508 1617 564 ﬁdes
1642 505 1927 563 Catholica
1954 505 2119 560 robo-
2148 508 2195 566 Α
2227 513 2334 559 tem
2359 500 2586 572 inquiris
2612 541 2628 567 ,
2661 513 2839 556 meam
2872 496 3108 569 quodam
3141 494 3304 551 modo
3329 502 3666 550 senectutem
3693 492 3839 585 invi-

521 618 708 677 ratur,
735 614 793 663 et
818 604 997 661 Patris
1018 584 1079 660 et
1104 602 1228 660 Filii
1256 618 1320 659 ac
1341 600 1574 673 Spiritus
1603 600 1775 657 sancti
1801 614 1905 655 una
1930 596 2128 654 divini-
2228 595 2424 649 dorum
2452 592 2707 649 dentibus
2748 589 3146 648 eorrodeudam
3187 588 3414 658 exponis
3441 603 3458 653 ;
3484 586 3577 658 qui
3608 600 3697 641 me
3728 584 3840 641 fal-

527 701 654 757 tatis
697 695 998 756 substantia
1041 694 1455 764 comprobatur.
1493 691 1552 748 lu
1582 691 1796 748 easteris
1828 704 1959 746 vero
2005 688 2131 759 Epi-
2230 686 2432 743 sarium
2454 696 2941 756 corruptoremque
2966 692 3279 738 sanctarum
3305 678 3655 750 pronuntiant
3678 676 3839 735 Seri-

532 792 726 857 stolis,
759 796 1021 860 quantum
1054 801 1085 842 a
1118 797 1301 841 nostra
1343 786 1572 840 aliorum
1605 784 1769 841 distet
1813 782 2023 850 editio,
2052 781 2131 838 le-
2233 788 2536 851 pturarum.
2589 778 2698 836 Sed
2750 792 2852 850 ego
2898 779 2951 833 in
3010 768 3105 833 tali
3154 789 3319 847 opere
3361 788 3462 830 nec
3510 772 3839 828 aemulorum

530 886 702 944 etoris
738 881 1043 955 prudentia:
1087 879 1431 950 derelinquo.
1467 876 1576 936 Sed
1609 886 1664 934 tu
1689 918 1707 946 ,
1751 876 1901 948 virgo
1927 874 2131 932 ChriSti
2235 889 2479 930 meorum
2521 873 2870 929 invidentiam
2914 872 3240 944 pertimesco
3271 888 3285 927 :
3318 883 3419 927 nec
3446 878 3651 926 sanctae
3677 865 3839 925 Scri-

531 976 885 1034 Eustochium
912 1016 928 1042 ,
952 972 1081 1030 dum
1109 987 1139 1029 a
1170 988 1257 1029 me
1282 970 1579 1042 impensius
1609 968 1904 1040 Scriptura:
1929 973 2131 1025 verita-
2234 977 2408 1038 ptura:
2431 967 2715 1023 veritatem
2750 966 3101 1038 poscentibus
3130 962 3432 1034 denegabn.

1225 1216 1398 1328 Β.
1469 1209 2143 1330 JACOBI
2217 1206 3129 1323 APOSTOLI

2042 1397 2337 1463 INCIPIT

1037 1432 3328 1714 EPISTULAHEATHOLICA.

611 1876 762 1952 [ϐαρ.
792 1873 862 1949 1.]
886 1875 1117 1934 Iacobus
1138 1874 1236 1933 Dei
1268 1883 1323 1931 et
1351 1874 1564 1931 Domini
1594 1872 1769 1931 nostri
1784 1873 1913 1931 Jesu
1939 1840 2141 1930 Christi
2172 1878 2223 1941 Β
2248 1872 2430 1929 fuerit.
2460 1871 2563 1941 Qui
2592 1881 2769 1929 autem
2804 1876 3142 1944 perspexerit
3169 1872 3224 1928 in
3254 1872 3426 1945 legem
3449 1871 3747 1944 perfectam
3782 1872 3856 1928 lio

539 1985 754 2036 servus,
784 1969 1072 2026 duodecim
1100 1968 1365 2036 tribubus,
1398 1984 1519 2039 qua:
1538 1978 1665 2025 sunt
1695 1969 1748 2023 in
1768 1967 2136 2040 dispersione,
2244 1965 2491 2032 hertatis,
2522 1973 2576 2021 et
2603 1966 2963 2035 permanserit
2991 1965 3043 2020 in
3069 1980 3157 2031 ea,
3184 1965 3533 2021 nomauditor
3552 1966 3856 2021 obliviosus

546 1104 3833 1137 _____________________._____________.___._______

2166 1783 2525 1795 Ψ

1874 1787 2165 1799 -———.—~

540 2064 791 2119 salutem.
837 2065 1010 2118 Omne
1053 2062 1306 2133 gaudium
1364 2062 1698 2122 existimate.
1743 2060 1940 2118 fratres
1991 2060 2137 2125 mei,

540 2171 663 2213 cum
695 2155 750 2211 in
783 2157 1115 2212 tentationes
1145 2155 1323 2210 varias
1356 2152 1655 2211 incideritis
1689 2171 1702 2208 :
1736 2154 1976 2211 scientes
1998 2154 2140 2225 quod

543 2247 793 2320 probatio
829 2246 954 2303 ﬁdei
982 2257 1181 2302 vestrae
1213 2248 1530 2318 patientiam
1558 2255 1838 2317 operatur.
1870 2246 2141 2302 Patientia

540 2348 725 2397 autem
757 2355 897 2413 opus
927 2338 1226 2410 perfectum
1258 2338 1424 2396 habet
1450 2356 1463 2393 :
1489 2348 1548 2395 ut
1578 2340 1699 2394 sitis
1725 2338 1947 2408 perfecti
1975 2348 2030 2395 et
2062 2338 2143 2392 in-

541 2435 678 2505 tegri
705 2474 721 2499 ,
753 2434 806 2489 in
853 2433 1000 2488 nullo
1035 2431 1372 2488 deﬁcientes.
1420 2432 1476 2487 Si
1520 2433 1641 2505 quis
1688 2443 1869 2487 autem
1902 2441 2140 2488 vestrum

542 2524 747 2598 indiget
772 2526 1059 2598 sapientia,
1086 2527 1322 2597 postulet
1343 2539 1374 2580 a
1404 2526 1535 2593 Deo,
1559 2528 1652 2598 qui
1677 2526 1768 2582 dat
1788 2526 2043 2584 omnibus
2064 2526 2144 2581 ai-

544 2616 777 2674 ﬁuenter
796 2659 812 2684 ,
845 2629 900 2673 et
927 2634 1040 2674 non
1072 2618 1425 2690 improperat,
1455 2627 1513 2674 et
1554 2618 1772 2674 dabitur
1800 2620 1873 2674 ei.
1897 2618 2146 2674 Postulet

541 2721 725 2765 autem
757 2711 809 2767 in
846 2709 953 2766 ﬁde
984 2708 1116 2766 nihil
1153 2710 1451 2767 haesitans:
1479 2712 1568 2782 qui
1609 2713 1757 2768 enim
1801 2710 2037 2779 haesitat,
2065 2711 2143 2766 si-

546 2802 693 2858 milis
718 2812 802 2860 est
830 2802 1017 2859 ﬂuctui
1050 2806 1236 2872 maris,
1262 2805 1352 2876 qui
1383 2820 1413 2860 a
1443 2816 1604 2862 vento
1644 2814 1915 2874 movetur,
1946 2817 1999 2861 et
2039 2805 2143 2860 cir-

543 2896 864 2954 cumfertur.
894 2897 1011 2954 Non
1044 2913 1177 2969 ergo
1203 2899 1434 2955 :estimet
1486 2901 1649 2957 homo
1693 2900 1784 2955 ille
1829 2899 1971 2970 quod
2003 2901 2145 2955 acci-

545 2992 655 3063 piat
680 2992 883 3065 aliquid
910 3007 939 3047 a
969 2992 1222 3049 Domino.
1250 2993 1346 3048 Vir
1366 2993 1566 3063 duplex
1597 2994 1797 3062 animo,
1829 2994 2145 3049 inconsmns

544 3093 633 3142 est
674 3085 729 3141 in
758 3085 1010 3141 omnibus
1039 3086 1142 3141 viis
1169 3085 1301 3142 suis.
1336 3086 1613 3165 Clorietur
1640 3097 1818 3142 autem
1854 3085 2019 3141 frater
2050 3085 2148 3139 liu-

551 3176 694 3233 milis
720 3177 776 3233 in
804 3178 1136 3235 exultatione
1166 3194 1293 3236 sua:
1332 3178 1484 3235 dives
1521 3189 1698 3236 autem
1740 3178 1793 3233 in
1842 3178 2145 3234 humilitate

2243 2056 2447 2122 factus,
2493 2055 2589 2110 sed
2638 2054 2810 2110 factor
2838 2056 3061 2126 operis:
3113 2056 3201 2111 hic
3249 2056 3437 2111 beatus
3480 2056 3533 2111 in
3577 2056 3716 2111 laeto
3746 2071 3855 2113 suo

2242 2149 2365 2205 erit.
2398 2149 2457 2207 Si
2481 2150 2601 2221 quis
2631 2159 2810 2205 autem
2836 2159 2987 2219 putat
3014 2165 3074 2206 se
3105 2148 3416 2221 religiosum
3439 2165 3583 2213 esse.
3615 2166 3727 2207 non
3756 2167 3855 2208 re-

2243 2244 2463 2300 l‘rcnans
2492 2244 2727 2315 linguam
2757 2259 2933 2310 suam,
2960 2244 3054 2300 sed
3086 2245 3353 2301 scducens
3381 2261 3479 2301 cor
3521 2261 3702 2314 suum,
3744 2247 3853 2301 bu-

2238 2336 2329 2410 jus
2356 2353 2492 2393 vana
2513 2347 2598 2394 est
2634 2338 2844 2410 religio.
2896 2337 3105 2410 Religio
3146 2338 3347 2395 munda
3394 2350 3450 2396 et
3493 2340 3847 2396 immaculata

2244 2428 2388 2502 apud
2423 2429 2589 2487 Deum
2621 2440 2675 2485 et
2704 2432 2914 2486 Patrem
2935 2474 2950 2499 ,
2985 2431 3100 2486 haec
3119 2439 3203 2487 est
3236 2448 3247 2484 :
3280 2430 3511 2487 Visitare
3540 2432 3773 2502 pupillos
3799 2441 3859 2488 et

2246 2524 2436 2579 viduas
2480 2524 2531 2578 in
2569 2523 2916 2580 tribulatione
2969 2538 3191 2591 eorum,
3236 2531 3294 2579 et
3343 2524 3742 2579 immaculatum
3787 2538 3853 2581 se

2243 2617 2528 2675 custodire
2558 2617 2627 2673 ab
2658 2616 2763 2673 hoc
2787 2616 3011 2674 saeculo.

2318 2708 2469 2784 [Cup.
2493 2708 2583 2781 11.]
2617 2710 2835 2767 Fratres
2874 2711 3003 2779 mei,
3051 2710 3219 2766 nolite
3260 2710 3315 2765 in
3345 2726 3701 2782 persdnarum
3749 2726 3855 2766 ac-

2245 2809 2500 2877 ceptione
2551 2805 2752 2862 habere
2795 2804 2955 2862 ﬁdem
2995 2804 3207 2861 Domini
3256 2808 3424 2861 nostri
3478 2805 3608 2861 Iesu
3644 2805 3853 2861 Christi

2244 2898 2453 2971 gloriar.
2502 2898 2714 2955 Etenim
2755 2900 2798 2954 si
2848 2898 3117 2955 introierit
3155 2898 3207 2953 in
3254 2909 3579 2954 conventum
3609 2910 3858 2955 vestium

2246 2993 2331 3047 vir
2358 3008 2579 3048 aureum
2611 2991 2869 3047 annulum
2897 2991 3099 3048 habens
3132 2993 3194 3068 in
3226 3003 3375 3047 veste
3399 2992 3647 3055 candida,
3684 2992 3863 3048 intro-

2249 3084 2375 3140 ierit
2399 3094 2578 3140 auteni
2605 3093 2663 3140 et
2686 3099 2888 3155 pauper
2919 3085 2975 3161 in
3000 3084 3224 3140 sordido
3254 3084 3464 3149 habitu,
3484 3095 3539 3139 et
3559 3084 3865 3140 intendatis

2222 3176 2301 3232 'in
2332 3192 2455 3233 eum
2501 3178 2589 3248 qui
2622 3176 2843 3231 indutus
2885 3187 2970 3232 est
2994 3184 3153 3233 veste
3202 3177 3483 3247 pra'clara,
3514 3185 3570 3231 et
3610 3175 3864 3233 dixeritis

545 3284 642 3326 sua
668 3311 684 3336 ,
724 3271 977 3340 quoniam
1008 3272 1149 3326 sicut
1190 3270 1291 3328 ﬁns
1322 3269 1430 3327 leni
1471 3273 1743 3327 transibit.
1784 3271 2022 3328 Exortus
2065 3280 2147 3329 est
2176 3273 2223 3338 C
2252 3273 2300 3328 ei
2323 3290 2336 3327 :
2361 3271 2441 3327 Tu
2465 3273 2595 3328 sede
2625 3273 2709 3327 hic
2731 3272 2872 3327 bene
2903 3290 2915 3325 :
2948 3272 3169 3342 pauperi
3194 3281 3370 3327 autem
3395 3272 3587 3326 dicatis
3615 3288 3631 3327 :
3662 3271 3741 3325 'l‘u
3772 3280 3864 3327 sta

548 3363 693 3417 enim
722 3363 805 3418 sol
829 3377 952 3419 eum
982 3365 1197 3431 ardore,
1231 3374 1285 3420 et
1311 3363 1534 3423 arefecit
1577 3366 1780 3434 fenum,
1814 3377 1870 3423 et
1897 3367 1997 3424 ﬁos
2026 3368 2143 3440 ejus

549 3454 775 3522 decidit,
808 3466 865 3513 et
889 3457 1055 3515 decor
1075 3458 1254 3514 vultus
1279 3459 1396 3530 ejus
1421 3458 1654 3529 deperiit
1678 3477 1695 3518 :
1728 3462 1801 3516 ita
1826 3474 1880 3518 et
1912 3464 2065 3518 dives
2094 3465 2148 3519 in

550 3551 835 3609 itineribus
856 3553 968 3608 suis
999 3563 1322 3611 marcescet.
1356 3554 1550 3610 Beatus
1576 3557 1675 3621 vir,
1701 3558 1790 3627 qui
1816 3556 2004 3612 sull'ert
2034 3566 2146 3613 ten-

550 3645 860 3701 tationem:
906 3647 1161 3719 quoniam
1213 3662 1337 3703 eum
1395 3648 1653 3719 probatus
1702 3650 1882 3712 fuerit.
1921 3651 2150 3723 accipiet

552 3755 812 3797 coronam
863 3741 1008 3810 vitae,
1040 3756 1200 3813 quam
1254 3741 1563 3813 repromisit
1611 3742 1756 3798 Deus
1803 3742 2153 3814 diligentibus

554 3851 635 3892 se.
681 3835 1028 3903 Nemo,‘cum
1061 3845 1320 3907 tentatur,
1349 3838 1514 3902 dicat,
1538 3840 1794 3911 quoniam
1832 3855 1860 3895 a
1894 3840 2006 3896 Deo
2036 3849 2155 3896 teu-

555 3938 737 3985 tatur:
790 3929 931 3985 Deus
959 3931 1101 3986 enim
1134 3929 1432 3986 intentator
1463 3932 1728 3987 malorum
1754 3943 1836 3987 est
1864 3949 1878 3987 :
1910 3933 2027 4002 ipse
2054 3948 2151 3987 au-

557 4030 665 4078 tent
714 4021 985 4078 neminem
1027 4032 1215 4078 tentat.
1251 4008 1632 4097 Unusquisque
1671 4038 1801 4080 vero
1847 4034 2081 4080 tentatur
2123 4039 2155 4080 a

557 4117 995 4185 concupiscentia
1029 4130 1124 4171 sua
1174 4117 1500 4185 abstractus,
1561 4127 1620 4174 et
1663 4118 1899 4175 illectus.
1948 4120 2155 4175 Deinde

558 4209 996 4280 c0ncupiscentia
1015 4224 1138 4265 cum
1167 4210 1501 4283 conceperit,
1531 4212 1667 4282 parit
1698 4223 1973 4282 peccatum
2001 4229 2015 4267 :
2040 4227 2158 4283 pee-

559 4311 738 4358 catum
768 4317 900 4358 vero
937 4319 1059 4358 cum
1088 4314 1517 4360 consummatum
1550 4305 1731 4372 fuerit,
1764 4315 1987 4374 generat
2012 4321 2158 4360 mor-

561 4405 690 4453 tem.
739 4396 913 4454 Nolite
945 4399 1123 4470 itaque
1147 4414 1357 4467 errare,
1408 4399 1604 4455 fratres
1645 4402 1747 4454 uici
1791 4398 2153 4455 dilectissimi.

560 4487 734 4545 Omne
761 4489 948 4545 datum
991 4493 1276 4563 optimum,
1320 4499 1376 4547 et
1403 4504 1563 4545 omne
1599 4490 1800 4545 donum
1833 4493 2154 4561 perfectum,

562 4582 848 4639 desursum
881 4596 983 4652 est,
1030 4584 1369 4643 descendens
1414 4600 1443 4638 a
1494 4583 1655 4640 Patre
1685 4584 1972 4653 luminum,
2018 4583 2156 4654 apud

2249 3369 2362 3427 illic
2382 3410 2395 3435 ,
2443 3378 2535 3424 aut
2571 3367 2699 3423 sede
2741 3368 2840 3423 sub
2866 3366 3102 3423 scabello
3132 3368 3326 3438 pedum
3358 3382 3600 3422 meorum
3632 3386 3645 3421 :
3675 3381 3864 3439 nmine

2245 3468 2503 3540 judicatis
2532 3468 2675 3539 apud
2700 3468 3081 3537 vosmetipsos,
3114 3478 3170 3523 et
3200 3465 3323 3523 facti
3353 3470 3485 3523 estis
3517 3467 3724 3539 judices
3757 3485 3859 3522 co-

2250 3561 2569 3633 gitationum
2610 3560 2952 3632 iniquarum?
3005 3560 3219 3625 Audite,
3255 3559 3448 3615 fratres
3478 3563 3581 3615 mei
3612 3559 3863 3615 dilectis-

2258 3641 2403 3719 simi,
2422 3667 2599 3707 nonne
2619 3653 2759 3707 Deus
2780 3652 2946 3723 elegit
2963 3666 3225 3722 pauperes
3245 3651 3296 3705 in
3318 3650 3867 3718 ltoctnundo,divites

2255 3745 2308 3802 in
2337 3746 2439 3801 ﬁde
2468 3756 2518 3802 et
2558 3746 2805 3801 lneredes
2835 3744 3007 3817 regni,
3055 3744 3197 3816 quod
3226 3745 3535 3811 repromisit
3568 3745 3706 3799 Deus
3734 3744 3866 3798 dili-

2253 3842 2505 3914 gentibus
2575 3840 2669 3897 se?
2720 3839 2829 3895 Vos
2872 3849 3052 3894 autem
3099 3838 3478 3894 cxhonorastis
3534 3853 3866 3910 pauperem.

2257 3936 2449 3992 Nonne
2489 3924 2685 3991 divites
2728 3951 2822 4004 per
2848 3935 3140 4005 potentiam
3167 3933 3483 4004 Opprituunt
3513 3947 3633 3999 vos,
3664 3942 3719 3986 et
3757 3932 3867 4002 ipsi

2259 4027 2472 4083 trahunt
2514 4044 2608 4082 Vos
2638 4026 2705 4082 ad
2725 4026 2962 4097 judicia?
2998 4024 3187 4081 Nonne
3216 4024 3318 4095 ipsi
3357 4024 3738 4095 blaSphemant
3767 4025 3866 4078 bo—

2259 4137 2387 4176 num
2422 4136 2640 4187 nomen,
2675 4119 2819 4192 quod
2869 4119 3171 4175 invocatum
3205 4127 3287 4175 est
3330 4133 3494 4188 super
3522 4119 3658 4173 vos?
3690 4117 3744 4173 Si
3779 4127 3871 4172 tn-

2259 4229 2382 4270 men
2414 4215 2584 4285 legem
2612 4212 2868 4282 perﬁcitis
2908 4213 3142 4284 regalem
3169 4212 3466 4267 secundum
3496 4211 3806 4279 Scripturas
3841 4229 3857 4266 :

2263 4298 2460 4380 Diliges
2485 4308 2789 4378 proximum
2818 4317 2969 4362 tuum
2999 4306 3137 4362 sicut
3159 4306 3389 4376 teipsutn
3423 4323 3437 4359 :
3469 4307 3606 4379 bene
3638 4305 3814 4359 facitis
3854 4322 3872 4361 :

2260 4400 2308 4457 si
2351 4410 2530 4456 autem
2583 4414 2842 4471 personas
2878 4399 3148 4468 accipitis,
3192 4408 3480 4468 peccatum
3536 4395 3865 4467 operamini,

2261 4492 2533 4563 redarguti
2562 4506 2592 4545 a
2615 4492 2733 4562 lege
2754 4493 2903 4563 quasi
2935 4500 3391 4561 transgressores.
3407 4489 3744 4560 Quicumque
3765 4507 3870 4545 au-

2266 4599 2369 4642 tent
2405 4596 2569 4642 totam
2618 4588 2788 4657 legem
2820 4585 3141 4650 semiverit,
3170 4582 3408 4639 oﬁ'endat
3447 4591 3628 4638 autem
3656 4583 3708 4638 in
3738 4598 3870 4651 uno,

563 4692 724 4749 quem
754 4693 865 4735 non
891 4687 975 4735 est
1002 4680 1408 4745 transmutatio,
1437 4692 1539 4732 nec
1563 4677 1951 4734 vicissitudinis
1970 4678 2163 4736 obum-
2188 4659 2239 4720 Ι)
2265 4681 2441 4734 factus
2461 4688 2546 4735 est
2572 4680 2813 4734 omnium
2839 4692 2988 4733 reus.
3016 4675 3115 4745 Qui
3149 4678 3292 4731 enim
3307 4676 3463 4742 dixit,
3488 4674 3602 4729 Non
3629 4675 3878 4730 moecha-

565 4765 761 4825 bratio.
809 4768 1124 4826 Voluntarie
1154 4771 1298 4826 enim
1327 4770 1510 4841 genuit
1555 4783 1652 4823 nos
1697 4768 1861 4825 verbo
1892 4760 2157 4835 veritatis;

562 4869 624 4914 ut
664 4861 833 4916 simus
862 4861 1076 4917 initium
1114 4861 1328 4933 aliquod
1360 4868 1625 4917 creatura:
1658 4860 1795 4931 ejus.
1830 4859 2014 4929 Scitis,
2046 4861 2159 4916 fra-

566 4960 677 5009 tres
705 4953 1061 5011 dilectissimi.
1090 4954 1174 5012 Sit
1199 4963 1379 5012 autem
1407 4955 1584 5011 omnis
1606 4955 1769 5011 homo
1790 4957 1946 5011 velox
1972 4956 2040 5012 ad
2066 4972 2164 5012 au-

564 5046 821 5105 diendum
852 5065 869 5110 :
900 5049 1084 5105 tardus
1111 5057 1287 5105 autem
1318 5049 1385 5105 ad
1415 5050 1764 5122 loquendum,
1793 5058 1849 5105 et
1876 5049 2061 5105 tardus
2090 5050 2160 5105 ad

566 5140 726 5198 iram.
779 5140 859 5197 Ira
906 5142 1050 5197 enim
1096 5142 1229 5210 viri,
1259 5142 1521 5215 justitiam
1575 5142 1667 5197 Dei
1718 5156 1825 5197 non
1879 5151 2157 5212 operatur.

566 5231 795 5306 Propter
836 5233 981 5307 quod
1028 5235 1349 5306 ‘abjicientes
1393 5250 1608 5292 omnem
1656 5235 2050 5291 immunditiam
2109 5246 2165 5290 ct

560 5326 944 5383 abundantiam
983 5329 1226 5397 malitias,
1257 5330 1311 5384 in
1339 5329 1752 5384 mansuetudine
1799 5328 2055 5399 suscipite
2082 5329 2162 5384 in-

561 5418 725 5475 situm
765 5421 1025 5490 verbum,
1048 5422 1193 5492 quod
1228 5430 1405 5492 potest
1442 5422 1658 5476 salvare
1698 5421 1905 5476 animas
1928 5429 2156 5478 vestras.

560 5515 752 5574 Estote
780 5528 960 5576 autem
1002 5518 1237 5575 factores
1267 5518 1441 5585 verbi,
1481 5527 1535 5574 et
1570 5533 1677 5572 non
1718 5516 1993 5575 auditores
2041 5525 2159 5571 tan-

558 5618 693 5676 tum,
729 5610 981 5669 fallentes
1010 5612 1387 5683 vosmetipsos.
1420 5611 1558 5680 Quia
1599 5616 1643 5666 si
1673 5612 1793 5683 quis
1837 5611 2050 5666 auditor
2075 5619 2159 5666 est

553 5702 729 5767 Verbi,
761 5713 816 5759 et
844 5719 953 5759 non
983 5706 1169 5767 iactor,
1206 5704 1295 5760 hic
1322 5704 1730 5774 con'tparabitur
1757 5706 1878 5761 viro
1907 5703 2159 5760 conside-

553 5796 693 5851 ranti
722 5797 929 5851 vultum
970 5797 1268 5853 nativitatis
1306 5814 1423 5854 suae
1455 5799 1509 5854 in
1551 5799 1772 5870 speculo
1799 5816 1814 5855 :
1844 5798 2157 5854 considera-

551 5888 630 5942 vit
651 5887 796 5945 enim
834 5903 932 5958 se,
979 5899 1036 5947 et
1087 5889 1239 5961 abiit,
1287 5898 1343 5948 et
1386 5892 1567 5950 Statim
1602 5891 1806 5953 oblitus
1852 5901 1935 5953 est
1985 5892 2159 5963 qualis

2267 4773 2432 4839 beris,
2464 4771 2603 4827 dixit
2628 4780 2700 4838 et,
2733 4769 2848 4826 Non
2878 4769 3112 4825 occides.
3144 4767 3296 4837 Quod
3340 4767 3386 4823 si
3416 4783 3521 4823 non
3554 4766 3877 4824 mmuhabe-

2267 4868 2363 4932 ris,
2392 4867 2608 4924 occides
2636 4876 2852 4936 autem,
2888 4864 3059 4920 factus
3087 4880 3146 4920 es
3177 4873 3546 4933 transgressor
3582 4863 3739 4933 legis.
3779 4862 3873 4919 Sic

2268 4961 2572 5033 loquimini,
2605 4971 2658 5015 et
2687 4962 2764 5015 sic
2790 4958 2971 5025 facite,
3001 4959 3140 5013 sicut
3170 4972 3269 5027 per
3292 4957 3464 5028 legem
3492 4956 3762 5012 libertatis
3789 4958 3875 5011 in-

2267 5053 2527 5121 cipientes
2552 5050 2815 5118 judicari.‘
2848 5049 3116 5105 Iudicium
3149 5050 3293 5103 enim
3325 5050 3445 5103 sine
3493 5047 3871 5104 misericordia

2265 5145 2364 5212 illi,
2386 5144 2481 5220 qui
2506 5159 2609 5198 non
2655 5143 2784 5199 fecit
2808 5141 3255 5216 miscricordiam,
3287 5139 3651 5212 sup:rexaltal
3685 5150 3870 5195 autem

2268 5236 2638 5293 misericordia
2689 5235 2969 5306 judicium.
3004 5234 3143 5303 Quid
3188 5234 3451 5304 proderit,
3506 5238 3703 5288 fratres
3733 5234 3862 5300 mei,

2264 5332 2310 5386 si
2354 5330 2514 5386 ﬁdem
2542 5330 2662 5401 quis
2684 5330 2829 5385 dicat
2864 5344 2924 5384 se
2967 5328 3189 5394 habere,
3222 5342 3386 5397 opera
3417 5336 3595 5381 autem
3631 5341 3737 5381 non
3773 5326 3873 5381 hzt-

2266 5424 2430 5479 heat?
2473 5422 2738 5491 Numquid
2773 5420 2969 5492 poterit
3010 5421 3142 5476 ﬁdes
3165 5419 3373 5475 salvnre
3398 5434 3519 5474 eum
3543 5419 3566 5474 ’ἔ
3591 5419 3645 5475 Si
3681 5430 3870 5474 autem
3966 5408 3985 5421 “

2265 5517 2431 5573 frater
2456 5526 2511 5572 et
2564 5530 2723 5571 soror
2773 5514 2900 5568 nudi
2943 5516 3073 5582 sint,
3105 5522 3163 5570 et
3207 5514 3484 5583 indigeant
3514 5514 3655 5567 victu
3687 5514 3871 5582 quoti-

2265 5611 2447 5674 diano,
2478 5609 2621 5665 dicat
2643 5618 2827 5664 autem
2854 5608 3047 5677 aliquis
3073 5624 3139 5662 ex
3163 5606 3315 5661 vobis
3346 5606 3486 5660 illis:
3521 5603 3598 5657 lte
3628 5605 3679 5658 in
3706 5619 3861 5673 pace,

2265 5700 2658 5765 cnletacimini,
2702 5708 2756 5754 et
2799 5701 3114 5753 saturamini
3169 5716 3182 5752 :
3224 5714 3328 5752 nun
3376 5695 3633 5751 dederitis
3679 5704 3865 5747 autem

2267 5797 2367 5860 eis.
2397 5810 2520 5867 quae
2543 5793 2846 5850 necessaria
2876 5804 3000 5847 sunt
3032 5791 3271 5861 corput-i,
3301 5789 3427 5861 quid
3463 5788 3746 5860 proderit?
3775 5787 3867 5841 Sic

2266 5901 2315 5948 et
2354 5889 2520 5957 ﬁdes,
2566 5887 2609 5945 si
2652 5900 2758 5944 non
2794 5885 2990 5943 habeat
3015 5900 3202 5956 opera,
3236 5895 3447 5947 mortua
3472 5884 3635 5945 estin
3661 5890 3867 5939 semct-
