4128 6330
242 268 353 326 833

1121 276 1184 332 B.
1223 274 1460 338 JACOBI
1500 276 1838 338 APOSTOLI
1879 275 2220 336 EPISTOLA
2258 275 2672 340 CATIIOLICA.

3438 283 3546 342 εει

241 380 379 446 ipsa.
411 379 519 437 Sed
544 379 685 439 dicet
737 379 857 454 quis
887 399 899 438 :
932 383 1014 443 Tu
1056 384 1214 443 ﬁdem
1260 390 1446 458 habes,
1472 400 1525 447 et
1556 407 1655 463 ego
1686 409 1849 464 opera
1883 396 1923 452 Α
1959 390 2123 446 hinc?
2167 408 2237 446 ex
2270 393 2729 463 concupiscentiis
2779 394 3010 465 vestris,
3048 409 3169 468 quae
3214 396 3449 454 militant
3495 399 3550 453 in

240 471 437 529 habeo.
465 476 703 533 Ostende
747 477 879 533 mihi
918 478 1074 536 fidem
1122 491 1263 537 tuam
1307 485 1424 540 sine
1464 488 1759 555 operibus:
1792 497 1847 543 et

239 581 341 635 ego
363 569 643 623 ostendam
679 570 774 626 tibi
804 587 868 626 ex
902 572 1156 642 operibus
1183 576 1338 631 fidem
1372 595 1567 634 meam.
1606 581 1682 634 Tu
1726 596 1846 636 cre-

239 657 325 713 dis
348 662 599 730 quouiam
629 680 768 720 unus
797 676 878 719 est
910 667 1053 722 Deus
1084 685 1097 725 :
1130 670 1268 727 bene
1297 671 1427 727 facis
1452 689 1467 727 :
1494 682 1549 729 et
1569 674 1844 731 daemones

242 752 496 822 credunt,
528 765 581 811 et
612 760 1060 815 contremiscunt.
1095 760 1187 817 Vis
1214 775 1390 820 autem
1423 766 1585 832 scire,
1620 783 1651 821 o
1684 767 1844 824 homo

241 843 447 913 inanis,
488 850 741 919 quoniam
802 851 936 907 fides
987 854 1106 909 sine
1153 858 1408 926 operibus
1454 869 1667 915 mortua
1718 862 1844 915 est?

240 938 518 997 Abraham
552 952 702 1009 pater
734 957 918 999 noster
942 987 956 1012 ,
992 962 1172 1005 nonne
1203 965 1269 1004 ex
1301 953 1555 1021 cperihus
1577 953 1842 1024 justifies—

240 1044 329 1088 tus
371 1044 476 1103 est,
522 1035 759 1093 offerens
800 1039 950 1096 Isaac
995 1040 1159 1097 lilium
1209 1059 1367 1099 suum
1418 1063 1583 1117 snper
1628 1049 1845 1105 altare?

236 1126 405 1184 Vides
434 1133 689 1201 quoniam
741 1132 875 1189 fides
904 1137 1300 1206 cooperabatur
1344 1140 1600 1208 Operibus
1651 1142 1792 1197 illius
1827 1162 1836 1195 :

236 1233 293 1279 et
331 1239 401 1280 ex
443 1226 696 1295 operibus
748 1227 881 1283 fides
911 1243 1281 1287 consummata
1323 1235 1439 1289 est?
1483 1236 1549 1289 Et
1597 1237 1840 1307 suppleta

235 1326 323 1370 est
352 1317 653 1387 Scriptura,
675 1318 862 1375 dicens
887 1337 900 1373 :
931 1321 1175 1378 Credidit
1204 1324 1477 1381 Abraham
1509 1327 1640 1397 Deo,
1666 1341 1717 1384 et
1750 1346 1840 1385 re-

236 1420 487 1481 putatum
519 1422 600 1467 est
641 1412 715 1468 illi
744 1414 809 1469 azl
838 1415 1128 1484 juStiIiam,
1154 1429 1209 1475 et
1240 1422 1444 1476 amicus
1469 1422 1563 1476 Dei
1596 1426 1840 1495 appella-

236 1514 331 1561 tus
385 1516 489 1561 est.
541 1506 746 1562 Videtis
796 1511 1049 1578 quoniam
1096 1528 1163 1567 ex
1212 1516 1469 1583 Operibus
1514 1517 1843 1586 justiticatur

238 1599 406 1654 homo
432 1646 445 1669 ,
481 1611 533 1656 et
568 1615 675 1655 non
724 1617 789 1657 ex
824 1602 931 1658 ﬁde
973 1608 1221 1660 tantum?
1260 1608 1519 1665 Similiter
1558 1622 1610 1665 et
1656 1612 1841 1667 Bahal)

237 1692 519 1758 meretrix,
577 1710 757 1751 nonne
795 1712 865 1751 ex
914 1698 1625 1770 operibusjnstilieata'est,
1668 1707 1875 1761 susci»

1950 484 2209 537 membris
2246 484 2495 539 vestris?
2544 482 2945 557 Concupiscitis
2973 528 2990 555 ,
3038 496 3093 543 et
3137 502 3244 544 non
3284 489 3499 545 habetis
3534 506 3549 544 :

1948 576 2217 646 occiditis,
2244 589 2298 633 et
2328 577 2537 647 zelatis,
2576 588 2631 635 et
2664 596 2769 635 non
2803 581 3029 652 potestis
3069 582 3291 655 adipisci
3324 601 3339 639 :
3370 583 3550 657 litiga—

1950 670 2038 734 tis,
2095 679 2148 724 et
2189 670 2540 741 belligeratis,
2583 682 2638 729 et
2683 690 2793 730 non
2836 673 3084 743 habetis,
3128 687 3351 747 propter
3399 678 3543 748 quod

1948 776 2052 813 non
2092 761 2396 831 postulatis.
2440 763 2664 832 Petitis,
2705 776 2759 821 et
2803 782 2909 821 non
2949 768 3198 839 accipitis
3226 812 3241 836 ,
3295 783 3363 825 eo
3402 770 3547 839 quod

1948 852 2090 907 male
2121 854 2317 923 petatis
2352 870 2364 907 :
2408 864 2466 909 ut
2495 856 2546 909 in
2580 857 3048 926 concupiscentiis
3079 862 3273 916 vestris
3306 864 3546 917 insuma-

1950 942 2040 998 tis.
2074 941 2319 999 Adultcri
2346 988 2360 1013 ,
2404 947 2655 1013 nescitis,
2704 951 2830 1019 quia
2875 950 3115 1007 amicitia
3161 951 3323 1023 hujus
3356 956 3543 1010 mundi

1946 1037 2165 1091 inimica
2184 1048 2271 1091 est
2292 1037 2388 1093 Dei
2407 1039 2783 1113 ?Quicumque
2803 1058 2932 1115 ergo
2954 1043 3404 1103 voluerilamicus
3423 1062 3544 1104 esse

1946 1131 2135 1185 szeculi
2169 1131 2361 1203 hujus,
2408 1134 2662 1191 inimicus
2696 1136 2788 1193 Dei
2821 1140 3192 1196 constituitur.
3229 1142 3310 1197 An
3344 1144 3547 1213 putatis

1946 1225 2072 1294 quia
2107 1226 2340 1281 inaniter
2377 1226 2661 1299 Scriptura
2698 1231 2844 1287 dicat
2874 1250 2886 1286 :
2929 1233 3011 1289 Ad
3045 1234 3299 1292 invidiam
3343 1252 3545 1294 concu-

1946 1316 2106 1385 piscit
2135 1317 2379 1388 spiritus,
2409 1321 2497 1390 qui
2531 1320 2737 1379 habitat
2769 1324 2822 1378 in
2846 1325 3039 1381 vobis?
3075 1327 3333 1397 Majorem
3360 1340 3544 1387 autem

1946 1408 2038 1462 dat
2065 1412 2318 1478 gratiam.
2349 1413 2577 1483 Propter
2606 1416 2751 1486 quod
2781 1416 2913 1474 dicit
2946 1436 2959 1473 :
3004 1420 3145 1477 Deus
3184 1424 3432 1492 superbis
3461 1439 3546 1480 re-

1945 1501 2119 1569 sistit,
2165 1503 2459 1560 humilibus
2504 1515 2685 1565 autem
2726 1508 2820 1567 dat
2857 1513 3111 1583 gratiam.
3155 1515 3369 1573 Subditi
3417 1534 3548 1591 ergo

1946 1604 2119 1649 estote
2145 1594 2257 1650 Deo
2283 1614 2296 1651 :
2324 1599 2561 1655 resistite
2584 1611 2764 1657 autem
2788 1604 3025 1674 diabolo,
3053 1617 3107 1663 et
3134 1608 3299 1679 fugiet
3316 1626 3348 1665 a
3370 1612 3545 1669 vobis.

1946 1685 2387 1759 Appropinquate
2417 1692 2547 1758 Deo,
2577 1706 2631 1748 et
2660 1699 3115 1768 appropinquahit
3141 1702 3317 1758 vobis.
3341 1703 3545 1760 Emun-

239 1787 395 1855 piens
427 1789 665 1854 nuntios,
691 1797 741 1843 et
773 1789 875 1843 alia
899 1790 982 1845 via
1010 1791 1270 1861 ejiciens?
1301 1794 1446 1849 Sicut
1479 1797 1622 1851 enim
1648 1814 1842 1868 corpus

1949 1778 2070 1831 date
2101 1795 2315 1848 manus,
2350 1794 2693 1851 peccatores:
2720 1798 2773 1842 et
2804 1791 3088 1859 puriﬁcate
3114 1795 3279 1851 corda
3305 1838 3320 1862 ,
3369 1798 3547 1868 dupli-

236 1880 359 1934 sine
405 1879 595 1948 spiritu
628 1891 901 1936 mortuum
949 1891 1054 1948 est,
1091 1885 1161 1939 ita
1192 1894 1245 1940 et
1278 1887 1408 1941 fides
1439 1890 1557 1942 sine
1590 1892 1842 1960 operibus

237 1982 451 2024 mortua
484 1982 591 2027 εει.
1698 2022 1701 2025 λ

315 2062 463 2139 [ϐαρ.
500 2065 615 2137 [IL]
647 2067 820 2122 Nolite
842 2067 1022 2137 plures
1054 2071 1294 2141 magistri
1330 2072 1466 2138 fieri,
1492 2076 1684 2130 fratres
1709 2076 1839 2141 mei,

238 2161 481 2217 scientes
511 2164 763 2233 quoniam
799 2164 974 2234 majus
1002 2165 1260 2234 judicium
1292 2168 1526 2223 sumitis.
1562 2169 1619 2223 In
1661 2171 1842 2225 multis

239 2257 388 2309 enim
414 2256 740 2313 offendimus
769 2273 980 2314 omnes.
1009 2260 1064 2314 Si
1099 2261 1220 2331 quis
1252 2263 1303 2316 in
1335 2263 1500 2319 verbo
1529 2280 1635 2318 non
1669 2266 1840 2320 oll‘en-

239 2348 342 2417 dit,
370 2349 461 2405 hic
492 2350 762 2420 perfectus
793 2363 874 2407 est
900 2354 997 2408 vir.
1019 2353 1203 2409 Potest
1232 2357 1395 2411 etiam
1423 2356 1575 2412 freno
1604 2363 1838 2413 circum-

237 2442 444 2499 ducere
485 2452 656 2499 totum
703 2458 923 2515 corpus.
951 2447 1006 2501 Si
1046 2456 1228 2503 autem
1274 2449 1428 2518 equis
1463 2450 1607 2505 frena
1652 2452 1701 2505 in
1746 2468 1837 2507 ora

237 2537 509 2592 mittimus
545 2537 609 2592 ad
643 2540 1093 2595 consentiendum
1133 2542 1319 2611 nobis,
1350 2552 1406 2599 et
1435 2560 1597 2601 omne
1640 2561 1838 2615 corpus

236 2627 459 2684 illorum
489 2630 942 2687 circumfer-imus.
982 2634 1118 2689 Ecce
1156 2644 1209 2690 et
1242 2652 1435 2703 naves,
1474 2653 1596 2692 cum
1631 2654 1838 2710 magnze

237 2720 371 2786 sint,
406 2731 460 2775 et
497 2736 528 2775 a
560 2724 739 2777 ventis
770 2723 963 2778 validis
1001 2726 1292 2792 minentur,
1322 2730 1778 2785 circumferuntur
1808 2749 1835 2787 a

236 2811 456 2865 modico
477 2812 869 2882 gubernaculo,
892 2816 982 2871 ubi
1016 2818 1249 2887 impetus
1279 2820 1562 2890 dirigentis
1580 2823 1833 2878 voluerit.

241 2902 318 2958 Ita
345 2905 603 2976 etlingua
637 2907 907 2963 modicum
939 2910 1152 2979 quidem
1177 2912 1481 2968 membrum
1509 2925 1611 2984 est,
1644 2928 1695 2970 et
1725 2932 1837 2971 ma-

237 3013 343 3068 gna
385 3000 608 3054 exaltat.
652 3000 793 3057 Ecce
819 3012 1053 3072 quantus
1103 3003 1241 3074 ignis
1270 3020 1429 3077 quam
1460 3022 1705 3079 magnam
1741 3009 1836 3064 sil-

245 3105 371 3144 vam
420 3092 697 3147 incendit!
733 3092 796 3148 Et
826 3095 1000 3165 lingua
1049 3096 1188 3166 ignis
1227 3108 1347 3167 est,
1382 3101 1703 3155 universitas
1736 3101 1833 3154 iui-

1946 1883 2037 1931 ces
2062 1872 2263 1927 animo.
2295 1874 2476 1930 Miseri
2507 1886 2702 1947 estote,
2732 1891 2786 1937 et
2812 1882 3015 1954 lugete,
3036 1894 3090 1941 ει
3124 1888 3332 1956 plorate
3359 1908 3371 1945 :
3403 1893 3548 1950 risus

1947 1971 2126 2018 vester
2156 1965 2207 2019 in
2236 1965 2440 2022 luctum
2467 1983 2837 2042 convertatur,
2869 1988 2925 2032 et
2954 1978 3208 2046 gaudium
3254 1980 3306 2035 in
3346 1997 3548 2040 maero-

1946 2071 2081 2110 rem.
2112 2057 2483 2117 Humiliamini
2515 2064 2569 2119 in
2599 2079 2895 2137 conspectu
2928 2070 3175 2140 Domini,
3202 2088 3257 2130 et
3287 2077 3547 2134 exaltabit

1947 2150 2248 2209 vos.Nolite
2270 2154 2929 2232 detraherealterutrum,
2955 2164 3283 2236 fratres.Qui
3309 2170 3547 2228 detrahit

1946 2245 2120 2315 fratri,
2168 2256 2261 2303 aut
2299 2251 2389 2320 qui
2424 2250 2633 2321 judicat
2667 2253 2893 2312 fratrem
2936 2274 3117 2328 suum,
3146 2261 3384 2321 detrahit
3412 2265 3538 2337 legi,

1945 2348 2000 2392 et
2044 2339 2256 2409 judicat
2299 2342 2498 2412 legem.
2534 2345 2589 2400 Si
2621 2354 2804 2403 autem
2837 2348 3049 2419 judicas
3087 2353 3263 2424 legem
3286 2395 3303 2423 ,
3350 2370 3459 2412 non
3484 2373 3545 2414 es

1943 2430 2115 2487 factor
2143 2432 2299 2503 legis,
2327 2435 2424 2490 sed
2445 2436 2637 2506 judex.
2667 2437 2812 2496 Unus
2842 2452 2925 2497 est
2953 2443 3232 2515 legislator
3256 2455 3312 2503 et
3347 2448 3537 2518 judex,

1942 2524 2032 2595 qui
2075 2535 2254 2596 potest
2296 2528 2544 2598 perdere,
2577 2541 2633 2586 et
2668 2531 2922 2590 liberare.
2970 2536 3050 2592 Tu
3079 2549 3261 2596 autem
3292 2544 3415 2613 quis
3449 2559 3532 2611 es,

1943 2619 2035 2688 qui
2081 2620 2295 2689 judicas
2324 2624 2681 2693 proximum?
2711 2627 2852 2685 Ecce
2875 2645 3021 2686 nunc
3048 2635 3141 2704 qui
3169 2634 3351 2693 dicitis
3384 2654 3398 2692 :
3427 2638 3535 2695 Ho-

1942 2716 2054 2782 die,
2077 2727 2169 2772 aut
2200 2720 2441 2776 crastino
2478 2721 2678 2778 ibimus
2704 2724 2758 2779 in
2782 2724 2930 2781 illam
2959 2728 3255 2805 civitatem,
3282 2741 3339 2789 et
3367 2734 3537 2792 facie-

1942 2822 2063 2863 mus
2108 2808 2181 2865 ibi
2205 2811 2425 2883 quidem
2461 2830 2683 2885 annum,
2716 2825 2771 2873 et
2810 2822 3203 2891 mercabimur,
3236 2835 3289 2880 et
3320 2825 3532 2885 lucrum

1941 2901 2201 2958 faciemus
2235 2905 2369 2975 :qui
2418 2907 2679 2978 ignoratis
2705 2910 2833 2980 quid
2861 2913 2971 2967 erit
3015 2912 3071 2969 in
3107 2916 3368 2974 crastino.
3398 2921 3530 2988 Quae

1939 3000 2023 3049 est
2048 2998 2192 3050 enim
2212 2997 2317 3052 vita
2345 2999 2565 3054 vestra?
2592 3016 2759 3071 vapor
2784 3012 2867 3059 est
2893 3004 2960 3060 ad
2992 3007 3266 3066 modicum
3294 3027 3495 3083 parens
3514 3056 3531 3082 ,

1940 3096 1994 3139 et
2025 3086 2285 3159 deinceps
2327 3092 2799 3165 exterminabitur.
2845 3095 2951 3151 Pro
2995 3114 3063 3156 eo
3094 3109 3152 3155 ut
3186 3101 3379 3160 dicatis
3410 3126 3425 3163 :
3470 3106 3530 3163 Si

238 3183 484 3253 quitatis.
537 3185 744 3257 Lingua
793 3190 1138 3244 constituitur
1187 3191 1237 3245 in
1286 3194 1544 3248 membris
1599 3195 1820 3262 nostris,

1944 3178 2201 3235 Dominus
2229 3180 2499 3249 voluerit;
2521 3193 2615 3239 et:
2660 3186 2715 3242 Si
2739 3185 3039 3245 vixerimus
3063 3231 3080 3259 ,
3112 3192 3371 3252 faciemus
3402 3196 3526 3268 hoc,

237 3292 362 3345 qua:
394 3279 627 3334 maculat
654 3290 825 3335 Ictum
854 3295 1082 3350 corpus,
1116 3292 1170 3337 et
1211 3284 1508 3340 inflammat
1535 3296 1710 3341 rotam
1741 3303 1837 3341 na-

239 3369 467 3426 tivitatis
498 3379 728 3441 nostrae,
762 3373 1092 3429 inflammata
1118 3391 1143 3429 a
1167 3376 1437 3446 gehenna.
1469 3379 1656 3434 Omnis
1691 3381 1834 3435 enim

237 3472 434 3519 natura
489 3466 804 3534 bestiarum,
856 3479 910 3524 et
948 3471 1261 3535 volucrum.
1293 3481 1348 3526 et
1388 3476 1747 3544 serpentium,
1782 3486 1837 3532 ει

237 3567 560 3614 εεειετοτιιπι
603 3561 927 3629 domantur,
974 3571 1027 3618 et
1058 3563 1257 3618 domita
1286 3573 1412 3620 sunt
1438 3583 1465 3619 a
1509 3576 1700 3621 natura
1735 3570 1834 3623 bu-

239 3664 401 3705 mana
433 3668 447 3705 :
478 3652 710 3722 linguam
741 3663 920 3710 autem
956 3656 1134 3711 nullus
1166 3656 1443 3712 hominum
1489 3658 1715 3716 domare
1743 3677 1839 3730 po-

243 3754 349 3800 test
380 3766 393 3800 :
421 3747 717 3818 inquietum
761 3750 958 3805 malum
983 3793 997 3816 ,
1027 3752 1188 3822 plena
1211 3769 1421 3809 veneno
1452 3754 1754 3811 mortifero.
1781 3755 1835 3809 In

238 3840 355 3909 ipsa
391 3840 759 3897 benedicimus
781 3843 950 3899 Deum
994 3852 1049 3899 et
1081 3846 1290 3899 Patrem
1324 3864 1336 3899 :
1364 3854 1420 3902 et
1448 3847 1498 3901 in
1528 3847 1639 3916 ipsa
1674 3849 1840 3902 male-

238 3934 473 3989 dicimus
530 3935 801 4003 homines,
846 3939 939 4008 qni
978 3939 1043 3993 ad
1094 3940 1502 3997 similitudinem
1561 3943 1652 3997 Dei
1708 3942 1837 3999 facti

241 4034 387 4080 sunt.
424 4028 500 4081 Ex
527 4027 647 4097 ipso
668 4044 762 4083 ore
786 4014 1030 4099 procedit
1056 4032 1383 4101 benedictio,
1416 4046 1468 4090 et
1503 4036 1834 4091 maledictio.

241 4116 360 4173 Non
410 4128 644 4188 oportet,
699 4121 898 4178 fratres
939 4125 1065 4191 mei,
1113 4124 1229 4181 haec
1279 4127 1350 4181 ita
1382 4127 1515 4183 fieri.
1567 4128 1839 4200 Numquid

241 4213 364 4268 fons
384 4212 454 4268 de
479 4214 669 4270 eodem
710 4216 973 4272 foramine
1001 4229 1216 4274 emanat
1244 4219 1482 4288 dulcem,
1514 4231 1568 4278 et
1597 4238 1835 4280 amaram

242 4306 480 4374 aquam?
507 4305 773 4378 Numquid
812 4318 1007 4379 potest,
1041 4312 1232 4367 fratres
1261 4313 1399 4373 mei.
1434 4314 1568 4371 ficus
1599 4332 1730 4371 uvas
1757 4317 1836 4371 fa-

242 4412 390 4465 cere,
435 4410 527 4454 aut
568 4402 691 4457 vitis
718 4401 886 4456 ﬁcus?
913 4403 1002 4458 Sic
1041 4419 1216 4475 neque
1246 4407 1387 4463 salsa
1413 4407 1626 4464 dulcem
1659 4420 1840 4479 potest

244 4492 425 4549 facere
465 4510 680 4565 aquam.
732 4496 864 4565 Quis
894 4497 1133 4568 sapiens,
1181 4509 1230 4555 et
1274 4500 1644 4571 disciplinatus
1700 4506 1840 4561 inter

1938 3282 2032 3326 aut
2059 3273 2212 3329 illud.
2234 3273 2388 3331 Nunc
2410 3287 2593 3333 autem
2617 3280 2903 3337 exsultatis
2932 3284 2987 3339 in
3012 3289 3283 3356 superbiis
3310 3294 3526 3348 vestris.

1938 3365 2127 3420 Omnis
2172 3368 2465 3425 exsultatio
2497 3372 2639 3438 talis,
2688 3375 2921 3446 maligna
2978 3387 3081 3434 est.
3132 3381 3335 3440 Scienti
3368 3386 3533 3456 igitur

1940 3458 2139 3513 bonum
2163 3459 2365 3530 facere,
2394 3472 2449 3518 et
2478 3479 2586 3519 non
2610 3465 2849 3534 facienti,
2875 3462 3153 3540 peccatum
3177 3488 3259 3533 est
3282 3478 3384 3535 illi.

2012 3551 2163 3623 [Cap.
2199 3552 2285 3624 V.]
2316 3554 2476 3624 Agite
2505 3572 2672 3624 nunc,
2730 3560 2949 3633 divites,
2997 3566 3207 3633 plorate
3262 3571 3534 3633 ululantes

1940 3645 1993 3698 iu
2046 3646 2282 3702 miseriis
2319 3651 2538 3718 vestris,
2595 3667 2718 3724 qua:
2758 3655 3050 3714 advenient
3092 3661 3266 3717 vobis.
3321 3664 3536 3725 Divitiae

1938 3752 2137 3797 vestrae
2190 3742 2509 3812 putrefactae
2541 3757 2669 3801 sunt
2701 3764 2714 3801 :
2748 3758 2804 3803 et
2832 3749 3160 3810 vestimenta
3190 3766 3370 3815 vestra
3400 3776 3429 3815 a
3462 3764 3535 3817 ti-

1941 3833 2057 3887 neis
2085 3842 2325 3889 comesta
2354 3845 2501 3890 sunt.
2523 3838 2729 3893 Aurum
2752 3846 2809 3894 et
2829 3853 3110 3910 argentum
3129 3857 3367 3904 vestrum
3392 3868 3537 3909 seruo

1939 3925 2147 3995 ginavit
2177 3944 2190 3980 :
2248 3937 2302 3981 et
2327 3943 2509 3999 aarugo
2539 3944 2731 3985 eorum
2761 3931 2814 3986 in
2842 3936 3218 3994 testimonium
3238 3942 3395 3998 vobis
3410 3946 3535 4016 erit,

1942 4030 1994 4072 et
2044 4020 2392 4076 manducabit
2431 4036 2626 4078 carnes
2656 4023 2877 4082 'vestras
2907 4027 3050 4084 sidut
3082 4030 3243 4101 ignis.
3287 4034 3535 4093 Thesau-

1942 4116 2158 4173 rizastis
2186 4118 2345 4175 vobis
2376 4119 2511 4176 iram
2543 4122 2598 4177 in
2630 4126 2943 4183 novissimis
2973 4128 3184 4187 diebus.
3218 4132 3361 4189 Ecce
3388 4150 3536 4191 mer-

1941 4224 2034 4265 ces
2071 4212 2471 4281 Operariorum,
2505 4216 2595 4285 qui
2628 4228 2975 4275 messuerunt
3003 4222 3256 4294 regiones
3301 4236 3536 4285 vestras.

1942 4318 2064 4372 qua:
2085 4305 2331 4359 fraudata
2360 4318 2443 4361 e5t
2472 4322 2503 4361 a
2532 4309 2708 4379 vobis,
2740 4312 2941 4368 clamat
2968 4331 2980 4367 :
3008 4324 3064 4370 et
3095 4316 3302 4375 clamor
3345 4335 3537 4378 eorum

1944 4399 1996 4451 in
2024 4413 2183 4454 aures
2215 4399 2431 4456 Domini
2458 4403 2699 4460 Sabaoth
2744 4407 3014 4464 introivit.
3046 4411 3257 4482 Epulati
3284 4416 3418 4473 estis
3441 4432 3538 4473 su—
3632 4458 3637 4465 .

1944 4507 2040 4561 per
2069 4501 2296 4560 terram,
2328 4504 2385 4550 et
2414 4496 2467 4551 in
2500 4498 2735 4555 luxuriis
2766 4503 3047 4560 euutristis
3072 4509 3238 4564 corda
3258 4522 3457 4581 vestra,
3483 4515 3536 4571 in

242 4586 382 4642 vos?
428 4587 694 4644 Ostendat
734 4605 797 4646 ex
840 4591 980 4646 bona
1023 4594 1437 4650 conversatione
1466 4597 1834 4666 operationem

1949 4588 2039 4644 die
2082 4590 2396 4645 occisionis.
2446 4591 2771 4663 Addixistis,
2807 4606 2862 4652 et
2897 4599 3173 4657 occidistis
3220 4604 3451 4676 justum,
3484 4619 3540 4667 et

245 4692 399 4733 suam
446 4679 499 4735 in
561 4683 978 4739 mansuetudine
1024 4685 1321 4755 sapientiae.
1377 4686 1529 4754 Quod
1574 4688 1619 4743 si
1658 4690 1835 4744 zelum

246 4786 492 4828 amarum
536 4773 781 4841 habetis,
815 4786 869 4831 et
908 4778 1288 4833 contentiones
1326 4779 1435 4833 sint
1484 4780 1535 4834 in
1580 4780 1837 4836 cordibus

246 4870 447 4923 vestris
482 4886 493 4921 :
527 4869 691 4925 nolite
718 4870 975 4942 gloriari,
1011 4882 1065 4928 et
1101 4873 1389 4928 mendaces
1417 4889 1537 4929 esse
1578 4875 1839 4931 adversus

246 4961 553 5016 veritatem.
578 4962 693 5018 Non
721 4970 802 5018 est
826 4966 969 5019 enim
1000 4965 1099 5021 ista
1135 4966 1397 5036 sapientia
1437 4965 1720 5022 desursum
1744 4968 1838 5023 de-

245 5054 550 5111 scandens:
586 5056 679 5111 sed
740 5066 989 5123 terrena,
1051 5060 1331 5128 animalis,
1398 5060 1686 5117 diabolica.
1738 5062 1839 5120 Ubi

247 5149 393 5203 enim
421 5149 573 5205 zelus
604 5160 658 5205 et
696 5153 995 5219 contentio,
1035 5153 1104 5209 ibi
1150 5156 1508 5211 inconstantia
1536 5198 1549 5221 ,
1583 5166 1637 5212 et
1678 5173 1841 5213 omne

248 5256 384 5311 opus
430 5257 678 5313 pravum.
712 5245 843 5314 Qum
884 5257 1065 5303 autem
1098 5248 1384 5305 desursum
1417 5258 1501 5305 est
1550 5250 1839 5321 sapientia,

247 5334 481 5403 primum
538 5335 755 5406 quidem
808 5338 997 5408 pudica
1050 5349 1152 5402 est,
1200 5340 1397 5397 deinde
1445 5342 1687 5412 pacifica,
1728 5359 1843 5397 mo-

249 5426 427 5490 desta‘,
478 5427 790 5497 suadibilis,
824 5431 980 5487 bonis
1022 5435 1387 5502 consentiens,
1434 5435 1593 5505 plena
1634 5436 1844 5491 miseri-

250 5518 463 5583 cordia,
496 5529 548 5573 et
575 5520 837 5577 fructibus
871 5523 1024 5578 bonis
1045 5566 1059 5591 ,
1092 5540 1197 5579 non
1226 5526 1502 5596 judicans,
1535 5528 1651 5583 sine
1678 5529 1845 5583 simu-

251 5611 475 5667 latione.
509 5614 738 5671 Fructus
776 5626 953 5673 autem
976 5617 1202 5688 justitize
1229 5660 1245 5688 ,
1288 5622 1338 5675 in
1381 5637 1514 5691 pace
1543 5623 1846 5680 seminatUr

254 5704 577 5762 facientibus
605 5722 812 5777 pacem.

327 5798 481 5873 [Cap.
548 5800 663 5873 lV.]
705 5801 859 5861 Unde
912 5805 1051 5864 bella
1095 5819 1150 5866 et
1187 5810 1307 5866 lites
1348 5810 1403 5866 in
1433 5811 1629 5869 vobis?
1659 5814 1849 5874 Nonne

1946 4698 2055 4738 non
2104 4685 2304 4740 restitit
2347 4685 2524 4741 vobis.
2575 4688 2848 4747 Patientes
2879 4693 3046 4762 igitur
3089 4706 3283 4767 estete,
3318 4701 3533 4775 fratres,

1946 4796 2119 4851 usque
2153 4781 2220 4836 ad
2250 4780 2542 4837 adrentum
2565 4782 2801 4842 Domini.
2828 4785 2971 4845 Erce
2990 4792 3228 4861 agricola
3256 4810 3538 4866 exspectat

1947 4877 2244 4946 pretiosum
2269 4875 2507 4933 fructum
2538 4887 2721 4943 terrae.
2750 4883 3020 4953 patienter
3047 4885 3227 4944 ferens
3243 4890 3421 4949 donec
3442 4908 3534 4950 ac-

1946 4970 2112 5040 cipiat
2160 4982 2681 5042 temporaneumpet
2708 4978 3027 5035 serotinum.
3070 4981 3347 5041 Patientes
3375 4988 3537 5059 igitur

1944 5074 2120 5122 estote
2165 5076 2219 5122 et
2248 5082 2367 5137 vos,
2403 5076 2457 5123 et
2487 5069 2809 5127 confirmate
2840 5075 2997 5130 corda
3032 5087 3238 5146 vestra,
3283 5084 3536 5152 quoniam

1945 5159 2211 5216 adventus
2227 5161 2438 5217 Domini
2453 5164 2925 5236 appropinquavit.
2942 5168 3123 5226 Nolite
3151 5172 3528 5245 ingemiscere,

1944 5250 2159 5319 fratres,
2190 5254 2241 5307 in
2273 5254 2612 5321 alterutrum,
2650 5266 2708 5312 ut
2754 5273 2859 5313 non
2884 5260 3226 5329 judicemini.
3275 5266 3417 5324 Ecce
3446 5270 3534 5340 ju-

1946 5342 2050 5397 dcx
2070 5354 2194 5401 ante
2215 5345 2435 5416 januam
2459 5348 2688 5404 assistit.
2708 5350 3028 5424 Exemplum
3046 5358 3296 5428 accipite,
3317 5360 3534 5433 fratres,

1948 5438 2129 5492 exitus
2161 5438 2310 5507 mali,
2345 5439 2568 5508 laboris,
2593 5452 2647 5497 et
2669 5443 2968 5514 patientiae,
3003 5450 3320 5520 prophetas,
3343 5455 3432 5524 qui
3461 5456 3543 5512 lo-

1949 5529 2061 5584 cuti
2090 5538 2217 5585 sunt
2242 5529 2297 5585 iu
2331 5533 2551 5589 nomine
2582 5533 2827 5590 Domini:
2856 5538 2995 5595 Ecce
3020 5539 3398 5601 beatificamus
3421 5561 3541 5620 eos,

1949 5623 2041 5694 qui
2069 5626 2464 5681 sustinuerunt.
2492 5625 2879 5686 Suﬂ‘erentiam
2896 5631 3000 5689 Job
3028 5635 3279 5704 audistis,
3296 5648 3351 5696 et
3377 5642 3543 5699 finem

1952 5718 2167 5776 Domini
2196 5719 2432 5789 vidistis,
2485 5725 2744 5794 quoniam
2791 5731 3111 5789 misericors
3151 5733 3412 5794 Dominus
3440 5747 3547 5807 est,

1947 5822 2006 5870 et
2035 5813 2337 5872 miserator.
2373 5817 2516 5874 Ante
2537 5819 2721 5887 omnia
2752 5829 2954 5894 autem,
2987 5826 3182 5887 fratres
3211 5830 3357 5900 mei,
3389 5831 3559 5896 nolite
