4128 6330
570 306 675 364 833

1540 303 1597 366 S.
1642 297 2021 366 iiiERONYMI
2060 303 2289 368 DIVINA
2329 307 2835 373 BIBLIOTHECA.-

3761 298 3880 360 836

531 423 772 494 'jnr.irc,
802 435 982 494 neque
1009 436 1110 495 per
1137 422 1358 491 ctelum,
1389 438 1570 496 neque
1602 441 1698 495 per
1730 435 1949 493 terram,
1993 442 2166 496 neque
2198 429 2243 490 Α
2275 431 2407 484 mini
2442 449 2454 483 :
2503 430 2728 486 multum
2761 427 2904 482 enim
2938 421 3085 480 valet
3114 405 3430 494 deprecatio
3456 413 3586 491 justi
3625 415 3873 476 assidua.

567 516 713 570 aliud
764 515 1146 588 quodcumque
1199 515 1585 585 iuramentum.
1644 517 1726 574 Sit
1756 529 1934 572 autem
1981 532 2165 574 sermo

567 614 748 664 vester
781 626 795 665 :
831 599 947 679 Est,
981 617 1101 665 est:
1135 608 1278 679 Non,
1310 617 1416 666 non
1449 627 1462 663 :
1493 619 1552 667 ut
1580 625 1686 665 non
1718 599 1817 665 sub
1835 608 2042 680 judicio
2072 609 2164 666 de-

564 699 778 756 cidatis.
814 689 1084 756 Tristatur
1115 699 1312 771 aliquis
1337 701 1618 755 vestrum?
1665 710 1804 756 oret.
1841 699 2020 771 Aliquo
2048 701 2164 757 ani-

567 797 656 848 mo
682 791 798 847 est?
852 792 1074 864 psallat.
1107 789 1418 848 lnﬁrmatur
1445 791 1566 864 quis
1605 793 1654 847 in
1699 792 1893 848 vobis?
1947 785 2166 849 inducat

561 879 907 956 presbyteros
946 884 1238 952 Ecclesiae,
1271 895 1326 940 et
1368 895 1525 940 orent
1569 900 1735 955 super
1778 902 1926 951 eum,
1958 903 2165 958 ungen-

565 984 647 1033 tcs
679 993 802 1034 eum
834 978 952 1035 oleo
985 979 1038 1034 in
1074 971 1291 1035 nomine
1315 977 1533 1035 Domini
1562 997 1576 1036 :
1611 990 1666 1034 ct
1698 983 1872 1036 oratio
1901 973 2026 1038 ﬁdei
2057 981 2164 1037 sal-

564 1071 713 1126 vabit
741 1072 1042 1140 inﬁrmum,
1065 1085 1120 1129 et
1152 1075 1428 1131 alleviabit
1459 1092 1582 1131 cum
1611 1077 1879 1136 Dominus
1909 1097 1921 1135 :
1951 1089 2007 1135 et
2037 1081 2083 1138 si
2109 1073 2167 1137 in»

560 1167 801 1236 peccatis
827 1169 919 1237 sit,
961 1169 1317 1226 rcniittentur
1359 1171 1430 1226 ei.
1471 1161 1812 1228 Conﬁtemini
1842 1189 1969 1245 ergo
1999 1175 2164 1230 alter-

557 1269 736 1315 utrum
766 1257 984 1331 peccata
1013 1263 1218 1335 vestra,
1239 1273 1294 1320 et
1319 1274 1474 1320 orate
1504 1279 1602 1336 pro
1626 1266 1878 1338 invicem,
1896 1270 2154 1325 utsalve-

2275 521 2425 577 Elias
2453 523 2617 576 homo
2640 529 2758 576 erat
2789 517 2984 574 similis
3009 515 3162 573 nobis
3189 513 3462 586 passibilis
3493 531 3506 567 :
3540 523 3592 568 et
3623 512 3877 565 oratione

2273 617 2469 682 oravit,
2504 626 2553 668 ut
2607 630 2713 670 non
2757 613 2970 685 plueret
3013 626 3177 681 super
3209 621 3429 676 terram,
3480 617 3534 661 ct
3583 622 3688 661 non
3735 603 3878 675 pluit

2271 724 2442 764 annos
2468 716 2599 776 tres,
2629 705 2684 763 et
2706 720 2924 762 menses
2944 719 3059 760 sex.
3091 701 3328 757 Rursum
3353 689 3549 766 oravit,
3582 705 3639 754 et
3668 695 3874 752 (telum

2271 799 2419 857 dedit
2447 801 2705 872 pluviam,
2733 808 2788 857 et
2817 809 2955 855 terra
2985 793 3136 853 dedit
3166 793 3400 851 fructum
3428 810 3605 850 sumn.
3642 792 3877 848 Fratres

2269 894 2404 960 mei,
2437 893 2480 948 si
2505 894 2625 962 quis
2654 908 2724 948 ex
2747 891 2901 947 vobis
2928 890 3195 946 erraverit
3218 905 3247 944 a
3279 888 3529 952 veritate,
3558 898 3611 942 et
3641 900 3878 941 cenver-

2271 987 2395 1042 terit
2425 989 2547 1057 quis
2577 1002 2727 1051 eum,
2774 986 2914 1040 scire
2955 981 3139 1051 debet,
3183 979 3440 1055 quoniam
3486 979 3578 1053 qui
3621 977 3875 1036 coiiverti

2272 1079 2460 1135 fecerit
2483 1087 2829 1149 peccatorem
2855 1077 2922 1130 ab
2942 1091 3130 1131 errore
3161 1073 3259 1130 via:
3297 1090 3430 1138 suae,
3481 1072 3708 1129 salvabit
3746 1072 3878 1128 ani-

2272 1191 2412 1228 mam
2441 1173 2558 1243 ejus
2594 1189 2626 1228 a
2657 1182 2853 1240 morte,
2906 1181 2959 1226 ct
2990 1170 3200 1241 operiet
3243 1159 3642 1226 multitudinem
3672 1180 3878 1241 pecca-

2272 1276 2468 1324 torum.

1511 1385 1741 1457 Explicit
1767 1383 2012 1457 Epiuoia
2036 1385 2310 1442 Catholica
2338 1385 2404 1440 B.
2427 1383 2616 1441 Jacobi
2644 1384 2895 1455 apostoli.

580 1513 3878 1549 W

1293 1656 1476 1767 Β.
1556 1653 2136 1767 PETRI
2212 1645 3121 1765 APOSTOLI

1965 1919 1968 1922 ,
2053 1845 2349 1910 INCIPIT

1163 2006 2316 2160 EPISTULA
2411 2009 3214 2155 PRIMA.

616 2333 765 2406 [Cap
795 2329 864 2404 1.]
894 2334 1090 2389 Petrus
1112 2331 1395 2403 apostolus
1422 2329 1560 2386 Jesu
1588 2329 1816 2394 Christi,
1847 2329 2038 2385 electis
2061 2330 2154 2384 ad-
2186 2335 2234 2396 Β
2259 2328 2386 2384 dum
2418 2327 2844 2400 uniuscujusque
2867 2343 3024 2398 npus,
3067 2329 3118 2382 in
3161 2329 3354 2386 timore
3396 2331 3661 2388 ineolatus
3693 2332 3869 2388 vestri

544 2426 698 2483 venis
722 2425 1078 2496 dispersionis
1103 2425 1281 2492 Ponti,
1309 2421 1956 2492 GalatiaeJinppadoeia,
1985 2420 2152 2486 Asiaa,

549 2517 921 2590 ctBithyniae,
953 2517 1254 2574 secundum
1296 2516 1690 2587 prarscicntiam
1719 2515 1814 2569 Dei
1853 2513 2050 2580 Patris,
2101 2513 2154 2567 in

545 2610 1038 2666 sanctiticationem
1079 2610 1338 2679 Spiritus,
1367 2607 1419 2662 in
1447 2607 1834 2675 obedientiam,
1881 2611 1941 2660 et
1967 2619 2154 2674 asper-

547 2703 758 2762 sionem
796 2705 1079 2775 snngoinis
1111 2702 1240 2760 Iesu
1283 2701 1482 2758 Christi
1513 2719 1526 2755 :
1573 2702 1757 2757 Gratia
1785 2701 1939 2756 vobis
1965 2710 2020 2758 et
2051 2715 2154 2770 pax

546 2796 962 2865 multiplicetur.
995 2795 1322 2851 Benedictus
1355 2795 1496 2850 Deus
1524 2802 1581 2850 et
1605 2793 1768 2850 Pater
1807 2792 2019 2848 Domini
2054 2807 2156 2846 no-

546 2890 645 2946 stri
675 2890 804 2947 lesu
830 2888 1064 2957 Christi,
1095 2888 1189 2960 qui
1215 2889 1516 2946 secundum
1545 2886 1980 2944 misericordiam
1996 2899 2150 2940 suam

550 3000 805 3056 magnam
837 2984 1181 3055 regeneravit
1210 2998 1309 3039 nos
1339 2984 1392 3038 in
1416 2997 1570 3053 spem
1596 2984 1800 3047 vivam,
1832 2996 1929 3052 per
1966 2993 2149 3037 resur-

547 3080 852 3134 rectionem
893 3077 1023 3134 Jesu
1048 3076 1255 3133 Christi
1284 3093 1355 3132 ex
1392 3076 1644 3140 mortuis.
1681 3076 1736 3130 in
1769 3073 2148 3130 hereditatem

550 3168 1049 3240 incorruptibilem,
1082 3181 1136 3224 et
1169 3169 1672 3231 incontaminatam,
1704 3176 1760 3220 et
1787 3165 2152 3221 iinmarcesci-

549 3261 742 3330 bilem,
769 3274 1148 3320 conservatam
1183 3266 1236 3319 in
1265 3263 1422 3320 celis
1447 3263 1501 3317 in
1527 3263 1705 3328 vobis,
1737 3261 1831 3331 qui
1869 3259 1922 3316 in
1951 3262 2151 3314 virtute

550 3356 649 3413 Dei
681 3357 1031 3412 custodimini
1063 3372 1158 3427 per
1206 3356 1371 3412 ﬁdem
1406 3357 1457 3408 in
1501 3355 1763 3421 alutem,
1795 3363 2038 3424 paratam
2066 3367 2153 3407 re-

549 3449 718 3506 velari
770 3451 824 3504 in
856 3457 1106 3520 tempore
1150 3449 1469 3504 novissimo.-
1523 3449 1580 3503 In
1631 3461 1739 3517 quo
1767 3445 2148 3500 easttltahitis:

551 3545 826 3602 modicum
859 3559 1003 3603 nunc
1025 3545 1070 3600 si
1094 3553 1308 3615 oportet
1337 3542 1648 3597 contristari
1699 3541 1752 3595 in
1781 3539 1947 3594 variis
1978 3547 2152 3594 tenta-

551 3641 828 3696 tionibus:
864 3645 922 3694 ut
949 3638 1203 3710 probatio
1223 3646 1422 3692 vestrae
1468 3636 1592 3691 tldei
1651 3633 1822 3688 multo
1856 3633 2150 3702 pretiosior

2264 2432 2509 2493 tempore
2533 2424 2958 2480 conversamini.
2985 2423 3237 2480 Scientes
3266 2425 3410 2496 quod
3445 2443 3549 2481 non
3579 2428 3867 2497 corrupti-

2259 2515 2460 2571 bilibus
2475 2531 2608 2570 auro
2629 2515 2714 2571 vel
2739 2527 2963 2586 argento
2981 2516 3250 2586 redempti
3272 2517 3405 2573 estis
3420 2518 3488 2574 de
3512 2529 3647 2574 vana
3673 2530 3866 2575 vestra

2257 2607 2674 2663 conversatione
2745 2617 2984 2678 paterna:
3037 2608 3342 2664 traditionis
3394 2625 3409 2666 :
3452 2611 3548 2666 sed
3623 2612 3870 2682 pretioso

2257 2701 2525 2770 sanguine
2579 2701 2732 2769 quasi
2791 2701 2914 2771 agni
2978 2701 3304 2757 immaculati
3361 2702 3595 2770 Christi,
3661 2715 3710 2760 et
3774 2707 3867 2760 in-

2259 2793 2614 2848 contaminati
2648 2809 2660 2845 :
2693 2793 3010 2864 praecogniti
3042 2793 3258 2861 quidrm
3291 2806 3420 2850 ante
3447 2794 3632 2850 mundi
3654 2797 3868 2851 consti-

2258 2887 2545 2950 tutionem,
2583 2888 2910 2942 manifestati
2940 2899 3119 2942 autem
3169 2888 3484 2944 novissimis
3523 2890 3864 2959 temporibus

2256 2989 2478 3050 pr0pter
2505 2996 2620 3042 vos.
2651 2981 2742 3051 qui
2792 2997 2888 3050 per
2916 2982 3090 3050 lpsum
3120 2981 3312 3037 ﬁdeles
3339 2981 3473 3038 estis
3519 2983 3572 3037 itt
3599 2983 3743 3054 Deo,
3763 2985 3866 3054 qui

2255 3071 2540 3126 suscitavit
2564 3087 2685 3126 eum
2708 3087 2739 3126 a
2767 3073 3017 3138 mortuis,
3043 3085 3095 3128 et
3118 3072 3268 3127 dedit
3294 3072 3345 3128 ei
3368 3074 3615 3144 gloriam,
3641 3084 3698 3129 ut
3722 3075 3866 3131 ﬁdes

2255 3175 2457 3232 vestra,
2501 3177 2554 3220 et
2583 3181 2707 3236 spes
2734 3175 2881 3223 esset
2910 3168 2966 3221 in
2999 3167 3127 3221 Deo.
3160 3167 3384 3222 Animas
3412 3178 3621 3223 vestras
3655 3169 3867 3225 castiﬁ-

2255 3267 2441 3314 cautes
2464 3259 2517 3312 in
2532 3258 2844 3314 obedientia
2861 3259 3165 3326 charitatis,
3183 3261 3235 3314 in
3266 3260 3626 3316 fraternitatis
3645 3276 3860 3326 amore,

2253 3352 2485 3421 simplici
2518 3368 2582 3408 ex
2613 3351 2782 3409 corde
2819 3351 3054 3408 invicem
3105 3353 3315 3424 diligite
3351 3355 3649 3409 attentius:
3685 3355 3862 3410 renati

2255 3463 2363 3502 non
2397 3465 2461 3504 ex
2516 3449 2725 3505 semine
2775 3449 3154 3521 corruptibili,
3209 3448 3305 3505 sed
3339 3451 3728 3520 incorruptibtli
3760 3465 3864 3521 per

2255 3540 2477 3594 verbum
2510 3540 2604 3595 Dei
2634 3541 2773 3605 vivi,
2806 3549 2862 3596 et
2894 3539 3260 3610 perntanentis
3299 3540 3354 3596 in
3395 3554 3682 3596 internum.
3718 3541 3861 3609 Quia

2254 3634 2430 3687 Omnis
2454 3649 2580 3687 caro
2619 3642 2679 3687 ut
2700 3633 2909 3699 (suum:
2941 3643 2998 3688 et
3027 3631 3206 3688 clunis
3232 3633 3404 3703 gloria
3435 3635 3552 3703 ejus
3582 3645 3862 3704 tamquam

551 3746 686 3786 auro
710 3731 883 3804 (quod
927 3745 1024 3801 per
1071 3730 1249 3800 ignem
1295 3728 1584 3798 probatur)
1617 3725 1921 3780 inveniatur
1953 3725 2006 3778 in
2036 3723 2147 3777 lau-
2181 3735 2226 3798 ί]
2257 3725 2358 3780 ﬂos
2382 3726 2488 3780 teni
2521 3745 2533 3778 :
2567 3727 2782 3782 exaruit
2813 3725 2992 3780 fenum
3018 3765 3032 3792 ,
3065 3737 3118 3782 et
3159 3727 3255 3780 tios
3284 3726 3404 3796 ejus
3435 3727 3658 3782 decidit.
3723 3726 3863 3783 Ver-

550 3823 697 3886 dem.
729 3831 786 3878 et
830 3822 1085 3893 gloriam,
1113 3830 1170 3876 et
1215 3819 1507 3886 honorem,
1556 3820 1613 3871 in
1644 3816 1978 3872 revelatione
2021 3815 2152 3871 Jesu

549 3915 751 3972 Christi
785 3931 800 3972 :
831 3931 994 3987 quem
1022 3931 1143 3971 cum
1173 3929 1280 3969 non
1313 3912 1583 3975 videritis,
1613 3910 1872 3980 diligitis,
1906 3910 1957 3964 in
1985 3924 2149 3979 quem

548 4023 692 4063 nunc
713 4021 932 4078 quoque
962 4020 1068 4062 non
1099 4004 1346 4060 videntes
1372 4003 1627 4058 creditis:
1657 4001 1942 4058 credentes
1966 4013 2150 4057 autem

546 4099 890 4162 exsultabitis
931 4095 1121 4152 laetitia
1168 4095 1543 4159 inenarrabili,
1591 4106 1646 4151 et
1688 4093 2010 4164 gloriﬁcata.
2046 4093 2152 4147 Re-

543 4202 828 4263 portantes
849 4190 1017 4248 ﬁnem
1044 4190 1168 4246 ﬁdei
1196 4199 1413 4256 vestras,
1435 4189 1664 4245 salutem
1718 4188 2046 4243 animarum.
2076 4187 2151 4241 De

545 4300 653 4355 qua
709 4285 882 4340 salute
922 4282 1338 4354 exquisierunt,
1384 4291 1547 4353 atque
1572 4280 1800 4336 scrutati
1848 4290 1975 4334 sunt
2023 4293 2150 4349 pro-

543 4377 742 4447 pbetae,
777 4376 868 4446 qui
888 4375 958 4431 de
988 4376 1167 4430 futura
1191 4376 1245 4428 in
1272 4371 1426 4429 vobis
1446 4371 1622 4442 gratia
1650 4371 2143 4441 prophetaverunt:

545 4477 854 4526 scrutantes
875 4469 930 4524 in
958 4467 1133 4540 quod,
1167 4467 1255 4523 vel
1278 4466 1441 4537 quale
1470 4476 1684 4535 tempus
1726 4462 2058 4534 signiﬁcaret
2091 4462 2146 4517 in

545 4565 628 4622 eis
657 4565 898 4636 Spiritus
923 4563 1127 4621 Christi
1159 4579 1172 4616 :
1199 4561 1584 4633 praenuntiatus
1613 4575 1730 4626 eas,
1761 4574 1882 4629 quae
1904 4559 1961 4613 in
1989 4557 2149 4614 Chri-

540 4668 626 4716 sto
656 4669 814 4724 sunt,
849 4657 1161 4732 passiones,
1209 4666 1263 4711 et
1307 4655 1642 4725 posteriores
1668 4652 1875 4723 glorias
1905 4669 1917 4706 :
1951 4651 2148 4722 quibus

544 4739 842 4810 revelatum
875 4762 978 4816 est.
1009 4751 1136 4822 quia
1184 4764 1290 4816 non
1334 4747 1714 4818 sibimetipsis,
1753 4746 1910 4802 vobis
1961 4757 2145 4801 autem

545 4846 935 4903 ministrabant
968 4861 1064 4913 ea,
1098 4859 1218 4914 qum
1250 4857 1393 4898 nunc
1425 4840 1669 4896 nuntiata
1711 4848 1840 4895 sunt
1870 4838 2024 4894 vobis
2051 4853 2148 4908 per

541 4956 658 5006 eos,
694 4940 783 5009 qui
804 4937 1319 5010 evangelizaverunt
1340 4933 1515 5000 vobis,
1541 4933 1745 5004 Spiritu
1769 4939 1958 4988 sancto
1976 4932 2147 4986 misso

540 5033 612 5089 de
633 5033 797 5100 caelo,
833 5031 885 5086 in
917 5045 1079 5102 quem
1108 5027 1424 5084 desiderant
1452 5025 1629 5096 angeli
1653 5025 1986 5096 prospicere.
2012 5022 2145 5078 Pro-

539 5137 662 5198 pter
709 5124 856 5198 quod
903 5122 1164 5179 succincti
1214 5120 1429 5176 lumbos
1475 5118 1672 5174 mentis
1709 5126 1930 5182 vestras,
1975 5116 2144 5171 sobrii
2171 5120 2534 5194 Dgularem,
2565 5123 2836 5190 electum,
2897 5124 3193 5195 pretiosum
3231 5142 3244 5178 ;

537 5221 775 5292 perfecte
822 5227 1041 5290 sperate
1073 5216 1124 5272 in
1167 5229 1311 5282 eam,
1342 5229 1465 5285 quae
1505 5209 1733 5268 otl‘ertur
1780 5210 1951 5278 vobis,
2009 5225 2138 5280 gra-

538 5317 690 5381 tiam,
742 5315 796 5370 in
857 5311 1250 5370 revelationem
1314 5307 1445 5364 Jesu
1504 5304 1771 5374 Christi}:
1819 5302 1972 5375 quasi
2042 5303 2140 5358 ﬁlii

536 5403 893 5477 obedientiac,
937 5421 1044 5463 non
1097 5401 1417 5475 contigurati
1489 5399 1766 5472 prioribus
1818 5397 2140 5469 ignorantia:

534 5509 737 5558 vestra:
782 5499 1070 5556 desideriis
1121 5517 1132 5553 :
1185 5495 1280 5554 sed
1337 5494 1632 5552 secundum
1661 5507 1825 5558 .eum,
1855 5492 1948 5562 qui
1977 5506 2138 5547 voca-

534 5579 618 5650 vit
641 5607 769 5660 vos,
818 5591 1129 5658 Sanctum;
1180 5597 1238 5646 et
1282 5587 1384 5658 ipsi
1423 5587 1479 5642 in
1525 5585 1674 5641 omni
1715 5584 2130 5640 conversatione

530 5688 708 5746 sancti
748 5687 908 5744 sitis:
940 5685 1198 5756 quoniam
1245 5683 1508 5753 scriptum
1556 5690 1642 5738 est
1671 5699 1684 5736 ε
1714 5681 1900 5738 Sancti
1931 5680 2082 5736 eritis
2109 5719 2126 5748 ,

527 5781 783 5856 quoniam
832 5795 934 5853 ego
977 5778 1210 5835 Sanetus
1253 5791 1400 5833 sum.
1442 5773 1584 5832 Etsi
1616 5782 1824 5846 patrem
1862 5771 2128 5830 invocatis

528 5889 678 5942 eum,
706 5876 796 5947 qui
823 5875 941 5931 sine
971 5863 1289 5940 acceptione
1317 5882 1676 5940 personarum
1695 5865 1904 5940 judicat
1927 5877 2122 5923 secun-

2256 3817 2380 3873 bum
2406 3829 2589 3874 autem
2619 3819 2833 3875 Domini
2865 3831 3046 3874 manet
3071 3818 3128 3875 in
3174 3828 3464 3876 aeternum.
3495 3820 3609 3875 lloc
3646 3828 3731 3875 est
3757 3834 3862 3875 au-

2255 3921 2366 3970 tem
2395 3915 2642 3982 verbum,
2674 3914 2820 3985 quod
2852 3914 3280 3985 evaugclizatum
3325 3922 3411 3970 est
3437 3915 3492 3968 in
3522 3927 3640 3969 vos.

2325 4004 2480 4078 [Cap.
2513 4005 2604 4078 ll.]
2659 4006 3014 4077 Deponentcs
3043 4009 3202 4076 igitur
3231 4021 3450 4062 omnem
3483 4007 3766 4075 malitiam,
3796 4016 3864 4062 et

2253 4114 2470 4154 onmem
2495 4101 2700 4166 dolum,
2721 4113 2774 4156 et
2791 4101 3191 4167 simulationes,
3219 4109 3274 4155 et
3295 4101 3555 4166 invidias,
3579 4109 3637 4156 et
3661 4115 3859 4156 omnes

2252 4191 2644 4261 detractiones,
2677 4194 2820 4249 sicut
2850 4193 3011 4248 modo
3038 4191 3207 4262 geniti
3233 4192 3488 4260 infantes,
3505 4194 3856 4262 rationabile,

2251 4284 2369 4338 sine
2391 4283 2518 4338 dolo
2556 4284 2640 4338 lac
2667 4285 3070 4354 concupiscite:
3113 4293 3171 4340 ut
3195 4285 3248 4341 in
3276 4300 3343 4341 eo
3386 4287 3647 4343 crescatis
3684 4286 3740 4341 in
3770 4301 3861 4342 sa-

2251 4377 2450 4434 lutem:
2473 4379 2518 4432 si
2553 4388 2733 4435 tamen
2760 4380 3044 4452 gustastis,
3069 4379 3326 4450 quoniam
3356 4380 3534 4436 dulcis
3550 4391 3633 4436 est
3665 4381 3856 4437 Domi-

2250 4486 2374 4526 nus.
2422 4473 2502 4527 Ad
2535 4489 2695 4541 quem
2729 4473 3054 4530 accedentes
3077 4472 3312 4544 lapidem
3335 4478 3541 4539 vivum,
3570 4474 3640 4530 ab
3668 4474 3854 4530 homi-

2255 4565 2416 4620 nibus
2443 4566 2665 4636 quidem
2693 4567 3066 4637 reprobatum,
3099 4583 3126 4618 a
3155 4567 3267 4622 Deo
3293 4577 3474 4621 autem
3501 4567 3759 4637 electum,
3790 4577 3856 4623 et

2251 4657 2667 4713 honoriﬁcatum
2700 4669 2796 4717 :ct
2839 4659 2940 4730 ipsi
2986 4667 3259 4728 tamquam
3287 4659 3496 4730 lapides
3519 4659 3626 4715 vivi
3655 4674 3852 4730 super-

2247 4749 2634 4818 :ediﬁcamini,
2683 4751 2878 4807 domus
2915 4752 3235 4823 spiritualis,
3292 4753 3658 4810 sacerdotium
3714 4768 3849 4810 san-

2247 4852 2417 4911 ctum,
2474 4842 2674 4900 tiﬁ‘et-re
2726 4843 3037 4915 spirituales
3067 4844 3298 4910 hostias,
3328 4846 3691 4916 ueceptabiles
3732 4847 3851 4904 Deo

2246 4949 2345 5005 per
2388 4933 2572 4992 Jesum
2601 4935 2908 4992 Christum.
2955 4936 3184 5005 Propter
3230 4938 3378 5009 quod
3421 4941 3658 4997 continet
3699 4941 3850 4997 Seri-

2247 5039 2403 5098 ptura
2435 5047 2446 5082 :
2480 5029 2621 5084 Ecce
2652 5045 2792 5100 pono
2828 5031 2882 5086 in
2939 5029 3071 5086 Sion
3132 5031 3366 5101 lapidem
3415 5048 3688 5089 summum
3746 5048 3850 5090 an-

3300 5135 3359 5180 et
3401 5127 3492 5195 qui
3546 5126 3850 5183 credideris

2244 5216 2299 5271 in
2327 5231 2476 5284 eum,
2507 5231 2615 5272 non
2671 5215 3057 5273 confundetur.
3120 5216 3282 5273 Vobis
3321 5218 3484 5290 igitur
3518 5219 3693 5275 honor
3722 5235 3848 5277 cre-

2243 5307 2498 5365 dentibus
2546 5328 2560 5365 :
2608 5324 2718 5365 non
2761 5308 3114 5365 credentibus
3164 5317 3397 5376 autem,
3471 5309 3609 5380 lapis
3677 5327 3848 5382 quem

2240 5403 2670 5472 reprobaveruut
2694 5401 3031 5458 aediﬁcantes
3059 5443 3074 5472 ,
3120 5402 3206 5457 hic
3235 5403 3412 5458 factus
3447 5413 3534 5460 est
3579 5405 3633 5460 in
3679 5412 3848 5474 caput

2240 5496 2454 5565 anguli,
2503 5505 2557 5550 et
2607 5493 2745 5563 lapis
2769 5493 3120 5561 offensionis,
3154 5505 3210 5550 et
3257 5506 3408 5566 petra
3445 5497 3720 5565 scandali,
3756 5497 3847 5554 bis

2241 5587 2330 5656 qui
2361 5585 2642 5642 offendunt
2671 5585 2837 5641 verbo
2867 5626 2883 5652 ,
2932 5601 3034 5642 nec
3081 5587 3315 5644 credunt
3353 5589 3407 5644 in
3435 5605 3545 5661 quo
3582 5598 3641 5646 et
3679 5592 3846 5662 positi

2239 5689 2385 5734 sunt.
2416 5678 2522 5732 Vos
2551 5686 2734 5732 autem
2763 5693 2934 5748 genus
2953 5679 3212 5746 electum,
3239 5681 3422 5752 regale
3449 5681 3844 5750 sacerdotium,

2237 5785 2372 5842 gens
2398 5783 2606 5840 sancta,
2659 5773 2890 5844 populus
2918 5773 3294 5842 acquisitionis
3329 5791 3347 5829 ε
3377 5781 3437 5831 at
3474 5775 3701 5833 virtutes
3745 5792 3848 5833 an-

2233 5862 2498 5922 nuntietis
2527 5863 2668 5936 ejus,
2700 5867 2790 5934 qui
2827 5867 2896 5924 de
2933 5866 3170 5924 tenebris
3195 5880 3295 5923 vos
3325 5866 3536 5924 vocavit
3566 5865 3623 5924 in
3660 5866 3845 5925 admi-
