4128 6330
266 295 364 354 857

1333 287 1393 345 Β.
1436 283 1642 345 PETRI
1683 279 2024 344 APOSTOLI
2062 275 2397 344 EPiS‘l‘OLA
2426 283 2468 342 l.

3457 282 3562 342 858

265 411 428 468 rabile
479 408 662 465 lumen
713 420 892 462 suum.
937 403 1038 474 Qtti
1082 403 1378 476 aliquando
1427 417 1533 458 non
1603 401 1852 473 populus,
1887 401 1933 460 Α
1965 397 2126 454 faciat
2167 399 2367 454 bonum
2408 416 2419 451 :
2464 396 2704 468 inquirat
2753 411 2961 468 pacem,
3014 405 3064 451 et
3107 406 3361 469 sequatur
3401 414 3561 454 eam:

266 511 402 557 hunc
426 510 606 556 autem
643 499 872 571 populus
903 497 1019 564 Dei,
1051 498 1141 569 qui
1173 503 1289 566 ;non
1329 494 1606 552 censecuti
1642 493 1861 549 miseri-

267 597 524 662 cardiam,
547 610 690 651 nunc
731 601 914 650 autem
929 587 1360 648 misericordiam
1393 585 1693 645 consecuti.
1722 583 1865 642 Cha-

268 689 490 756 risslmi,
522 677 749 744 obsecro
777 695 873 743 vos
901 695 1172 758 tamquam
1203 681 1440 739 advenas
1467 687 1519 737 et
1551 673 1865 751 peregrinos

269 785 537 840 abstinere
577 797 673 838 vos
719 797 746 836 a
785 780 1092 836 earnalibus
1123 775 1428 842 desideriis,
1470 787 1591 845 quae
1635 767 1866 828 militant

269 876 524 933 adversus
571 875 839 943 animam,
890 874 1366 930 conversationem
1424 878 1656 926 vestram
1728 867 1867 922 inter

269 981 452 1043 gentes
498 968 760 1026 habentes
800 969 994 1023 bonam
1031 983 1042 1021 :
1079 969 1134 1021 ut
1173 965 1225 1021 in
1256 981 1342 1032 eo,
1377 963 1519 1035 quod
1563 960 1868 1016 detrectant

269 1066 336 1121 de
364 1065 515 1120 vobis
544 1071 818 1132 tamquam
846 1059 912 1117 de
944 1057 1408 1123 malefactoribus,
1444 1071 1508 1110 ex
1557 1051 1714 1109 bonis
1739 1059 1870 1122 ope-

267 1161 412 1216 ribus
438 1174 534 1214 vos
568 1156 1005 1220 considerantes,
1035 1151 1345 1226 glorificent
1373 1150 1541 1205 Deum
1577 1148 1628 1202 in
1671 1147 1760 1202 die
1792 1138 1872 1200 vi-

269 1251 554 1310 sitationis.
589 1247 831 1320 Subjeeti
858 1248 1023 1319 igitur
1051 1251 1226 1302 estote
1255 1244 1399 1300 omni
1429 1237 1679 1296 humanae
1719 1245 1872 1294 crea-

271 1355 402 1403 tura:
441 1351 663 1416 propter
706 1341 878 1399 Deum
921 1357 936 1395 :
972 1340 1088 1396 sive
1134 1335 1271 1409 regi,
1301 1335 1452 1408 quasi
1494 1327 1867 1406 prtecelleuti:

273 1439 386 1497 sive
411 1437 657 1506 ducibus,
715 1443 990 1506 tamquam
1037 1431 1106 1491 ab
1152 1447 1218 1488 eo
1248 1429 1432 1486 missis
1480 1425 1549 1482 ad
1581 1423 1869 1482 vindictam

276 1530 703 1596 malefactorem,
757 1526 974 1584 laudem
1003 1533 1133 1581 vero
1163 1521 1430 1580 bonorum
1461 1537 1474 1573 :
1501 1516 1626 1589 quia
1665 1515 1745 1570 sic
1791 1519 1876 1569 est

277 1625 522 1682 voluntas
553 1619 666 1691 Del,
698 1632 753 1678 ut
801 1615 941 1676 bene
971 1612 1232 1674 facientes
1253 1615 1628 1670 obmutescere
1667 1605 1874 1664 faciatis

275 1715 698 1790 imprudentium
727 1709 1006 1770 hominum
1048 1707 1409 1782 ignorantiam
1440 1703 1597 1777 quasi
1629 1702 1873 1757 Velamen

1964 492 2101 559 Quia
2131 493 2271 547 oculi
2306 491 2520 547 Domini
2547 506 2711 561 super
2731 491 2928 562 justus,
2959 499 3197 547 etaures
3223 490 3340 562 ejus
3369 492 3422 547 in
3452 509 3567 563 pre-

1965 602 2057 644 ces
2087 602 2274 644 eorum
2320 605 2332 642 :
2373 587 2559 642 Vultus
2597 595 2779 642 autem
2831 585 3045 641 Domini
3097 600 3260 656 super
3306 585 3567 643 facientes

1967 679 2127 736 mala.
2157 679 2222 735 Et
2251 680 2371 752 quis
2396 690 2479 736 est
2504 681 2595 753 qui
2632 677 2787 736 vobis
2811 689 3020 747 noceat,
3053 679 3095 735 si
3127 680 3255 735 boni
3286 679 3567 735 aemulato-

1968 788 2057 828 res
2086 772 2331 829 fueritis?
2365 770 2470 830 Sed
2517 782 2572 829 et
2610 773 2654 829 si
2685 772 2814 845 quid
2861 771 3105 844 patimini
3151 781 3372 843 propter
3406 772 3569 842 justi—

1969 865 2123 936 tiam,
2145 866 2313 922 beati.
2341 866 2816 924 Timorem'autcm
2848 884 3036 924 eorum
3069 884 3137 924 ne
3160 868 3483 936 timueritis,
3516 875 3573 923 et

1970 973 2079 1012 non
2110 958 2529 1015 conturbemini.
2582 959 2870 1016 Dominum
2903 968 3084 1016 autem
3123 960 3402 1016 Christum
3450 976 3576 1018 san-

1969 1051 2203 1108 ctificate
2245 1054 2296 1107 in
2328 1053 2583 1110 cordibus
2615 1056 2830 1122 veSIris,
2865 1056 3036 1126 parati
3067 1070 3284 1126 semper
3311 1055 3380 1111 ad
3413 1057 3576 1112 satis-

1970 1148 2262 1204 factionem
2289 1151 2434 1204 omni
2466 1153 2712 1220 poscenti
2743 1165 2845 1207 vos
2873 1143 3137 1208 rationem
3169 1153 3235 1208 de
3256 1166 3344 1222 ea,
3372 1167 3493 1224 qua:
3521 1152 3577 1208 in

1970 1239 2128 1295 vobis
2157 1247 2258 1308 est,
2309 1256 2425 1310 spe.
2481 1241 2587 1298 Sed
2627 1259 2750 1300 cum
2783 1245 3071 1314 modestia,
3114 1252 3170 1301 et
3214 1245 3407 1302 timore
3449 1260 3582 1301 con-

1973 1331 2260 1388 scientiam
2310 1333 2571 1390 habentes
2620 1336 2862 1392 bonam:
2905 1349 2965 1391 ut
2997 1337 3047 1392 in
3088 1351 3177 1405 eo,
3211 1337 3354 1407 quod
3395 1337 3579 1393 detra-

1977 1422 2114 1478 hunt
2137 1424 2316 1490 vobis,
2345 1425 2767 1497 confundantur,
2799 1429 2886 1498 qui
2916 1429 3318 1485 calumniantur
3343 1439 3578 1485 vestram

1976 1513 2172 1571 bonam
2205 1517 2258 1571 in
2286 1517 2506 1574 Christo
2535 1520 3030 1577 conversationem.
3070 1523 3261 1577 Melius
3303 1531 3388 1578 est
3432 1521 3578 1578 enim

1978 1608 2386 1669 benefaCientes
2419 1613 2484 1687 (si
2518 1615 2769 1670 voluntas
2801 1616 2898 1672 Dei
2929 1616 3079 1687 velit)
3115 1617 3244 1686 pati,
3276 1632 3434 1689 quam
3467 1633 3584 1672 ma-

1979 1701 2314 1761 lefacientes.
2344 1706 2478 1776 Quia
2511 1717 2564 1762 et
2607 1707 2857 1764 Christus
2893 1711 3062 1765 semel
3089 1724 3186 1781 pro
3217 1712 3454 1781 peccatis
3485 1724 3585 1766 no-

274 1812 532 1868 hahentes
577 1803 794 1864 malitia:
845 1803 1172 1870 libertatem,
1225 1800 1320 1857 sed
1363 1799 1504 1855 sicut
1551 1794 1694 1852 servi
1752 1791 1868 1847 Dei.

1995 1799 2105 1854 stris
2145 1810 2391 1856 mortuus
2422 1812 2526 1870 est,
2551 1803 2728 1872 justus
2753 1819 2852 1876 pro
2880 1803 3118 1874 injustis,
3154 1815 3213 1860 ut
3242 1820 3340 1861 nos
3361 1805 3584 1863 offerret

270 1903 471 1961 Omnes
511 1902 816 1966 honorate;
866 1896 1258 1953 fraternitatem
1307 1889 1546 1962 diligite;
1586 1887 1758 1943 Deum
1800 1883 1872 1939 ti-

270 1999 455 2063 mete;
495 2003 681 2065 regem
713 1990 1092 2047 honorificate.
1143 1984 1322 2052 Servi,
1365 1981 1566 2039 subditi
1614 1986 1788 2036 estote
1818 1976 1873 2032 in

269 2088 420 2147 omni
448 2088 646 2145 timore
669 2082 928 2150 dominis,
961 2089 1069 2138 non
1101 2088 1312 2137 tantum
1357 2075 1537 2143 bonis,
1569 2079 1622 2129 et
1662 2069 1878 2127 modes-

273 2181 486 2251 tis,_sed
512 2181 677 2238 etiam
704 2171 963 2251 dyscolis.
992 2174 1120 2230 Haec
1141 2177 1225 2229 est
1254 2170 1399 2226 enim
1423 2167 1614 2239 gratia,
1637 2165 1682 2221 si
1714 2175 1880 2234 prop-

272 2286 354 2332 ter
376 2275 470 2331 Dei
506 2271 896 2329 conscientiam
926 2267 1158 2324 sustinet
1182 2264 1306 2336 quis
1337 2261 1586 2326 tristitiae
1611 2299 1626 2323 ,
1669 2259 1877 2327 patiens

270 2369 494 2439 injuste.
522 2366 658 2433 Quae
694 2364 838 2419 enim
870 2371 952 2417 est
990 2360 1185 2431 gloria,
1220 2358 1265 2412 si
1298 2360 1606 2426 peccantes",
1635 2360 1690 2406 et
1730 2349 1877 2405 cola-

272 2463 473 2534 phizati
501 2453 908 2517 suffertis‘fSed
938 2457 984 2510 si
1001 2457 1138 2510 bene
1164 2452 1424 2508 facientes
1451 2447 1725 2520 patienter
1751 2459 1878 2499 sus-

271 2557 479 2622 tinetis,
507 2554 625 2608 haec
650 2561 736 2608 est
759 2550 930 2621 gratia
959 2547 1101 2618 apud
1135 2547 1330 2601 Deum.
1385 2542 1443 2598 In
1477 2541 1580 2596 hoc
1608 2539 1756 2595 enim
1786 2550 1882 2592 vo-

273 2649 382 2705 cati
413 2649 594 2704 estis:
643 2645 769 2715 quia
811 2651 867 2699 et
905 2641 1158 2698 Christus
1207 2649 1398 2709 passus
1436 2635 1519 2689 est
1561 2643 1660 2703 pro
1703 2631 1882 2696 nobis,

275 2741 432 2799 vobis
463 2739 775 2809 relinquens
820 2735 1152 2805 exemplum,
1204 2742 1262 2786 ut
1307 2727 1607 2800 sequamini
1655 2723 1884 2794 vestigia

278 2837 416 2908 ejus.
447 2836 550 2904 Qui
579 2840 861 2905 peceatum
893 2845 999 2886 non
1026 2829 1176 2895 fecit,
1207 2840 1310 2882 nec
1337 2826 1590 2879 inventus
1615 2828 1701 2877 est
1727 2817 1885 2873 dolus

279 2935 334 2991 in
361 2947 459 2988 ore
487 2931 605 3002 ejus
637 2946 651 2983 :
681 2932 772 2999 qui
803 2942 924 2982 cum
971 2924 1412 2987 malediceretur,
1454 2933 1562 2974 non
1597 2915 1888 2971 maledice-

279 3026 372 3082 bat
420 3042 434 3081 :
465 3039 590 3080 cum
619 3031 916 3095 pateretur,
966 3032 1074 3075 non
1111 3014 1543 3073 comminabatur
1593 3028 1607 3065 :
1641 3007 1890 3064 tradebat

1977 1891 2113 1957 Deo,
2157 1893 2512 1949 mortificatus
2552 1896 2770 1966 quidem
2813 1913 3000 1964 carne,
3043 1898 3356 1957 vivificatus
3401 1907 3583 1956 autem

1977 1986 2191 2054 spiritu.
2227 1987 2281 2043 in
2312 2005 2418 2058 quo
2448 1997 2503 2043 et
2533 1989 2638 2058 his,
2675 1991 2766 2060 qui
2811 1991 2863 2045 in
2892 2006 3114 2048 carcere
3153 2003 3329 2060 erant,
3377 1994 3586 2063 spiriti-

1978 2070 2080 2136 bus
2109 2083 2334 2138 veniens
2375 2083 2686 2152 praedicavit
2732 2102 2746 2140 :
2790 2086 2880 2156 qui
2930 2086 3195 2142 increduli
3228 2086 3439 2142 fuerant
3484 2087 3584 2143 ali-

1978 2173 2221 2244 quando,
2255 2174 2474 2246 quando
2500 2177 2888 2244 exspectabant
2913 2179 3002 2233 Dei
3037 2179 3350 2249 patientiam
3383 2181 3438 2235 in
3468 2180 3585 2234 die-

1981 2266 2082 2323 bus
2108 2266 2245 2335 Noe,
2297 2283 2420 2324 cum
2467 2269 2828 2324 fabricaretur
2875 2287 2999 2327 arca
3031 2289 3045 2325 :
3077 2272 3129 2326 in
3172 2287 3278 2342 qua
3325 2272 3500 2342 pauci,
3535 2272 3588 2327 id

1981 2365 2066 2416 est
2092 2367 2220 2416 octo
2248 2361 2446 2416 anima:
2485 2365 2650 2418 salvae
2698 2365 2851 2418 factae
2882 2376 3011 2420 sunt
3048 2382 3142 2435 per
3167 2382 3380 2437 aquam.
3431 2367 3588 2433 Quod

1981 2461 2037 2509 et
2063 2469 2159 2509 vos
2191 2469 2334 2511 nunc
2358 2457 2554 2512 similis
2578 2458 2765 2514 formm
2785 2461 2968 2516 salvos
2994 2459 3118 2516 facit
3145 2460 3408 2531 baptisma
3439 2478 3453 2516 :
3479 2478 3590 2516 non

1987 2547 2167 2602 carnis
2196 2546 2467 2618 depositio
2497 2550 2762 2619 sordium,
2807 2555 2902 2608 sed
2943 2554 3292 2609 conscientiae
3330 2554 3488 2610 bonae
3513 2556 3594 2610 in-

1988 2644 2286 2715 terrogatio
2311 2642 2366 2698 in
2401 2643 2568 2699 Deum
2602 2659 2694 2714 per
2725 2647 3183 2703 resurrectionem
3211 2647 3340 2711 Jesu
3367 2645 3589 2713 Christi,

1983 2736 2076 2807 qui
2106 2747 2187 2791 eSt
2216 2736 2269 2791 in
2296 2737 2518 2794 dextera
2566 2739 2656 2793 Dei
2685 2780 2700 2804 ,
2744 2739 3050 2810 deglutiens
3080 2751 3335 2811 mortem,
3381 2751 3439 2796 ut
3466 2741 3594 2795 vita:

1985 2835 2207 2884 mternze
2253 2829 2500 2886 haeredes
2530 2831 2874 2887 efficerentur
2907 2850 2918 2886 :
2962 2833 3237 2902 profectus
3269 2833 3321 2888 in
3371 2833 3593 2901 cmlum,

1987 2921 2248 2992 subjectis
2276 2923 2382 2979 sibi
2414 2925 2644 2994 angelis,
2681 2934 2736 2979 et
2765 2926 3146 2996 potestatibus,
3179 2935 3233 2982 et
3280 2925 3593 2981 virtutibus.

2060 3015 2216 3090 [Cap.
2258 3009 2376 3090 IV.)
2419 3009 2640 3074 Christo
2677 3008 2842 3090 igitur
2885 3033 3045 3090 passo
3076 3021 3128 3076 in
3170 3036 3352 3087 carne,
3401 3027 3456 3076 et
3501 3035 3598 3076 vos

273 3128 458 3174 autem
503 3115 771 3187 judicanti
801 3131 862 3170 se
903 3113 1103 3185 injuste
1133 3129 1147 3164 :
1177 3110 1272 3182 qui
1302 3117 1525 3178 peccata
1556 3115 1742 3161 nostra
1771 3104 1888 3172 ipso
1926 3181 1960 3187 _
1988 3110 2178 3167 eadem
2208 3113 2535 3182 cogitatione
2564 3115 2872 3180 armamini,
2907 3113 3164 3185 quiaiqui
3193 3128 3384 3184 passus
3421 3123 3510 3168 est
3538 3114 3594 3167 in

275 3212 507 3284 pertulit
543 3211 596 3266 in
635 3223 867 3278 corpore
912 3221 1014 3262 suo
1051 3219 1218 3275 super
1263 3203 1474 3273 lignum
1507 3217 1519 3253 :
1554 3210 1612 3254 ut
1652 3194 1888 3268 peccatis

1995 3216 2180 3272 carne,
2212 3181 2374 3260 desiit
2417 3221 2447 3260 a
2478 3207 2716 3276 peccatis
2745 3224 2758 3260 :
2793 3217 2850 3260 ut
2876 3181 2988 3277 jam
3027 3181 3134 3262 non
3163 3181 3452 3263 desideriis
3495 3205 3598 3260 ho-

275 3305 499 3372 mortui,
548 3301 774 3374 iustitiae
796 3301 1042 3357 vivamus
1073 3316 1087 3353 :
1119 3297 1276 3368 cujus
1308 3295 1481 3350 livore
1521 3293 1694 3348 sanati
1736 3291 1888 3347 estis.

277 3392 461 3454 Eratis
506 3397 650 3452 enim
693 3395 835 3450 sicut
860 3408 991 3450 oves
1021 3399 1289 3456 errantes,
1341 3388 1436 3444 sed
1469 3386 1720 3442 conversi
1761 3383 1894 3440 estis

279 3505 429 3547 nunc
469 3490 536 3545 ad
581 3498 857 3560 pastorem
887 3495 942 3543 et
983 3485 1300 3558 episcopum
1341 3483 1646 3537 animarum
1688 3487 1896 3535 vestra-

283 3599 436 3639 rum.

356 3673 511 3747 [ϐαρ.
543 3669 658 3746 Ill.]
689 3671 951 3728 Similiter
981 3679 1036 3726 et
1066 3669 1325 3725 mulieres
1374 3665 1603 3722 subditae
1634 3664 1744 3720 sint
1766 3661 1896 3718 viris

280 3767 399 3825 suis
429 3785 444 3823 :
470 3777 528 3822 ut
557 3777 611 3823 et
645 3768 691 3823 si
720 3767 810 3838 qui
853 3781 958 3822 non
991 3765 1218 3820 credunt
1251 3763 1442 3826 verbo,
1480 3777 1577 3832 per
1611 3760 1896 3815 mulierum

281 3863 757 3917 conversationem
801 3859 921 3914 sine
951 3857 1120 3914 verbo
1165 3854 1458 3921 lucrifiant,
1488 3853 1899 3909 considerantes

281 3957 342 4012 in
367 3954 564 4009 timore
600 3961 803 4008 castam
851 3949 1319 4006 conversationem
1349 3958 1612 4002 vestram.
1654 3945 1897 4012 Quorum

284 4064 398 4104 non
453 4051 525 4102 sit
577 4046 916 4103 extrinsecus
969 4035 1287 4114 capillatura
1321 4086 1336 4111 ,
1395 4039 1488 4095 aut
1543 4035 1902 4095 circumdatio

285 4141 430 4208 auri,
461 4137 763 4196 indumenti
791 4139 1238 4193 vestimentorum
1267 4134 1449 4190 cultus
1480 4149 1496 4192 :
1522 4133 1618 4190 sed
1647 4133 1739 4204 qui
1779 4132 1904 4187 abs-

287 4234 548 4294 conditus
611 4244 695 4290 est
773 4231 957 4287 cordis
1012 4230 1223 4294 homo,
1270 4230 1321 4283 iu
1387 4225 1904 4297 incorruptibilitate

288 4327 487 4400 quieti,
521 4333 577 4382 et
605 4323 841 4381 modeSIi
869 4323 1120 4393 spiritus,
1150 4323 1240 4392 qui
1271 4329 1356 4376 est
1396 4319 1452 4375 in
1483 4330 1778 4391 conspectu
1810 4319 1904 4374 Dei

289 4423 563 4492 locuples.
617 4420 710 4478 Sic
756 4420 898 4475 enim
950 4416 1244 4487 aliquando
1289 4426 1342 4472 et
1380 4425 1581 4470 sanctae
1621 4415 1901 4480 mulieres,

289 4529 582 4590 sperantes
632 4519 682 4571 in
730 4515 862 4581 Deo,
914 4512 1183 4568 ornabant
1230 4527 1310 4579 se,
1365 4510 1623 4578 subjectae
1671 4508 1906 4579 propriis

294 4611 454 4667 viris.
502 4611 655 4666 Sicut
683 4607 817 4666 Sara
850 4605 1139 4660 obediebat
1182 4604 1433 4672 Abrahae,
1474 4603 1754 4657 dominum
1784 4615 1908 4657 eum

308 4717 520 4762 vocans
554 4720 566 4754 :
597 4699 750 4770 cujus
783 4699 918 4754 estis
950 4697 1072 4752 (ilia:
1101 4693 1530 4762 benefacientes,
1560 4703 1615 4750 et
1645 4709 1750 4750 non
1791 4709 1914 4762 per-

294 4795 562 4853 timentes
589 4794 757 4848 ullam
795 4791 1284 4862 perturbationem.
1322 4788 1430 4842 V'iri
1472 4787 1723 4842 similiter
1749 4785 1914 4843 coha-

295 4891 544 4945 bitantes
596 4884 892 4942 secundum
927 4883 1238 4946 scientiam,
1281 4880 1435 4951 quasi
1485 4878 1775 4934 infirmiori
1817 4895 1907 4933 va-

301 4981 460 5037 sculo
507 4976 761 5033 muliebri
811 4967 1190 5045 impartieutes
1236 4972 1526 5040 honorem,
1560 4981 1833 5044 tamquam
1861 4981 1917 5026 et

305 5071 688 5129 cohaeredibus
727 5068 918 5140 gratiae
945 5068 1073 5122 vitae
1107 5085 1117 5120 :
1154 5075 1211 5120 ut
1252 5081 1358 5121 non
1404 5065 1772 5135 impediantur
1801 5080 1924 5120 ora-
1989 5072 1993 5076 '

308 5167 490 5221 tiones
517 5175 734 5220 veStrze.
763 5159 823 5217 In
854 5161 959 5217 fine
982 5169 1188 5226 autem,
1218 5172 1408 5214 omnes
1435 5157 1742 5226 unanimes,
1775 5168 1926 5212 com-

299 5259 598 5332 patientes,
633 5254 988 5311 fraternitatis
1018 5264 1291 5309 amatores
1311 5291 1327 5321 ,
1361 5249 1770 5317 misericordes,
1802 5235 1922 5305 mo.-

300 5354 470 5418 desti,
503 5351 777 5407 humiles:
806 5365 914 5405 non
942 5347 1234 5404 reddentes
1266 5347 1470 5401 malum
1498 5359 1597 5415 pro
1622 5344 1786 5411 malo,
1823 5358 1925 5399 nec

305 5445 664 5504 maledictum
697 5458 794 5514 pro
841 5441 1152 5510 maledicto,
1199 5439 1294 5496 sed
1342 5439 1647 5495 econtrario
1687 5438 1916 5494 benedi-

305 5551 499 5599 ceutes
532 5559 543 5594 :
575 5537 702 5610 quia
746 5537 798 5591 itt
829 5535 932 5592 hoc
980 5537 1155 5591 vocati
1187 5533 1340 5600 estis,
1372 5541 1432 5589 ut
1478 5532 1917 5590 benedictionem

301 5635 633 5692 haereditate
661 5629 1009 5701 possideatis.
1039 5629 1142 5698 Qui
1171 5629 1315 5684 enim
1343 5626 1458 5683 vult
1481 5625 1648 5682 vitam
1671 5626 1918 5697 diligere,

303 5738 363 5784 et
386 5727 509 5783 dies
533 5723 720 5780 videre
743 5723 940 5789 honos,
967 5729 1223 5780 coerceat
1247 5721 1485 5790 linguam
1514 5732 1673 5776 suam
1693 5733 1725 5774 a
1753 5719 1920 5787 malo,

308 5825 372 5883 et
399 5815 545 5874 labia
563 5813 685 5886 ejus
705 5823 773 5871 ne
798 5803 1089 5884 loquantur
1109 5799 1317 5868 dolum.
1341 5803 1590 5867 Declinat
1607 5821 1639 5866 ι
1671 5808 1836 5878 malo,
1867 5817 1924 5867 et

1996 3297 2226 3363 mittunt,
2276 3299 2370 3353 sed
2416 3299 2696 3354 voluntate
2749 3299 2868 3366 Dei,
2923 3299 3064 3370 quod
3102 3299 3370 3371 reliquum
3415 3307 3500 3354 est
3547 3301 3602 3354 in

1995 3406 2178 3474 carne,
2205 3392 2356 3447 vivat
2383 3393 2664 3462 temporis.
2692 3392 2910 3449 Sufficit
2934 3395 3078 3449 enim
3105 3394 3440 3463 prmteritum
3468 3401 3607 3448 tem-

1998 3504 2098 3559 pus
2125 3486 2190 3541 ad
2224 3487 2558 3544 voluntatem
2588 3489 2832 3559 gentium
2857 3489 3362 3555 consummandam,
3399 3487 3486 3542 his
3511 3487 3607 3558 qui

1997 3580 2414 3635 ambulaverunt
2443 3581 2495 3635 in
2527 3579 2780 3646 luxuriis,
2806 3579 3119 3646 desideriis,
3150 3580 3484 3645 vinolentiis,
3514 3591 3609 3633 c0-

2007 3671 2450 3737 tuessationibus,
2475 3672 2866 3743 potationibus,
2897 3681 2952 3728 et
2979 3672 3180 3727 illicitis
3203 3672 3465 3728 idolorum
3492 3673 3610 3728 cul-

2000 3767 2166 3822 tibus.
2200 3765 2258 3822 In
2295 3782 2403 3836 quo
2436 3765 2776 3822 admirantur
2802 3783 2910 3822 non
2961 3766 3418 3822 concurrentibus
3451 3767 3608 3821 vobis

2000 3861 2055 3916 in
2086 3860 2334 3918 eamdem
2387 3861 2616 3917 luxuriae
2669 3860 3091 3928 confusionem,
3144 3860 3609 3932 blasphemantes.

2002 3956 2104 4022 Qui
2138 3954 2366 4010 reddent
2412 3955 2679 4010 rationem
2709 3954 2801 4022 ei,
2835 3954 2928 4025 qui
2979 3965 3200 4024 paratus
3241 3961 3327 4009 est
3361 3951 3612 4024 judicare

2004 4054 2162 4105 vivos
2187 4057 2243 4105 et
2269 4058 2534 4105 mortuos.
2562 4049 2790 4120 Propter
2811 4049 2915 4104 hoc
2938 4049 3086 4105 enim
3108 4059 3164 4105 et
3189 4051 3419 4105 mortuis
3443 4065 3607 4105 evan-

2003 4143 2293 4215 geliaatum
2351 4153 2493 4199 est:
2551 4152 2610 4200 ut
2670 4144 2982 4214 iudicentur
3031 4143 3254 4216 quidem
3314 4143 3614 4200 secundum

2014 4248 2206 4289 omnes
2255 4233 2310 4288 in
2350 4249 2542 4299 carne,
2573 4234 2754 4290 vivant
2792 4243 2974 4290 autem
3011 4235 3310 4290 secundum
3352 4236 3516 4290 Deum
3560 4235 3618 4290 in

2007 4328 2224 4398 spiritu.
2255 4326 2512 4382 Omnium
2535 4337 2714 4384 autem
2746 4325 2870 4383 finis
2918 4327 3394 4400 appropinquavit.
3431 4327 3621 4383 Estote

2010 4425 2194 4492 itaque
2243 4419 2562 4491 prudentes,
2611 4431 2666 4476 et
2711 4420 2932 4490 vigilate
2976 4421 3028 4476 in
3070 4420 3433 4477 orationibus.
3479 4421 3622 4477 Ante

2012 4514 2194 4569 omnia
2230 4522 2448 4578 autem,
2490 4521 2732 4568 mutuam
2765 4513 2820 4567 in
2860 4512 3266 4583 vobismetipsis
3296 4513 3621 4568 charitatem

2015 4606 2332 4677 continuam
2363 4603 2624 4660 habentes
2649 4621 2664 4658 :
2695 4603 2818 4674 quia
2843 4605 3081 4659 charitas
3120 4604 3298 4674 operit
3321 4604 3625 4660 multitude-

2021 4713 2144 4752 nem
2174 4705 2542 4766 peccatorum.
2571 4696 2883 4767 Hospitales
2912 4696 3141 4752 invicem
3168 4697 3285 4753 sine
3311 4711 3623 4755 murmura-

2019 4790 2189 4846 tione.
2251 4787 2662 4860 Unusquisque,
2706 4787 2847 4844 sicut
2878 4791 3088 4860 aceepit
3121 4791 3386 4860 gratiam,
3435 4791 3488 4846 in
3542 4793 3627 4847 al-

2019 4894 2284 4940 terutrum
2318 4883 2470 4940 illam
2495 4881 2940 4940 administrantes
2966 4925 2982 4950 ,
3010 4884 3151 4940 sicut
3192 4885 3317 4939 boni
3346 4885 3630 4954 dispansae

2019 4989 2167 5036 tores
2193 4978 2548 5036 multiformis
2583 4977 2772 5048 gratias
2802 4978 2918 5034 Dei.
2945 4979 3002 5036 Si
3033 4980 3154 5052 quis
3185 4979 3445 5050 loquitor,
3474 4978 3631 5051 quasi

2025 5085 2308 5127 sermones
2350 5071 2440 5126 Dei
2480 5089 2498 5150 :1
2531 5070 2576 5127 si
2615 5073 2736 5143 quis
2774 5071 3066 5139 ministrat,
3107 5081 3376 5142 tamquam
3413 5088 3484 5128 ex
3523 5073 3633 5127 virs

2027 5173 2164 5229 tute,
2197 5180 2359 5234 quam
2386 5164 2726 5221 administrat
2755 5165 2900 5222 Deus
2929 5181 2945 5220 :
2971 5175 3032 5221 ut
3070 5165 3126 5221 in
3154 5165 3408 5222 omnibus
3454 5169 3629 5222 honosI

2028 5255 2272 5312 rificetur
2305 5257 2446 5311 Deus
2490 5272 2585 5328 per
2613 5245 2798 5315 J‘esum
2827 5256 3106 5314 Christum
3139 5276 3154 5314 :
3181 5260 3269 5315 cui
3313 5269 3396 5317 est
3435 5259 3632 5330 gloria,

2027 5359 2082 5403 et
2124 5350 2414 5419 imperium
2459 5349 2516 5405 in
2545 5349 2744 5405 saecula
2773 5349 3100 5406 mentorum
3133 5366 3148 5405 :
3179 5354 3372 5406 Amen.
3405 5351 3631 5408 Charis-

2028 5442 2175 5512 simi,
2207 5443 2374 5498 nolite
2404 5442 2737 5514 peregrinari
2771 5444 2824 5498 itt
2857 5445 3098 5513 fervore,
3129 5445 3220 5516 qui
3253 5446 3323 5502 ad
3370 5447 3633 5504 tentatioc

2023 5549 2147 5590 nem
2176 5535 2331 5593 vobis
2370 5533 2450 5603 fit,
2483 5537 2636 5606 quasi
2687 5537 2811 5591 novi
2847 5536 3050 5608 aliquid
3105 5539 3262 5594 vobis
3305 5541 3586 5613 contingat
3611 5557 3631 5594 θ

2021 5627 2119 5684 sed
2155 5626 2620 5683 communicantes
2657 5627 2859 5684 Christi
2890 5628 3236 5699 passionibus
3277 5631 3529 5702 gaudete,
3575 5640 3637 5689 ut

2027 5730 2082 5776 et
2109 5720 2163 5776 in
2195 5719 2532 5777 revelatione
2557 5719 2745 5793 gloriae
2767 5721 2888 5793 ejus
2914 5722 3193 5795 gaudeatis
3219 5726 3641 5786 exstdtantasaﬁ

2027 5809 2432 5884 exprobraminl
2482 5810 2536 5869 iu
2567 5812 2788 5871 nomine
2813 5813 3041 5883 Christi,
3090 5812 3235 5874 beati
3279 5815 3482 5876 eritis:
3544 5829 3652 5890 quo
