4128 6330
293 262 387 321 8H

1211 265 1272 321 Β.
1314 267 1594 330 JOANNIS
1635 270 1971 331 APOSTOLI
2011 270 2347 329 EPISTULA
2387 271 2619 330 PRIMA.

3474 272 3579 332 842

293 378 419 435 olim
451 394 559 434 non
586 386 795 445 cessat;
826 388 883 437 et
909 379 1142 451 perditio
1168 397 1356 439 eorum
1383 402 1490 441 non
1520 386 1798 445 dormitat.
1825 389 1881 445 Si
1913 393 1958 454 Δ
1987 392 2130 448 enim
2154 391 2234 447 eis
2255 389 2383 446 illud
2408 386 2518 446 veri
2542 386 2813 461 proverbii
2839 405 2852 445 :
2874 387 3039 445 Canis
3059 401 3312 444 reversus
3335 387 3401 444 ad
3424 403 3581 446 suum

294 474 439 531 enim
464 474 607 532 Deus
628 477 832 547 angelis
866 477 1216 546 peccantibus
1239 494 1343 534 non
1376 482 1636 551 pepercit,
1671 483 1765 539 sed
1796 499 1889 540 ru-

298 567 552 624 dentibus
587 566 784 624 inferni
830 568 1102 626 detractos
1134 572 1185 626 in
1217 582 1471 628 tartarum
1508 574 1730 630 tradidit
1768 591 1891 632 crn-

295 660 538 728 eiandos,
577 661 630 717 in
669 661 931 733 judicium
963 664 1250 720 reservari.
1288 664 1358 720 Et
1396 665 1647 736 originali
1686 669 1891 724 mundo

296 766 403 810 non
447 754 723 827 pepercit,
756 754 852 812 sed
883 765 1130 813 octavum
1175 757 1291 815 Noe
1318 760 1543 829 justitiae
1583 776 1889 832 prmconem

296 846 609 915 custodivit,
639 847 897 905 diluvium
923 850 1125 905 mundo
1168 850 1458 924 impiorum
1502 854 1785 911 inducens.
1823 857 1891 912 Et

308 937 554 995 civitates
580 936 941 997 Sodomorum
968 950 1024 998 et
1046 942 1524 1002 Gomorrhaeorum
1557 947 1609 1002 in
1651 948 1889 1005 cinerem

300 1029 575 1101 redigens,
595 1032 879 1091 eversione
899 1033 1204 1091 damnavit:
1224 1040 1541 1109 exemplum
1564 1055 1774 1105 eorum,
1798 1042 1891 1113 qui

300 1124 463 1197 impie
491 1128 662 1183 acturi
691 1140 839 1197 sunt,
865 1144 1072 1200 ponens
1101 1149 1111 1184 :
1136 1139 1191 1187 et
1213 1132 1417 1203 justum
1440 1132 1541 1189 Lot
1571 1149 1889 1206 Oppressum

299 1232 329 1273 a
370 1219 730 1278 nefandorum
781 1224 1008 1296 injuria,
1058 1241 1120 1282 ac
1162 1226 1433 1283 luxuriosa
1482 1231 1893 1287 conversatione

298 1313 493 1384 eripuit
516 1332 530 1368 :
554 1325 775 1387 aSpectu
799 1318 964 1383 enim,
993 1326 1043 1373 et
1068 1319 1250 1375 auditu
1269 1320 1448 1389 justus
1470 1329 1620 1377 erat:
1646 1322 1895 1379 habitans

299 1406 438 1477 apud
470 1422 596 1474 eos,
625 1410 715 1480 qui
740 1410 807 1466 de
833 1410 922 1466 die
954 1412 1006 1466 in
1033 1411 1177 1468 diem
1202 1416 1436 1469 animant
1461 1415 1668 1485 justam
1697 1417 1894 1489 iniquis

300 1502 556 1571 cperibus
582 1505 915 1561 cruciabam.
959 1505 1125 1562 Novit
1167 1508 1423 1563 Dominus
1453 1508 1572 1579 pios
1614 1510 1683 1568 de
1716 1520 1895 1567 tenta-

301 1596 444 1653 tione
476 1599 724 1668 eripere:
754 1600 969 1673 iniquos
995 1618 1127 1659 vero
1153 1603 1204 1658 in
1234 1604 1376 1660 diem
1398 1606 1583 1675 judicii
1612 1622 1897 1665 reservare

304 1692 623 1748 cruciandos
655 1712 666 1747 :
706 1695 875 1767 magis
922 1706 1102 1752 autem
1153 1713 1266 1766 eos,
1302 1700 1391 1769 qui
1435 1708 1558 1771 post
1593 1715 1812 1758 carnem
1842 1703 1895 1759 in

1990 486 2253 541 vomitum
2280 501 2295 539 :
2329 495 2420 539 et:
2454 484 2559 541 Sus
2592 486 2698 537 lota
2731 485 2781 537 in
2809 482 3093 540 volutabro
3124 482 3246 538 lttti.

2066 578 2215 651 [Cap.
2250 576 2359 650 ιιι]
2391 577 2539 633 lianc
2566 593 2692 635 ecce
2724 578 2897 646 vobis,
2927 576 3263 643 charissimi,
3290 577 3581 631 secundum

1992 671 2174 728 scribo
2205 672 2514 742 epistolam,
2548 671 2603 727 in
2630 671 2830 743 quibus
2856 682 3095 727 vestram
3122 670 3303 725 excito
3342 669 3395 724 in
3435 686 3584 725 com-

1994 768 2295 825 monitione
2329 768 2597 825 sinceram
2644 776 2881 824 mentem
2907 785 2919 821 τ
2950 776 3010 822 ut
3040 780 3311 823 memores
3337 764 3457 821 sitis
3493 780 3587 821 eo-

1995 878 2136 927 rum,
2167 877 2287 933 qua:
2310 861 2535 933 praedixi
2553 901 2570 927 ,
2597 861 2895 916 verborum
2925 875 2955 914 a
2978 858 3180 915 sanctis
3212 857 3509 929 prophetis,
3534 865 3589 911 et

1993 953 2365 1024 apostolorum
2388 962 2718 1018 vestrorum,
2745 960 3139 1025 praeceptorum
3166 950 3377 1006 Domini
3400 958 3454 1005 et
3474 948 3591 1004 Sal-

1994 1046 2223 1102 vatoris.
2268 1044 2384 1101 Hoc
2429 1046 2665 1116 primum
2693 1046 2955 1114 scientes,
2985 1044 3128 1115 quod
3161 1043 3381 1098 venient
3407 1043 3460 1097 in
3492 1057 3591 1097 no-

1995 1140 2230 1197 vissimis
2268 1139 2460 1197 diebus
2500 1142 2553 1196 in
2597 1139 2919 1211 deceptione
2964 1138 3240 1208 illusores,
3279 1138 3429 1207 juxta
3464 1153 3593 1208 pro-

1997 1234 2142 1305 prias
2169 1232 2639 1305 concupiscentias
2667 1232 3032 1300 ambulantes,
3066 1232 3309 1289 dicentes
3337 1248 3349 1286 :
3382 1231 3482 1286 Ubi
3512 1240 3595 1286 est

1996 1327 2313 1400 promissio,
2361 1338 2455 1383 aut
2484 1328 2754 1384 adventus
2799 1328 2953 1399 ejus?
2995 1343 3063 1384 ex
3092 1344 3200 1398 quo
3229 1326 3373 1383 enim
3405 1335 3593 1397 patres

1997 1421 2359 1487 dormierunt,
2380 1423 2557 1478 omnia
2579 1424 2659 1477 sic
2681 1430 3030 1493 perseverant
3048 1422 3116 1477 ab
3136 1420 3291 1476 initio
3306 1431 3590 1477 creatur-ae.

1998 1514 2155 1571 Latet
2183 1514 2327 1570 enim
2350 1529 2444 1571 eos
2475 1514 2578 1570 hoc
2607 1515 2876 1581 volentes,
2909 1514 3051 1585 quod
3085 1514 3207 1569 coeli
3238 1524 3394 1569 erant
3423 1512 3598 1583 prius,

2000 1619 2053 1662 et
2077 1616 2244 1670 terra,
2264 1608 2332 1662 de
2360 1621 2497 1678 aqua
2525 1616 2580 1662 et
2597 1622 2693 1677 per
2717 1622 2908 1677 aquam
2938 1606 3244 1662 consistens
3266 1606 3359 1661 Dei
3389 1605 3591 1660 verbo:

2001 1716 2100 1772 per
2114 1716 2237 1772 qua:
2262 1702 2353 1756 ille
2378 1709 2506 1757 tunc
2524 1700 2761 1757 mundus
2784 1715 2919 1771 aqua
2946 1701 3233 1756 inundatos
3255 1698 3434 1770 periit.
3458 1696 3597 1753 ϐωιί

302 1784 746 1865 concupiscentia
812 1789 1169 1844 immunditia:
1224 1792 1525 1859 ambulant,
1576 1793 1901 1851 dominatio-
1929 1783 1977 1844 Β
2004 1805 2183 1852 autem
2212 1797 2302 1867 qui
2336 1811 2478 1851 nunc
2503 1805 2651 1862 sunt,
2680 1806 2733 1850 et
2761 1805 2929 1861 terra,
2957 1796 3148 1851 eodem
3180 1795 3350 1849 verbo
3372 1794 3598 1864 repositi

305 1892 539 1950 nemque
559 1890 938 1946 contemnunt,
968 1881 1224 1949 audaces,
1262 1883 1365 1938 sibi
1397 1884 1693 1952 placentes,
1724 1898 1902 1943 sectas

303 1985 407 2027 non
441 1957 689 2028 metuunt
712 1973 1057 2031 introducere
1089 1973 1564 2047 blaspliemantes:
1597 1978 1685 2033 tibi
1724 1981 1901 2047 angeli

303 2064 620 2123 fortitudine
648 2076 703 2122 et
731 2070 936 2124 virtute
965 2084 1085 2124 cum
1115 2070 1224 2125 sint
1254 2070 1507 2141 majores,
1546 2087 1650 2127 non
1684 2081 1904 2144 portant

311 2157 598 2215 adversum
626 2175 685 2215 se
706 2162 1036 2218 exsecrabile
1048 2162 1332 2234 judicium.
1355 2164 1416 2219 Hi
1446 2180 1579 2222 vero
1600 2167 1749 2222 velut
1769 2169 1907 2223 irra-

305 2253 584 2311 tionabilia
612 2271 828 2326 pecora,
856 2258 1179 2315 naturaliter
1198 2259 1253 2315 in
1282 2261 1590 2332 captionem
1618 2271 1673 2317 et
1697 2262 1749 2317 in
1777 2278 1906 2335 per-

306 2346 498 2404 niciem
532 2348 585 2403 in
628 2348 715 2405 his
756 2364 877 2422 qua:
921 2349 1175 2423 ignorant
1202 2351 1662 2425 blasphemantes,
1694 2354 1748 2409 in
1780 2368 1905 2409 cor—

308 2443 562 2511 ruptione
605 2458 702 2498 sua
748 2443 1034 2513 peribunt,
1079 2444 1441 2516 percipientes
1472 2445 1777 2501 mercedem
1820 2446 1908 2501 in-

304 2531 555 2606 iustitiae,
584 2538 915 2608 voluptatem
936 2539 1309 2597 existimantes
1334 2539 1443 2597 diei
1469 2540 1693 2596 delicias
1718 2558 1731 2595 :
1756 2541 1910 2596 coin-

308 2630 679 2703 quinationes,
694 2641 750 2688 et
771 2633 997 2690 macula:
1013 2633 1227 2692 deliciis
1241 2634 1551 2702 affluentes,
1574 2635 1625 2690 in
1644 2635 1908 2692 conviviis

310 2722 422 2779 suis
466 2724 800 2782 luxuriantes
842 2726 1147 2796 vobiscum,
1195 2728 1383 2784 oculos
1427 2727 1686 2785 habentes
1718 2728 1909 2799 plenos

313 2816 598 2885 adulterii,
643 2830 694 2875 et
728 2820 1061 2877 incessabilis
1089 2820 1295 2878 delicti.
1322 2820 1666 2878 Pellicientes
1694 2821 1911 2877 animas

316 2909 619 2980 instabiles,
648 2927 747 2968 cor
772 2914 1128 2970 exercitatum
1154 2913 1381 2970 avaritia
1410 2913 1697 2983 habentes,
1742 2914 1911 2970 male-

313 2999 572 3060 dictionis
598 3004 691 3060 filii
718 3021 733 3064 :
765 3005 1215 3077 derelinquentes
1250 3016 1454 3064 rectam
1490 3007 1657 3075 viam,
1689 3021 1911 3064 errave-

2005 1900 2154 1958 snnt,
2188 1890 2295 1960 igni
2326 1890 2587 1946 reservati
2620 1889 2673 1943 in
2724 1888 2867 1944 diem
2904 1887 3129 1957 judicii,
3176 1896 3229 1943 et
3277 1885 3598 1956 perditionis

2007 1981 2295 2051 impiorum
2325 1981 2628 2037 hominum.
2657 1980 2836 2038 Unum
2864 1995 2996 2037 vero
3026 1980 3127 2034 hoc
3153 1994 3257 2034 non
3282 1980 3449 2035 lateat
3477 1994 3598 2043 vos,

2007 2075 2336 2144 charissimi,
2395 2077 2519 2148 quia
2580 2092 2720 2131 unus
2770 2075 2889 2131 dies
2935 2074 3074 2146 apud
3126 2073 3411 2129 Dominum
3463 2073 3606 2129 sicut

2008 2170 2157 2226 mille
2176 2169 2325 2233 anni,
2360 2180 2410 2225 et
2441 2169 2588 2225 mille
2609 2169 2737 2223 anni
2764 2168 2905 2225 sicut
2939 2166 3055 2223 dies
3092 2181 3251 2222 unus.
3282 2165 3399 2222 Non
3425 2165 3606 2221 tardat

2010 2262 2274 2318 Dominus
2323 2262 2742 2332 promissionem
2794 2277 2946 2317 suam
2998 2262 3142 2317 sicut
3170 2260 3389 2331 quidam
3419 2260 3607 2315 existi-

2008 2362 2161 2411 mant
2188 2374 2201 2410 :
2228 2355 2323 2411 sed
2352 2354 2621 2424 patienter
2648 2354 2755 2425 agit
2778 2362 3001 2424 propter
3030 2366 3148 2420 vos,
3178 2352 3371 2409 nolens
3393 2351 3605 2422 aliquos

2010 2447 2215 2517 perire,
2244 2446 2337 2502 sed
2370 2461 2559 2502 onmes
2580 2447 2645 2501 ad
2673 2447 3051 2517 paenitentiam
3088 2447 3311 2503 reverti.
3337 2446 3609 2502 Adveniet

2010 2548 2189 2596 autem
2233 2540 2350 2595 dies
2382 2538 2617 2608 Domini,
2650 2547 2709 2595 ut
2732 2538 2860 2596 fur:
2892 2540 2944 2594 in
2987 2555 3095 2610 quo
3125 2538 3253 2595 caeli
3286 2552 3480 2609 magno
3505 2524 3607 2593 im?

2014 2644 2139 2706 petn
2164 2635 2753 2701 transienlyelementa
2773 2649 2904 2690 vero
2927 2634 3107 2689 calore
3130 2634 3430 2699 solventur,
3460 2642 3603 2687 terra

2012 2740 2226 2795 autem,
2269 2738 2323 2784 et
2352 2743 2472 2799 qua:
2514 2729 2565 2782 in
2600 2728 2713 2799 ipsa
2744 2736 2870 2784 sunt
2899 2742 3092 2800 opera,
3123 2728 3444 2783 exurentur.
3475 2724 3607 2780 Cum

2013 2823 2182 2892 igitur
2213 2821 2331 2877 hzec
2360 2822 2540 2877 omnia
2575 2820 2919 2877 dissolvenda
2965 2822 3112 2889 sint,
3163 2821 3347 2890 quales
3393 2827 3611 2889 oportet

2017 2930 2119 2973 vos
2149 2930 2272 2971 esse
2304 2915 2357 2969 in
2391 2914 2596 2970 sanctis
2642 2914 3149 2970 conversationibus
3189 2922 3241 2969 et
3294 2913 3608 2982 pietatibus,

2013 3014 2413 3078 exspectantes,
2429 3014 2485 3061 et
2501 3013 2856 3077 properantes
2874 3006 2925 3060 in
2944 3006 3231 3060 adventum
3250 3004 3355 3059 diei
3376 3003 3615 3066 Domini,

311 3106 463 3165 runt,
496 3098 673 3154 secuti
699 3098 839 3154 viam
884 3098 1101 3155 Balaam
1145 3115 1214 3156 ex
1249 3099 1438 3167 Bosor,
1474 3099 1908 3171 qui',mercedem
2016 3115 2114 3171 per
2138 3114 2298 3171 quem
2330 3099 2452 3155 coeli
2474 3098 2729 3155 ardentes
2759 3097 3060 3164 solventur,
3094 3106 3148 3153 et
3177 3098 3439 3153 elementa
3474 3095 3610 3166 ignis

312 3188 617 3260 iniquitatis
659 3192 860 3248 amavit
895 3208 910 3249 :
940 3192 1341 3263 correptionem
1391 3207 1522 3249 vero
1565 3192 1753 3249 habuit
1795 3207 1908 3249 sua:
1938 3180 1985 3247 C
2015 3192 2209 3248 ardore
2245 3190 2554 3247 tabescent!
2587 3189 2766 3246 Novos
2792 3204 2925 3245 vero
2964 3190 3155 3257 caelos,
3187 3198 3243 3245 et
3270 3203 3462 3244 novam
3504 3197 3612 3243 ter-

314 3282 577 3353 vesanite,
637 3284 916 3355 subjugale
968 3293 1175 3341 mutum
1222 3285 1440 3353 animal,
1493 3284 1731 3342 hominis
1779 3300 1913 3343 voce
2018 3300 2133 3359 ram
2163 3284 2461 3342 secundum
2486 3284 2756 3356 promissa
2789 3282 2959 3354 ipsius
2988 3291 3387 3353 exspectamus,
3418 3281 3471 3335 in
3494 3279 3613 3350 qui-

314 3371 568 3446 loquens,
599 3377 884 3448 prohibuit
913 3378 1190 3449 prophetae
1239 3377 1625 3450 insipientiam.
1674 3379 1739 3434 Hi
1788 3389 1917 3437 sunt
2014 3377 2117 3434 bus
2153 3378 2366 3448 justitia
2395 3376 2626 3432 habitat.
2658 3376 2889 3447 Propter
2926 3375 3097 3447 quod,
3132 3373 3464 3440 cbarissimi,
3498 3372 3615 3427 haec

313 3465 493 3523 fontes
540 3468 662 3525 sine
704 3483 864 3540 aqua,
895 3479 952 3526 et
998 3470 1210 3527 nebula:
1255 3470 1558 3527 turbinibus
1603 3470 1909 3542 exagitatte,

313 3559 513 3631 quibus
540 3560 711 3633 caligo
742 3563 1087 3619 tenebrarum
1119 3571 1449 3619 reservatur.
1490 3563 1733 3633 Superba
1766 3565 1914 3619 enim

313 3654 571 3709 vanitatis
609 3654 918 3726 loquentes,
968 3655 1251 3725 pelliciunt
1299 3656 1355 3711 in
1403 3654 1695 3712 desideriis
1735 3655 1915 3712 carnis

316 3746 546 3813 luxuria:
574 3763 695 3818 eos,
728 3750 819 3820 qui
859 3750 1139 3821 paululum
1171 3749 1455 3821 effugiunt,
1486 3750 1580 3819 qui
1625 3750 1678 3804 in
1727 3764 1917 3806 errore

315 3851 712 3897 conversantur
754 3859 769 3896 :
815 3841 1120 3899 libertatem
1173 3843 1283 3899 illis
1336 3843 1746 3914 promittentes,
1792 3857 1915 3898 eum

230 3950 233 3951 '
318 3930 423 4004 ipsi
449 3935 594 3991 servi
614 3936 723 3992 sint
747 3936 1118 4006 corruptionis
1146 3954 1159 3993 :
1189 3951 1216 3990 a
1244 3951 1351 4007 quo
1371 3936 1519 3993 enim
1548 3936 1668 4008 quis
1697 3949 1919 4007 supera-

317 4034 407 4085 tus
430 4037 537 4097 est,
560 4027 720 4100 hujus
743 4038 800 4085 et
818 4044 1008 4086 servus
1036 4039 1142 4087 est.
1170 4030 1226 4087 Si
1248 4031 1392 4087 enim
1412 4031 1747 4102 refugientes
1767 4031 1917 4088 coin-

317 4123 663 4196 quinationes
689 4124 875 4181 mundi
926 4125 979 4181 in
1029 4125 1339 4197 cognitione
1372 4124 1587 4182 Domini
1627 4126 1820 4191 nostri,
1864 4134 1921 4182 et

318 4214 620 4276 Salvatoris
650 4219 779 4275 Jesu
828 4219 1054 4288 Christi,
1100 4221 1184 4276 his
1214 4234 1405 4276 rursus
1448 4219 1708 4291 implicati
1753 4234 1918 4291 supe-

317 4325 543 4371 rantur:
568 4314 707 4372 facta
737 4325 864 4371 sunt
885 4315 967 4371 eis
990 4316 1297 4388 posteriora
1320 4314 1594 4371 deteriora
1626 4313 1916 4385 prioribus.

317 4407 517 4466 Melius
540 4409 683 4465 enim
713 4418 833 4465 erat
857 4409 967 4465 illis
1000 4425 1105 4465 non
1137 4424 1473 4482 cognoscere
1502 4409 1644 4464 viam
1674 4407 1917 4478 justitite,

2017 3478 2418 3540 exspectantes,
2440 3469 2667 3539 satagite
2697 3461 3028 3523 immaculati
3047 3466 3358 3522 ctinviolati
3384 3465 3434 3522 ei
3464 3465 3614 3521 inve-

2018 3564 2122 3620 niri
2152 3564 2204 3620 in
2228 3579 2383 3635 pace.
2417 3565 2480 3619 Et
2511 3563 2727 3620 Domini
2753 3564 2921 3619 nostri
2949 3562 3436 3633 longanimitatem,
3466 3559 3611 3615 salu-

2022 3666 2127 3714 tem
2170 3657 2551 3714 arbitremini:
2584 3658 2727 3713 sicut
2762 3666 2818 3714 et
2846 3657 3204 3713 cbarissimns
3232 3656 3399 3712 frater
3427 3663 3615 3710 noster

2021 3752 2222 3808 Paulus
2245 3752 2544 3807 secundum
2579 3752 2758 3806 datam
2790 3750 2893 3807 sibi
2927 3751 3240 3821 patientiam
3270 3748 3489 3821 scripsit
3516 3763 3614 3804 vo-

2019 3843 2126 3910 bis,
2159 3844 2298 3900 sicut
2329 3854 2382 3901 et
2413 3844 2470 3900 in
2502 3843 2757 3900 omnibus
2788 3844 3058 3914 epistolis,
3091 3843 3316 3915 loquens
3358 3842 3409 3896 in
3439 3842 3520 3897 eis
3547 3840 3617 3896 de

2022 3935 2106 3991 his
2134 3953 2147 3993 :
2173 3936 2226 3991 in
2250 3937 2446 4007 quibus
2472 3945 2597 3991 sunt
2623 3936 2867 4008 quaedam
2890 3935 3130 3992 difficilia
3163 3934 3617 4005 intellectu,.qu:e

2024 4029 2227 4086 indocti
2283 4038 2336 4085 et
2394 4029 2680 4086 instabiles
2734 4030 3053 4100 depravant,
3106 4029 3244 4083 sicut
3292 4039 3344 4083 et
3391 4038 3620 4083 caeteras

2026 4123 2369 4195 Scripturas,
2408 4122 2474 4177 ad
2513 4137 2664 4178 suam
2704 4122 2942 4192 ipsorum
2974 4120 3358 4191 perditionem.
3384 4119 3492 4175 Vos
3522 4117 3622 4191 igi-

2026 4227 2135 4284 tur,
2169 4216 2384 4283 fratres,
2414 4217 2764 4286 prrscienles
2804 4214 3111 4272 custodite:
3142 4227 3212 4270 ne
3242 4212 3618 4283 insipientium

2024 4322 2215 4365 errore
2241 4307 2472 4363 traducti
2496 4306 2761 4363 excidalis
2787 4323 2815 4362 a
2847 4306 3062 4376 propria
3084 4306 3360 4361 firmitate.
3380 4303 3622 4361 Crescite

2026 4416 2157 4459 vero
2205 4406 2257 4456 in
2314 4402 2510 4472 gratia,
2564 4410 2619 4456 et
2661 4403 2712 4455 in
2748 4399 3060 4471 cognitione
3093 4397 3305 4454 Domini
3337 4397 3540 4466 nostri,
3568 4404 3625 4451 et

317 4514 482 4572 quam
527 4512 650 4571 post
680 4502 1048 4574 agnitionem,
1094 4511 1395 4558 retrorsum
1428 4501 1673 4557 converti
1716 4501 1783 4557 ab
1827 4515 1917 4569 eo,
1949 4537 1999 4597 Ι)
2026 4494 2323 4553 Salvatoris
2349 4495 2481 4549 Jesu
2522 4492 2742 4549 Christi.
2776 4492 2880 4563 Ipsi
2912 4492 3108 4563 gloria,
3150 4498 3206 4547 et
3251 4503 3417 4555 nunc,
3468 4497 3522 4545 et
3564 4489 3622 4543 in

318 4595 464 4668 quod
507 4595 616 4651 illis
662 4596 919 4654 traditum
966 4606 1070 4664 est,
1118 4606 1310 4653 sancto
1356 4594 1633 4651 mandato.
1679 4593 1918 4666 Contigit

2026 4588 2170 4645 diem
2202 4585 2544 4641 aeternitatis.
2578 4586 2770 4641 Amen.

1394 4710 1625 4783 Eaplicit
1654 4710 1894 4780 Epistola
1918 4706 1985 4766 Β.
2011 4705 2157 4762 Petri
2189 4704 2413 4773 apostoli
2445 4700 2529 4756 II.

318 4844 3603 4875 “ww—MM

961 4988 1139 5100 Β.
1217 4981 1926 5098 ιἸὈΔΝΝῙ

2011 4979 2027 5087 l
2102 4970 3006 5095 APOSTOLI

1743 5255 1752 5261 _
1843 5177 2182 5263 INCIPIT‘

1175 5337 2784 5563 EPISTWRIMA.

402 5643 554 5716 [Cap.
579 5641 647 5713 1.]
668 5640 823 5708 Quod
850 5642 947 5699 fuit
965 5641 1035 5698 ab
1057 5642 1230 5711 initio,
1254 5640 1399 5714 quod
1424 5640 1753 5705 audivimus,
1780 5635 1923 5708 quod

325 5733 569 5792 vidimus
596 5734 770 5791 oculis
795 5735 1020 5803 n03tris,
1048 5736 1191 5807 quod
1224 5734 1623 5807 perspeximus,
1648 5742 1702 5789 et
1734 5743 1927 5788 manus

324 5836 531 5888 nostra
571 5838 1049 5887 contrectavernnt
1088 5831 1156 5887 de
1195 5830 1360 5887 verbo
1400 5830 1525 5884 vita:
1557 5872 1572 5894 ,
1611 5837 1663 5884 et
1701 5825 1929 5883 manife-

535 5920 809 5983 Ρηιοι..
851 5920 1073 5983 XXIX

2033 5642 2169 5691 stata
2206 5638 2311 5696 est,
2354 5637 2410 5686 et
2450 5628 2709 5694 vidimus,
2742 5634 2796 5681 et
2839 5633 3122 5689 testamur,
3150 5631 3203 5680 et
3250 5625 3630 5682 annuntiamus

2037 5724 2190 5783 vobis
2217 5724 2382 5780 vitam
2416 5730 2699 5786 aeternam,
2729 5732 2851 5790 quae
2878 5726 2998 5773 erat
3021 5717 3161 5788 apud
3194 5717 3434 5788 Patrem,
3458 5727 3512 5774 et
3541 5734 3632 5787 ap-

2038 5819 2218 5892 paruit
2262 5815 2419 5874 nobis
2456 5833 2470 5870 :
2504 5813 2646 5886 quod
2689 5811 2942 5878 vidimus,
2975 5820 3030 5867 et
3050 5810 3375 5875 audivimus,
3409 5826 3620 5866 annun-

3072 5904 3153 5967 27
