4128 6330
514 354 625 419 εις

1535 357 1596 415 ε.
1639 350 2023 418 utsnovvut
2063 336 2295 417 DlViNA
2335 348 2810 419 BlBLlOTllECA.

3722 364 3832 429 ΒΗ

512 483 715 537 tiamus
760 476 934 544 vobis,
978 478 1131 534 utet
1172 486 1266 534 vos
1310 475 1625 535 secielatem
1657 479 1902 536 habeatis
1931 479 2119 536 uobis-
2144 466 2194 541 Ᾱ
2221 480 2359 550 sint,
2405 482 2656 553 quoniam
2700 497 2806 538 non
2844 488 2972 538 sunt
3011 494 3200 540 omnes
3242 496 3310 539 ex
3354 480 3509 539 nobis
3542 498 3556 537 :
3587 480 3685 540 sed
3729 500 3832 541 vos

516 592 663 647 cum,
697 583 753 632 et
793 575 1023 632 societas
1057 582 1240 630 nostra
1272 575 1341 630 sit
1370 589 1495 630 cum
1528 575 1711 645 Patre,
1741 585 1946 632 etcum
1980 568 2120 632 Filio

517 670 636 742 ejus
676 671 805 727 Jesu
848 667 1086 725 Christo.
1120 667 1189 723 Et
1218 667 1337 724 haec
1380 666 1671 725 scribimus
1701 668 1873 738 vobis,
1904 676 1963 724 ut
1990 684 2121 740 gau-

517 763 714 831 deatis,
762 771 816 819 et
862 760 1118 835 gaudium
1145 770 1383 818 vestrum
1415 761 1485 816 sit
1514 760 1758 833 plenum.
1792 761 1862 817 Et
1890 754 2009 817 lucc
2037 770 2121 817 est

516 857 876 929 annuntiatio,
921 872 1081 929 quam
1110 855 1419 912 audivimus
1447 856 1515 912 ab
1545 871 1635 925 eo,
1658 864 1710 913 et
1736 856 2119 913 annuntiamus

516 953 673 1009 vobis
703 969 717 1009 :
750 950 1017 1020 Quoniam
1050 950 1193 1008 Deus
1223 950 1313 1006 lux
1345 960 1449 1020 est,
1482 961 1537 1009 et
1562 948 1802 1009 tenebrae
1833 950 1887 1007 in
1914 966 1980 1008 eo
2010 966 2118 1008 non

515 1056 645 1103 sunt
678 1044 825 1103 ulla.
862 1043 919 1102 Si
956 1044 1263 1101 dixerimus
1299 1045 1557 1117 quoniam
1600 1044 1919 1103 societatem
1950 1044 2118 1103 babe-
2150 1075 2154 1079 -

514 1155 638 1197 mus
664 1156 784 1197 cum
811 1148 968 1207 eo,et
993 1139 1045 1194 in
1076 1139 1314 1196 tenebris
1341 1140 1698 1208 ambulamus,
1724 1134 2039 1208 mentimur,
2066 1149 2121 1195 et

514 1234 799 1293 veritatem
830 1249 938 1290 non
961 1231 1209 1289 facimus.
1240 1231 1297 1289 Si
1323 1243 1503 1290 autem
1528 1235 1585 1290 in
1608 1234 1728 1291 luce
1753 1232 2113 1301 ambulamus,

513 1328 657 1385 sicut
681 1338 735 1384 et
761 1328 877 1399 ipse
908 1336 994 1384 est
1022 1327 1074 1383 in
1104 1328 1257 1395 luce;
1291 1325 1608 1385 societatem
1636 1327 1905 1385 habemus
1936 1326 2003 1383 ad
2032 1326 2119 1383 in-

507 1422 709 1491 vicem,
740 1430 793 1479 et
833 1420 1052 1495 sanguis
1087 1418 1218 1479 Jesu
1258 1422 1486 1492 Christi,
1522 1424 1641 1480 Filii
1691 1425 1831 1497 ejus,
1861 1422 2120 1479 emundat

509 1533 614 1576 nos
641 1518 709 1575 ab
752 1516 899 1575 omni
939 1529 1180 1590 peccato.
1212 1518 1268 1576 Si
1302 1518 1601 1576 dixerimus
1631 1519 1892 1591 quoniam
1925 1533 2118 1590 pecca-

509 1623 626 1671 tum
660 1628 765 1671 non
788 1610 1083 1681 habemus;
1120 1616 1220 1685 ipsi
1253 1629 1353 1670 nos
1385 1614 1718 1684 seducimus,
1751 1624 1805 1672 et
1834 1615 2034 1679 veritas
2062 1613 2117 1669 in

506 1710 670 1767 nobis
700 1726 807 1767 non
837 1722 939 1768 est.
974 1700 1031 1769 Si
1054 1710 1413 1767 confiteamur
1443 1719 1665 1782 peccata
1688 1716 1913 1775 nostra;
1943 1706 2118 1763 fidelis

504 1812 612 1872 est,
654 1813 710 1860 et
741 1796 947 1875 justus,
987 1812 1047 1859 ut
1087 1803 1329 1859 remittat
1370 1803 1528 1859 nobis
1570 1810 1787 1873 peccata
1821 1810 2030 1867 nostra,
2061 1796 2118 1854 et

2226 575 2535 630 unctionem
2575 573 2789 632 habetis
2834 593 2862 631 a
2905 575 3124 645 Sancto,
3170 586 3223 632 et
3264 577 3434 633 nostis
3464 578 3671 634 omnia.
3705 575 3830 633 Non

2223 665 2417 737 scripsi
2450 667 2602 723 vobis
2632 667 2784 737 quasi
2814 666 3192 739 ignorantibus
3214 668 3524 740 veritatem,
3548 669 3647 726 sed
3666 669 3831 741 quasi

2223 759 2523 817 scientibus
2568 777 2687 818 eam
2736 780 2750 817 :
2793 772 2849 819 et
2880 763 3132 834 quoniam
3176 780 3339 821 omne
3377 765 3726 822 mendacium
3753 781 3829 822 ex

2224 855 2450 912 veritate
2476 871 2582 913 non
2610 866 2713 913 est.
2743 852 2877 926 Quis
2902 867 2987 915 est
3018 859 3272 927 mendax,
3304 859 3407 916 nisi
3438 860 3484 916 is
3513 860 3606 932 qui
3639 870 3831 932 negat,

2224 949 2477 1021 quoniam
2499 948 2657 1007 Jesus
2679 960 2762 1008 est
2784 949 3070 1009 Christus?
3093 951 3192 1008 Hic
3213 959 3299 1009 est
3317 952 3711 1020 Antichristus,
3734 951 3832 1023 qui

2222 1052 2385 1115 negat
2429 1042 2670 1112 Patrem,
2707 1053 2761 1101 et
2797 1043 3012 1102 Filium.
3052 1046 3241 1105 Omnis
3278 1046 3368 1119 qui
3411 1055 3571 1119 negat
3597 1045 3830 1112 Filium,

2223 1150 2323 1191 nec
2351 1134 2567 1193 Patrem
2597 1135 2759 1195 habet
2788 1155 2803 1193 :
2834 1140 2928 1211 qui
2957 1141 3250 1196 confitetur
3280 1137 3502 1208 Filium,
3530 1147 3586 1197 et
3608 1138 3832 1197 Patrem

2221 1224 2407 1286 habet.
2440 1229 2549 1286 Vos
2586 1231 2730 1303 quod
2770 1230 2997 1289 audistis
3026 1232 3092 1289 ab
3124 1233 3300 1301 initio,
3327 1233 3386 1289 in
3414 1233 3569 1290 vobis
3602 1247 3832 1306 perma-

2222 1335 2369 1383 neat.
2397 1323 2453 1384 Si
2482 1328 2534 1382 in
2558 1327 2712 1384 vobis
2738 1329 3103 1401 permanserit
3126 1326 3271 1402 quod
3296 1328 3524 1386 audistis
3550 1329 3619 1384 ab
3646 1326 3829 1395 initio,

2221 1429 2280 1477 et
2310 1436 2406 1477 vos
2437 1421 2488 1476 in
2522 1419 2660 1477 Filio
2687 1430 2743 1478 et
2768 1422 2930 1478 Patre
2957 1422 3267 1480 uianebitis.
3298 1420 3366 1478 Et
3388 1420 3507 1478 haec
3528 1428 3615 1478 est
3634 1436 3834 1493 repro-

2222 1513 2434 1580 miSsio,
2465 1531 2625 1588 quam
2666 1515 2789 1588 ipse
2830 1517 3100 1589 pollicitus
3137 1525 3227 1573 est
3256 1516 3434 1585 nobis,
3465 1517 3631 1573 vitam
3661 1526 3831 1572 reter-

2220 1622 2367 1663 nam.
2398 1607 2529 1664 llaec
2552 1610 2749 1681 scripsi
2780 1610 2935 1666 vobis
2961 1609 3030 1667 de
3060 1608 3167 1680 his,
3195 1610 3286 1681 qui
3313 1609 3582 1666 seducunt
3612 1624 3730 1665 vos.
3755 1608 3831 1663 Et

2221 1718 2318 1759 vos
2348 1704 2657 1761 unctionem
2689 1720 2849 1777 quam
2873 1704 3159 1776 accepistis
3183 1706 3252 1761 ab
3274 1721 3362 1774 eo,
3388 1714 3609 1761 maneat
3637 1704 3694 1759 in
3725 1718 3794 1758 vo
3813 1733 3826 1744 -

2220 1792 2323 1855 bis.
2349 1799 2411 1854 Et
2431 1815 2534 1856 non
2555 1815 2779 1858 necesse
2793 1800 3029 1869 habetis,
3050 1812 3109 1857 ut
3134 1799 3326 1873 aliquis
3344 1799 3541 1857 doceat
3564 1812 3661 1856 vos
3681 1816 3698 1867 ;
3720 1796 3824 1863 sed

506 1872 769 1955 cmunde't
798 1912 898 1954 nos
927 1892 995 1951 ab
1028 1898 1176 1954 omni
1207 1895 1515 1968 iniquitate.
1548 1872 1605 1952 Si
1637 1892 1939 1951 dixerimus
1970 1908 2112 1965 quo-
2143 1872 2191 1950 ΪΞ
2219 1892 2358 1948 sicut
2393 1893 2583 1949 unctio
2604 1893 2724 1964 ejus
2744 1893 2906 1951 docet
2927 1909 3021 1951 vos
3044 1894 3114 1969 de
3136 1872 3408 1963 omnibus,
3434 1903 3491 1950 et
3519 1907 3709 1949 verum
3734 1899 3828 1948 est

506 1992 657 2048 niam
702 2008 810 2049 non
852 1993 1224 2065 peccavimus;
1258 1990 1574 2048 mendacem
1614 1990 1841 2047 facimus
1880 2002 2027 2058 eum,
2051 1996 2114 2060 et

506 2086 737 2143 verbum
770 2086 890 2157 ejus
914 2101 1023 2143 non
1051 2096 1137 2142 est
1162 2085 1217 2141 in
1243 2086 1421 2142 nobis.

580 2179 734 2255 [Cap.
774 2179 867 2254 ll.]
908 2180 1089 2237 Filioli
1127 2181 1266 2249 mei,
1303 2181 1417 2237 haec
1458 2180 1642 2238 scribo
1681 2179 1858 2248 vobis,
1912 2189 1965 2236 ut
2001 2194 2109 2235 non

505 2273 770 2347 peccetis.
802 2270 911 2329 Sed
942 2282 997 2329 et
1023 2274 1066 2328 si
1095 2273 1215 2345 quis
1240 2274 1569 2345 peccaverit,
1599 2272 1920 2330 advocatum
1948 2273 2113 2329 habe—

502 2382 629 2424 mus
658 2364 800 2439 apud
839 2362 1080 2433 Patrem,
1106 2364 1292 2423 Jesum
1321 2364 1599 2422 Christum
1623 2366 1831 2437 justum
1866 2385 1877 2420 :
1912 2375 1967 2420 et
1997 2366 2112 2436 ipse

506 2468 594 2518 est
632 2458 949 2533 propitiatio
977 2474 1075 2531 pro
1106 2459 1340 2530 peccatis
1370 2458 1601 2525 nostris;
1632 2473 1740 2514 non
1773 2472 1875 2529 pro
1907 2459 2111 2515 nosuis

501 2563 686 2612 autem
715 2546 945 2623 tantum,
970 2556 1068 2611 sed
1098 2553 1261 2610 etiam
1284 2568 1382 2624 pro
1406 2553 1572 2609 totius
1601 2552 1894 2609 mundi.Et
1923 2553 1974 2607 iu
2009 2553 2111 2609 hoc

502 2652 706 2709 scimus
741 2651 998 2722 quoniam
1038 2636 1394 2720 cognovimus
1434 2662 1585 2716 eum,
1629 2646 1673 2705 si
1712 2645 1963 2701 mandata
1991 2645 2109 2715 ejus

500 2748 875 2803 observemus.
903 2744 1003 2814 Qui
1026 2744 1157 2800 dicit
1186 2758 1248 2801 se
1280 2758 1441 2799 nosse
1464 2758 1612 2810 eum,
1636 2751 1690 2798 et
1714 2740 1965 2797 mandata
1990 2738 2108 2810 ejus

500 2853 612 2896 non
654 2837 913 2906 custodit,
952 2836 1183 2894 mendax
1216 2845 1321 2904 est,
1353 2845 1408 2891 et
1433 2836 1486 2890 in
1516 2834 1619 2890 hoc
1649 2834 1850 2890 veritas
1871 2847 1976 2888 non
2000 2840 2103 2888 est.

502 2934 604 3002 Qui
635 2942 813 2989 autem
844 2940 1026 2989 servat
1057 2931 1282 2987 verbum
1310 2929 1450 3001 ejus,
1492 2943 1622 2985 vere
1648 2928 1700 2983 in
1739 2930 1839 2982 hoc
1868 2925 2107 2982 charitas

504 3018 606 3083 Dei
638 3026 876 3098 perfecta
909 3032 993 3082 est
1021 3042 1035 3080 :
1069 3035 1123 3080 et
1154 3025 1207 3079 in
1236 3024 1338 3079 hoc
1364 3022 1586 3091 scimus,
1617 3021 1871 3095 quoniam
1905 3020 1958 3074 in
1986 3019 2107 3089 ipso

496 3134 707 3178 sumus.
734 3118 837 3187 Qui
866 3117 999 3174 dicit
1023 3132 1084 3174 se
1114 3120 1165 3173 in
1200 3119 1322 3188 ipso
1349 3130 1592 3184 manere,
1620 3113 1817 3183 debet,
1847 3112 1985 3169 sicut
2011 3110 2107 3167 ille

500 3212 820 3281 ambulavit,
852 3222 908 3269 et
935 3212 1052 3283 ipse
1095 3211 1393 3267 ambulare.
1426 3207 1771 3277 Charissimi,
1803 3222 1912 3264 non
1946 3221 2101 3263 man-

2212 1995 2272 2040 et
2320 2000 2426 2041 non
2459 1995 2543 2041 est
2582 1987 2945 2044 mendacium.
2982 1989 3049 2042 Et
3087 1987 3230 2044 sicut
3259 1988 3442 2044 docuit
3480 2001 3598 2056 vos,
3630 1994 3825 2043 manet

2213 2079 2270 2136 in
2311 2094 2397 2137 eo.
2441 2081 2508 2136 Et
2542 2097 2704 2148 nunc,
2736 2082 2910 2148 lilioli,
2946 2093 3161 2139 manete
3202 2082 3253 2138 in
3285 2098 3374 2153 eo,
3406 2091 3465 2138 ut
3495 2097 3617 2137 cum
3646 2094 3825 2152 appa‘

2213 2174 2417 2243 ruerit,
2455 2174 2749 2233 habeamus
2782 2176 3028 2233 fiduciam
3049 2218 3066 2244 ,
3098 2172 3153 2233 et
3182 2191 3287 2233 non
3318 2174 3714 2233 confundamur
3742 2173 3822 2229 ab

2213 2284 2278 2324 eo
2306 2270 2361 2335 in
2391 2269 2622 2326 adventu
2654 2270 2762 2342 [ΑΙ.
2792 2269 3108 2344 adventum]
3127 2270 3266 2341 ejus.
3294 2270 3350 2328 Si
3373 2270 3526 2326 scitis
3554 2270 3818 2340 quoniam

2207 2363 2386 2435 justus
2412 2374 2525 2431 est,
2568 2364 2761 2421 scitote
2799 2365 3056 2435 quoniam
3081 2373 3140 2421 et
3167 2363 3347 2421 omnis
3383 2363 3475 2437 qui
3505 2362 3633 2420 facit
3652 2362 3822 2435 justi-

2210 2458 2362 2528 tiam,
2392 2473 2460 2513 ex
2491 2457 2612 2530 ipso
2639 2468 2795 2519 natus
2824 2470 2929 2517 est.
3322 2512 3325 2517 .

2283 2538 2434 2626 [Cap.
2467 2552 2584 2631 lll._|
2616 2554 2805 2612 Videte
2843 2555 3060 2628 qualem
3098 2554 3428 2613 cbaritatezu
3471 2553 3624 2611 dedit
3653 2553 3820 2611 nobis

2210 2647 2391 2720 Pater,
2425 2659 2482 2705 ut
2513 2650 2606 2706 lilii
2633 2651 2732 2707 Dui
2769 2652 3114 2709 nominamur
3143 2661 3199 2709 et
3225 2651 3417 2708 simus.
3450 2651 3678 2722 Propter
3708 2651 3818 2709 hoc

2211 2743 2444 2800 mundus
2464 2759 2573 2801 non
2603 2746 2753 2803 novit
2787 2762 2886 2804 nos
2916 2767 2932 2804 :
2956 2750 3080 2822 quia
3101 2765 3210 2805 non
3236 2749 3388 2805 novit
3410 2748 3816 2806 eum.'Cliaris-

2210 2837 2358 2905 simi,
2389 2854 2532 2895 nunc
2559 2838 2654 2895 lilii
2688 2840 2784 2898 Dei
2808 2856 2994 2899 sumus
3020 2858 3036 2897 :
3070 2852 3125 2899 et
3150 2842 3390 2899 nondum
3413 2842 3661 2914 apparuit
3678 2841 3817 2912 quid

2209 2931 2434 2989 erimus.
2466 2932 2684 2989 Scimus
2715 2937 2971 3006 quoniam
3000 2952 3123 2994 cum
3150 2938 3490 3009 apparuerit,
3522 2936 3735 2995 similes
3756 2936 3815 2992 ei

2210 3026 2415 3082 erimus
2446 3042 2459 3079 :
2490 3027 2745 3099 quoniam
2770 3028 3073 3087 videbimus
3087 3045 3213 3087 eum
3239 3030 3396 3089 sicuti
3419 3040 3521 3088 est.
3547 3030 3615 3087 Et
3634 3030 3820 3087 omnia

2209 3118 2303 3190 qui
2326 3117 2490 3176 habet
2508 3119 2651 3178 hanc
2672 3137 2823 3199 spem
2846 3124 2900 3178 in
2922 3138 3012 3192 eo,
3039 3124 3340 3182 sanctificat
3367 3138 3448 3193 se,
3471 3126 3616 3183 sicut
3643 3135 3698 3182 et
3720 3126 3818 3181 ille

2208 3221 2430 3268 sanctus
2450 3222 2553 3268 est.
2579 3211 2769 3272 Omnis
2792 3216 2887 3297 qui
2906 3216 3039 3275 facit
3060 3229 3367 3289 peccatum,
3391 3228 3450 3275 ει
3473 3219 3813 3290 iniquitatem

498 3307 685 3377 datum
726 3322 927 3364 novum
973 3307 1155 3363 scribo
1198 3304 1392 3373 vobis,
1430 3303 1527 3361 sed
1570 3301 1883 3358 mandatum
1922 3308 2099 3368 vetus,

2212 3308 2337 3366 facit
2380 3328 2391 3363 :
2436 3319 2493 3367 et
2530 3274 2827 3381 peccatum,
2854 3322 2940 3369 est
2981 3274 3256 3385 iniquitas.
3291 3274 3687 3386 Et'scitis
3716 3314 3818 3371 ille

496 3403 643 3476 quod
667 3401 932 3459 habuistis
950 3401 1019 3457 ab
1039 3400 1217 3458 initio.
1245 3398 1553 3456 Mandatum
1575 3407 1753 3465 vetus,
1773 3405 1859 3455 est
1878 3397 2101 3455 verbum

498 3497 648 3572 quod
666 3498 913 3555 audistis.
938 3496 1137 3554 lterum
1161 3495 1476 3552 mandatum
1498 3510 1698 3550 novum
1719 3493 1900 3551 scribo
1920 3493 2100 3562 vobis,

500 3591 649 3665 quod
677 3607 864 3649 verum
894 3600 1051 3649 estet
1074 3591 1125 3646 in
1149 3591 1289 3661 ipso,
1312 3598 1367 3645 et
1393 3588 1447 3646 in
1478 3589 1633 3644 vobis
1665 3606 1679 3643 :
1706 3588 1835 3660 quia
1864 3587 2103 3644 tenebras

499 3690 855 3756 transierunt,
872 3698 930 3746 et
959 3703 1150 3745 verum
1179 3687 1361 3743 lumen
1379 3686 1493 3758 jam
1516 3686 1680 3743 lucet.
1695 3685 1796 3754 Qui
1816 3684 1948 3741 dicit
1967 3699 2029 3742 se
2050 3686 2101 3741 in

499 3787 622 3844 luce
641 3802 789 3855 esse,
809 3796 865 3844 et
895 3785 1116 3843 fratrem
1147 3798 1305 3840 suum
1325 3782 1463 3850 odit,
1485 3782 1539 3838 in
1568 3783 1810 3839 tenebris
1826 3790 1911 3838 est
1932 3796 2105 3852 usque

497 3879 695 3937 adhuc.
726 3880 831 3949 Qui
859 3878 1038 3951 diligit
1066 3877 1291 3935 fratrem
1335 3891 1496 3934 suum
1518 3920 1534 3947 ,
1572 3876 1626 3932 in
1660 3875 1865 3932 lumine
1897 3884 2100 3945 manet,

506 3982 565 4032 et
591 3974 907 4032 scandalum
937 3966 993 4028 in
1019 3987 1088 4029 eo
1119 3986 1227 4028 non
1257 3979 1362 4029 est.
1394 3970 1496 4038 Qui
1527 3978 1707 4026 autem
1739 3968 1855 4025 odit
1883 3968 2101 4025 fratrem

499 4084 681 4135 suum,
713 4068 768 4124 in
801 4065 1044 4124 tenebris
1071 4075 1178 4133 est,
1209 4073 1267 4122 et
1294 4064 1348 4120 in
1378 4064 1617 4121 tenebris
1648 4062 1910 4131 ambulat,
1931 4072 1987 4119 et
2009 4078 2105 4121 ne-

499 4163 607 4219 scit
626 4177 735 4234 quo
758 4171 845 4219 eat
869 4179 885 4218 :
903 4161 1031 4233 quia
1052 4160 1295 4218 tenebrae
1315 4160 1734 4218 obcaecaverunt
1754 4160 1943 4216 oculos
1960 4159 2099 4231 ejus.

495 4252 694 4311 Scribe
721 4253 906 4321 vobis,
934 4252 1110 4320 filioli,
1139 4251 1396 4324 quoniam
1425 4251 1778 4308 remittuntur
1799 4252 1955 4308 vobis
1980 4266 2105 4323 pec-

501 4355 620 4405 cata
652 4355 876 4418 prOpter
912 4360 1112 4404 nomen
1140 4348 1281 4419 ejus.
1312 4346 1504 4405 Scribo
1527 4347 1704 4414 vobis,
1732 4356 1934 4418 patres,
1964 4363 2104 4421 quo-

497 4439 646 4496 niam
671 4439 1003 4511 eognovistis
1020 4454 1170 4509 eum,
1192 4440 1284 4512 qui
1307 4440 1377 4496 ab
1400 4439 1558 4498 initio
1580 4449 1683 4497 est.
1709 4440 1901 4498 Scribo
1924 4441 2103 4510 vobis,

510 4536 912 4604 adolescentes,
943 4535 1199 4609 quoniam
1228 4536 1432 4593 vicistis
1454 4535 1771 4608 malignum.
1795 4534 1986 4593 Scriba
2011 4550 2106 4591 vo—

508 4631 618 4701 bis,
662 4632 919 4698 infantes,
966 4633 1225 4703 quoniam
1263 4631 1597 4703 cognovistis
1636 4638 1868 4702 patrem.
1914 4630 2107 4687 Scribe

506 4724 687 4793 vobis,
714 4725 964 4795 juvenes,
997 4723 1253 4795 quoniam
1286 4724 1454 4780 fortes
1484 4725 1638 4793 estis,
1668 4733 1727 4779 et
1749 4724 1977 4781 verbum
2008 4722 2107 4780 Del

503 4828 692 4877 manet
724 4819 777 4874 in
804 4817 984 4886 vobis,
1015 4824 1072 4873 et
1097 4817 1309 4873 vicistis
1336 4817 1652 4888 malignum.
1679 4817 1856 4874 Nolite
1879 4814 2109 4889 diligere

507 4911 793 4978 mundum,
828 4924 1007 4983 neque
1035 4924 1099 4967 ea
1128 4925 1252 4981 qua:
1282 4908 1335 4965 in
1368 4908 1574 4967 mundo
1604 4919 1748 4967 sunt.
1782 4908 1839 4967 Si
1870 4911 1994 4982 quis
2019 4908 2107 4966 di-

501 5009 625 5082 ligit
661 5005 947 5074 mundum,
987 5020 1097 5061 non
1128 5013 1217 5062 est
1238 5003 1485 5063 citat-itas
1520 5005 1695 5062 Patris
1732 5005 1791 5060 in
1816 5019 1888 5062 eo
1922 5024 1934 5057 :
1968 5019 2106 5077 quo~

507 5102 655 5159 niam
695 5115 860 5157 omne
886 5097 1032 5171 quod
1070 5092 1234 5155 estin
1265 5096 1491 5166 mundo,
1520 5096 1958 5170 conctipiscentia
1981 5110 2106 5155 car-

508 5197 597 5254 nis
636 5203 755 5264 est,
803 5202 859 5250 ct
898 5192 1345 5263 concupiscentia
1388 5191 1711 5262 oculorum‘,
1754 5201 1812 5250 et
1853 5192 2107 5264 superbia

509 5289 636 5345 vitae
669 5306 684 5343 :
714 5301 837 5359 qua:
863 5300 974 5343 non
999 5293 1085 5342 est
1121 5299 1189 5341 ex
1229 5284 1414 5354 Patre,
1446 5284 1541 5341 sed
1569 5299 1637 5342 ex
1671 5285 1874 5343 mundo
1902 5296 2007 5343 est.
2042 5282 2111 5343 Et

508 5383 742 5443 mundus
782 5381 997 5450 transit,
1040 5390 1097 5438 et
1136 5378 1577 5451 concupiscentia
1612 5380 1753 5459 ejus.
1792 5381 1895 5455 Qui
1918 5391 2109 5440 autem

506 5478 638 5533 facit
667 5476 998 5532 voluntatem
1030 5472 1153 5541 Del,
1181 5479 1366 5528 manet
1392 5473 1445 5526 in
1468 5472 1755 5528 aeternum.
1779 5470 1983 5543 Filioll,
2007 5486 2109 5531 not

510 5570 734 5626 vissima
759 5568 893 5625 hora
918 5576 1004 5624 est
1036 5583 1049 5621 :
1079 5572 1136 5621 et
1163 5564 1305 5621 sicut
1333 5563 1564 5620 audistis
1591 5564 1715 5636 quia
1738 5564 2107 5625 Antieltriatus

509 5663 681 5732 venit,
710 5671 766 5720 et
790 5674 939 5718 nunc
960 5656 1283 5715 Antichristi
1309 5656 1467 5713 multi
1495 5655 1624 5715 facti
1651 5666 1774 5715 sunt
1801 5675 1815 5712 :
1838 5659 1984 5717 unde
2004 5661 2109 5717 sci-

506 5740 652 5827 mus,
684 5758 813 5832 quia
842 5754 1140 5813 novissima
1168 5753 1307 5810 hora
1331 5762 1437 5809 est.
1465 5751 1542 5813 Ex
1572 5752 1735 5810 nobis
1758 5756 2106 5825 prodierunt,

506 5857 606 5914 sed
646 5870 754 5913 non
793 5860 953 5910 erant
991 5865 1060 5907 ex
1100 5848 1279 5907 nobis.
1305 5846 1464 5917 Nam,
1490 5849 1540 5905 si
1568 5846 1803 5907 fuissent
1828 5864 1895 5908 ex
1922 5851 2103 5921 nobis,

500 5949 938 6021 permansissent
962 5942 1168 6020 {Utique
1206 5936 1492 6002 nobiscum
1535 5959 1551 6000 :
1592 5943 1690 6004 sed
1727 5953 1790 6000 ut
1834 5946 2107 6004 manifesti

2205 3402 2476 3475 apparuit,
2509 3413 2566 3460 ut
2592 3415 2813 3475 peccata
2843 3415 3029 3463 nostra
3058 3406 3279 3465 tolleret
3309 3426 3322 3462 :
3352 3419 3407 3464 et
3438 3417 3722 3479 peccatum
3754 3411 3815 3463 id

2206 3510 2274 3552 eo
2305 3510 2412 3552 non
2456 3504 2562 3553 est.
2594 3497 2785 3555 Omnis
2811 3501 2903 3571 qui
2930 3500 2987 3555 in
3018 3515 3086 3557 eo
3112 3502 3318 3570 manet,
3352 3516 3462 3558 non
3491 3510 3681 3572 peccat
3714 3520 3727 3555 :
3754 3508 3820 3558 et

2205 3592 2384 3648 omnis
2407 3591 2502 3663 qui
2536 3602 2745 3664 peccat,
2770 3610 2881 3650 non
2912 3594 3046 3651 vidit
3070 3611 3218 3664 eum,
3246 3611 3353 3654 nec
3372 3598 3628 3669 cognovit
3660 3608 3813 3654 eum.

2207 3686 2409 3763 Filiali,
2440 3700 2602 3745 nemo
2632 3704 2728 3744 vos
2760 3689 3004 3747 seducat.
3031 3691 3137 3759 Qui
3170 3692 3297 3749 facit
3316 3691 3609 3763 justitiam,
3630 3693 3818 3763 justus

2205 3790 2291 3839 est
2318 3800 2329 3837 τ
2363 3783 2506 3839 sicut
2546 3791 2602 3840 et
2631 3783 2724 3839 ille
2756 3784 2940 3855 .justls
2969 3792 3071 3843 est.
3103 3785 3208 3853 Qui
3248 3786 3377 3842 facit
3407 3796 3710 3857 pecmtum,
3744 3800 3818 3841 ex

2206 3875 2426 3933 diabolo
2459 3886 2546 3933 est
2582 3892 2597 3932 :
2637 3879 2895 3949 quoniam
2936 3878 3009 3933 ab
3037 3879 3193 3935 initio
3230 3879 3482 3935 diabolus
3504 3887 3721 3951 peccat.
3752 3878 3814 3933 in

2207 3968 2309 4025 hoc
2340 3968 2595 4041 apparuit
2636 3968 2807 4026 Filius
2852 3971 2969 4037 Dei,
3003 3980 3063 4027 ut
3090 3971 3355 4027 dissolvat
3386 3986 3551 4045 opera
3580 3971 3813 4027 ιιιλιιθιι.

2206 4063 2394 4119 Omnis
2429 4064 2522 4135 qui
2568 4074 2728 4121 natus
2769 4073 2856 4121 est
2898 4080 2965 4121 ex
3004 4065 3137 4136 Deo,
3172 4077 3457 4137 peceatum
3491 4076 3601 4123 nun
3630 4065 3763 4121 facit
3796 4075 3816 4121 ι

2205 4156 2461 4226 quoniam
2502 4168 2689 4215 semen
2733 4157 2904 4230 ipsius
2946 4160 3000 4215 in
3036 4174 3108 4216 eo
3146 4170 3351 4229 manet,
3386 4171 3446 4217 et
3490 4176 3600 4217 non
3626 4170 3819 4232 potest

2207 4265 2456 4323 peccare,
2483 4253 2741 4324 quoniam
2770 4267 2840 4310 ex
2866 4253 2982 4311 Deo
3003 4262 3162 4311 natus
3190 4264 3294 4311 est.
3320 4255 3377 4311 lu
3402 4256 3509 4312 hoc
3535 4256 3817 4313 manifesti

2206 4352 2335 4403 sunt
2356 4344 2451 4401 tiiii
2476 4344 2573 4401 Dei
2594 4354 2649 4403 et
2676 4346 2773 4403 filii
2794 4346 3018 4405 diaboli.
3040 4347 3236 4405 Omnia
3263 4350 3353 4421 qui
3379 4362 3485 4406 non
3509 4358 3593 4406 εει
3608 4351 3815 4423 justus,

2208 4452 2313 4497 non
2360 4446 2549 4499 est'ex
2594 4441 2731 4511 Deo,
2754 4451 2817 4500 et
2855 4444 2948 4515 qui
2982 4460 3091 4501 non
3130 4444 3307 4517 diligit
3342 4444 3573 4503 fratrem
3606 4459 3767 4503 suum
3794 4464 3817 4503 .-

2207 4535 2467 4607 quonlam
2496 4535 2615 4594 haec
2653 4547 2738 4595 est
2762 4538 3129 4605 annuntiatio.
3152 4554 3318 4613 quam
3347 4543 3580 4599 audistis
3609 4543 3684 4597 ab
3706 4543 3816 4599 iuris

2210 4627 2308 4695 tio,
2348 4637 2408 4685 ut
2449 4627 2688 4701 diligatis
2724 4631 3069 4690 alterutrum.
3100 4634 3215 4690 Non
3252 4636 3395 4692 sicut
3418 4634 3585 4703 Cain,
3624 4637 3718 4708 qui
3740 4645 3817 4694 ea

2213 4724 2452 4797 maligno
2490 4734 2626 4794 erat,
2672 4734 2727 4783 et
2765 4727 2965 4784 occidit
3008 4729 3229 4786 fratrem
3275 4746 3457 4786 suum.
3491 4731 3559 4787 Et
3587 4742 3820 4804 propter

2211 4819 2340 4891 quid
2363 4819 2559 4876 occidit
2582 4820 3019 4891 eumiQuoniam
3043 4837 3208 4894 opera
3231 4824 3346 4896 ejus
3369 4825 3600 4901 maligna
3623 4834 3815 4884 erant:

2214 4906 2399 4969 fratris
2441 4919 2621 4969 autem
2658 4913 2797 4984 ejus,
2827 4915 3001 4986 justa.
3037 4915 3217 4973 Nolite
3261 4914 3480 4985 mirari,
3518 4918 3742 4987 fratres,
3768 4919 3820 4975 si

2210 5005 2328 5062 odit
2354 5021 2455 5063 vos
2494 5007 2743 5064 mundus.
2776 5007 2889 5066 Nos
2917 5011 3123 5067 scimus
3142 5011 3406 5080 quoniam
3439 5012 3690 5076 translati
3720 5027 3819 5069 su~

2214 5112 2334 5155 mus
2361 5099 2428 5156 de
2458 5108 2630 5157 morte
2658 5100 2725 5157 ad
2756 5098 2957 5175 Vitam,
2988 5096 3241 5177 quoniam
3275 5105 3552 5177 diligimus
3590 5106 3813 5164 fratres.

2208 5194 2312 5265 Qui
2342 5209 2447 5251 non
2475 5196 2672 5269 diligit,
2698 5206 2883 5256 manet
2908 5199 2961 5254 in
2995 5207 3208 5256 morte:
3234 5201 3415 5255 omnis
3441 5200 3530 5272 qui
3561 5199 3678 5256 odit
3702 5200 3817 5257 fra-

2210 5297 2352 5347 trem
2391 5305 2572 5360 suum,
2607 5292 2879 5351 homicida
2918 5303 3022 5351 est.
3052 5292 3123 5350 Et
3164 5296 3319 5351 scitis
3351 5294 3604 5365 quoniam
3632 5295 3816 5354 omnis

2212 5382 2482 5442 homicida
2528 5398 2637 5441 non
2685 5384 2846 5445 habet
2890 5387 3055 5443 vitam
3099 5372 3362 5444 aeternam
3410 5388 3466 5443 in
3513 5389 3817 5458 semetipso

2198 5474 2545 5534 sublimitatis.
2575 5466 2632 5533 in
2663 5477 2766 5534 hbe
2794 5480 3150 5551 cognovimus
3173 5479 3493 5536 charitatem
3524 5480 3644 5548 Dei,
3671 5496 3814 5552 quo-

2213 5570 2362 5628 niam
2396 5571 2488 5630 ille
2515 5573 2748 5629 animam
2777 5589 2928 5629 suam
2970 5590 3066 5645 pro
3094 5573 3249 5630 nobis
3280 5574 3480 5644 posuit,
3509 5585 3565 5630 ct
3590 5590 3694 5631 nos
3722 5576 3819 5632 de-

2213 5663 2409 5725 bemus
2453 5681 2553 5737 pro
2590 5666 2855 5724 fratribus
2894 5667 3106 5725 animas
3144 5681 3373 5739 pauere.
3414 5666 3517 5739 Qui
3562 5667 3821 5725 habuerit

2214 5760 2570 5818 substantiam
2608 5762 2772 5834 hujus
2810 5764 3023 5832 mundi,
3062 5770 3122 5821 et
3148 5762 3360 5825 jviderit
3397 5762 3625 5820 fratrem
3642 5772 3818 5821 suum

2214 5854 2600 5912 necessitatem
2629 5855 2852 5924 habere,
2880 5864 2943 5913 et
2968 5856 3226 5914 clauserit
3250 5857 3458 5914 viscera
3480 5872 3577 5914 sua
3606 5857 3680 5914 ab
3704 5871 3814 5914 eo:

2214 5947 2490 6022 quomodo
2517 5947 2757 6010 charitas
2794 5947 2891 6009 Dei
2918 5959 3104 6011 manet
3123 5951 3177 6010 in
3194 5949 3307 6011 'es?
3334 5949 3518 6011 Filioli
3530 5950 3675 6019 anei,
3703 5966 3817 6008 non
