4128 6330
350 374 457 438 ΜΒ

1287 367 1347 428 Β.
1390 363 1670 428 JOANNIS
1711 359 2046 428 APOSTOLI
2085 362 2425 428 EPISTOLA
2465 367 2699 431 PRIMA.
2740 387 2743 390 ·

3551 371 3655 430 8M

351 491 649 562 diligamus
672 487 863 552 verbo.
887 499 1063 559 neque
1087 485 1292 559 lingua,
1317 487 1413 543 sed
1441 502 1607 558 opere
1632 497 1683 542 et
1705 488 1952 544 veritate.
1985 483 2030 547 A
2060 485 2308 558 diligere.
2349 487 2518 544 Deum
2563 501 2725 543 nemo
2764 485 2900 544 vidit
2941 500 3216 560 umquam.
3267 489 3320 546 Si
3371 489 3656 560 diligamus

354 584 411 640 lu
443 583 544 638 hoc
575 581 952 653 cognoscimus
996 579 1249 652 quoniam
1285 595 1349 634 ex
1382 582 1612 636 veritate
1643 594 1829 634 sumus
1862 595 1875 632 :
1905 586 1961 634 et

355 679 410 736 in
439 686 737 748 conspectu
758 677 876 749 ejus
900 675 1249 756 suadebimus
1271 675 1439 732 corda
1467 683 1668 732 nostra.
1693 673 1957 744 Quoniam

353 772 402 831 si
439 772 851 846 reprehenderit
893 789 992 828 nos
1033 787 1126 829 cor
1163 781 1410 828 nostrum
1456 788 1470 826 :
1509 771 1682 843 major
1706 780 1791 827 est
1818 770 1961 826 Deus

356 868 523 925 corde
554 877 760 943 nostro,
793 875 850 923 et
877 867 1025 922 novit
1067 866 1272 923 omnia.
1304 865 1638 934 Charissimi,
1674 866 1720 921 si
1745 880 1839 921 cor
1866 881 1961 920 no-

355 968 530 1017 strqu
575 976 682 1017 non
727 959 1141 1032 reprehenderit
1169 975 1290 1029 nos,
1327 958 1574 1016 ﬁduciam
1608 958 1871 1015 habemus
1894 957 1961 1013 ad

357 1054 526 1111 Deum
574 1074 585 1110 :
637 1063 691 1111 et
733 1036 995 1128 quidquid
1037 1054 1378 1128 petierimus,
1416 1053 1749 1126 accipiemus
1777 1053 1846 1110 ab
1873 1069 1958 1110 eo.

358 1148 625 1216 Quoniam
658 1148 907 1205 mandata
939 1149 1057 1219 ejus
1085 1148 1450 1220 custodimus,
1483 1157 1539 1206 et
1567 1133 1652 1219 ea,
1686 1163 1812 1220 quae
1837 1154 1967 1203 sunt

357 1241 554 1313 placita
596 1256 780 1298 coram
823 1258 928 1308 eo,
971 1240 1222 1299 facimus.
1271 1242 1336 1297 Et
1373 1241 1477 1298 hoc
1525 1250 1612 1298 est
1651 1241 1962 1297 mandatum

358 1335 478 1406 ejus
505 1352 518 1390 :
548 1333 616 1391 Ut
637 1335 922 1392 credamus
946 1335 999 1392 in
1024 1335 1249 1392 nomine
1275 1334 1399 1392 Filii
1423 1334 1542 1405 ejus
1561 1332 1690 1390 Jesu
1716 1331 1920 1389 Christi
1947 1349 1962 1389 :

361 1438 418 1485 et
440 1427 729 1500 diligamus
749 1429 1093 1498 alterutrum,
1117 1427 1262 1484 sicut
1281 1426 1428 1484 dedit
1451 1427 1763 1483 mandatum
1787 1424 1962 1482 nobis.

361 1519 434 1578 Et
459 1522 550 1594 qui
579 1532 759 1579 servat
789 1521 1039 1578 mandata
1071 1521 1210 1592 ejus,
1241 1521 1295 1576 in
1325 1511 1420 1577 illo
1451 1528 1652 1589 manet,
1683 1529 1739 1578 et
1765 1518 1883 1590 ipse
1912 1519 1967 1572 in

362 1628 432 1672 eo
461 1631 476 1671 ι
508 1624 565 1672 et
587 1617 637 1669 in
663 1615 766 1672 hoc
787 1614 989 1671 scimus
1009 1613 1266 1688 quoniam
1295 1622 1479 1671 manet
1502 1613 1558 1670 in
1583 1612 1737 1671 nobis
1760 1612 1826 1669 de
1847 1612 1966 1685 Spi-

367 1707 500 1775 ritu,
532 1723 691 1780 quem
725 1708 875 1764 dedit
906 1707 1085 1764 nobis.

439 1805 592 1878 [Cap.
618 1804 734 1877 IV.]
756 1805 1093 1873 Charissimi,
1118 1805 1286 1862 nolite
1310 1804 1457 1861 omni
1481 1803 1697 1876 spiritui
1720 1803 1967 1874 credere,

2061 581 2288 637 invicem
2317 626 2331 651 ,
2365 582 2511 638 Deus
2539 582 2592 637 in
2631 575 2796 638 'nobis
2828 589 3055 649 manet,
3101 591 3157 638 et
3195 581 3431 640 charitas
3455 584 3574 655 ejus
3602 585 3655 640 in

2062 675 2218 730 nobis
2246 673 2483 746 perfecta
2515 683 2613 732 est.
2645 675 2703 732 In
2731 675 2833 733 hoc
2869 676 3281 748 cognoscimus,
3313 678 3569 749 quoniam
3600 680 3653 736 in

2063 782 2128 824 eo
2159 783 2438 824 manemus
2467 813 2480 836 ,
2524 778 2578 825 et
2617 767 2735 840 ipse
2767 769 2819 824 in
2851 769 3005 824 nobis
3032 787 3045 825 :
3083 771 3336 843 quoniam
3366 769 3434 827 de
3465 772 3655 842 spiritu

2063 875 2161 916 suo
2207 861 2354 917 dedit
2395 861 2570 917 nobis.
2619 860 2688 916 Et
2714 875 2814 918 nos
2845 862 3077 919 vidimus
3109 905 3126 930 ,
3167 873 3222 920 et
3255 863 3656 935 testiﬁcamur,

2064 953 2316 1021 quoniam
2330 951 2492 1008 Pater
2512 951 2658 1008 misit
2681 951 2874 1010 Filium
2897 969 3052 1010 suum
3075 954 3416 1014 Salvatorem
3443 959 3652 1014 mundi.

2063 1042 2319 1115 Quisquis
2359 1044 2643 1102 confessus
2676 1044 2844 1103 fuerit
2879 1048 3135 1119 quoniam
3170 1049 3332 1107 Jesus
3379 1058 3462 1108 est
3493 1050 3666 1108 Filius

2066 1137 2185 1205 Dei,
2219 1137 2359 1195 Deus
2389 1138 2442 1195 in
2470 1154 2537 1196 eo
2568 1149 2770 1207 manet,
2796 1150 2851 1198 et
2877 1141 2992 1214 ipse
3015 1142 3068 1198 in
3090 1140 3224 1201 Deo.
3259 1142 3325 1200 Et
3345 1159 3445 1203 nos
3466 1160 3666 1219 cogno-

2068 1234 2265 1306 vimus,
2299 1243 2354 1291 et
2382 1233 2716 1292 credidimus
2740 1234 3009 1309 charitati,
3038 1253 3199 1311 quam
3242 1238 3404 1298 habet
3431 1223 3581 1300 Deus
3609 1241 3661 1298 in

2069 1329 2248 1385 nobis.
2280 1327 2422 1385 Deus
2450 1330 2688 1386 charitas
2725 1339 2847 1387 est:
2876 1338 2932 1387 et
2957 1332 3043 1403 qui
3071 1342 3256 1389 manet
3282 1334 3334 1389 in
3367 1334 3659 1403 charitate,

2070 1423 2125 1480 in
2157 1425 2270 1480 Deo
2301 1433 2520 1492 manet,
2549 1434 2601 1503 et
2633 1426 2775 1483 Deus
2814 1425 2870 1481 in
2909 1442 2997 1483 eo.
3043 1427 3098 1483 In
3145 1427 3253 1486 hoc
3295 1430 3541 1502 perfecta
3588 1439 3673 1487 est

2069 1516 2306 1573 charitas
2333 1515 2427 1572 Dei
2453 1517 2736 1574 nobiscum
2764 1535 2779 1576 :
2811 1527 2872 1575 ut
2901 1519 3154 1578 ﬁduciam
3179 1521 3477 1580 habeamus
3503 1524 3554 1579 in
3578 1523 3668 1581 die

2065 1607 2252 1679 judicii
2290 1627 2302 1663 :
2336 1606 2462 1679 quia
2494 1609 2634 1664 sicut
2678 1609 2771 1665 ille
2823 1620 2947 1681 est,
2995 1621 3051 1669 et
3097 1627 3198 1692 nos
3240 1628 3428 1672 sumus
3466 1615 3521 1671 in
3565 1614 3671 1673 hoc

2073 1703 2298 1760 mundo.
2348 1695 2534 1760 Timor
2581 1719 2688 1761 non
2734 1714 2818 1762 est
2865 1708 2918 1763 in
2966 1706 3234 1766 char-itate
3264 1727 3277 1766 :
3305 1709 3400 1767 sed
3428 1709 3663 1783 perfecta

2075 1796 2313 1854 charitas
2353 1789 2504 1853 foras
2550 1798 2712 1854 mittit
2750 1800 2998 1858 timorem
3031 1820 3042 1855 :
3073 1804 3330 1874 quoniam
3361 1804 3525 1861 timor
3555 1820 3672 1877 pas--

366 1876 464 1956 sed
497 1876 733 1970 probate
753 1897 1000 1968 spiritus,
1034 1898 1078 1952 si
1106 1913 1175 1955 ex
1205 1897 1317 1954 Deo
1341 1899 1450 1955 sint
1481 1916 1496 1953 :
1526 1898 1781 1970 quoniam
1813 1897 1968 1953 multi
1999 1876 2048 1950 Β
2075 1908 2198 1949 nam
2232 1889 2412 1948 habet.
2455 1891 2555 1960 Qui
2598 1903 2777 1950 autem
2821 1896 3008 1962 timet,
3040 1913 3147 1953 non
3178 1907 3263 1955 est
3303 1876 3583 1970 perfectus
3614 1901 3668 1956 in

365 1993 863 2066 pseudoprophetac
892 1993 1140 2050 exierunt
1171 1993 1222 2048 in
1253 1991 1619 2050 mundum..ln
1647 1993 1749 2049 hoc
1769 2001 1971 2065 cogitoﬁ

363 2089 535 2146 scitur
565 2087 797 2160 Spiritus
821 2088 918 2145 Dei
953 2105 966 2142 :
1000 2089 1178 2144 omnis
1205 2089 1424 2159 spiritus
1455 2087 1546 2160 qui
1573 2087 1862 2144 conﬁtetur
1881 2088 1971 2144 Je-

362 2197 484 2240 sum
507 2180 784 2238 Christum
809 2184 864 2237 in
885 2196 1048 2238 carne
1074 2179 1309 2250 venisse,
1336 2197 1400 2237 ex
1434 2181 1542 2238 Deo
1564 2191 1648 2238 est
1677 2200 1686 2234 :
1718 2189 1773 2239 ct
1795 2180 1970 2236 omnis

363 2275 612 2350 spiritus,
646 2276 736 2348 qui
762 2276 926 2332 solvit
951 2275 1161 2343 Jesum,
1193 2290 1258 2332 ex
1285 2275 1400 2332 Deo
1431 2291 1540 2331 non
1569 2285 1682 2341 est;
1705 2285 1757 2331 et
1781 2275 1866 2330 hic
1888 2281 1971 2329 cst

361 2371 754 2437 Autichristus,
788 2370 856 2426 de
888 2380 994 2442 quo
1017 2368 1245 2425 audistis
1267 2368 1523 2439 quoniam
1551 2367 1720 2433 venit,
1751 2375 1804 2423 et
1828 2371 1971 2424 nunc

359 2466 468 2538 jam
491 2467 545 2521 in
572 2465 777 2521 mundo
804 2473 906 2522 est.
935 2463 1046 2520 Vos
1075 2479 1142 2520 ex
1169 2465 1276 2520 Deo
1304 2463 1458 2530 estis,
1485 2462 1662 2530 ﬁlioli,
1687 2472 1739 2519 et
1761 2461 1970 2519 vicistis

362 2575 510 2628 eum,
531 2559 786 2632 quoniam
811 2559 984 2630 major
1004 2567 1088 2615 est
1113 2558 1205 2630 qui
1238 2559 1291 2614 in
1319 2557 1474 2614 vobis
1496 2566 1600 2625 est,
1621 2567 1781 2629 quam
1799 2556 1890 2629 qui
1915 2557 1968 2612 in

362 2654 585 2711 mundo.
609 2652 715 2723 ipsi
736 2652 804 2706 de
829 2651 1028 2706 mundo
1051 2659 1180 2706 sunt
1209 2666 1222 2704 :
1255 2649 1379 2706 ideo
1404 2650 1474 2706 de
1503 2649 1707 2705 mundo
1739 2648 1968 2720 loquun-

367 2756 474 2814 tur,
490 2756 546 2803 et
566 2744 800 2801 mundus
823 2759 919 2800 eos
942 2743 1110 2799 audit.
1129 2744 1238 2800 Nos
1261 2759 1329 2800 ex
1349 2744 1458 2798 Deo
1482 2743 1797 2812 sumus.Qui
1819 2742 1970 2798 novit

367 2839 729 2907 Deum,audit
755 2854 880 2906 nos;
911 2839 1001 2910 qui
1030 2855 1135 2894 non
1163 2845 1247 2894 est
1273 2853 1340 2894 ex
1371 2837 1504 2904 Deo,
1536 2853 1643 2894 non
1672 2836 1822 2893 audit
1849 2850 1966 2891 nos:

365 2933 424 2992 in
443 2934 548 2990 hoc
567 2932 952 3004 cognoscimus
974 2931 1237 3002 Spiritum
1264 2930 1532 2999 veritatis,
1549 2930 1869 3001 etspirltum
1883 2933 1972 2985 er—

364 3029 528 3085 roris.
558 3025 898 3094 Charissimi,
917 3024 1201 3096 diligamus
1231 3040 1328 3080 nos
1360 3024 1757 3095 invicemzquia
1787 3023 1970 3078 chari-

368 3129 452 3178 tas
478 3138 544 3176 ex
567 3121 679 3176 Deo
699 3128 803 3176 est.
827 3119 893 3173 Et
911 3118 1084 3174 omnis
1113 3118 1204 3189 qui
1231 3117 1420 3189 diligit,
1443 3133 1510 3173 ex
1540 3117 1651 3173 Deo
1683 3125 1841 3173 natus
1863 3125 1967 3186 est,

369 3221 424 3272 et
450 3215 732 3286 cognoscit
759 3211 949 3268 Deum.
975 3211 1075 3279 Qui
1102 3223 1207 3266 non
1239 3209 1556 3282 diligit,non
1587 3211 1740 3268 novit
1763 3211 1968 3268 Deum:

371 3308 626 3380 quoniam
650 3305 794 3362 Dens
817 3304 1054 3362 charitas
1077 3314 1178 3360 est.
1215 3301 1274 3359 In
1307 3303 1413 3360 hoc
1443 3305 1692 3376 apparuit
1735 3303 1975 3361 charitas

372 3365 471 3458 Dei
498 3402 554 3456 in
581 3400 758 3464 nobis,
784 3401 1042 3471 quoniam
1067 3394 1260 3453 Filium
1283 3409 1440 3453 suum
1463 3397 1805 3470 unigenitum
1828 3396 1975 3453 misit
2001 3365 2050 3433 Ο

376 3492 524 3551 Deus
553 3493 607 3549 in
640 3493 900 3549 mundum
934 3534 948 3558 ,
999 3501 1057 3548 ut
1082 3493 1329 3548 vivamus
1359 3503 1455 3563 per
1484 3508 1629 3550 eum.
1666 3489 1724 3548 lu
1763 3492 1865 3549 huc
1895 3499 1979 3550 est

377 3589 658 3646 charitas:
706 3563 1012 3659 non"qttasl
1060 3602 1160 3643 nos
1202 3587 1558 3644 dilexerimus
1608 3581 1779 3644 Deum
1808 3630 1824 3658 ,
1879 3588 1977 3645 sed

379 3683 636 3756 quoniam
659 3682 777 3754 ipse
800 3682 949 3754 prior
975 3681 1164 3738 dilexit
1194 3697 1316 3748 nos,
1345 3691 1400 3739 et
1427 3671 1574 3740 misit
1597 3681 1790 3738 Filium
1821 3692 1976 3738 suhm

379 3775 817 3847 propitiationem
857 3791 954 3844 pro
989 3776 1226 3844 peccatis
1268 3774 1490 3831 nostris.
1531 3771 1853 3832 Charisslml
1882 3821 1895 3846 ,
1935 3777 1979 3831 si

381 3868 464 3927 sic
491 3869 641 3927 Deus
680 3868 870 3926 dilexit
911 3883 1014 3926 nos
1045 3887 1058 3925 :
1089 3878 1146 3927 et
1194 3883 1294 3926 nos
1342 3869 1606 3927 debemus
1653 3870 1978 3927 alterutrum

463 4079 588 4152 aita
636 4077 701 4152 ad
738 4079 1118 4152 litteramlres
1148 4095 1360 4152 quoque
1404 4080 1571 4136 nostri
1610 4096 1743 4138 mss.
1778 4082 1979 4139 dudum

387 4150 594 4209 laudati
634 4151 855 4207 habent.
916 4150 1235 4209 Addendum
1276 4150 1358 4209 ﬁde
1409 4153 1567 4221 aliis,
1613 4153 1758 4223 quod
1815 4156 1983 4210 ferme

387 4239 557 4298 unum
581 4233 666 4298 est
689 4224 758 4278 ad
782 4224 924 4298 hunc
946 4225 1146 4290 locum,
1171 4225 1312 4297 quod
1339 4239 1445 4298 non
1474 4225 1550 4298 sit
1575 4227 1784 4282 dictum
1807 4226 1980 4298 prius.

393 4295 452 4353 In
471 4312 577 4351 uno
593 4295 930 4351 Veronensis
960 4295 1346 4353 canonicorum
1376 4297 1743 4365 bibliothecae,
1778 4295 1982 4367 majus-

393 4369 558 4434 culis,
588 4377 647 4422 ut
677 4380 888 4434 vocant,
927 4369 1123 4424 litteris
1164 4370 1454 4424 maximam
1497 4382 1709 4439 partem
1740 4379 1984 4438 exarato,

394 4453 475 4505 et,
499 4439 642 4509 quod
667 4450 749 4494 est
765 4440 990 4496 alterum
1007 4440 1192 4510 probm
1213 4443 1496 4496 vetustatis
1525 4442 1780 4498 indicium
1803 4484 1816 4504 ,
1843 4443 1988 4496 nulla

395 4514 635 4582 capitum
675 4519 766 4566 aut
803 4527 1061 4568 versuum
1101 4514 1392 4582 partitione
1433 4513 1710 4581 distincto,
1741 4525 1848 4569 non
1877 4529 1989 4572 cm-

396 4583 589 4649 lestia,
639 4597 758 4654 quas
807 4593 1092 4655 tantopere
1141 4595 1419 4655 urgentur,
1475 4585 1568 4640 sed
1611 4598 1823 4642 terrena
1882 4595 1991 4641 tes-

397 4655 620 4728 timonia
644 4695 658 4719 ,
689 4655 805 4728 sive
833 4654 979 4725 prius
1014 4654 1148 4710 illud
1174 4654 1456 4728 isocolon,
1487 4665 1588 4711 tres
1631 4658 1856 4728 suntqui
1884 4667 1988 4712 τρεπ-

400 4727 671 4782 timonium
723 4726 847 4782 dant
896 4729 950 4782 in
976 4736 1160 4798 “terra,
1211 4737 1352 4793 elc.,
1399 4726 1800 4783 desiderantur.
1853 4728 1989 4785 Puto

401 4807 581 4854 autem
605 4799 730 4853 hinc
753 4813 893 4854 novo
923 4809 1239 4870 argumento
1262 4799 1576 4869 planissime
1593 4801 1953 4856 demonStrari
1972 4846 1985 4869 ,

403 4870 619 4927 nonnisi
650 4869 1004 4941 librariorum
1033 4869 1395 4937 festinationi,
1430 4886 1493 4927 ac
1519 4883 1627 4928 tam
1656 4885 1802 4941 szepe
1829 4871 1991 4928 obvio

401 4941 610 5008 errori,
669 4940 761 4998 ubi
814 4943 1003 4999 eadem
1050 4951 1339 5000 recurrunt
1377 4944 1540 4998 verba
1573 4987 1586 5008 ,
1642 4940 1988 4999 tribuendum

406 5029 594 5070 eorum
627 5028 840 5084 quoque
864 5015 1107 5070 codicum
1139 5013 1494 5080 defectum,iu
1514 5016 1706 5084 quibus
1728 5017 1994 5085 ctelcstia,

405 5086 528 5142 sive
569 5085 764 5157 Patris,
799 5086 957 5142 Verbi
999 5102 1061 5143 ac
1093 5087 1328 5157 Spiritus
1361 5089 1530 5142 sancti
1559 5130 1574 5152 ,
1621 5096 1744 5143 sunt
1775 5098 1999 5157 practer-

403 5159 596 5214 missa.
629 5155 761 5212 Nam
788 5173 908 5214 cum
942 5159 1089 5214 illum
1121 5155 1466 5215 amanuensis
1495 5160 1667 5229 culp-u
1709 5155 1867 5214 nemo
1901 5160 1999 5212 ho-

406 5230 620 5286 minum
651 5244 760 5284 non
791 5232 991 5285 tribuet
1022 5249 1034 5284 :
1068 5245 1165 5286 cur
1193 5245 1301 5286 non
1332 5241 1382 5286 ct
1413 5230 1642 5286 alterum
1687 5232 1799 5301 pari
1841 5241 2000 5300 pacto

409 5302 537 5357 aliis
586 5302 638 5356 in
694 5301 846 5356 libris
896 5301 1124 5368 tribuat,
1167 5303 1309 5357 nulla
1362 5305 1560 5371 patillll‘
1613 5305 1769 5357 ratio.
1828 5303 1996 5358 Immo

410 5388 567 5440 vero,
602 5383 662 5426 ut
689 5375 740 5427 in
767 5375 869 5427 isto
895 5374 1081 5428 codice
1109 5389 1263 5429 error
1295 5376 1410 5443 ipse
1433 5374 1823 5443 describentis,
1857 5374 1998 5430 alte-

409 5446 530 5501 rius
578 5445 769 5500 isocoli
811 5461 1088 5502 recursum
1114 5448 1522 5502 evidentissime
1558 5447 1796 5502 indicat:
1833 5448 1903 5500 ita
1946 5449 1997 5501 in

414 5517 538 5572 aliis
565 5516 768 5572 Graecis
795 5534 945 5588 mque
976 5533 1039 5571 ac
1071 5518 1297 5587 Latinis,
1329 5518 1610 5588 manifeste
1640 5536 1706 5575 ex
1738 5534 1802 5573 co
1834 5519 2004 5588 liquet

415 5601 704 5660 peccatum
728 5587 1087 5660 esse’capite,
1125 5589 1214 5644 ubi
1250 5587 1440 5646 eadem
1479 5592 1698 5644 omnino
1720 5600 1801 5646 est
1827 5587 2001 5654 ratio-;

417 5659 597 5731 neque
651 5659 796 5715 enim
829 5663 1000 5729 potuit
1048 5675 1332 5731 umquam,
1386 5664 1594 5724 nisin
1639 5663 1896 5718 similium
1943 5677 2007 5718 ac

418 5747 560 5803 pene
585 5733 900 5788 eorumdem
931 5734 1220 5788 verborum
1246 5735 1625 5801 repetitionem
1650 5777 1663 5797 ,
1694 5735 1884 5789 vitium
1925 5736 2010 5789 in-

420 5803 805 5874 curri._APorro
834 5805 993 5860 aliter
1019 5806 1108 5860 alii
1153 5807 1225 5874 ob
1265 5821 1381 5861 eam
1415 5821 1630 5861 causam
1677 5813 1918 5874 peccant.
1955 5806 2011 5860 In

421 5890 536 5931 uno
589 5871 921 5933 Florentium
961 5871 1274 5933 bililiothec.
1307 5880 1362 5931 S.
1409 5879 1597 5943 Marci,
1627 5871 1714 5948 qui
1762 5892 1910 5931 num.
1946 5878 2016 5932 55

426 5957 784 6018 praenotatur,
812 5956 958 6005 totus
1001 5948 1154 6006 deest
1191 5949 1490 6006 versiculus
1520 5950 1802 6020 septimus,
1834 5958 2020 6005 sextus

2073 1986 2362 2043 charitale.
2394 1983 2503 2041 Nos
2529 2001 2658 2059 ergo
2684 1987 2972 2059 diligamus
2995 1989 3162 2046 Deum
3181 2030 3197 2059 ,
3229 1992 3481 2062 quoniam
3523 1992 3668 2049 Deus

2075 2076 2223 2148 prior
2243 2077 2429 2135 dilexit
2448 2094 2568 2137 nos.
2589 2080 2648 2137 Si
2671 2081 2794 2152 quis
2815 2081 3283 2156 dixeritquoniam
3301 2084 3465 2157 diligo
3477 2085 3670 2153 Deum,

2075 2180 2130 2229 et
2157 2172 2380 2231 fratrem
2409 2191 2572 2230 suum
2605 2175 2812 2244 oderit,
2845 2175 3080 2234 mendax
3107 2188 3214 2236 est.
3254 2177 3357 2248 Qui
3379 2180 3523 2236 enim
3566 2181 3674 2237 noti

2040 2341 2044 2344 ~
2073 2267 2252 2340 diligit
2285 2269 2504 2327 fratrem
2535 2287 2692 2327 suum
2725 2288 2884 2343 quem
2911 2273 3099 2341 videt;
3131 2273 3301 2331 Deum
3329 2316 3344 2344 ,
3376 2291 3534 2348 quem
3567 2291 3674 2334 non

2069 2360 2240 2431 Vidcl,
2276 2363 2548 2432 quomodo
2579 2371 2756 2435 poleSl
2787 2365 3050 2436 diligere?
3095 2365 3164 2421 El
3211 2365 3317 2423 hoc
3362 2368 3674 2426 mandatum

2075 2455 2337 2512 habemus
2367 2471 2395 2511 a
2427 2456 2580 2513 Deo:
2615 2459 2787 2530 utqui
2816 2458 2989 2530 diligit
3018 2458 3212 2529 Deum,
3258 2460 3446 2534 diligat
3475 2471 3530 2519 et
3569 2465 3680 2520 l'ra-

2074 2557 2215 2608 trem
2245 2560 2426 2612 suum.

2148 2646 2298 2721 [Cap.
2334 2647 2422 2719 V.J
2467 2647 2654 2706 Omnis
2701 2646 2793 2719 qui
2844 2648 3038 2718 credit,
3092 2621 3345 2720 quoniam
3390 2647 3550 2708 Jesus
3595 2660 3682 2709 est

2069 2735 2342 2812 Christus,
2373 2758 2444 2798 cx
2476 2743 2587 2798 Deo
2616 2751 2775 2798 natus
2807 2752 2908 2799 est.
2944 2743 3009 2798 Et
3034 2743 3209 2800 omnis
3239 2744 3330 2816 qui
3355 2744 3527 2817 diligit
3553 2761 3678 2804 eum

2075 2839 2162 2910 qui
2193 2837 2398 2909 genuit,
2433 2837 2604 2910 diligit
2631 2847 2688 2895 et
2712 2853 2836 2896 eum
2882 2837 2976 2911 qui
3004 2848 3161 2895 natus
3185 2848 3268 2896 est
3292 2855 3357 2897 ex
3379 2856 3465 2897 eo.
3494 2840 3552 2896 lu
3578 2841 3684 2898 hoc

2075 2931 2454 3004 CognosclmUS
2475 2934 2727 3005 quoniam
2750 2925 3020 3004 diligimus
3043 2941 3196 2990 natos
3220 2932 3337 3000 Dei,
3363 2949 3484 2991 cum
3510 2934 3683 2991 Deum

2075 3024 2381 3098 diligamus,
2415 3033 2470 3081 et
2499 3025 2750 3081 mandata
2782 3026 2900 3097 ejus
2932 3025 3212 3082 faciamus.
3245 3027 3371 3082 Haec
3413 3036 3496 3084 est
3535 3027 3680 3085 enim

2077 3115 2312 3173 charitas
2344 3117 2461 3183 Dei,
2497 3127 2553 3174 ut
2583 3117 2832 3174 mandata
2864 3118 2981 3190 ejus
3010 3120 3380 3178 custodiamus
3405 3138 3419 3180 :
3449 3132 3504 3178 et
3532 3137 3688 3178 man-

2077 3209 2200 3268 data
2257 3211 2374 3284 ejus
2425 3213 2607 3283 gravia
2653 3215 2758 3268 non
2809 3222 2952 3268 sunt.
3003 3212 3268 3280 Quoniam
3322 3216 3482 3271 dmhe
3533 3216 3680 3287 quod

2086 3316 2270 3363 natum
2303 3316 2480 3364 estex
2507 3307 2639 3376 Deo,
2682 3308 2850 3364 'vin‘cit
2894 3308 3150 3366 mundum
3180 3325 3192 3366 :
3219 3319 3272 3366 et
3321 3309 3438 3367 hanc
3484 3320 3565 3368 est
3601 3311 3688 3369 vi-

2080 3404 2271 3471 ctoria,
2323 3419 2442 3475 quae
2486 3403 2651 3460 vincit
2689 3398 2971 3476 mundum,
3020 3405 3153 3462 ﬁdes
3197 3408 3400 3463 nostra.
3448 3408 3576 3476 Quis
3605 3410 3690 3465 est

2079 3498 2169 3569 qui
2196 3497 2362 3553 vincit
2393 3497 2672 3566 mundum,
2723 3498 2826 3555 nisi
2877 3498 2968 3570 qui
3011 3499 3183 3556 credit
3229 3500 3483 3572 quoniam
3531 3501 3690 3560 Jesu‘s

2082 3598 2164 3647 est
2194 3589 2363 3646 Filius
2393 3591 2528 3646 Dei?
2555 3591 2642 3647 hic
2669 3599 2752 3648 'est
2780 3592 2870 3664 qui
2916 3591 3066 3649 'venit
3110 3597 3204 3664 per
3241 3605 3435 3665 aquam
3474 3601 3528 3651 et
3569 3612 3697 3653 sau-

2081 3685 2321 3756 guinem,
2362 3683 2521 3740 Jesus
2567 3679 2854 3740 Christus:
2902 3699 3009 3740 non
3054 3686 3106 3740 in
3157 3697 3294 3758 aqua
3345 3685 3544 3752 solum.
3591 3681 3689 3746 scil

2086 3777 2138 3834 in
2171 3791 2309 3849 aqua
2342 3784 2392 3833 et
2427 3777 2709 3848 sanguine.
2741 3775 2812 3832 Et
2840 3778 3061 3848 spiritus
3089 3785 3192 3847 est,
3223 3778 3314 3849 qui
3347 3779 3692 3850 testiﬁcatur,

2087 3869 2340 3942 quoniam
2379 3868 2627 3925 Christus
2671 3877 2754 3926 est
2787 3869 3008 3926 veritas.
3055 3863 3321 3940 Quoniam
3352 3877 3464 3930 tre‘s
3489 3881 3616 3930 sunt
3642 3879 3692 3948 ⁸,

2090 4083 2374 4163 autenLita
2426 4081 2629 4138 desinit
2657 4099 2670 4137 :
2698 4091 2751 4163 et
2799 4071 3034 4163 Spiritus
3083 4091 3192 4163 est,
3227 4087 3318 4158 qui
3361 4090 3692 4163 testiﬁcatus,

2090 4152 2474 4228 quioChristus
2497 4163 2569 4209 est
2599 4155 2789 4210 veritas
2815 4152 2908 4210 .‘in
2943 4158 3188 4228 margine
3210 4152 3388 4215 autem
3410 4152 3511 4216 alia
3535 4152 3694 4221 manu

2093 4226 2358 4304 septimus
2389 4236 2444 4281 et
2472 4235 2695 4304 octavus
2744 4229 2968 4304 inverso
3007 4226 3200 4304 ordine
3222 4230 3320 4304 glta
3353 4235 3697 4304 supplentur,

2097 4297 2232 4364 Quia
2248 4307 2360 4371 tres
2388 4307 2506 4371 sunt
2548 4299 2639 4371 qui
2678 4299 3023 4354 testimonium
3042 4302 3170 4356 dant
3211 4302 3266 4356 in
3297 4297 3475 4371 tanti,
3497 4317 3602 4363 etu.
3639 4297 3697 4366 ιιί

2097 4371 2204 4443 alio
2246 4369 2614 4443 Laurentiano
2643 4371 2825 4443 pluteo
2862 4389 2950 4441 v1,
2985 4389 3135 4429 num.
3163 4373 3254 4443 10,
3279 4376 3344 4430 ad
3367 4369 3490 4434 eum
3521 4380 3695 4443 locum

2098 4439 2178 4496 sic
2210 4440 2420 4519 pridem
2463 4439 2738 4519 legebatur
2772 4462 2786 4499 :
2817 4439 3080 4519 Qttoninm
3131 4439 3407 4504 tres'sunt.
3439 4451 3530 4519 qui
3557 4441 3696 4505 testi-

2097 4515 2332 4568 monium
2361 4514 2488 4568 dant
2525 4517 2580 4569 in
2619 4525 2788 4590 terra,
2843 4517 3074 4588 spiritus,
3103 4532 3268 4590 aqua,
3301 4528 3345 4590 et
3372 4514 3612 4590 sanguis,
3649 4533 3699 4577 et

2097 4592 2199 4639 tres
2229 4602 2404 4657 unum;
2427 4595 2568 4641 sunt.
2615 4585 2763 4643 Sicut
2796 4585 2897 4642 tres
2926 4599 3045 4642 sunt
3083 4589 3170 4657 qui
3202 4585 3545 4646 testintoniiun
3575 4585 3701 4649 dant

2098 4657 2154 4709 in
2185 4655 2335 4720 calo,
2368 4655 2549 4724 Pater,
2589 4657 2846 4726 Verbum,
2892 4667 2938 4713 et
2977 4655 3213 4728 Spiritus
3238 4671 3480 4729 smnus;
3515 4674 3564 4717 et
3595 4674 3696 4719 τινα

2099 4744 2259 4800 unum
2295 4737 2434 4782 sunt.
2474 4729 2604 4797 Qu:c
2635 4731 2900 4798 posterior
2928 4745 3121 4786 manus
3153 4733 3496 4800 emendavit,
3530 4751 3697 4791 vncu-

2100 4799 2168 4878 lis
2195 4801 2252 4854 in
2281 4809 2438 4878 terra,
2471 4803 2526 4878 in
2560 4801 2726 4878 μῆρνὶ
2760 4801 2965 4878 isocole
2989 4803 3296 4874 expunctis,
3335 4813 3451 4859 tum
3487 4799 3698 4878 reposi-

2100 4871 2169 4927 tis
2191 4871 2458 4943 perltlbent
2491 4869 2730 4940 demto,
2761 4881 2861 4941 pro
2885 4869 3184 4939 demfetc.
3218 4879 3288 4930 At
3314 4891 3442 4931 vero
3472 4869 3700 4934 de'llie-

2101 4945 2426 5019 ronymiano
2468 4945 2767 5019 exemplari
2809 4946 2998 5012 miror,
3038 4946 3182 5017 quod
3221 4948 3342 5017 quis
3378 4949 3478 5003 sibi
3523 4952 3699 5019 pctuit

2105 5016 2453 5086 persuadere,
2488 5032 2606 5073 eam
2633 5018 2954 5088 particulam
2987 5016 3422 5073 teStimon’iorum
3452 5016 3700 5078 de'cmlo

2104 5089 2416 5164 testantium
2461 5089 2716 5144 defuisse.
2751 5089 2888 5164 Cum
2917 5092 3059 5145 enim
3093 5091 3163 5164 ita
3193 5090 3294 5145 sibi
3346 5100 3579 5164 utraque
3616 5110 3703 5150 re-

2106 5160 2390 5230 spondeat,
2426 5170 2639 5232 tamque
2683 5171 2836 5232 arcte
2871 5161 3073 5230 junctzc
3116 5162 3226 5216 siut
3254 5161 3427 5218 ambae
3457 5160 3700 5222 infcriori

2106 5235 2402 5297 contextui,
2433 5242 2493 5286 ut
2513 5231 2706 5296 series,
2730 5231 2819 5288 ubi
2843 5233 3103 5288 alterutra
3123 5232 3482 5298 desideretur,
3508 5252 3698 5293 manca

2105 5303 2329 5358 omnino
2356 5305 2426 5358 sit
2458 5315 2616 5374 atque
2646 5304 2854 5367 hiulca,
2893 5305 3112 5358 minime
3144 5306 3316 5374 potuit
3346 5305 3403 5361 S.
3439 5307 3620 5371 Pater,
3653 5310 3701 5364 si

2103 5374 2214 5444 jam
2249 5385 2360 5429 tum
2393 5377 2444 5430 in
2474 5389 2574 5429 suo
2603 5422 2613 5442 ,
2648 5385 2739 5430 aut
2767 5377 2890 5448 aliis
2927 5375 2980 5430 in
3013 5377 3167 5431 libris
3197 5391 3351 5432 error
3379 5379 3700 5448 inoleverat,

2109 5447 2739 5523 non_auimadvertisse.
2791 5447 3074 5523 Caeterum
3107 5457 3230 5523 nota
3276 5458 3399 5505 sunt
3440 5465 3537 5519 pro
3585 5453 3704 5523 ejus

2108 5519 2357 5588 versiculi
2415 5519 2772 5588 germanitate
2801 5518 3110 5574 testimonia
3156 5519 3372 5576 Patrum
3419 5518 3705 5578 Africano-

2108 5605 2252 5666 rum,
2290 5585 2644 5666 Tertulliani,
2681 5590 2970 5662 Cypriani,
3009 5590 3255 5666 Eugcuii,
3291 5591 3580 5666 Fulgentii,
3616 5595 3706 5666 Vri-

2111 5660 2242 5736 gilii,
2291 5661 2564 5736 Victoris,
2617 5677 2647 5718 e
2691 5660 3179 5736 quatuoLrentum
3213 5660 3606 5736 Episco'porum
3640 5665 3706 5722 'ln

2116 5732 2243 5787 fidei
2291 5733 2644 5808 prolessione,
2694 5747 2857 5804 quam
2909 5732 3301 5808 Wandalorum
3343 5732 3452 5808 regi
3497 5737 3708 5795 obtule-

2117 5813 2266 5860 runt.
2333 5806 2503 5875 Major
2546 5809 2691 5862 omni
2745 5805 3069 5872 exceptione
3119 5817 3204 5864 est.
3244 5805 3602 5866 Cassiodorus
3649 5811 3707 5866 in

2119 5875 2621 5949 Complexiouibus,
2646 5886 2833 5949 utpote
2845 5879 2937 5949 qui
2963 5895 3028 5933 ex
3051 5879 3436 5946 Romana,non
3455 5882 3708 5937 Africana

2127 5948 2365 6006 Ecclesia
2419 5949 2602 6019 fuerit,
2635 5965 2698 6006 ac
2726 5948 2889 6022 porro
2915 5950 3163 6020 sedulus,
3193 5965 3354 6022 supra
3391 5968 3556 6022 quam
3603 5953 3709 6009 dici
