4128 6330
500 345 605 403 847

1508 346 1569 403 S.
1611 344 1995 405 IIIERONYMI
2035 343 2268 405 DIVINA
2307 344 2788 405 BIBLIOTHECA.

3698 344 3803 404 848

499 461 591 531 qui
620 458 991 517 testimonium
1023 459 1155 516 dant
1198 460 1250 516 in
1288 458 1466 517 coelo:
1509 460 1693 528 Pater,
1744 461 2004 527 Verbum,
2046 468 2101 516 et
2127 461 2271 524 Aad
2324 476 2486 517 eum:
2537 461 2671 529 Quia
2721 459 3096 532 quodcumque
3142 456 3455 531 petierimus
3501 457 3801 521 secundum

497 553 733 625 Spiritus
763 561 981 608 sanctus
1007 570 1020 608 :
1048 560 1104 608 et
1132 553 1183 607 hi
1215 561 1324 609 tres
1355 569 1517 609 unum
1542 562 1687 609 sunt.
1720 553 1785 607 Et
1814 565 1922 609 tres
1948 562 2093 619 sunt,

494 648 585 718 qui
619 647 984 704 testimonium
1016 647 1148 704 dant
1179 649 1229 703 in
1262 657 1403 704 terra
1430 667 1442 701 :
1469 648 1722 718 Spiritus,
1754 659 1807 704 et
1844 663 1998 719 aqua,
2042 657 2097 703 et

488 742 710 812 sanguis
736 759 747 797 :
782 751 836 797 et
858 741 911 796 hi
936 750 1046 797 tres
1080 756 1243 796 unum
1266 750 1409 797 sunt.
1441 742 1497 797 Si
1529 740 1893 797 testimonium
1924 740 2096 795 homi-

490 850 624 891 num
645 835 956 906 accipimus,
980 834 1347 890 testimonium
1368 834 1461 890 Dei
1487 834 1659 904 majus
1688 846 1770 891 est
1798 852 1809 887 :
1839 834 2091 905 quoniam

489 927 599 986 hoc
624 937 706 986 est
735 927 1097 984 testimonium
1143 927 1263 993 Dei,
1292 927 1433 998 quod
1472 927 1646 997 majus
1690 938 1793 991 est,
1840 928 2091 997 quoniam

487 1023 812 1078 testificatus
838 1029 921 1077 est
943 1020 1012 1077 de
1046 1020 1181 1076 Filio
1209 1018 1317 1093 [AL
1350 1020 1476 1075 add.
1510 1019 1654 1091 suo].
1683 1020 1788 1089 Qui
1828 1019 2001 1075 credit
2040 1020 2091 1075 ir.

485 1112 684 1171 Filium
714 1115 832 1184 Dei,
866 1114 1027 1170 habet
1053 1114 1425 1171 testimonium
1474 1116 1567 1171 Dei
1615 1115 1671 1170 in
1716 1131 1795 1171 se.
1840 1115 1941 1183 Qui
1984 1131 2090 1170 non

484 1208 659 1266 credit
688 1208 851 1275 Filio,
883 1209 1198 1266 mendacem
1227 1208 1361 1266 facit
1392 1224 1512 1264 eum
1544 1227 1556 1263 :
1599 1212 1720 1281 quia
1770 1225 1876 1265 non
1917 1209 2088 1266 credit

482 1300 541 1359 in
574 1302 961 1369 testimonium,
1001 1302 1144 1375 quod
1184 1304 1499 1359 testificatus
1537 1313 1620 1359 est
1656 1304 1798 1359 Deus
1839 1305 1908 1359 de
1952 1304 2091 1359 Filio

479 1407 601 1453 suo.
631 1395 698 1451 Et
728 1395 830 1451 hoc
865 1404 951 1451 est
994 1396 1381 1459 testimonium.
1424 1397 1678 1468 quoniam
1720 1398 1881 1452 vitam
1929 1407 2089 1453 arter-

479 1503 607 1545 nam
637 1488 786 1544 dedit
816 1489 974 1544 nobis
1008 1490 1170 1545 Deus.
1208 1490 1275 1545 Et
1304 1491 1419 1545 lucc
1444 1492 1554 1546 vita
1583 1492 1633 1545 in
1666 1490 1805 1547 Filio
1836 1490 1951 1560 ejus
1982 1499 2087 1545 est.

482 1580 585 1650 Qui
615 1581 777 1638 habet
810 1582 1027 1650 Filium,
1062 1583 1225 1638 habet
1256 1584 1422 1639 vitam
1450 1601 1463 1641 :
1495 1585 1587 1656 qui
1634 1600 1742 1641 non
1787 1586 1946 1641 habet
2001 1585 2089 1640 Fi-

476 1673 631 1742 lium,
661 1675 823 1730 vitam
858 1690 963 1731 non
996 1676 1178 1733 habet.
1211 1677 1337 1732 llaec
1368 1678 1547 1734 scribo
1574 1679 1765 1735 vobis:
1809 1689 1869 1735 ut
1905 1680 2091 1736 sciatis

478 1770 734 1839 quoniam
771 1769 934 1825 vitam
970 1771 1177 1827 habetis
1205 1782 1487 1840 aeternam,
1526 1774 1614 1845 qui
1642 1774 1864 1831 creditis
1902 1775 1953 1830 in
1986 1791 2088 1831 no-

2200 556 2526 611 voluntatem
2560 556 2695 624 ejus,
2739 554 2889 609 audit
2932 568 3052 609 nos.
3103 554 3166 608 Et
3214 554 3435 618 scimus,
3479 554 3602 623 quia
3655 550 3806 606 audit

2200 665 2298 705 nos
2329 648 2582 720 quidquid
2625 648 2972 719 petierimus:
3002 648 3203 703 scimus
3242 646 3495 719 quoniam
3540 644 3806 701 habemus

2199 743 2503 813 petitiones,
2534 756 2667 813 quas
2695 742 3032 813 postulamus
3060 742 3129 797 ab
3163 756 3250 797 eo.
3290 740 3392 810 Qui
3436 739 3538 796 scit
3575 739 3802 794 fratrem

2198 852 2351 892 suum
2398 851 2619 906 peccare
2664 843 2943 906 peccatum
2991 850 3098 891 non
3140 835 3205 890 ad
3254 844 3505 901 mortem,
3549 839 3724 904 petat,
3753 842 3807 889 et

2195 928 2412 985 dabitur
2440 928 2489 984 ei
2523 930 2629 982 vita
2662 928 2905 999 peccanti
2937 943 3043 982 non
3076 927 3141 982 ad
3174 934 3424 982 mortem.
3467 924 3564 981 Est
3608 939 3805 995 pecca—

2197 1031 2307 1077 tum
2354 1022 2421 1077 ad
2470 1032 2739 1077 mortem:
2793 1036 2898 1075 non
2942 1035 3042 1091 pro
3084 1018 3182 1075 illo
3218 1019 3360 1088 dico,
3392 1028 3449 1073 ut
3477 1026 3633 1089 roget
3657 1019 3802 1089 quis.

2194 1114 2383 1171 Omnis
2414 1115 2691 1186 iniquitas,
2723 1124 3005 1181 peccatum
3038 1122 3157 1168 est:
3190 1123 3245 1170 et
3280 1123 3365 1169 est
3405 1124 3688 1185 peccatum
3734 1112 3801 1167 ad

2197 1218 2449 1265 mortem.
2493 1208 2707 1265 Scimus
2743 1206 2869 1278 quia
2917 1206 3092 1261 omnis
3139 1207 3227 1276 qui
3262 1216 3419 1261 natus
3451 1214 3535 1262 est
3562 1221 3627 1262 ex
3658 1205 3797 1271 Deo,

2195 1318 2302 1359 non
2345 1312 2569 1374 peccat:
2626 1302 2719 1357 sed
2763 1301 3042 1373 generatio
3088 1302 3182 1357 Dei
3230 1312 3519 1358 conservat
3565 1316 3713 1366 eum,
3747 1309 3802 1354 ct

2193 1397 2458 1468 malignus
2501 1410 2604 1451 non
2643 1396 2811 1467 tangit
2856 1411 3003 1450 eum.
3047 1394 3261 1452 Scimus
3302 1396 3557 1466 quoniam
3591 1410 3655 1450 ex
3689 1394 3801 1450 Deo

2193 1505 2417 1544 sumus:
2446 1498 2501 1544 ct
2527 1488 2759 1543 mundus
2792 1496 2935 1543 totus
2966 1488 3017 1542 in
3048 1478 3295 1559 maligno
3327 1489 3534 1559 positus
3581 1495 3687 1543 est.
3733 1486 3801 1541 Et

2195 1583 2392 1638 scimus
2422 1582 2673 1653 quoniam
2703 1580 2872 1636 Filius
2903 1581 2995 1636 Dei
3028 1582 3199 1647 venit,
3228 1592 3283 1637 et
3310 1580 3461 1637 dedit
3488 1582 3644 1637 nobis
3674 1594 3800 1636 sen-

2194 1690 2354 1742 sum,
2406 1685 2463 1730 ut
2512 1690 2901 1746 cognoscamus
2948 1690 3132 1730 verum
3186 1674 3379 1740 Deum,
3424 1682 3481 1731 et
3525 1674 3697 1730 simus
3744 1673 3798 1727 in

2192 1788 2324 1829 vero
2348 1771 2487 1828 Filio
2511 1771 2649 1842 ejus.
2681 1770 2777 1827 Hic
2808 1779 2891 1826 est
2928 1785 3089 1826 verus
3129 1772 3289 1835 Deus,
3334 1777 3389 1826 et
3430 1770 3533 1825 vita
3570 1778 3793 1824 aeterna.

476 1862 625 1919 mine
657 1862 775 1920 Filii
808 1865 922 1921 Dei.
955 1865 1020 1920 Et
1051 1867 1167 1921 hmc
1207 1875 1291 1923 est
1342 1867 1557 1936 fiducia,
1610 1884 1769 1939 quam
1820 1869 2081 1926 habemus
2110 1865 2161 1927 B
2186 1870 2386 1938 Filioli,
2418 1869 2687 1926 custodite
2713 1885 2810 1925 vos
2836 1886 2866 1924 a
2893 1868 3219 1925 simulacris.
3256 1870 3451 1925 Amen.

1572 2002 1802 2074 Explirit
1827 2005 2049 2075 epistola
2080 2005 2145 2060 B.
2177 2004 2397 2062 Joannis
2426 2007 2650 2079 apostoli
2680 2005 2732 2061 Ι.

470 2155 675 2229 possit.
717 2171 997 2214 sacrorum
1039 2157 1291 2214 codicum
1340 2158 1658 2229 inquisitor,
1690 2158 1759 2214 cl.
1796 2158 1916 2215 libri
1947 2161 2065 2229 ejus

470 2228 651 2285 editor
678 2229 1079 2300 march.Scipio
1098 2229 1359 2301 Matfeius,
1387 2228 1517 2285 nihil
1539 2231 1683 2301 quod
1711 2229 1777 2285 ad
1799 2231 1927 2286 illud
1955 2228 2063 2288 tes-

2176 2160 2791 2288 timonittim'conferret,
2840 2160 2893 2217 in
2943 2160 3099 2219 Notis
3148 2162 3215 2220 ad
3263 2178 3384 2222 eum
3435 2162 3613 2221 locum
3665 2167 3793 2224 reli-

2176 2248 2341 2288 auum
2397 2244 2523 2288 CCII.

2175 2248 2341 2305 quum
2376 2244 2523 2289 l'ectt.

477 2392 3762 2425 .—_._____._.._.___....____._______________________

1107 2545 1276 2659 Β.
1351 2543 2172 2663 JOANNIS
2247 2545 3170 2672 APOSTOLI

1997 2743 2291 2809 INCIPIT

1202 2909 2087 3040 EPISTOLA
2157 2909 3048 3050 SECUNDA.

539 3212 738 3270 Senior
757 3210 959 3269 Electae
985 3211 1242 3279 dominae,
1270 3220 1327 3267 et
1353 3210 1497 3267 natis
1523 3210 1663 3282 ejus,
1695 3226 1832 3282 quos
1856 3226 1957 3282 ego
1983 3212 2069 3267 di-

467 3307 579 3380 ligo
602 3308 655 3363 in
682 3307 932 3373 veritate,
963 3316 1019 3362 et
1044 3321 1150 3363 non
1179 3321 1280 3377 ego
1307 3306 1491 3373 solus,
1523 3305 1619 3362 sed
1651 3316 1706 3361 et
1735 3321 1948 3376 omnes,
1977 3307 2069 3378 qui

470 3408 846 3471 cognoverunt
878 3400 1160 3456 veritatem
1180 3440 1195 3465 ,
1231 3409 1450 3469 propter
1472 3398 1759 3455 veritatem
1788 3416 1907 3470 quze
1949 3416 2071 3471 pcr—

466 3498 655 3547 manet
681 3490 734 3545 in
778 3490 965 3554 nobis,
997 3500 1054 3546 et
1084 3490 1367 3545 nobiscum
1414 3492 1518 3547 erit
1565 3492 1616 3546 in
1667 3501 1953 3547 aeternum.
1988 3492 2071 3549 Sit

464 3582 744 3639 vobiscum
778 3583 972 3653 gratia,
1009 3582 1385 3639 misericordia
1412 3624 1427 3648 ,
1459 3599 1561 3655 pax
1592 3600 1619 3637 a
1670 3585 1781 3641 Deo
1805 3585 1964 3641 Patre
1987 3627 2002 3651 ,
2042 3601 2070 3640 a

462 3678 683 3736 Christo
712 3680 839 3736 Jesu
870 3679 1009 3735 Filio
1053 3678 1259 3745 Patris.
1307 3680 1360 3735 in
1398 3682 1627 3737 veritate
1680 3691 1735 3738 et
1782 3684 2068 3740 charilate.

462 3770 696 3827 Gavisus
724 3786 842 3827 sum
876 3771 1053 3837 valde,
1082 3773 1339 3843 quoniam
1369 3774 1551 3829 inveni
1575 3774 1644 3831 de
1667 3775 1791 3831 filiis
1823 3777 1926 3831 tuis
1948 3792 2069 3833 am—

460 3864 718 3921 bulantes
761 3866 814 3919 in
846 3864 1109 3933 veritate,
1139 3866 1280 3921 sicut
1325 3866 1640 3921 mandatum
1678 3868 1990 3938 accepimus
2038 3884 2069 3924 a

458 3958 649 4016 Patre.
687 3959 755 4015 Et
780 3975 925 4015 nunc
956 3974 1089 4031 rogo
1113 3967 1187 4027 te,
1218 3960 1460 4025 domina,
1480 3976 1586 4016 non
1615 3969 1886 4033 tamquam
1917 3978 2070 4018 man-

458 4051 646 4109 datum
673 4067 871 4109 novum
903 4053 1152 4109 scribens
1197 4051 1315 4119 tibi,
1350 4052 1442 4107 scd
1482 4053 1627 4124 quod
1668 4053 1957 4111 habuimus
1999 4057 2068 4111 ab

461 4140 647 4211 initio,
674 4150 734 4197 ut
759 4142 1050 4213 diligamus
1074 4141 1429 4213 alterutrum;
1462 4153 1515 4197 et
1543 4147 1658 4200 hzcc
1682 4154 1767 4201 est
1787 4146 2031 4203 charitas
2048 4189 2063 4215 ,

462 4245 527 4292 ut
574 4236 917 4292 ambulemus
962 4235 1266 4291 secundum
1311 4236 1568 4293 mandata
1620 4238 1759 4309 ejus.
1807 4240 1919 4295 lloc
1984 4249 2068 4296 est

460 4330 608 4386 enim
632 4329 972 4395 mandatum,
1005 4336 1065 4384 ut
1092 4329 1548 4401 quemadmodum
1581 4332 1811 4389 audistis
1841 4334 1948 4407 [Αἰ.
1973 4350 2069 4391 au-

457 4425 615 4498 disti]
659 4425 729 4481 ab
758 4425 943 4492 initio,
974 4426 1027 4481 in
1055 4439 1124 4483 eo
1148 4425 1442 4482 ambuletis
1475 4444 1488 4480 :
1518 4428 1775 4498 quoniam
1810 4430 1961 4485 multi
1979 4445 2064 4486 se-

2178 3211 2432 3267 ductores
2464 3212 2715 3268 exierunt
2744 3213 2800 3269 in
2841 3216 3124 3287 mundum,
3156 3218 3249 3291 qui
3293 3234 3402 3276 non
3454 3222 3791 3282 conﬁtentur

2179 3307 2368 3361 Jesum
2415 3306 2696 3362 Christum
2741 3310 2956 3367 venisse
2998 3312 3053 3367 in
3091 3329 3314 3371 carnem
3345 3333 3359 3373 :
3393 3315 3483 3372 hic
3508 3328 3593 3374 est
3626 3318 3790 3375 sedu-

2180 3408 2298 3455 ctor
2329 3410 2382 3455 et
2402 3400 2795 3459 Antichristus.
2821 3404 3015 3463 Videte
3043 3410 3425 3481 vosmetipsos,
3453 3427 3520 3468 ne
3546 3414 3791 3483 perdatis

2179 3509 2300 3565 qua:
2350 3495 2560 3565 operati
2600 3498 2733 3553 estis
2767 3516 2778 3552 :
2810 3498 2905 3553 sed
2941 3509 2998 3554 ut
3030 3502 3337 3559 mercedem
3380 3504 3597 3575 plenam
3645 3508 3793 3563 acci-

2181 3588 2367 3658 piatis.
2398 3586 2588 3645 Omnis
2625 3591 2715 3662 qui
2766 3592 3003 3662 recedit,
3035 3606 3091 3651 et
3131 3610 3241 3652 non
3289 3610 3571 3668 permanet
3608 3601 3663 3656 in
3689 3601 3791 3657 do-

2174 3680 2349 3735 ctrina
2379 3679 2604 3749 Christi,
2640 3682 2811 3739 Dcum
2860 3700 2965 3740 non
3018 3686 3228 3744 habet:
3261 3690 3352 3760 qui
3399 3702 3681 3760 permanet
3731 3695 3784 3750 in

2174 3773 2445 3845 doctrina,
2480 3776 2571 3831 hic
2596 3785 2653 3832 et
2681 3778 2896 3835 Patrem
2924 3790 2980 3837 et
3008 3782 3204 3838 Filium
3238 3783 3422 3841 habet.
3452 3786 3509 3843 Si
3538 3787 3660 3859 quis
3692 3804 3786 3847 ve-

2174 3865 2251 3922 nit
2278 3867 2344 3921 ad
2374 3883 2493 3933 vos,
2525 3877 2578 3923 et
2606 3867 2747 3926 hanc
2775 3870 3079 3927 doctrinam
3106 3889 3212 3931 non
3240 3874 3420 3945 affert,
3443 3878 3615 3935 nolite
3642 3880 3784 3937 reci-

2176 3974 2307 4030 pere
2336 3977 2459 4016 eum
2493 3962 2546 4017 in
2573 3962 2817 4031 domum,
2854 3980 2955 4022 nec
2983 3966 3099 4023 Ave
3120 3969 3168 4024 ei
3192 3968 3466 4027 dixeritis.
3498 3972 3607 4041 Qui
3636 3973 3782 4030 enim

2174 4054 2307 4109 dicit
2328 4055 2406 4110 illi
2436 4056 2577 4123 Ave,
2624 4058 2995 4116 communicat
3039 4064 3298 4132 operibus
3342 4066 3463 4136 ejus
3502 4066 3779 4139 malignis.

2174 4147 2337 4204 Plura
2384 4149 2590 4207 habens
2621 4152 2775 4207 vobis
2822 4153 3091 4221 scribere,
3137 4157 3286 4213 nolui
3316 4173 3411 4227 per
3447 4158 3693 4217 chartam
3730 4172 3786 4218 et

2170 4250 2570 4300 atramentum:
2605 4260 2768 4316 spero
2795 4247 2940 4303 enim
2981 4265 3067 4305 me
3108 4249 3344 4307 futurum
3385 4252 3527 4323 apud
3567 4268 3687 4318 vos.
3730 4264 3784 4312 et

2171 4352 2234 4393 os
2264 4338 2332 4392 ad
2366 4353 2429 4393 os
2452 4338 2601 4409 loqui
2636 4357 2648 4392 :
2678 4348 2737 4394 ut
2754 4342 3009 4412 gaudium
3042 4353 3285 4401 vestrum
3316 4345 3536 4416 plenum
3560 4347 3655 4403 sit.
3680 4346 3782 4404 Sa-

2170 4432 2344 4488 lutant
2374 4445 2425 4489 te
2456 4432 2553 4489 filii
2575 4436 2784 4492 sororis
2812 4445 2916 4493 tuae
2937 4436 3155 4495 Electae.

1500 4542 1733 4615 Explicit
1764 4543 2002 4615 Epistola
2029 4546 2097 4603 B.
2130 4547 2355 4605 Joannis
2381 4551 2603 4619 apostoli
2635 4550 2719 4606 Il.

464 4704 3756 4739 WMW

1102 4858 1275 4971 Β.
1350 4798 2077 4971 JoANNI:

2231 4786 3136 4980 APOSTOLI

1967 5045 2262 5111 INCIPIT

1204 5204 2181 5357 EPISTOLA
2284 5211 3057 5363 TERTIA.

536 5574 731 5633 Senior
754 5571 889 5630 Gaio
910 5567 1252 5636 charissimo,
1282 5581 1439 5639 quem
1470 5583 1569 5641 ego
1586 5570 1754 5643 diligo
1784 5573 1835 5629 in
1863 5576 2063 5631 verita-
2091 5563 2144 5624 D
2169 5581 2318 5637 nium
2352 5582 2761 5654 perhibentibus
2792 5590 3008 5646 veritati
3043 5598 3174 5660 tusc,
3207 5594 3344 5653 sicut
3373 5606 3425 5654 tu
3457 5598 3507 5656 in
3537 5603 3770 5663 veritate

467 5666 911 5731 te.Cbarissime,
939 5664 1007 5719 de
1034 5662 1288 5717 omnibus
1313 5664 1613 5719 orationem
1641 5665 1779 5722 facio
1804 5684 2063 5740 pt‘OSpet‘e

464 5776 523 5823 te
552 5760 796 5835 ingredi,
832 5766 889 5814 et
916 5754 1098 5811 valere
1121 5754 1261 5811 sicut
1293 5769 1553 5827 prospere
1582 5760 1693 5829 agit
1729 5761 1907 5817 animo
1946 5771 2056 5820 tua.

464 5857 702 5917 Gavisus
730 5864 849 5909 sum
879 5846 1037 5905 valde
1058 5846 1397 5903 venientibus
1426 5848 1699 5917 fratribus,
1738 5860 1791 5906 et
1819 5855 2060 5913 testimo-

2172 5675 2444 5733 ambulas.
2466 5678 2723 5750 Majorem
2756 5682 2949 5740 horum
2976 5700 3083 5742 non
3116 5687 3292 5744 habeo
3323 5694 3575 5763 gratiam,
3605 5711 3769 5768 quam

2174 5770 2464 5826 utaudiam
2498 5773 2637 5830 filios
2678 5791 2828 5833 meos
2863 5778 2915 5835 in
2950 5782 3176 5838 veritate
3214 5785 3515 5842 ambulare.
3544 5786 3771 5846 Charis-

2168 5860 2335 5929 sime,
2365 5862 2595 5922 ﬁdeliter
2622 5867 2751 5925 facis
2793 5871 3052 5943 quidquid
3083 5876 3329 5946 operaria
3358 5877 3409 5934 in
3455 5878 3677 5953 fratres,
3712 5891 3771 5940 et
