4128 6330
346 353 452 412 849

1240 357 1298 413 Β.
1342 355 1538 412 IUDE
1579 356 1913 415 APOSTOLI
1957 356 2290 416 EPISTOLA
2329 357 2740 416 CATIIOLICA.

3543 361 3650 419 850

347 469 451 526 hoc
481 471 533 526 in
577 470 911 542 peregrinos,
943 470 1033 542 qui
1059 471 1426 528 testimonium
1446 471 1795 530 reddiderunt
1818 473 1946 529 cha-
1972 482 2022 542 Α
2055 482 2188 540 tres,
2215 484 2266 527 et
2298 487 2413 538 eos,
2437 474 2526 544 qui
2556 473 2874 544 suscipiunt,
2909 475 3174 545 prohibet,
3206 485 3262 534 et
3289 475 3358 532 de
3400 475 3644 534 Ecclesia

345 562 491 618 ritati
525 571 630 620 tute
661 563 714 619 in
737 575 1028 632 conspectu
1056 563 1344 621 Ecclesiae:
1377 581 1514 637 quos
1535 609 1550 636 ,
1582 567 1945 632 benefaciens,

349 655 590 713 deduces
633 656 794 727 digne
824 658 955 716 Deo.
990 657 1097 714 Pro
1123 660 1341 717 nomine
1379 661 1528 718 enim
1562 662 1681 733 ejus
1717 663 1946 734 profecti

344 761 490 818 sunt,
522 751 656 807 nihil
681 751 1010 820 accipientes
1037 768 1068 807 a
1095 754 1368 823 gentibus.
1393 755 1500 811 Nos
1523 771 1653 826 ergo
1679 755 1943 814 debemus

344 841 620 912 suscipere
667 841 974 911 hujusmodi
1007 887 1023 913 ,
1071 853 1128 900 ut
1169 855 1552 915 cooperatores
1595 847 1765 902 simus
1801 848 1942 903 veri-

343 937 488 993 tatis.
535 936 887 1010 Scripsissem
939 939 1163 996 forsitan
1217 940 1518 998 Ecclesiae:
1571 942 1667 998 sed
1713 943 1796 1008 is,
1845 943 1938 1014 qui

341 1041 485 1087 amat
525 1032 815 1104 primatum
846 1049 1036 1104 gerere
1069 1033 1120 1090 in
1153 1035 1258 1107 eis,
1288 1035 1631 1107 Diotrephes,
1666 1053 1771 1091 non
1802 1037 1941 1091 rcci-

342 1125 417 1196 pit
464 1140 583 1186 nos.
631 1125 863 1196 Propter
909 1127 1011 1184 hoc
1049 1130 1094 1184 si
1136 1144 1369 1197 venero,
1423 1129 1783 1186 commonebo
1821 1130 1940 1200 ejus

337 1235 528 1294 opera,
555 1237 674 1294 qua:
707 1222 835 1279 facit
864 1225 1042 1279 verbis
1067 1225 1316 1296 malignis
1350 1225 1597 1297 garriens
1636 1226 1690 1279 in
1723 1238 1853 1280 nos:
1885 1235 1939 1280 et

336 1314 490 1389 quasi
517 1329 625 1373 non
654 1315 704 1372 ei
727 1314 826 1371 ista
854 1317 1125 1374 sufficiant
1150 1335 1164 1386 ;
1199 1333 1376 1390 neque
1424 1319 1539 1387 ipse
1569 1317 1795 1388 suscipit
1827 1317 1937 1372 fra-

2055 565 2218 636 ejieit.
2249 566 2602 633 Charissime,
2637 567 2748 623 noli
2779 567 2980 624 imitari
3013 571 3234 638 malum,
3266 572 3360 628 sed
3380 571 3525 643 quod
3549 571 3644 626 ho-

2051 675 2178 715 num
2211 669 2314 716 est.
2345 660 2446 726 Qui
2479 660 2779 728 benefacit,
2808 677 2872 718 ex
2905 661 3014 718 Deo
3061 673 3144 719 est
3175 681 3188 717 :
3229 663 3318 734 qui
3348 663 3640 734 malefacit,

2049 767 2156 808 non
2198 753 2333 808 vidit
2366 753 2558 809 Demn.
2592 755 2869 810 Demetrio
2901 757 3267 812 testimonium
3300 756 3542 813 redditur
3570 758 3639 813 ab

2045 845 2320 913 omnibus,
2350 855 2404 900 et
2433 845 2502 900 ab
2530 846 2643 916 ipsa
2662 847 2914 915 veritate,
2933 847 3030 904 sed
3061 859 3114 904 et
3135 865 3235 904 nos
3271 851 3638 906 testimonium

2043 939 2429 1011 perhibemus:
2463 951 2517 996 et
2534 941 2672 996 llOsli
2704 942 2958 1012 quoniam
3003 943 3366 998 testimonium
3393 952 3639 1000 nostrum

2044 1049 2228 1089 verum
2248 1035 2518 1090 est.Multa
2535 1033 2693 1090 halmi
2714 1035 2808 1091 tibi
2830 1035 3099 1093 scribere:
3117 1035 3212 1092 sed
3228 1036 3376 1093 nolui
3391 1052 3484 1107 per
3495 1047 3641 1092 atra-

2045 1137 2284 1182 mentum
2313 1136 2368 1183 et
2393 1128 2659 1182 calamum
2690 1128 2933 1185 scribere
2963 1128 3078 1183 tibi.
3103 1129 3278 1200 Spero
3303 1139 3484 1183 autem
3515 1144 3637 1200 pro-

2045 1221 2189 1276 tinus
2222 1228 2274 1275 le
2298 1219 2499 1286 videre,
2525 1230 2578 1276 et
2605 1237 2665 1276 os
2687 1221 2752 1275 ad
2784 1236 2847 1276 os
2868 1221 3172 1290 loquemur.
3194 1220 3302 1276 Pax
3337 1221 3450 1278 tibi.
3477 1220 3637 1278 Salu-

2043 1324 2158 1371 tant
2189 1323 2240 1371 te
2264 1315 2446 1370 amici.
2471 1315 2657 1372 Saluta
2690 1315 2894 1373 amicos
2915 1315 3253 1372 nominatim.

1358 1429 1587 1503 Explicit
1617 1428 1854 1500 Epistola
1883 1427 1950 1484 B.
1979 1427 2206 1484 Joannis
2230 1429 2456 1502 apostoli
2477 1427 2596 1484 111.

1107 1725 1276 1836 Β.
1352 1722 1880 1836 JUDIE
1955 1723 2867 1840 ΔΡοειι-οιι

1844 1919 2139 1987 INCIPIT

944 2086 1826 2217 EPISTULA
1927 2083 3021 2217 CATHOLICA.

390 2475 562 2534 Iudas
582 2477 712 2542 Iesu
739 2475 941 2531 Christi
962 2488 1172 2541 servus,
1199 2474 1366 2529 frater
1391 2481 1572 2529 autem
1595 2471 1802 2541 Jacobi,
1836 2471 1921 2528 his
1954 2453 2002 2514 Β
2028 2470 2111 2527 bis
2138 2480 2391 2538 mortuae,
2420 2472 2729 2539 eradicatae,
2753 2471 2947 2528 ﬂuctus
2977 2472 3076 2529 feri
3098 2474 3597 2547 maris,_despuman

318 2569 412 2641 qui
442 2578 570 2624 sunt
600 2569 656 2624 in
682 2568 793 2625 Deo
820 2568 979 2624 Patre
1015 2567 1226 2623 dilectis
1245 2610 1259 2634 ,
1299 2577 1354 2622 et
1386 2567 1601 2622 Christo
1629 2565 1756 2622 Iesu
1787 2580 1920 2622 con-

319 2663 584 2730 versatis,
619 2673 674 2719 et
710 2663 940 2719 vocalis.
983 2660 1352 2718 Misericordia
1385 2660 1536 2714 vobis
1557 2702 1570 2725 ,
1601 2671 1655 2716 et
1694 2675 1796 2730 pax
1819 2703 1832 2727 ,
1868 2668 1924 2715 ct

227 2752 234 2757 ’
318 2756 562 2813 charitas
588 2755 969 2828 adimpleatur.
991 2754 1332 2820 Charissimi,
1353 2769 1569 2809 omnem
1602 2751 1921 2808 sollicitudi-

318 2865 443 2906 nem
470 2848 675 2906 faciens
694 2848 969 2906 scribendi
999 2849 1151 2904 vobis
1172 2847 1240 2903 de
1267 2847 1541 2922 communi
1573 2855 1751 2902 vestra
1776 2846 1920 2900 salu-

321 2953 407 3010 te,
442 2958 668 3001 necesse
697 2942 859 2998 habui
885 2942 1125 2998 scribere
1156 2941 1307 2996 Vobis
1345 2959 1358 2993 :
1391 2940 1691 3008 deprecans
1731 2954 1920 3007 super-

315 3037 516 3093 certari
566 3036 737 3092 semel
787 3035 998 3092 traditae
1039 3035 1242 3090 sanctis
1289 3033 1434 3091 fidei.
1482 3033 1921 3091 Subintroierunt

316 3127 464 3185 enim
491 3128 707 3200 quidam
736 3127 986 3184 homines
1027 3127 1160 3199 (qui
1193 3126 1320 3182 olim
1361 3126 1664 3198 praescripti
1693 3133 1821 3182 sunt
1863 3127 1918 3181 in

320 3221 731 3294 hocjudicium)
761 3221 932 3293 impii,
959 3221 1054 3276 Dei
1083 3222 1500 3292 nostrigratiam
1531 3219 1920 3276 transferentes

319 3315 378 3373 in
421 3316 692 3372 luxuriam
718 3358 734 3385 ,
784 3324 841 3371 et
883 3313 1062 3371 solum
1094 3314 1496 3370 Dominatorem
1528 3323 1584 3370 et
1631 3314 1916 3370 Dominum

319 3424 568 3468 nostrum
595 3410 779 3468 Iesum
799 3410 1078 3468 Christum
1113 3425 1393 3486 negantes.
1425 3413 1789 3469 Commonere
1819 3427 1918 3466 au-

321 3511 430 3560 tem
461 3520 556 3560 vos
584 3505 729 3574 volo,
760 3505 996 3562 scientes
1023 3507 1195 3563 semel
1223 3507 1426 3574 omnia,
1459 3507 1713 3577 quoniam
1761 3505 1920 3561 Iesus

319 3600 578 3672 populum
612 3601 682 3657 de
712 3611 854 3658 terra
881 3599 1100 3675 [Egypti
1139 3601 1378 3667 salvans,
1405 3601 1648 3659 secundo
1676 3618 1793 3667 eos,
1827 3601 1918 3673 qui

321 3710 430 3750 non
458 3694 834 3764 crediderunt,
881 3695 1154 3768 perdidit:
1190 3696 1412 3768 angelos
1458 3711 1622 3765 vero,
1673 3696 1763 3764 qui
1812 3711 1919 3751 non

321 3797 680 3845 servaverunt
714 3803 869 3845 suum
911 3791 1312 3862 principatum,
1370 3791 1465 3846 sed
1511 3791 1920 3862 dereliquerunt

2029 2574 2110 2620 tes
2127 2579 2253 2620 suas
2274 2565 2642 2630 confusiones,
2665 2564 2844 2620 sidera
2869 2565 3136 2620 errantia:
3163 2565 3356 2636 quibus
3389 2567 3623 2636 procella

2029 2658 2374 2715 tenebrarum
2426 2667 2640 2713 servata
2686 2667 2772 2713 est.
2824 2658 2877 2712 in
2928 2667 3212 2714 :cternum.
3273 2659 3626 2728 Prophetavit

2024 2764 2205 2809 autem
2241 2764 2296 2808 et
2322 2753 2388 2809 de
2420 2752 2504 2807 his
2539 2753 2802 2820 septimus
2832 2752 2901 2808 ab
2930 2752 3102 2808 Adam
3135 2753 3350 2821 Enoch,
3386 2754 3576 2810 dicens
3605 2773 3617 2810 :

2027 2848 2165 2902 Ecce
2196 2845 2345 2902 venit
2374 2846 2636 2902 Dominus
2665 2847 2718 2902 in
2758 2847 2962 2902 sanctis
3003 2845 3396 2904 millibus‘snis.
3423 2848 3623 2904 Facere

2019 2939 2283 3010 judicium
2315 2949 2505 2994 contra
2529 2955 2742 3006 omnes,
2773 2951 2828 2996 et
2855 2956 3082 3010 arguere
3111 2954 3301 2996 omnes
3333 2941 3524 3011 impios
3555 2941 3623 2997 de

2024 3035 2276 3092 omnibus
2327 3033 2586 3106 operibus
2633 3035 2922 3105 impietatis
2961 3051 3185 3101 eorum,
3232 3037 3427 3102 quibus
3458 3036 3623 3107 impie

2023 3139 2274 3201 egerunt,
2300 3139 2353 3185 et
2385 3131 2451 3185 de
2475 3129 2728 3186 omnibus
2747 3129 2918 3197 duris,
2941 3145 3062 3201 qua:
3094 3130 3261 3187 locuti
3282 3141 3409 3186 sunt
3431 3141 3622 3188 contra

2025 3227 2194 3280 Deum
2225 3234 2547 3295 peccatores
2577 3225 2746 3295 impii.
2785 3224 2848 3280 Hi
2882 3234 3010 3280 sunt
3036 3235 3466 3284 murmuratores
3491 3242 3625 3300 que-

2025 3317 2228 3383 rulosi,
2271 3315 2571 3372 secundum
2613 3316 2881 3373 desideria
2919 3332 3015 3372 sua
3052 3317 3393 3374 ambulantes
3417 3359 3433 3383 ,
3464 3327 3520 3374 et
3558 3334 3623 3374 os

2023 3423 2212 3464 eorum
2244 3409 2484 3480 loquitur
2513 3410 2768 3481 superba,
2799 3409 3060 3465 mirantes
3093 3425 3356 3480 personas
3381 3422 3621 3482 quaestus

2023 3516 2204 3556 causa.
2223 3500 2332 3556 Vos
2359 3512 2561 3569 antem,
2585 3502 2913 3567 charissimi,
2933 3517 3202 3558 memores
3223 3512 3400 3560 estote
3426 3505 3624 3560 verbo-

2024 3613 2141 3653 rum
2160 3641 2174 3664 ,
2210 3612 2331 3666 qua:
2371 3597 2633 3666 praedicta
2662 3607 2790 3652 sunt
2815 3599 2883 3653 ab
2912 3596 3174 3666 apostolis
3205 3598 3418 3667 Domini
3448 3599 3620 3654 nostri

2022 3689 2149 3762 Iesu
2189 3686 2425 3757 Christi,
2454 3693 2544 3759 qui
2573 3688 2824 3745 dicebant
2855 3691 3042 3756 vobis,
3072 3691 3326 3762 quoniam
3351 3690 3406 3746 in
3435 3691 3621 3746 novis-

2026 3783 2167 3838 simo
2195 3790 2441 3852 tempore
2467 3781 2687 3840 venient
2717 3783 2967 3840 illusores
2987 3823 3002 3850 ,
3025 3785 3322 3840 secundum
3351 3783 3620 3842 desideria

318 3897 480 3941 suum
510 3882 840 3942 domicilium
863 3925 879 3950 .
912 3858 982 3940 ’in
1006 3858 1270 3954 judicium
1317 3885 1496 3956 magni
1524 3883 1662 3953 diei,
1690 3858 1920 3940 vinculis
1947 3858 1993 3921 Ο
2026 3891 2124 3933 sua
2149 3876 2490 3933 ambulantes
2522 3876 2575 3931 in
2607 3875 3000 3946 impietatibus.
3034 3875 3095 3932 lli
3125 3887 3284 3946 sunt,
3313 3878 3405 3948 qui
3440 3893 3626 3949 segre-

320 3977 540 4033 azternis
576 3977 678 4034 sub
727 3976 957 4048 caligine
1004 3979 1321 4034 reservavit.
1366 3979 1520 4034 Sicut
1570 3977 1826 4043 Sodoma,
1866 3985 1922 4033 et

323 4068 648 4142 Gomorrha,
681 4079 738 4126 et
772 4070 1016 4127 finitimae
1055 4072 1301 4128 civitates
1345 4071 1508 4128 simili
1546 4072 1709 4128 modo
1738 4071 1918 4128 exfor-

321 4162 538 4228 nieatze,
565 4173 621 4218 et
646 4162 908 4220 abeuntes
934 4172 1058 4234 post
1083 4179 1302 4220 carnem
1333 4164 1584 4232 alteram,
1612 4163 1768 4220 facta:
1793 4174 1920 4220 sunt

321 4257 658 4325 exemplum,
689 4257 828 4330 ignis
855 4258 1046 4315 aeterni
1080 4274 1294 4330 pcenam
1325 4259 1680 4316 sustinentes.
1713 4260 1919 4316 Simili~

320 4356 489 4404 teret
524 4347 578 4403 hi
605 4363 826 4406 carnem
870 4351 1088 4422 quidem
1135 4352 1445 4418 maculant,
1493 4350 1920 4407 dominationem

323 4448 504 4495 autem
549 4452 850 4510 spernunt,
899 4442 1237 4513 majestatem
1285 4454 1466 4500 autem
1518 4445 1918 4515 blasphemant.

321 4529 459 4587 Cum
497 4533 724 4590 Michael
753 4535 1109 4608 arehangelus
1137 4554 1258 4593 cum
1287 4539 1501 4594 diabolo
1531 4539 1815 4610 disputans
1845 4541 1924 4594 al-

324 4634 626 4683 tercaretur
651 4629 720 4684 de
745 4629 920 4702 Moysi
951 4645 1203 4701 corpore,
1229 4649 1334 4689 non
1361 4641 1441 4686 est
1465 4648 1628 4687 ausus
1655 4632 1920 4703 judicium

322 4718 526 4776 inferre
544 4719 930 4792 blasphemiae:
949 4723 1045 4780 sed
1066 4723 1230 4781 dixit:
1259 4724 1490 4794 Imperet
1516 4723 1612 4780 tibi
1639 4725 1920 4782 Dominus.

325 4811 393 4869 Ili
442 4824 622 4871 autem
647 4859 662 4883 ,
699 4831 1052 4888 quaecumque
1091 4818 1309 4890 quidem
1339 4822 1619 4890 ignorant,
1665 4819 1920 4890 blasphe-

324 4915 507 4964 mant:
531 4924 889 4983 quaecumque
911 4923 1091 4969 autem
1123 4915 1458 4978 naturaliter,
1482 4923 1752 4986 tamquam
1777 4923 1924 4970 mnta

326 5001 602 5070 animalia,
633 5015 851 5070 norunt,
877 5007 929 5060 in
959 5006 1043 5062 his
1064 5019 1508 5075 corrumpuntur.
1532 5007 1620 5063 Va:
1642 5008 1771 5073 illis,
1799 5009 1922 5080 quia

325 5091 381 5148 in
410 5092 494 5150 via
534 5093 668 5150 Cain
704 5096 977 5165 abierunt,
1009 5108 1065 5154 et
1091 5113 1282 5155 errore
1308 5099 1524 5154 Balaam
1569 5099 1821 5156 mercede
1847 5099 1927 5156 ef-

327 5184 432 5240 fusi
455 5195 602 5254 sunt,
627 5197 682 5243 et
702 5188 756 5243 in
782 5189 1210 5248 contradictiOne
1229 5189 1368 5248 Core
1400 5192 1695 5262 perierunt.
1715 5191 1779 5248 lli
1802 5201 1929 5249 sunt

2023 3981 2152 4043 gant
2179 3972 2536 4040 semetipsos,
2565 3969 2864 4038 animales,
2914 3970 3164 4040 spiritum
3197 3986 3304 4028 non
3335 3971 3617 4027 habentes.

2025 4063 2134 4119 Vos
2161 4073 2364 4128 autem,
2384 4063 2712 4129 charissimi,
2739 4063 3235 4133 supermdificantes
3256 4065 3620 4135 vosmetipsos

2024 4161 2384 4218 sanctissima:
2408 4168 2604 4216 vestrae
2637 4159 2794 4226 fidei,
2845 4160 2900 4215 in
2937 4159 3131 4230 Spiritu
3163 4170 3353 4216 sancto
3377 4169 3619 4229 orantes,

2024 4255 2391 4326 vosmetipsos
2407 4254 2458 4310 in
2483 4252 2774 4309 dilectione
2795 4253 2890 4308 Dei
2913 4262 3217 4320 servantes,
3243 4262 3620 4325 exspectantes

2025 4349 2453 4405 misericordiam
2494 4349 2704 4404 Domini
2756 4347 2930 4402 nostri
2970 4345 3096 4403 Iesu
3126 4346 3325 4404 Christi
3369 4346 3423 4401 in
3456 4347 3620 4400 vitam

2025 4456 2308 4500 (sternam.
2346 4444 2407 4498 Et
2457 4443 2557 4497 hos
2603 4443 2819 4513 quidem
2866 4444 3077 4512 arguite
3123 4441 3441 4513 judicatos:
3499 4443 3620 4498 illos

2028 4553 2160 4593 vero
2189 4538 2422 4600 saivate,
2451 4537 2518 4592 de
2544 4537 2669 4608 igne
2695 4537 2993 4607 rapientes.
3023 4536 3160 4592 Aliis
3186 4547 3366 4592 antem
3395 4536 3621 4591 misere-

2030 4630 2164 4685 mini
2206 4631 2258 4684 in
2293 4629 2486 4685 timore
2512 4647 2522 4684 :
2570 4629 2817 4685 odientes
2847 4638 2901 4684 et
2930 4643 3074 4696 eam,
3104 4643 3228 4699 qua:
3253 4628 3488 4682 carnalis
3518 4641 3620 4695 esz,

2029 4723 2354 4778 maculatam
2395 4723 2652 4778 tunicam.
2699 4722 2761 4776 Ei
2792 4731 2968 4777 autem
2992 4763 3008 4790 ,
3053 4721 3146 4792 qui
3184 4730 3376 4792 potens
3414 4730 3498 4777 est
3529 4736 3625 4778 vos

2027 4830 2356 4872 conservare
2401 4818 2519 4872 sine
2565 4826 2808 4888 peccato,
2853 4824 2908 4872 et
2950 4817 3283 4873 constituere
3319 4825 3447 4873 ante
3494 4831 3626 4872 eon-

2029 4921 2272 4985 spectum
2305 4912 2494 4983 gloriae
2539 4928 2652 4967 sua:
2691 4912 3068 4968 immaculatos
3093 4913 3147 4968 in
3174 4911 3537 4967 exsultatione
3570 4912 3625 4967 in

2029 5008 2266 5064 adventu
2296 5005 2508 5062 Domini
2540 5005 2712 5061 nostri
2741 5003 2870 5061 Iesu
2894 5005 3118 5060 ChriSti.
3153 5003 3268 5061 Soli
3298 5004 3410 5060 Deo
3436 5005 3626 5061 Salva-

2031 5103 2135 5157 tori
2163 5111 2371 5167 nostro,
2406 5115 2501 5169 per
2528 5099 2712 5157 Iesum
2738 5098 3019 5155 Christum
3039 5099 3324 5153 Dominum
3356 5106 3622 5166 nostrum,

2031 5196 2203 5268 gloria
2238 5204 2294 5251 et
2338 5194 2737 5266 magnificentia
2766 5234 2780 5259 ,
2818 5193 3103 5265 imperium
3150 5199 3206 5247 et
3235 5200 3473 5263 potestas
3501 5201 3629 5246 ante

331 5279 389 5336 in
419 5281 594 5351 epulis
619 5282 735 5340 suis
771 5285 1028 5355 maculae,
1052 5291 1408 5343 convivantes
1437 5287 1558 5344 sine
1587 5287 1804 5352 timore,
1833 5303 1924 5344 se-
1954 5263 2010 5324 D
2033 5307 2196 5348 omne
2224 5291 2504 5358 saeculum,
2533 5300 2587 5347 et
2609 5303 2773 5358 nunc,
2803 5299 2859 5348 et
2880 5291 2936 5348 in
2963 5287 3145 5348 omnia
3173 5287 3370 5347 saecula
3396 5288 3626 5345 saeculo-

331 5373 596 5443 metipsos
626 5387 948 5446 pascentes,
985 5379 1157 5436 nubes
1184 5381 1302 5437 sine
1331 5396 1466 5452 aqua
1495 5423 1510 5449 ,
1537 5397 1658 5454 quae
1682 5396 1711 5435 a
1751 5381 1930 5438 ventis

328 5467 820 5548 circumferuntur,
871 5477 1094 5536 arbores
1140 5479 1514 5551 autumnales,
1547 5479 1924 5543 infructuosae,

2031 5401 2173 5442 rum.
2202 5383 2399 5441 Amen.

1299 5613 1553 5688 jExplicit
1573 5611 1817 5686 Epistola
1841 5609 2111 5670 Catholica
2132 5609 2198 5666 Β.
2227 5607 2383 5666 Iudae
2403 5607 2644 5680 apostoli.

1604 5852 2397 5893 τες.
