4128 6330
487 307 590 374 851

1500 297 1557 355 s.
1602 294 1986 370 manuari"
2026 292 2260 366 Dtvma
2305 291 2780 370 BlBLlOTllECA.
2823 273 2829 282 ’
2931 320 2934 327 η

3689 305 3793 366 852

479 415 3772 448 ..Ψ-Μ

1129 576 1309 706 Bs,
1376 563 2198 700 JQANNIS
2272 564 3183 700 Διόδτρω

2003 762 2297 828 INCIPIT

1421 927 2866 1084 APOCALYPSIS.

557 1285 728 1362 [ϐαρ.
758 1277 842 1355 1.]
870 1276 1228 1352 Apocalypsis
1271 1275 1402 1333 Jesu
1428 1283 1454 1312 ει
1484 1271 1711 1345 Christi,
1737 1288 1898 1345 quam
1933 1273 2092 1330 dedit
2119 1277 2170 1340 A
2198 1275 2323 1332 cuia
2351 1275 2703 1345 saeculorum,
2739 1280 2795 1331 et
2817 1272 2994 1331 habeo
3035 1272 3218 1332 claves
3245 1275 3460 1345 mortis,
3498 1285 3554 1335 et
3582 1277 3811 1339 inferni.

493 1379 572 1439 illi
611 1379 754 1434 Deus
781 1374 961 1446 palam
991 1372 1172 1428 facere
1202 1368 1374 1426 servis
1402 1367 1539 1436 suis,
1588 1381 1710 1438 quae
1735 1375 1952 1437 oportet
1979 1364 2098 1422 fieri

492 1477 600 1533 cito
623 1491 638 1528 :
662 1480 718 1528 et
739 1467 1088 1542 signiﬁcavit,
1114 1466 1334 1523 mittens
1357 1478 1454 1535 per
1474 1463 1728 1532 angelum
1751 1475 1911 1515 suum
1938 1474 2099 1516 servo

492 1584 592 1627 suo
615 1564 831 1624 Joanni.
863 1563 967 1632 Qui
991 1559 1360 1616 testimonium
1389 1554 1666 1628 perhibuit
1695 1553 1865 1609 verbo
1898 1552 2013 1621 Dei,
2046 1560 2102 1609 et

493 1659 863 1722 testimonium
892 1657 1022 1714 Jesu
1048 1651 1275 1719 Christi,
1301 1661 1658 1722 quaecumque
1680 1645 1831 1701 vidit.
1864 1644 2060 1701 Beatus
2079 1687 2095 1712 ,

494 1759 587 1831 qui
620 1755 748 1826 legit
771 1763 825 1809 et
851 1750 872 1824 [
896 1749 1002 1805 Ms.
1026 1755 1082 1804 et
1109 1744 1237 1818 qui]
1262 1743 1416 1802 audit
1442 1740 1610 1802 verba
1639 1739 1940 1811 prophetiae
1968 1735 2098 1811 [Με.

493 1845 662 1920 libri]
690 1844 850 1916 hujus
876 1860 889 1898 :
915 1849 970 1898 et
999 1846 1181 1896 servat
1211 1851 1298 1903 ea,
1347 1849 1468 1906 qua:
1515 1833 1571 1890 in
1601 1845 1665 1887 ea
1690 1831 1892 1903 scripta
1925 1839 2050 1887 sunt
2084 1848 2096 1884 :

499 1955 716 2015 tempus
746 1937 894 1996 enim
924 1948 1097 2008 prope
1124 1940 1229 1988 est.
1277 1929 1520 1986 Joannes
1551 1937 1761 1998 septem
1795 1924 2059 1981 Ecclesiis
2084 1941 2100 1990 ;

495 2053 619 2111 quae
649 2041 774 2091 sunt
805 2031 860 2086 in
887 2029 1038 2086 Asia.
1067 2023 1251 2082 Gratia
1272 2022 1428 2078 vobis
1459 2028 1514 2078 et
1537 2035 1642 2100 pax
1669 2018 1737 2074 ab
1759 2032 1850 2096 eo,
1877 2018 1970 2090 qui
1994 2026 2100 2111 est,

499 2110 555 2196 et
583 2126 676 2200 qui
703 2134 844 2191 erat,
876 2129 932 2177 et
960 2118 1054 2191 qui
1085 2124 1350 2174 venturus
1380 2121 1468 2174 est
1493 2130 1507 2182 ;
1539 2121 1594 2178 et
1637 2126 1666 2166 a
1707 2120 1916 2184 septem
1944 2110 2106 2183 spigi-

500 2223 670 2288 tibus,
701 2218 793 2292 qui
840 2217 894 2272 in
925 2221 1222 2284 conspectu
1254 2209 1438 2265 throni
1472 2206 1591 2278 ejus
1637 2215 1799 2273 sunt;
1830 2214 1885 2262 et
1912 2220 1946 2261 a
1971 2205 2102 2261 Jesu

499 2317 738 2384 Christo,
763 2311 856 2384 qui
881 2318 965 2366 est
992 2308 1148 2365 testis
1186 2303 1388 2372 ﬁdelis,
1435 2300 1835 2373 primogenitus
1864 2309 2107 2355 mortuo-

503 2427 651 2479 rum,
681 2415 738 2464 et
765 2405 1018 2477 princeps
1064 2414 1253 2471 regum
1284 2406 1486 2462 terrae;
1533 2394 1628 2466 qui
1668 2392 1860 2450 dilexit
1899 2407 2023 2461 nos,
2053 2401 2110 2449 et

502 2506 634 2562 lavit
659 2517 760 2559 nos
781 2515 812 2556 a
836 2496 1076 2572 peccatis
1107 2493 1313 2551 nostris
1359 2494 1414 2548 in
1442 2490 1712 2562 sanguine
1738 2504 1862 2558 suo,
1895 2498 1950 2545 et
1979 2488 2109 2545 fecit

505 2613 606 2658 nos
635 2609 865 2670 regnum
894 2600 950 2650 et
975 2589 1294 2649 sacerdotes
1316 2587 1427 2643 Deo
1455 2594 1511 2642 et
1534 2584 1686 2641 Patri
1712 2599 1812 2640 suo
1840 2582 1973 2654 :ipsi
1995 2583 2110 2654 glo-

2148 1431 2160 1442 ,
2203 1369 2390 1426 Scribe
2421 1384 2552 1441 ergo
2583 1383 2704 1440 quae
2733 1367 2939 1434 vidisti,
2964 1376 3022 1424 et
3041 1383 3162 1440 quae
3183 1380 3332 1437 sunt,
3362 1380 3562 1444 etquae
3589 1381 3813 1444 oportet

2204 1462 2318 1519 iieri
2353 1470 2473 1534 post
2502 1460 2637 1516 haec.
2665 1459 3081 1516 Sacramentum
3103 1471 3314 1534 septem
3343 1463 3646 1532 stellarum,
3672 1479 3811 1537 quas

2207 1556 2387 1612 vidisti
2410 1556 2464 1611 in
2486 1555 2713 1612 dextera
2741 1569 2884 1622 mea,
2911 1563 2967 1611 et
2995 1564 3207 1627 septem
3237 1556 3564 1616 candelabra
3595 1575 3764 1616 aurea
3789 1573 3809 1617 ε

2205 1657 2414 1720 septem
2437 1648 2631 1705 stellae
2658 1666 2670 1704 :
2703 1649 2877 1721 angeli
2903 1657 3034 1705 sunt
3071 1658 3282 1721 septem
3309 1650 3683 1710 Ecclesiarum
3715 1662 3811 1712 :et

2205 1742 2532 1801 candelabra
2560 1753 2798 1816 septem,
2824 1753 3035 1814 septem
3061 1743 3325 1801 Ecclesiae
3353 1755 3502 1803 sunt.

2277 1834 2442 1908 [Cap.
2487 1833 2592 1908 ll.]
2623 1834 2832 1906 Angelo
2863 1835 3071 1906 Ephesi
3113 1835 3378 1894 Ecclesiae
3414 1839 3592 1896 scribe
3622 1859 3639 1898 :
3677 1841 3812 1899 llaec

2206 1926 2366 1993 dicit,
2401 1925 2494 1997 qui
2528 1935 2673 1982 tenet
2715 1936 2926 1998 septem
2960 1927 3147 1984 stellas
3189 1929 3258 1984 in.
3281 1928 3508 1988 dextera
3548 1947 3644 1989 sua
3665 1979 3680 2005 ,
3713 1934 3812 2005 qui

2209 2019 2450 2076 ambulat
2477 2019 2531 2075 in
2561 2019 2741 2075 medio
2767 2028 2975 2099 septem
2999 2021 3451 2099 candelabrorum
3479 2042 3809 2084 aureorum:

2209 2113 2338 2180 Scio
2365 2127 2538 2185 opera
2565 2121 2677 2182 tua,
2715 2122 2771 2170 et
2801 2113 3073 2194 laborem,
3106 2125 3162 2172 et
3201 2117 3514 2188 patientiam
3555 2129 3724 2190 tuam,
3757 2129 3814 2179 et

2209 2211 2335 2281 quia
2367 2223 2476 2264 non
2509 2217 2663 2280 potes
2691 2209 2962 2266 sustinere
2993 2210 3163 2267 malos
3194 2220 3288 2268 :et
3316 2215 3534 2270 tentasti
3566 2230 3684 2284 eos,
3715 2217 3812 2288 qui

2213 2318 2275 2360 se
2315 2303 2509 2358 dicunt
2545 2302 2824 2373 apostolos
2869 2319 3014 2369 esse,
3046 2312 3103 2360 ct
3129 2321 3237 2361 non
3268 2316 3431 2363 sunt:
3464 2319 3518 2364 et
3551 2309 3815 2366 invenieti

2211 2403 2309 2454 eos
2352 2394 2644 2452 mendaces
2675 2405 2768 2452 :et
2807 2396 3123 2468 patientiam
3171 2399 3363 2469 habes,
3406 2410 3463 2457 et
3502 2402 3814 2459 sustinuisti

2211 2499 2433 2563 pr0pter
2462 2506 2664 2547 nomen
2704 2506 2910 2561 meum,
2944 2502 2998 2548 et
3025 2508 3135 2549 non
3162 2493 3430 2551 deiecisti.
3479 2495 3586 2553 Sed
3634 2481 3816 2554 habeo

2213 2585 2358 2658 [Ms.
2399 2587 2526 2641 add.
2561 2585 2796 2658 aliquid]
2835 2586 3121 2643 adversum
3166 2599 3250 2659 te,
3293 2589 3438 2661 quod
3481 2590 3815 2649 charitatcm

505 2697 608 2763 ria,
641 2705 697 2752 et
724 2689 1016 2762 imperium
1047 2686 1101 2741 in
1128 2682 1328 2740 saecula
1357 2679 1704 2736 saeculorum.
1735 2678 1932 2734 Amen.
1964 2676 2106 2732 Ecce
2135 2694 2183 2756 Β
2214 2693 2357 2736 tuam
2391 2680 2623 2752 primam
2653 2681 2943 2753 reliquisti.
2969 2683 3172 2739 Memor
3196 2694 3316 2741 esto
3347 2686 3529 2757 itaque
3553 2687 3697 2744 unde
3718 2703 3818 2744 ex-

512 2787 662 2845 venit
689 2799 812 2842 cum
836 2779 1094 2847 nubibus,
1134 2784 1187 2833 et
1211 2773 1417 2830 videbit
1445 2787 1568 2829 eum
1598 2771 1782 2827 omnis
1814 2769 2022 2834 oculus,
2054 2776 2111 2824 et

512 2882 605 2956 qui
628 2894 752 2938 eum
776 2879 1148 2950 pupugerunt.
1173 2870 1243 2927 Et
1267 2869 1527 2941 plangent
1552 2880 1615 2922 se
1641 2878 1804 2935 super
1831 2877 1956 2920 eum
1987 2879 2107 2920 om-

513 2993 615 3036 nes
647 2975 819 3032 tribus
865 2980 1026 3027 terrae
1055 2987 1067 3024 :
1098 2966 1278 3023 Etiam
1303 2981 1320 3020 ι
1347 2963 1543 3019 Amen.
1579 2959 1696 3032 Ego
1725 2973 1847 3015 sum
1877 2967 1918 3017 Δ
1946 2967 2002 3016 et
2027 2971 2070 3015 Ω
2091 3001 2108 3029 ,

506 3065 840 3142 principium
863 3070 920 3120 et
945 3058 1092 3127 linis,
1120 3056 1255 3113 dicit
1279 3053 1540 3110 Dominus
1570 3050 1738 3119 Deus,
1772 3050 1866 3121 qui
1907 3061 1990 3106 est
2011 3092 2025 3116 ,
2057 3060 2112 3107 et

506 3165 763 3238 quierat,
794 3168 850 3217 et
877 3157 968 3230 qui
997 3160 1257 3211 venturus
1277 3160 1381 3220 est,
1415 3148 1781 3219 omnipotens.
1814 3147 1927 3218 Ego
1947 3145 2114 3221 Joaa-

504 3272 605 3315 nes
633 3255 806 3311 frater
833 3258 1042 3316 vester,
1073 3255 1128 3304 et
1149 3246 1426 3318 particeps
1455 3244 1510 3298 in
1537 3239 1913 3311 tribulatione,
1943 3248 1999 3296 et
2027 3256 2112 3295 re-

509 3365 638 3424 gno,
667 3357 726 3406 et
744 3343 1006 3418 patientia
1033 3341 1086 3397 in
1109 3339 1330 3396 Christo
1373 3334 1524 3402 Jesu,
1549 3331 1666 3388 t‘uib
1690 3333 1744 3387 in
1768 3331 1969 3401 insula,
1991 3348 2113 3404 quae

509 3444 815 3518 appellatur
842 3439 1086 3502 Patmos,
1132 3441 1354 3506 propter
1384 3428 1610 3485 verbum
1639 3427 1757 3494 Dei,
1791 3436 1844 3483 et
1868 3427 2113 3483 testimo-

510 3539 664 3596 nium
690 3534 818 3593 Jesu
836 3529 966 3606 [Μδ.
999 3528 1126 3584 add.
1151 3521 1395 3598 Christi].
1420 3521 1520 3578 Fui
1553 3523 1605 3577 in
1635 3520 1832 3593 spiritu
1856 3519 1910 3575 in
1929 3519 2114 3576 Domi-

505 3636 630 3692 nica
659 3630 773 3702 die,
802 3613 857 3685 et
879 3624 1062 3683 audivi
1089 3628 1213 3694 post
1232 3635 1320 3676 me
1345 3631 1533 3675 vocem
1556 3631 1810 3690 magnam
1837 3625 2114 3687 tamquam

511 3728 676 3795 tubae,
713 3722 945 3781 dicentis
975 3736 989 3775 :
1014 3716 1174 3787 Quod
1195 3713 1369 3783 vides,
1396 3711 1577 3768 scribe
1608 3712 1660 3766 in
1690 3711 1861 3767 libro:
1887 3719 1941 3766 et
1963 3713 2116 3764 mitte

512 3830 719 3893 septem
763 3813 1054 3881 Ecclesiis,
1107 3823 1230 3881 quae
1273 3814 1401 3863 sunt
1445 3806 1499 3862 in
1547 3804 1696 3872 Asia,
1752 3804 2010 3875 Epheso,
2059 3809 2118 3859 et

507 3915 779 3987 Smyrnae,
809 3919 866 3968 et
886 3909 1172 3978 Pergamo,
1203 3911 1260 3960 et
1285 3899 1584 3975 Thyatiram,
1609 3909 1664 3956 et
1683 3899 1889 3967 Sardis,
1912 3897 2115 3956 etPhi-

510 4007 822 4082 ladeiphiae,
851 4012 909 4062 et
939 4001 1231 4059 Laodicia.
1269 3997 1337 4052 Et
1363 4009 1663 4052 conversus
1695 4009 1840 4066 sum,
1873 4003 1930 4050 ut
1956 3994 2118 4050 vide-

2213 2775 2410 2831 cideris
2444 2792 2459 2830 :
2489 2784 2544 2831 et
2570 2790 2672 2852 age
2695 2775 3094 2846 paenitentiam,
3124 2787 3176 2832 et
3201 2778 3372 2848 prima
3395 2793 3556 2850 opera
3589 2778 3694 2834 fac.
3717 2780 3818 2836 Sin

2214 2875 2418 2936 autem,
2442 2865 2600 2924 venio
2632 2867 2755 2936 tibi,
2786 2877 2839 2923 et
2873 2869 3106 2925 movebo
3137 2869 3530 2927 candelabrum
3567 2882 3717 2928 tuum
3745 2872 3819 2932 de

2213 2961 2334 3019 loco
2359 2977 2478 3029 suo,
2514 2961 2615 3016 nisi
2641 2961 3015 3032 paenitentiam
3048 2962 3247 3034 egeris.
3282 2962 3391 3020 Sed
3429 2964 3533 3020 hoc
3563 2965 3733 3022 habes
3765 2978 3816 3034 ε,

2213 3055 2338 3126 quia
2365 3054 2529 3109 odisti
2561 3052 2701 3109 facta
2730 3053 3140 3125 Nicolaitarum,
3174 3070 3294 3126 quae
3328 3065 3385 3112 et
3411 3071 3512 3128 ego
3550 3058 3663 3113 odi.
3704 3043 3818 3128 Qui

2216 3149 2378 3206 habet
2408 3165 2627 3215 aurem,
2673 3148 2857 3204 audiat
2898 3149 3028 3219 quid
3076 3149 3310 3220 Spiritus
3342 3149 3488 3206 dicat
3526 3152 3814 3209 Ecclesiis.

2218 3242 2475 3300 Vincenti
2509 3241 2650 3298 dabo
2694 3241 2859 3298 edere
2891 3241 2958 3297 de
2990 3242 3135 3314 ligno
3165 3245 3316 3311 vitm,
3347 3244 3491 3315 quod
3521 3257 3602 3300 est
3632 3246 3687 3300 iu
3715 3246 3817 3301 Pa-

2215 3337 2401 3393 radiso
2425 3337 2520 3393 Dei
2553 3337 2682 3392 mei.
2715 3336 2783 3391 Et
2811 3336 3006 3407 angelo
3038 3336 3284 3409 Smyrna;
3315 3336 3575 3395 Ecclesiae
3606 3340 3814 3399 scribe:

2216 3431 2344 3487 Haec
2370 3429 2502 3486 dicit
2530 3429 2764 3502 primus,
2796 3440 2850 3485 et
2881 3430 3234 3501 novissimus,
3276 3435 3365 3504 qui
3391 3432 3492 3488 fuit
3525 3443 3773 3490 mortuus
3797 3476 3815 3503 ,

2217 3533 2273 3580 et
2299 3525 2430 3580 vivit
2453 3542 2467 3581 :
2492 3523 2619 3581 Scio
2652 3523 3056 3579 tribulationem
3087 3533 3234 3580 tuam
3295 3525 3437 3598 [Με.
3473 3537 3575 3583 (ac.
3633 3528 3816 3603 tuam]

2218 3629 2273 3676 et
2299 3629 2675 3693 paupertatem
2708 3627 2877 3688 tuam,
2902 3618 3000 3675 sed
3028 3619 3186 3677 dives
3213 3635 3272 3678 es
3299 3638 3314 3679 :
3339 3632 3394 3679 et
3422 3618 3822 3701 blasphemaris

2218 3712 2286 3769 ab
2314 3711 2422 3781 bis,
2467 3714 2558 3784 qui
2590 3729 2650 3770 se
2676 3713 2863 3771 dicunt
2898 3714 3118 3773 Judaeos
3153 3731 3274 3774 esse
3306 3725 3360 3772 et
3390 3730 3498 3772 non
3540 3725 3689 3784 sunt,
3721 3717 3816 3774 scd

2219 3817 2345 3863 sunt
2370 3823 2640 3882 synagoga
2669 3808 2903 3866 Satanre.
2931 3810 3078 3866 Nihil
3111 3810 3301 3868 horum
3327 3813 3521 3870 timeas
3548 3829 3668 3882 qua:
3696 3827 3820 3881 pas-

2219 3916 2383 3958 surus
2412 3917 2492 3958 es.
2527 3903 2667 3959 Ecce
2712 3904 2984 3962 missurus
3014 3915 3099 3961 est
3137 3904 3385 3962 diabolus
3425 3907 3632 3978 aliquos
3665 3905 3814 3979 [31s.

2221 4006 2322 4054 lac.
2356 3997 2692 4071 aliquos]ex
2722 3999 2876 4055 vobis
2907 3998 2961 4054 in
2987 4013 3286 4067 carcerem,
3318 4010 3375 4056 ut
3407 4002 3691 4057 tentemini
3724 4021 3734 4055 :
3766 4010 3822 4059 et

511 4119 629 4160 rem
659 4077 883 4168 vocem,
915 4111 1037 4171 qua
1064 4091 1394 4166 loquebatur
1422 4104 1661 4146 mecum.
1707 4090 1772 4146 Et
1812 4103 2115 4146 conversus
2143 4102 2190 4166 α
2222 4093 2494 4152 habebitis
2539 4095 2944 4151 tribulationem
2983 4095 3177 4152 diebus
3220 4096 3430 4153 decem.
3469 4096 3604 4153 Esto
3643 4077 3819 4153 ﬁdelis

511 4197 622 4253 vidi
648 4201 861 4267 septem
903 4187 1235 4246 candelabra
1271 4199 1441 4243 aurea
1477 4201 1492 4242 :
1525 4193 1582 4241 et
1608 4184 1662 4240 in
1691 4181 1874 4239 medio
1904 4192 2115 4253 septem

510 4286 965 4348 candelabrorum
994 4295 1290 4341 aureorum
1314 4279 1549 4338 similem
1583 4277 1722 4336 Filio
1742 4277 1999 4344 hominis,
2018 4291 2116 4333 ve-

516 4387 705 4444 stitum
735 4383 960 4456 podere,
987 4389 1043 4438 et
1070 4377 1422 4452 praecinctum
1445 4376 1514 4431 ad
1536 4373 1806 4431 mamillas
1839 4387 1979 4429 zona
2013 4386 2114 4427 au-

513 4495 605 4538 rea
639 4499 652 4536 :
679 4484 840 4550 caput
864 4483 1048 4532 autem
1077 4471 1197 4546 ejus
1225 4480 1282 4527 et
1316 4469 1500 4542 capilli
1527 4476 1684 4526 erant
1708 4465 1926 4524 candidi
1973 4474 2116 4520 tam-

516 4589 678 4648 quam
709 4572 835 4628 lana
861 4569 1006 4640 alba,
1033 4574 1090 4625 et
1119 4576 1395 4638 tamquam
1428 4565 1543 4633 nix,
1580 4572 1638 4620 et
1661 4561 1805 4620 oculi
1832 4561 1949 4632 ejus
1978 4569 2118 4616 tam-

515 4681 675 4740 quam
699 4664 916 4721 ﬂamma
939 4661 1104 4734 ignis,
1121 4668 1175 4715 et
1195 4659 1366 4731 pedes
1389 4657 1508 4729 ejus
1534 4655 1747 4712 similes
1772 4654 2114 4723 aurichalco,

517 4763 662 4818 sicut
688 4760 742 4815 in
773 4757 990 4814 camino
1021 4754 1259 4822 ardenti,
1303 4760 1358 4809 et
1385 4765 1491 4807 vox
1529 4749 1677 4805 illius
1710 4757 1984 4820 tamquam
2011 4763 2118 4804 vox

517 4869 780 4928 aquarum
809 4851 1138 4908 multarum:
1170 4857 1228 4904 et
1247 4846 1480 4903 habebat
1521 4844 1578 4900 in
1618 4842 1849 4900 dextera
1872 4858 1968 4900 sua
1994 4842 2120 4898 stel-

515 4952 594 5007 las
619 4956 826 5021 septem
847 4962 860 5000 :
878 4952 934 5002 et
957 4944 1026 5001 de
1049 4956 1148 4998 ore
1169 4941 1287 5012 ejus
1311 4938 1525 5012 gladius
1551 4946 1782 5009 utraque
1808 4949 1962 5010 parte
1984 4951 2116 4993 acu-

520 5056 608 5103 tus
648 5043 830 5101 exibat
862 5047 956 5097 :et
993 5038 1160 5096 facies
1203 5037 1321 5110 ejus
1356 5039 1497 5094 sicut
1524 5035 1611 5093 sol
1638 5035 1784 5091 lucet
1816 5035 1873 5091 in
1915 5035 2118 5090 virtute

519 5153 640 5194 sua.
669 5134 736 5191 Et
760 5149 883 5191 cum
906 5131 1166 5189 vidissem
1192 5147 1338 5205 eum,
1362 5131 1538 5188 cecidi
1559 5131 1626 5186 ad
1650 5130 1815 5201 pedes
1841 5130 1960 5201 ejus
1982 5138 2119 5184 tam-

521 5246 682 5304 quam
714 5237 981 5287 mortuus.
1018 5226 1090 5285 Et
1116 5227 1297 5301 posuit
1325 5225 1608 5284 dexteram
1635 5239 1786 5281 suam
1810 5242 1975 5298 super
2004 5243 2114 5300 me,

513 5329 700 5383 dicens
724 5345 736 5380 :
758 5324 880 5381 Noli
907 5324 1101 5382 timere
1124 5327 1257 5396 :ego
1279 5339 1397 5380 sum
1422 5323 1651 5395 primus,
1685 5333 1740 5380 et
1761 5324 2112 5392 nevissimus,

508 5430 565 5478 et
593 5421 769 5487 vivus,
797 5427 853 5476 et
879 5418 957 5476 iui
985 5427 1265 5485 mortuus;
1297 5425 1358 5475 et
1385 5431 1512 5474 ecce
1542 5433 1664 5473 sum
1697 5419 1887 5473 vivens
1928 5407 2108 5475 insae-

581 5623 608 5654 ει
648 5613 857 5670 Nomen
885 5609 1015 5668 Iesu
1035 5610 1246 5679 Christi,
1289 5619 1499 5680 noster,
1547 5626 1710 5684 quem
1749 5610 1901 5668 domi
1946 5613 2116 5670 habe-

498 5701 652 5754 mus,
684 5700 786 5741 ms.
821 5691 982 5740 tacet.

579 5759 607 5799 ιι
652 5758 798 5814 Idem
831 5773 961 5823 ms.,
995 5757 1076 5826 [ui
1102 5757 1156 5810 in
1181 5756 1372 5826 spiritu
1403 5756 1682 5824 ininsula,
1709 5757 1904 5814 Grreco
1935 5764 2115 5815 tamen

524 5842 679 5887 textu
713 5845 817 5883 non
845 5836 1169 5890 annuenicq

593 5915 611 5940 ε
658 5901 788 5956 Plus
838 5900 1002 5956 habet
1045 5909 1230 5958 noster
1271 5916 1400 5970 ms.,
1433 5900 1538 5955 Sed
1581 5901 1676 5957 hoc
1717 5901 1872 5956 habes
1902 5903 2112 5969 bonum,

2221 4202 2394 4260 usque
2424 4187 2492 4244 ad
2521 4196 2774 4257 mortem,
2817 4198 2873 4245 et
2912 4189 3054 4245 dabo
3087 4189 3184 4245 tibi
3226 4204 3483 4246 coronam
3525 4192 3671 4246 vitae.
3717 4190 3820 4260 Qui

2221 4281 2384 4338 habet
2411 4296 2622 4352 aurem,
2650 4280 2835 4336 audiat
2871 4281 3001 4353 quid
3042 4281 3284 4354 Spiritus
3328 4283 3476 4339 dicat
3506 4283 3771 4340 Ecciesiis
3805 4302 3818 4340 :

2219 4377 2323 4446 Qui
2349 4378 2564 4444 vicerit,
2594 4391 2703 4432 non
2732 4377 2962 4433 laedetur
2989 4392 3020 4432 a
3051 4386 3226 4434 morte
3252 4377 3511 4433 secunda.
3541 4379 3607 4433 Et
3629 4363 3820 4450 angelo

2221 4470 2473 4542 Pergami
2501 4469 2762 4526 Ecclesiae
2792 4471 2971 4528 scribe
3003 4471 3167 4526 :liaec
3195 4471 3328 4526 dicit
3364 4471 3455 4544 qui
3482 4471 3646 4526 habet
3673 4457 3819 4527 rom-4

2221 4565 2432 4638 pbmam
2458 4574 2689 4637 utraque
2719 4574 2870 4638 parte
2900 4574 3116 4622 acutam
3143 4583 3155 4620 :
3183 4565 3309 4622 Scio
3338 4566 3429 4638 ubi
3461 4566 3695 4632 habitas,
3731 4567 3821 4644 ubi

2219 4660 2380 4719 sedes
2406 4668 2489 4718 est
2514 4662 2730 4718 Satanae
2758 4680 2772 4718 :
2796 4671 2852 4718 et
2880 4644 3256 4718 tenes-nomen
3287 4678 3490 4729 meum,
3515 4674 3568 4732 et
3593 4680 3698 4742 non
3730 4679 3825 4740 nes

2219 4758 2358 4828 gasti
2387 4757 2553 4813 iidem
2581 4771 2781 4813 meam.
2817 4756 2886 4811 Et
2914 4757 2966 4810 in
3001 4756 3199 4812 diebus
3237 4755 3347 4811 illis
3391 4756 3618 4828 Antipas
3669 4757 3822 4814 testis

2220 4865 2374 4908 meus
2405 4849 2604 4926 ﬁdelis,
2647 4851 2737 4922 qui
2789 4848 3002 4905 occisus
3040 4856 3124 4904 est
3159 4851 3299 4921 apud
3345 4862 3442 4905 vos
3474 4849 3560 4904 ubi
3591 4847 3825 4906 Satanas

2221 4945 2452 5002 habitat.
2496 4943 2604 5001 Sed
2649 4943 2824 5000 habeo
2851 4942 3114 4999 adversus
3151 4951 3204 4998 te
3249 4952 3421 5014 pauca
3453 4942 3617 5013 :quia
3650 4942 3823 5024 habes

2222 5042 2332 5099 illic
2359 5051 2609 5099 tenentes
2650 5041 2957 5097 doctrinam
2987 5039 3238 5107 Balaam,
3273 5039 3364 5109 qui
3403 5038 3630 5100 docebat
3660 5037 3824 5093 Baiae

2222 5138 2439 5193 mittere
2480 5120 2800 5191 scandalum.
2825 5149 3011 5190 coram
3059 5133 3186 5188 (iliis
3227 5117 3420 5200 Israel,
3469 5131 3636 5188 edere
3667 5129 3692 5168 ἀ
3719 5175 3732 5199 ,
3767 5138 3824 5186 et

2221 5230 2479 5287 fornicari
2515 5247 2528 5284 :
2563 5230 2636 5285 ita
2669 5228 2836 5285 habes
2864 5237 2919 5284 et
2951 5237 3006 5283 tu
3037 5237 3283 5284 tenentes
3324 5226 3631 5282 doctrinam
3665 5225 3826 5280 Nico—

2221 5325 2494 5382 laitarum.
2544 5322 2803 5380 Similiter
2849 5320 3221 5392 paenitentiam
3267 5320 3468 5390 agezsi
3508 5333 3615 5390 quo
3644 5318 3825 5374 minus

2223 5418 2360 5494 [Ms.
2389 5418 2516 5474 add.
2548 5415 2922 5491 paenitentiam
2963 5413 3200 5488 egeris],
3230 5413 3444 5470 veniam
3475 5411 3575 5467 tibi
3606 5411 3738 5481 cito,
3767 5418 3822 5467 ct

2212 5613 2414 5671 Graeco
2433 5612 2669 5670 minime
2697 5609 3030 5683 suﬂragaute
3065 5614 3236 5683 textu.

2291 5683 2319 5724 ἀ
2358 5684 2459 5739 Hic
2487 5699 2619 5740 vero
2644 5684 2797 5754 juxta
2821 5679 2940 5749 Gtt,
2967 5684 3141 5756 φάγεςν
3167 5679 3506 5756 demissum;
3536 5691 3651 5756 ius.
3669 5688 3812 5756 quo-

2220 5774 2327 5827 que
2364 5766 2552 5811 noster
2581 5747 2750 5813 verbo
2789 5747 2934 5810 cdere
2974 5747 3188 5818 'subdit,
3235 5755 3299 5807 de
3330 5751 3604 5819 sacrificiis
3637 5747 3813 5800 idolo-

2219 5846 2339 5884 rum
2349 5872 2362 5896 ,
2395 5838 2501 5884 etc.
