4128 6330
313 307 420 364 855

1310 303 1371 362 B.
1414 301 1696 380 toat‘iNlS
1736 300 2068 378 APOSTOLI
2109 299 2604 382 APOCALYPSIS.

3507 311 3618 376 δδι

316 420 565 494 pugnabo
593 433 714 476 cum
748 417 855 474 illis
882 416 938 473 in
969 417 1148 490 gladio
1181 418 1291 474 oris
1325 417 1452 474 mei.
1486 418 1587 487 Qui
1623 418 1788 474 habet
1812 433 1902 474 au-
1933 420 1986 500 Α
2013 427 2237 474 ventura
2267 426 2349 474 est
2379 420 2433 484 in
2465 419 2652 478 orbem
2682 419 3000 480 universum
3048 430 3260 482 tentare
3304 425 3616 500 habitantes

314 530 454 580 rem,
496 513 680 567 audiat
710 511 839 583 quid
887 510 1123 583 Spiritus
1165 510 1306 566 dicat
1335 509 1906 582 EcclesiiszVincenti

311 606 451 662 dabo
482 621 676 660 manna
702 583 1100 672 ab5conditum,
1129 611 1185 658 et
1209 603 1350 659 dabo
1374 603 1452 658 illi
1477 603 1745 660 calculum
1776 619 1906 658 can-

310 700 500 758 didum
537 718 549 754 :
580 709 637 755 et
667 698 719 754 itt
750 698 960 754 calculo
989 713 1187 753 nomen
1217 713 1416 753 novum
1446 699 1730 767 scriptum,
1763 694 1907 768 quod

311 808 473 850 nemo
497 793 622 860 scit,
658 791 759 846 nisi
788 790 879 862 qui
919 789 1133 863 accipit.
1169 789 1231 846 Et
1270 790 1463 862 angelo
1493 778 1765 863 Thyatira:
1805 788 1908 846 Ec-

309 888 491 945 clesiae
524 887 706 944 scribe
731 903 746 941 :
777 886 903 942 Haec
927 886 1054 943 dicit
1076 885 1248 942 Filius
1276 885 1390 954 Dci,
1416 885 1508 957 qui
1535 885 1696 950 habet
1719 886 1907 944 oculos

309 990 582 1052 tamquam
610 979 884 1034 ﬂammam
913 978 1074 1052 ignis,
1108 989 1158 1035 ct
1191 977 1356 1050 pedes
1387 977 1504 1048 ejus
1533 977 1739 1034 similes
1764 979 1908 1034 auri-

308 1073 676 1131 chalcozNovi
697 1089 865 1146 opera
883 1085 998 1143 tua,
1023 1082 1077 1129 et
1099 1073 1281 1139 ﬁdem,
1313 1082 1366 1128 et
1392 1074 1707 1129 charitatem
1735 1082 1904 1145 tuam,

309 1178 362 1223 et
411 1169 799 1236 ministerium,
829 1177 883 1225 et
923 1168 1238 1239 patientiam
1294 1178 1458 1236 luam,
1503 1177 1557 1224 et
1601 1185 1766 1241 opera
1814 1179 1902 1226 tua

305 1262 600 1317 novissima
658 1262 810 1333 plura
857 1261 1154 1332 prioribus.
1186 1259 1294 1317 Sed
1334 1261 1508 1336 habeo
1540 1262 1800 1319 adversus
1854 1274 1908 1321 te

306 1369 517 1425 pauca:
561 1355 686 1426 quia
739 1352 1010 1424 permittis
1058 1353 1343 1409 mulierem
1378 1352 1624 1424 Iezabel,
1675 1371 1794 1426 qua:
1847 1371 1906 1414 se

305 1447 440 1503 dicit
469 1447 795 1520 propheten,
846 1448 1066 1524 docere,
1111 1459 1166 1504 et
1204 1449 1466 1505 seducere
1497 1463 1686 1506 servos
1716 1466 1865 1506 mcos
1887 1494 1901 1521 ,

303 1531 590 1610 fornicari,
625 1551 679 1596 et
709 1540 1038 1597 manducare
1069 1541 1136 1598 de
1173 1541 1514 1614 idolothytis.
1551 1542 1618 1596 Et
1662 1542 1785 1597 dedi
1830 1544 1904 1600 illi

283 1627 518 1708 'tempus
554 1646 612 1691 ut
639 1636 1012 1708 pmnitentiam
1043 1646 1265 1708 ageret:
1292 1645 1345 1692 et
1369 1651 1474 1692 non
1501 1637 1616 1692 vult
1641 1639 1905 1709 poenitere

301 1747 331 1786 a
363 1730 732 1785 fornicatione
774 1745 892 1784 sua.
923 1729 1063 1786 Ecce
1095 1731 1307 1786 mittam
1338 1745 1457 1786 eam
1491 1730 1543 1786 in
1585 1731 1785 1788 lectum
1811 1749 1825 1788 :
1851 1742 1905 1790 et

2016 513 2068 568 in
2097 522 2263 568 terra.
2292 514 2429 570 Ecce
2449 515 2607 572 venio
2630 516 2740 573 cito
2775 534 2788 571 :
2821 528 2944 574 tene
2969 519 3114 590 quod
3143 519 3332 588 habes,
3364 532 3418 578 ut
3448 537 3610 586 nemo

2012 606 2244 678 accipiat
2292 622 2552 663 coronam
2598 617 2766 666 tuam.
2799 609 2902 680 Qui
2946 612 3160 682 vicerit.
3210 614 3402 670 faciam
3453 615 3609 674 illum

2011 700 2320 755 columnam
2347 699 2399 756 in
2430 701 2635 773 templo
2666 702 2762 758 Dei
2795 705 2924 774 mei,
2955 716 3008 760 et
3038 704 3183 761 foras
3229 722 3335 761 non
3368 707 3614 777 egredie-

2011 801 2100 850 tur
2125 794 2358 866 amplius
2386 804 2476 851 :et
2500 797 2734 852 scribam
2765 812 2930 868 super
2954 813 3077 854 eum
3111 813 3310 856 nomen
3346 798 3440 872 Dei
3473 800 3603 868 mei,

2012 897 2066 946 ct
2090 903 2287 944 nomen
2320 887 2558 944 civitatis
2590 889 2686 945 Dei
2723 891 2827 946 mei
2861 890 2990 964 [Μδ.
3021 901 3121 946 tae.
3153 891 3244 948 Dei
3283 890 3423 968 mei]
3450 907 3605 960 nova:

2011 981 2336 1049 Jerusalem,
2356 997 2478 1053 quae
2500 981 2784 1056 descendit
2808 983 2874 1038 de
2902 985 3041 1040 coelo
3072 999 3098 1039 a
3123 984 3238 1040 Deo
3265 1000 3410 1054 meo,
3437 994 3491 1041 et
3515 1000 3616 1042 no-

2013 1091 2134 1130 men
2170 1090 2349 1130 meum
2383 1091 2606 1132 novum.
2659 1077 2759 1146 Qui
2808 1077 2978 1132 habet
3023 1081 3452 1148 aurem,‘audiat
3477 1080 3607 1154 quid

2013 1170 2248 1240 Spiritus
2279 1170 2422 1226 dicat
2454 1171 2739 1228 Ecclesiis.
2775 1172 2845 1228 Et
2884 1175 3078 1246 angelo
3119 1173 3389 1240 Laodicjae
3422 1176 3612 1236 Eccle-

2010 1264 2106 1318 site
2136 1262 2348 1318 scribe:
2374 1263 2500 1318 llaec
2525 1263 2692 1319 dicit:
2719 1263 2913 1334 Amen,
2949 1267 3101 1321 testis
3126 1266 3322 1340 ﬁdelis,
3350 1277 3402 1326 ct
3423 1283 3606 1340 verus,

2010 1357 2100 1427 qui
2142 1366 2224 1412 est
2266 1357 2594 1428 principium
2630 1365 2896 1434 creatura:
2950 1359 3064 1416 Dei.
3117 1359 3245 1416 Scio
3273 1376 3439 1434 opera
3471 1370 3558 1418 tua

2010 1450 2137 1520 quia
2163 1462 2338 1520 neque
2367 1448 2594 1520 frigidus
2623 1464 2702 1518 es,
2736 1465 2911 1522 neque
2938 1451 3184 1507 calidus:
3218 1452 3422 1508 utinam
3456 1453 3607 1526 frigi-

2011 1542 2112 1599 dus
2135 1557 2308 1611 esses,
2342 1552 2435 1598 aut
2480 1543 2690 1598 calidus
2723 1561 2733 1596 :
2763 1543 2860 1598 sed
2889 1545 3016 1620 quia
3063 1544 3276 1615 tepidus
3305 1560 3386 1613 es,
3421 1555 3474 1603 et
3505 1561 3608 1618 nec

2011 1636 2259 1711 frigidus,
2309 1651 2409 1692 nec
2456 1637 2685 1704 calidus,
2721 1637 2975 1710 incipiam
3011 1648 3061 1694 te
3091 1653 3348 1700 evomere
3394 1654 3460 1712 ei;
3509 1655 3608 1708 ore

2009 1747 2152 1788 meo.
2206 1730 2343 1800 Quia
2382 1729 2516 1785 dicis
2549 1748 2560 1784 :
2592 1730 2742 1798 Quod
2781 1729 2936 1786 dives
2965 1747 3109 1800 sum,
3135 1741 3189 1787 et
3219 1732 3607 1812 locupletatus,

301 1826 392 1897 qui
425 1824 766 1880 mmchantur
787 1840 908 1879 cum
932 1839 994 1880 ea
1018 1824 1069 1879 in
1096 1824 1445 1892 tribulatione
1471 1826 1704 1904 maxima
1728 1837 1908 1895 erunt,
1944 1835 1988 1898 Β
2017 1836 2071 1880 ct
2102 1825 2301 1881 nullius
2328 1840 2463 1896 egeo
2493 1842 2506 1878 :
2538 1833 2590 1879 et
2621 1824 2796 1879 nescis
2818 1825 2942 1904 quia
2974 1832 3030 1878 tu
3051 1839 3110 1878 es
3140 1825 3330 1892 miser,
3361 1834 3418 1880 et
3446 1825 3609 1892 mise-

300 1920 405 1974 nisi
440 1919 818 1991 paenitentiam
848 1917 914 1973 ab
941 1919 1197 1989 operibus
1231 1920 1345 1976 suis
1390 1922 1618 1993 egerint.
1667 1922 1733 1976 Et
1762 1921 1902 1998 ﬁlios

300 2013 420 2084 ejus
451 2011 775 2068 interﬁciam
797 2012 851 2067 in
887 2021 1082 2081 morte,
1115 2022 1168 2069 et
1199 2014 1372 2071 scient
1399 2029 1589 2071 omnes
1622 2016 1899 2092 Ecclesiae,

299 2101 424 2180 quia
449 2123 551 2180 ego
582 2121 700 2162 sum
725 2116 977 2163 scrutans
1009 2123 1168 2163 renes
1195 2118 1246 2164 et
1277 2109 1444 2164 corda
1478 2127 1490 2164 :
1527 2120 1578 2165 et
1611 2109 1752 2180 dabo
1781 2111 1900 2165 titti-

301 2206 499 2275 cuique
529 2210 771 2259 vestrum
817 2203 1114 2258 secundum
1146 2219 1310 2276 opera
1342 2219 1460 2260 sua.
1517 2205 1681 2260 Vobis
1713 2216 1896 2264 autem

298 2298 447 2362 dico,
482 2306 535 2351 et
565 2295 780 2352 caeteris
807 2298 895 2366 qui
921 2295 1195 2372 Thyatira:
1226 2299 1355 2353 estis
1383 2317 1394 2354 :
1429 2297 1765 2374 Quicumque
1793 2316 1899 2358 non

303 2389 509 2450 habent
537 2389 840 2445 doctrinam
867 2391 1026 2458 hanc,
1058 2403 1107 2447 et
1137 2391 1229 2462 qui
1259 2407 1364 2447 non
1399 2405 1774 2464 cognoverunt
1820 2395 1901 2450 al-

300 2469 560 2538 titudines
581 2482 815 2552 Sataum,
841 2483 1297 2554 quemadmodum
1323 2483 1528 2554 dicunt,
1557 2502 1660 2540 non
1688 2487 1897 2556 mittam

298 2593 464 2648 super
492 2593 584 2632 vos
614 2576 760 2632 aliud
790 2576 998 2647 pondus
1025 2596 1040 2633 :
1067 2585 1246 2634 tamen
1277 2579 1349 2645 id,
1379 2579 1521 2650 quod
1554 2580 1789 2650 habetis,
1820 2593 1899 2638 tc-

299 2681 425 2728 nete
453 2671 626 2728 donec
649 2672 884 2727 veniam.
914 2671 981 2726 Et
1013 2671 1104 2744 qui
1127 2673 1342 2743 vicerit,
1368 2684 1422 2730 et
1453 2674 1774 2732 custodierit
1807 2657 1896 2734 us;

298 2780 404 2836 que
433 2766 485 2820 in
518 2765 680 2821 ﬁnem
704 2781 868 2836 opera
899 2781 1044 2834 mea,
1076 2766 1216 2823 dabo
1254 2767 1328 2822 illi
1380 2777 1702 2839 potestatem
1735 2784 1900 2841 super

299 2867 510 2928 gentes,
544 2868 598 2914 et
622 2867 769 2930 reget
799 2873 892 2914 cas
919 2859 969 2913 in
999 2859 1150 2930 virga
1178 2857 1355 2915 ferrea
1377 2902 1390 2924 ,
1423 2869 1476 2915 et
1505 2871 1776 2932 tamquam
1804 2877 1899 2918 vas

302 2950 452 3022 ﬁguli
482 2950 912 3022 confringentur,
937 2952 1075 3008 sicut
1097 2961 1151 3008 et
1178 2969 1276 3025 ego
1305 2953 1489 3028 accepi
1512 2971 1538 3007 a
1555 2955 1715 3012 Patre
1739 2971 1895 3012 meo:

297 3052 354 3099 et
384 3044 524 3100 dabo
556 3043 631 3100 illi
684 3045 897 3100 stellam
947 3046 1294 3102 matutinum.
1327 3046 1430 3118 Qui
1478 3047 1642 3104 habet
1686 3063 1896 3120 aurem,

299 3139 486 3194 audiat
515 3140 641 3212 quid
671 3138 908 3210 Spiritus
932 3138 1078 3197 dicat
1111 3141 1394 3197 Ecclesiis.
1887 3127 1892 3132 ’

2007 1919 2216 1987 rabilis,
2246 1935 2294 1974 et
2325 1933 2554 1994 pauper,
2587 1929 2642 1973 et
2670 1932 2870 1990 caecus,
2904 1926 2960 1972 et
2999 1918 3196 1988 nudus.
3243 1917 3459 1988 Suadeo
3505 1919 3602 1988 tibi

2008 2028 2191 2078 emere
2239 2029 2269 2066 a
2310 2027 2397 2067 me
2442 2027 2631 2066 aurum
2663 2010 2886 2082 ignitum
2919 2011 3229 2082 probatum,
3276 2020 3332 2068 ut
3358 2012 3605 2086 locuples

2006 2107 2126 2175 ﬁas,
2160 2117 2213 2163 et
2238 2107 2576 2164 vestimentis
2607 2105 2746 2160 albis
2778 2103 3049 2172 iuduaris,
3096 2114 3150 2166 et
3197 2119 3302 2160 non
3351 2115 3610 2180 appareat

2006 2201 2250 2260 confusio
2276 2200 2535 2257 ttuditatis
2560 2210 2686 2265 ture,
2711 2208 2761 2254 et
2786 2198 3012 2271 collyrio
3031 2198 3228 2272 inunge
3249 2198 3439 2268 ‘oculos
3464 2207 3608 2280 tuos,

2006 2308 2063 2354 ut
2094 2295 2296 2354 videas.
2332 2296 2447 2367 Ego
2486 2309 2624 2366 quos
2653 2307 2796 2360 amo,
2827 2307 3019 2364 arguo,
3069 2301 3124 2349 et
3154 2293 3383 2364 castigo.
3415 2293 3610 2362 {Emu-

2006 2392 2119 2448 lare
2147 2407 2304 2462 ergo,
2333 2399 2387 2445 et
2418 2386 2792 2461 pmniteutiam
2835 2401 2957 2456 age.
2993 2383 3133 2440 Ecce
3167 2396 3250 2440 sto
3279 2385 3344 2440 ad
3374 2385 3602 2466 ostium,

2004 2497 2056 2542 et
2086 2484 2242 2556 pulso
2274 2500 2286 2536 :
2319 2481 2365 2537 si
2391 2482 2513 2554 quis
2540 2479 2774 2535 audierit
2802 2493 2990 2534 vocem
3018 2492 3218 2546 meam,
3247 2486 3302 2532 et
3331 2479 3608 2550 aperuerit

2004 2579 2400 2650 mihijanuam,
2445 2576 2657 2632 intrabo
2683 2573 2749 2628 ad
2781 2573 2967 2652 illum,
2996 2584 3049 2630 et
3075 2573 3302 2640 castrabo
3333 2588 3457 2628 cum
3487 2574 3600 2654 illo,

2003 2685 2059 2731 et
2089 2675 2203 2747 ipse
2228 2686 2458 2728 meeum.
2485 2671 2585 2739 Qui
2611 2669 2822 2735 vicerit,
2853 2668 2990 2724 dabo
3015 2668 3066 2724 ei
3097 2667 3289 2724 sedere
3315 2683 3526 2734 mecum
3549 2670 3604 2728 in

2005 2768 2198 2823 throno
2225 2763 2344 2822 meo
2370 2782 2384 2819 :
2409 2765 2548 2820 sicut
2570 2771 2624 2820 et
2649 2777 2748 2835 ego
2774 2762 2905 2830 vici,
2932 2771 2986 2817 et
3006 2761 3123 2818 sedi
3150 2777 3269 2830 cum
3293 2760 3454 2818 Patre
3480 2777 3604 2820 meo

2004 2865 2056 2920 in
2090 2863 2285 2919 throno
2313 2861 2451 2933 ejus.
2483 2859 2586 2931 Qui
2614 2858 2782 2915 habet
2811 2873 3022 2927 aurem,
3051 2857 3232 2915 audiat
3261 2857 3390 2930 quid
3419 2858 3597 2930 Spiri-

2004 2966 2089 3012 tus
2115 2953 2258 3011 dicat
2287 2953 2570 3009 Ecclesiis.

2075 3049 2224 3122 [Cap.
2261 3045 2376 3118 IV.]
2402 3047 2530 3104 Post
2562 3047 2680 3104 haec
2710 3047 2816 3102 vidi
2842 3065 2854 3102 :
2890 3057 2945 3104 et
2975 3061 3104 3104 ecce
3126 3048 3326 3118 ostium
3349 3055 3601 3122 apertum

2003 3143 2054 3198 in
2087 3142 2258 3207 coelo;
2283 3151 2338 3197 et
2368 3155 2468 3197 vox
2508 3141 2703 3213 prima,
2732 3156 2894 3213 quam
2923 3140 3127 3207 audivi,
3159 3149 3431 3213 tamquam
3457 3142 3601 3200 tubae

375 3234 534 3307 [ϐαρ.
559 3232 684 3306 ΙΙΙ.]
719 3236 785 3290 Ει
811 3235 1000 3308 angelo
1023 3236 1279 3293 Ecclesiae
1313 3237 1498 3310 Sardis
1532 3238 1710 3296 scribe
1738 3257 1748 3293 :
1773 3237 1895 3295 llaec
1922 3241 1969 3310 ο
2000 3236 2270 3310 loquentis
2292 3250 2526 3302 mecum,
2558 3235 2741 3290 dicens
2772 3253 2782 3287 :
2813 3233 3059 3291 Aseende
3086 3234 3212 3302 huc,
3243 3244 3298 3294 et
3317 3234 3602 3290 ostendam

299 3329 434 3383 dicit
461 3329 552 3402 qni
583 3329 744 3385 habet
780 3340 987 3402 septem
1016 3331 1255 3402 Spiritus
1280 3333 1399 3404 Dei,
1434 3345 1487 3392 et
1515 3345 1726 3407 septem
1767 3339 1899 3398 stel-

300 3422 382 3478 las
417 3441 428 3476 :
465 3421 592 3479 Seio
620 3439 783 3495 opera
813 3433 924 3492 tua,
951 3424 1077 3497 quia
1109 3442 1304 3502 nomen
1340 3427 1507 3502 habes
1537 3417 1682 3501 quod
1716 3431 1892 3504 vivas,

299 3527 357 3573 et
386 3528 629 3575 mortuus
676 3535 754 3575 es.
806 3519 934 3574 Esto
976 3521 1231 3592 vigilans,
1282 3531 1338 3578 et
1379 3525 1639 3592 conﬁrma
1672 3535 1894 3606 caetera,

297 3625 427 3682 quae
477 3613 737 3666 moritura
777 3622 952 3668 erant.
994 3613 1108 3668 Non
1143 3615 1286 3669 enim
1337 3617 1560 3686 invenio
1603 3635 1767 3690 opera
1809 3629 1895 3680 tua

300 3704 465 3774 plena
496 3720 679 3761 coram
715 3706 826 3763 Deo
860 3724 1001 3763 meo.
1037 3708 1092 3764 ln
1125 3721 1306 3768 mente
1336 3727 1465 3786 ergo
1495 3713 1633 3770 habe
1662 3716 1898 3788 qualiter

297 3800 599 3870 acceperis,
629 3810 682 3855 et
712 3801 976 3871 audieris,
1006 3812 1059 3859 et
1086 3819 1267 3871 serva,
1290 3815 1343 3862 et
1368 3807 1745 3886 paenitentiam
1772 3825 1894 3884 age.

297 3894 354 3950 Si
389 3909 518 3966 ergo
550 3910 654 3950 non
690 3897 1022 3968 vigilaveris,
1055 3901 1270 3956 veniam
1299 3900 1364 3956 ad
1401 3912 1450 3960 te
1481 3913 1754 3976 tamquam
1788 3908 1898 3979 fur,

297 3998 354 4043 et
386 3989 597 4070 nescies
625 4007 728 4082 qua
760 3994 895 4047 hora
929 3993 1142 4050 veniam
1172 3994 1241 4050 ad
1277 4005 1348 4052 te.
1386 3997 1493 4054 Sed
1531 3998 1701 4058 habes
1725 4018 1898 4074 pauca

296 4083 522 4138 nomina
553 4085 606 4139 in
635 4083 841 4154 Sardis,
866 4088 952 4158 qui
983 4103 1089 4143 non
1122 4090 1545 4160 inquinaveruut
1568 4095 1897 4168 vestimenta

295 4191 395 4234 sua
425 4195 438 4234 :
469 4188 523 4234 et
548 4181 904 4238 ambulabunt
931 4199 1141 4240 mecum
1167 4185 1218 4240 in
1243 4187 1406 4254 albis,
1428 4192 1554 4261 quia
1577 4190 1727 4262 digni
1747 4203 1895 4254 sunt.

297 4271 401 4338 Qui
443 4271 656 4344 vicerit,
689 4275 771 4330 sic
810 4276 1073 4331 vestietur
1113 4276 1455 4337 vestimentis
1495 4282 1656 4352 albis,
1703 4295 1756 4342 et
1787 4301 1897 4354 non

295 4363 496 4420 delebo
528 4381 728 4422 nomen
762 4366 881 4436 ejus
912 4368 980 4425 de
1013 4369 1152 4426 libro
1191 4372 1340 4439 vitm,
1371 4382 1425 4429 et
1467 4375 1768 4438 conﬁtebor
1798 4395 1898 4437 no-

298 4473 422 4512 men
455 4457 569 4529 ejus
598 4474 782 4516 coram
813 4460 972 4518 Patre
1011 4477 1156 4531 meo,
1186 4473 1240 4520 et
1287 4479 1473 4522 coram
1513 4471 1721 4541 angelis
1745 4473 1888 4542 ejus.

296 4551 400 4620 Qui
433 4551 597 4608 habet
621 4568 833 4621 aurem,
877 4555 1061 4611 audiat
1089 4557 1217 4634 quid
1250 4558 1486 4630 Spiritus
1523 4563 1669 4638 dicat
1699 4565 1894 4622 Eccle-

2005 3341 2029 3369 ⁸
2058 3331 2152 3388 tibi
2182 3346 2302 3404 quae
2330 3339 2543 3402 oportet
2571 3328 2687 3384 ﬁeri
2713 3328 2988 3398 posthaec.
3016 3329 3081 3383 Et
3109 3329 3290 3384 statim
3319 3327 3395 3384 fui
3416 3329 3471 3386 iu
3489 3329 3600 3400 spi-

2002 3427 2106 3482 ritu
2135 3444 2150 3481 :
2175 3435 2230 3482 et
2257 3439 2388 3481 ecce
2408 3425 2565 3481 sedes
2596 3423 2771 3496 posita
2801 3431 2918 3476 erat
2948 3421 3002 3477 in
3025 3421 3190 3488 coelo,
3233 3431 3286 3478 et
3316 3436 3481 3494 supra
3511 3437 3604 3478 se-

2002 3521 2121 3577 dem
2150 3519 2364 3577 sedens.
2389 3519 2450 3574 Et
2473 3516 2562 3590 qui
2593 3516 2836 3585 sedebat,
2861 3515 3053 3572 similis
3095 3525 3210 3571 crat
3244 3517 3486 3586 aspectui
3531 3516 3606 3574 la-

2004 3615 2142 3686 pidis
2167 3613 2395 3685 jaspidis
2425 3620 2479 3669 et
2511 3611 2743 3667 sardinis
2772 3629 2786 3666 :
2819 3619 2874 3668 et
2898 3611 2990 3666 iris
3019 3619 3134 3666 erat
3161 3609 3215 3664 in
3247 3609 3477 3676 circuitu
3515 3625 3603 3670 se-

2002 3707 2108 3774 dis,
2141 3708 2332 3766 similis
2359 3707 2549 3763 visioni
2575 3705 2952 3777 smaragdinm.
2987 3704 3053 3760 Et
3096 3704 3152 3770 in.
3194 3691 3422 3772 circuitu
3454 3705 3603 3774 sedis

2002 3803 2190 3860 sedilia
2218 3803 2404 3874 viginti
2457 3810 2685 3874 quatuor
2709 3818 2722 3854 :
2749 3810 2803 3857 et
2824 3815 2987 3870 super
3007 3801 3231 3862 thronos
3255 3799 3443 3870 viginti
3468 3816 3602 3872 qua-

2005 3907 2126 3960 tuor
2153 3897 2397 3956 seuiores
2420 3896 2693 3968 sedentes,
2727 3895 3118 3960 circumamicti
3147 3894 3483 3952 vestimentis
3511 3894 3595 3958 al-

2003 3992 2106 4061 bis,
2134 4001 2190 4058 et
2216 3993 2267 4048 in
2297 3991 2558 4064 capitibus
2579 4005 2766 4048 eorum
2791 4005 3007 4048 coronae
3029 4004 3231 4048 aureae.
3265 3989 3333 4046 Et
3353 3991 3422 4047 de
3451 3987 3601 4046 thro-

2003 4104 2074 4142 no
2096 4085 2456 4158 procedebant
2489 4084 2696 4156 fulgura
2721 4129 2736 4155 ,
2778 4092 2832 4154 et
2867 4099 3062 4152 voces,
3106 4091 3161 4152 et
3202 4083 3438 4144 tonitrua
3484 4099 3498 4137 :
3543 4090 3604 4140 et

2002 4191 2212 4254 septem
2239 4182 2513 4255 lampades
2543 4181 2797 4239 ardentes
2842 4189 2967 4236 ante
3012 4178 3266 4236 thronum
3291 4222 3306 4248 ,
3350 4178 3443 4250 qui
3473 4186 3604 4236 sunt

2001 4286 2209 4347 septem
2232 4276 2448 4348 Spiritus
2474 4275 2589 4332 Dei.
2621 4276 2686 4332 Et
2715 4275 2767 4331 iu
2800 4283 3096 4346 conspectu
3136 4273 3282 4332 sedis
3322 4281 3603 4352 tamquam

2002 4387 2152 4436 mare
2175 4373 2405 4428 vitreum
2433 4370 2610 4428 simile
2638 4369 2895 4442 crystallo
2923 4385 2938 4425 :
2969 4377 3024 4425 et
3055 4369 3108 4424 in
3136 4366 3317 4426 medio
3344 4367 3512 4438 sedis,
3545 4375 3602 4428 et

2001 4468 2054 4524 in
2083 4468 2312 4523 circuitu
2341 4467 2508 4534 sedis,
2536 4474 2770 4537 quatuor
2800 4464 3053 4520 animalia
3079 4465 3240 4534 plena
3272 4463 3446 4520 oculis
3472 4471 3600 4522 ante

1999 4571 2054 4620 et
2085 4570 2250 4619 retro.
2278 4561 2344 4615 Et
2371 4560 2568 4615 animal
2600 4558 2836 4630 primum
2862 4557 3040 4618 simile
3077 4557 3219 4630 leoni
3247 4597 3262 4620 ,
3315 4565 3372 4612 et
3397 4571 3597 4614 secun-

297 4647 416 4701 siis.
465 4647 532 4702 Et
560 4648 750 4719 angelo
795 4631 1184 4723 Philadelphiae
1218 4653 1482 4713 Ecclesia
1520 4635 1700 4714 scribe
1728 4677 1740 4712 ε
1769 4659 1897 4718 llaec
1923 4649 1978 4712 D
2003 4656 2128 4712 dum
2161 4652 2361 4710 animal
2390 4652 2564 4708 simile
2583 4650 2755 4706 vitulo
2779 4691 2795 4716 ,
2824 4658 2877 4705 et
2908 4647 3123 4716 tertium
3153 4645 3359 4716 animal
3388 4646 3596 4710 habens

296 4739 434 4818 dicit
458 4739 692 4797 Sanctus
722 4751 776 4798 et
805 4742 994 4811 Verus,
1019 4745 1107 4816 qui
1138 4746 1302 4804 habet
1329 4749 1538 4805 clavem
1567 4735 1739 4808 David
1763 4770 1777 4808 :
1803 4755 1897 4828 qui

298 4835 498 4902 aperit,
531 4844 587 4889 et
626 4851 785 4890 nemo
808 4835 1010 4892 claudit
1042 4856 1056 4894 :
1101 4839 1300 4914 claudit
1323 4881 1338 4907 ,
1369 4851 1421 4897 et
1460 4858 1622 4910 nemo
1669 4848 1846 4917 aperit
1878 4865 1894 4908 :

297 4925 432 5008 Scio
453 4943 618 5006 opera
651 4940 762 4986 tua.
797 4931 936 4987 Ecce
959 4932 1086 4988 dedi
1107 4948 1289 4988 coram
1315 4943 1367 4990 te
1389 4937 1590 4994 ostium
1615 4950 1890 5011 apertum,

296 5021 441 5092 quod
494 5039 656 5098 nemo
707 5035 886 5095 potest
930 5026 1190 5082 claudere
1229 5030 1397 5098 :quia
1437 5031 1703 5088 modicam
1754 5032 1892 5106 [Με.

300 5118 597 5192 modicum]
616 5119 786 5177 habes
809 5122 1085 5189 virtutem,
1111 5131 1166 5178 et
1186 5125 1417 5180 servasti
1439 5128 1662 5182 verbum
1688 5143 1890 5197 meum,

296 5224 352 5268 et
389 5228 497 5268 non
531 5215 739 5286 negasti
772 5230 968 5272 nomen
1002 5233 1204 5278 meum.
1241 5219 1382 5276 Ecce
1408 5219 1549 5277 dabo
1579 5223 1598 5294 [
1624 5222 1727 5278 Ms.
1763 5225 1892 5300 tibi]

297 5306 370 5362 de
414 5323 687 5379 synagoga
714 5308 950 5378 Satanae,
985 5312 1076 5382 qui
1108 5311 1298 5368 dicunt
1327 5329 1386 5372 se
1414 5313 1632 5380 Judmos
1654 5311 1811 5386 cs'se,
1839 5327 1896 5378 et

298 5413 410 5468 non
457 5411 605 5466 sunt,
653 5399 748 5456 sed
781 5403 1139 5468 mentiuntur.
1184 5404 1322 5462 Ecce
1351 5405 1544 5463 faciam
1570 5407 1694 5466 illos
1717 5420 1772 5465 ut
1804 5428 1895 5470 ve-

297 5491 473 5559 niant,
507 5503 563 5546 et
592 5492 824 5550 adorent
863 5503 993 5549 ante
1040 5495 1204 5565 pedes
1253 5507 1377 5554 tuos
1412 5517 1425 5553 :
1459 5511 1512 5555 et
1543 5502 1719 5558 scient
1769 5506 1893 5575 quia

297 5601 401 5656 ego
445 5587 612 5642 dilexi
647 5595 718 5643 te.
758 5587 1023 5655 Quoniam
1073 5593 1301 5646 servasti
1346 5594 1570 5650 verbum
1619 5598 1894 5666 patientiae

297 5693 457 5746 meae,
510 5690 566 5735 et
595 5695 695 5751 ego
735 5683 967 5738 servabo
997 5693 1050 5740 te
1092 5684 1162 5739 ab
1209 5684 1343 5741 hora
1388 5688 1721 5755 tentationis,
1773 5707 1894 5762 quae

375 5871 402 5902 ⁸
428 5862 624 5922 Noster
649 5881 755 5924 ms.
781 5868 1068 5938 ostendam,
1090 5885 1208 5940 qua:
1227 5880 1429 5942 oportet
1455 5872 1556 5928 cito
1586 5874 1722 5946 ﬁeri,
1753 5885 1860 5932 etc.

1999 4751 2192 4806 faciem
2248 4747 2401 4820 quasi
2456 4745 2726 4812 hominis,
2782 4753 2837 4800 et
2885 4752 3137 4816 quartum
3181 4742 3382 4804 animal
3414 4739 3596 4808 simile

1999 4843 2194 4916 aquilae
2215 4841 2438 4898 volanti.
2484 4841 2550 4894 Et
2587 4846 2821 4912 quatuor
2869 4837 3160 4903 animalia,
3231 4835 3444 4906 singula
3497 4848 3596 4896 θαι

2001 4954 2119 4995 rum
2148 4937 2418 4993 habebant
2439 4936 2554 4992 alas
2583 4949 2744 4991 senas
2766 4935 2900 4994 etin
2927 4934 3178 5003 circuitu,
3206 4931 3600 5002 etintusplena

1999 5040 2126 5096 sunt
2155 5029 2326 5090 oculis
2351 5047 2364 5082 :
2398 5037 2453 5086 et
2479 5029 2724 5098 requiem
2745 5043 2853 5084 non
2877 5019 3149 5084 habebant
3181 5024 3270 5080 die
3307 5039 3369 5080 ac
3395 5032 3556 5080 nocte
3575 5061 3596 5092 ,

2003 5123 2243 5181 dicentia
2277 5141 2288 5176 :
2320 5122 2576 5190 Sanctus,
2602 5121 2858 5189 Sanctus,
2887 5119 3139 5190 Sanctus,
3165 5118 3427 5176 Dominus
3455 5117 3601 5174 Deus

2003 5221 2367 5294 omnipotens,
2395 5217 2483 5289 qui
2512 5227 2650 5284 erat,
2683 5225 2737 5274 et
2757 5217 2848 5286 qui
2873 5224 2977 5284 est,
3006 5226 3061 5269 et
3088 5215 3176 5286 qui
3211 5223 3468 5270 venturus
3490 5221 3599 5270 est.

2005 5316 2067 5371 Et
2097 5331 2220 5371 cum
2245 5314 2440 5370 darent
2467 5312 2556 5367 illa
2581 5312 2842 5368 animalia
2868 5311 3115 5382 gloriam,
3148 5318 3204 5366 et
3234 5309 3519 5376 honorem,
3547 5315 3604 5366 et

2005 5406 2433 5465 benedictionem
2457 5404 2668 5460 sedenti
2691 5418 2852 5475 super
2874 5402 3150 5469 thronum,
3189 5401 3388 5458 viventi
3419 5403 3472 5460 in
3497 5416 3601 5458 sac-

2003 5504 2123 5558 cula
2146 5500 2498 5567 saeculorum;
2535 5497 2892 5568 procidebant
2921 5496 3109 5567 viginti
3157 5504 3389 5567 quatuor
3417 5494 3600 5558 senio-

2002 5614 2090 5654 res
2112 5607 2236 5651 ante
2257 5596 2536 5652 sedentem
2570 5595 2622 5648 in
2650 5594 2843 5648 throno
2868 5634 2881 5656 ,
2913 5601 2966 5647 ct
2994 5591 3292 5646 adorahant
3324 5590 3598 5647 viventem

2004 5693 2057 5747 in
2087 5690 2282 5748 saecula
2314 5687 2657 5754 saeculorum,
2689 5697 2742 5742 et
2764 5685 3054 5752 mittebant
3075 5698 3308 5742 coronas
3325 5697 3451 5744 suas
3467 5695 3594 5746 ante
