4128 6330
475 308 581 391 sas

1483 331 1542 388 s.
1583 327 1973 389 msuouvm
2011 284 2243 390 mva
2286 331 2759 396 memorum.

3670 352 3779 411 856

480 453 758 522 thronum,
792 427 1078 508 dicentes:
1112 446 1316 520 Dignus
1341 446 1673 519 es,l)omine
1700 447 1843 502 Dens
1866 457 2073 517 noster,
2104 449 2154 510 Α
2184 447 2395 506 Etcum
2419 454 2726 523 aperuisset
2755 458 2991 530 sigillum
3021 463 3241 520 tertium
3266 506 3284 532 ,
3329 464 3513 521 audivi
3557 468 3782 524 tertium

482 548 731 618 accipere
760 545 1014 619 gloriam,
1042 555 1097 602 et
1125 545 1411 612 honorem,
1444 555 1499 600 et
1522 543 1777 600 virtutem
1811 560 1824 596 :
1865 543 1989 615 quia
2017 553 2074 599 tu

457 625 681 697 creasti
711 640 917 706 omnia,
942 646 1000 696 et
1025 649 1246 712 propter
1275 639 1610 694 voluntatem
1635 647 1780 694 tuam
1811 645 1987 704 erant,
2022 645 2078 694 et

480 743 661 792 creata
689 742 833 791 sunt.

559 826 708 900 |Cap.
731 825 822 900 Ἃ]
853 826 920 883 Ει
949 825 1056 883 vidi
1087 827 1140 882 in
1187 827 1410 884 dextera
1449 826 1689 884 sedentis
1721 840 1889 896 supra
1926 824 2080 880 thro-

486 937 641 990 num,
670 921 868 977 lihrum
897 921 1160 993 scriptum
1189 923 1334 978 intus
1362 931 1420 977 et
1459 921 1588 978 foris
1619 920 1888 993 signatum
1932 919 2082 990 sigil-

486 1015 559 1072 lis
589 1023 817 1086 septeni.
851 1014 920 1071 Et
943 1015 1051 1071 vidi
1095 1014 1222 1088 [Με.
1274 1014 1478 1088 audivi]
1530 1015 1794 1087 Angetnm
1836 1013 2034 1070 fortem
2063 1055 2080 1081 ,
2111 1055 2115 1059 .

489 1109 878 1179 praedicantem
913 1124 1046 1167 voce
1076 1125 1268 1182 magna
1301 1129 1312 1164 :
1351 1110 1486 1178 Quis
1515 1119 1602 1167 est
1639 1110 1836 1180 dignus
1869 1110 2086 1181 aperire

491 1200 718 1268 librum,
745 1209 802 1257 et
830 1201 1046 1259 solvere
1063 1202 1338 1274 signacula
1366 1203 1519 1274 ejus?
1549 1202 1618 1258 Et
1641 1217 1803 1258 nemo
1835 1207 2081 1272 poterat,

490 1308 670 1366 neque
701 1295 753 1350 in
776 1295 940 1360 casto,
973 1311 1149 1368 neque
1179 1297 1234 1352 in
1261 1306 1425 1363 terra,
1454 1312 1632 1368 neque
1653 1296 2084 1362 subtnsterram,

493 1386 708 1455 aperire
735 1384 956 1454 librum,
982 1396 1008 1424 τι
1038 1402 1214 1458 neque
1246 1387 1520 1458 respicere
1548 1386 1723 1442 illum.
1757 1385 1824 1441 Et
1856 1401 1957 1458 ego
1987 1384 2088 1441 tle-

492 1476 616 1534 bam
649 1479 897 1547 multum,
923 1481 1175 1548 quoniam
1196 1498 1358 1538 nemo
1375 1483 1569 1552 dignus
1593 1483 1842 1538 inventus
1863 1491 1948 1538 est
1962 1497 2092 1553 ape-

392 1643 396 1648 ,
492 1573 607 1630 rire
630 1574 852 1645 librum,
879 1590 977 1632 nec
1006 1576 1193 1633 videre
1221 1593 1368 1633 eum.
1400 1577 1466 1632 Et
1502 1592 1646 1633 unus
1684 1576 1753 1632 de
1786 1576 2091 1632 senioribus

494 1669 630 1725 dixit
651 1669 811 1725 mihi:
840 1669 919 1726 Ne
944 1670 1162 1728 ﬂeveris
1195 1688 1210 1726 :
1238 1687 1365 1728 ecce
1395 1672 1525 1727 vicit
1547 1672 1630 1728 leo
1659 1672 1726 1726 de
1755 1671 1897 1726 tribu
1915 1670 2053 1726 Juda
2073 1713 2089 1736 ,

495 1761 654 1818 radix
685 1762 879 1830 David,
905 1764 1120 1834 aperire
1147 1764 1374 1832 librum,
1403 1775 1460 1820 et
1485 1765 1698 1820 solvere
1733 1772 1942 1834 septem
1984 1764 2095 1836 sig-

2181 542 2406 610 animal,
2440 543 2628 604 dicens
2653 563 2668 604 :
2701 549 2861 620 Veni,
2888 563 2945 609 et
2973 555 3119 614 vide.
3146 556 3215 614 Et
3237 571 3364 614 ecce
3392 573 3564 630 equus
3594 559 3780 632 niger:

2181 644 2236 691 et
2259 638 2348 706 qui
2377 638 2603 695 sedebat
2627 657 2794 715 super
2822 645 3001 714 illum,
3030 648 3263 707 habebat
3289 658 3549 706 stateram
3578 652 3632 707 in
3664 668 3783 709 ma-

2185 746 2256 786 nu
2285 745 2403 787 sua.
2433 732 2500 790 Et
2527 735 2709 792 audivi
2737 749 3010 813 tamquam
3035 760 3226 802 vocem
3257 747 3314 801 in
3342 745 3522 802 medio
3547 757 3786 818 quatuor

2185 823 2501 884 animalium
2532 829 2827 888 dicentium
2873 851 2890 894 :
2930 834 3153 893 Bilibris
3200 837 3365 894 tritici
3411 839 3638 895 denario
3667 883 3683 909 ,
3727 848 3786 896 et

2187 932 2298 979 tres
2331 921 2559 978 bilibres
2590 921 2784 981 hordei
2805 925 3051 997 denario,
3085 939 3140 985 et
3162 929 3380 998 vinum,
3415 941 3472 987 et
3494 931 3675 989 oleum
3707 947 3783 989 ne

2189 1015 2419 1070 laeseris.
2456 1014 2522 1070 Et
2547 1030 2672 1071 cum
2704 1019 3010 1089 aperuisset
3028 1021 3267 1092 sigillum
3293 1032 3570 1095 quartum,
3591 1024 3784 1081 audivi

2191 1124 2381 1165 vocem
2406 1110 2586 1180 quarti
2610 1111 2859 1167 animalis
2889 1112 3125 1171 dicentis
3156 1129 3172 1172 :
3203 1115 3340 1173 Veni
3360 1161 3374 1186 ,
3426 1128 3480 1172 et
3523 1116 3673 1174 vide.
3713 1116 3787 1172 Et

2189 1217 2318 1259 ecce
2350 1218 2528 1273 equus
2557 1203 2795 1275 pallidus
2827 1222 2842 1262 :
2876 1216 2932 1262 et
2958 1209 3050 1279 qui
3076 1208 3302 1265 sedebat
3326 1227 3492 1280 super
3517 1226 3666 1275 eum,
3692 1225 3795 1267 no-

2190 1311 2313 1351 men
2349 1295 2425 1349 illi
2457 1295 2624 1362 Mors,
2655 1308 2709 1352 et
2733 1295 2983 1369 Infernus
3011 1301 3345 1372 sequebatur
3379 1317 3533 1370 eum;
3569 1311 3629 1358 et
3663 1303 3794 1356 data

2191 1399 2276 1444 est
2306 1388 2382 1443 illi
2418 1397 2663 1458 potestas
2688 1405 2852 1461 super
2875 1403 3109 1463 quatuor
3138 1402 3325 1464 partes
3351 1405 3508 1450 terra:
3533 1436 3550 1461 ,
3580 1395 3792 1449 interli-

2191 1496 2322 1538 cere
2348 1481 2550 1552 gladio,
2583 1481 2747 1548 fame,
2773 1491 2830 1553 et
2859 1492 3058 1553 morte,
3082 1494 3139 1541 et
3159 1485 3350 1542 bestiis
3371 1494 3551 1542 teme.
3578 1485 3644 1540 Et
3666 1476 3797 1541 eum

2193 1573 2501 1646 aperuisset
2523 1576 2762 1648 sigillum
2791 1577 3066 1650 quintum,
3099 1579 3209 1636 vidi
3233 1581 3422 1637 subtus
3471 1581 3646 1637 altare
3678 1580 3801 1635 ani-

2197 1684 2315 1725 mas
2344 1669 2758 1726 interfectorum
2792 1683 3019 1742 prepter
3047 1673 3273 1730 verbum
3311 1673 3439 1741 Dei,
3479 1683 3534 1730 et
3575 1681 3803 1743 prepter

2200 1762 2601 1832 testimonium,
2657 1764 2800 1834 quod
2850 1764 3171 1833 habebant,
3229 1776 3283 1822 et
3330 1767 3635 1824 clamabant
3662 1781 3804 1823 voce

497 1853 689 1910 naenia
717 1855 856 1923 ejus.
884 1854 951 1910 Et
984 1855 1092 1910 vidi
1124 1873 1139 1911 :
1166 1865 1221 1913 et
1255 1871 1384 1913 ecce
1412 1856 1465 1911 in
1489 1856 1669 1912 medio
1692 1857 1870 1912 throni
1895 1865 2098 1928 etqua-
2127 1841 2174 1902 Β
2203 1871 2417 1926 magna,
2453 1855 2741 1914 dicentes:
2771 1858 3096 1932 Usquequo,
3141 1861 3373 1919 Domine
3409 1862 3707 1936 (sanctus,
3748 1874 3808 1920 et

498 1955 626 2002 tuor
645 1947 1056 2012 animalium,et
1081 1949 1137 2002 in
1159 1946 1341 2004 medio
1372 1946 1672 2012 seniorum,
1701 1952 1914 2020 Agnum
1946 1957 2096 2004 stan-

503 2047 615 2096 tem
648 2051 917 2110 tamquam
945 2040 1206 2106 occisum,
1239 2039 1534 2098 habentem
1560 2056 1763 2096 cornua
1786 2049 2018 2112 septem,
2045 2050 2102 2098 et

503 2132 695 2188 oculos
719 2141 926 2202 septem
961 2147 976 2185 :
1009 2133 1101 2203 qui
1131 2141 1261 2188 sunt
1281 2144 1488 2204 septem
1513 2134 1740 2204 spiritus
1781 2134 1906 2198 Dei,
1947 2134 2100 2189 missi

500 2225 556 2282 in
586 2239 801 2280 omnem
832 2235 1052 2282 terram.
1078 2225 1148 2281 Et
1173 2229 1341 2294 venit,
1367 2239 1419 2282 et
1442 2228 1650 2297 accepit
1679 2228 1748 2283 de
1772 2227 1995 2282 dextera
2012 2240 2101 2293 se-

507 2322 688 2378 dentis
715 2322 770 2377 in
800 2322 996 2379 throno
1023 2322 1244 2379 librum.
1272 2323 1338 2379 Et
1372 2339 1497 2379 cum
1525 2324 1832 2394 aperuisset
1861 2323 2102 2394 librum,

505 2425 738 2487 quatuor
757 2415 1036 2482 animalia,
1063 2425 1119 2472 et
1142 2416 1327 2487 viginti
1352 2425 1585 2487 quatuor
1627 2417 1870 2473 seniores
1892 2417 2107 2474 cecide-

507 2521 636 2568 runt
662 2525 847 2568 coram
875 2514 1050 2582 Agno,
1077 2510 1342 2568 habentes
1363 2513 1562 2584 singuli
1581 2512 1842 2578 citharas,
1867 2521 1923 2569 et
1952 2512 2108 2584 phia-

507 2609 591 2664 las
612 2621 806 2663 aureas
835 2607 1022 2678 plenas
1043 2607 1525 2662 odoramentorum
1551 2648 1566 2672 ,
1589 2623 1712 2678 quae
1742 2617 1867 2662 sunt
1899 2608 2106 2662 oratio-

507 2715 607 2756 nes
632 2709 949 2756 sanetornm
977 2712 992 2753 :
1021 2706 1080 2755 et
1103 2699 1391 2755 cantabant
1428 2699 1702 2755 canticum
1743 2713 1942 2754 novum
1969 2743 1983 2767 ,
2028 2697 2110 2752 di-

509 2802 698 2850 centes
725 2813 739 2850 :
773 2794 974 2863 Dignus
1001 2808 1084 2860 es,
1110 2792 1364 2856 Domine,
1398 2792 1884 2864 acciperelibrum,
1912 2801 2114 2862 etape-

509 2888 624 2944 rire
642 2887 917 2955 signacula
945 2886 1062 2957 ejus
1093 2904 1104 2940 :
1131 2889 1386 2959 quoniam
1417 2890 1631 2943 occiSus
1654 2903 1736 2955 es,
1756 2895 1813 2943 et
1832 2886 2111 2943 redemisti

515 2992 619 3035 nos
649 2979 760 3035 Deo
787 2979 842 3034 in
863 2979 1126 3050 sanguine
1154 2990 1247 3035 tuo
1277 2995 1343 3035 ex
1367 2980 1514 3035 omni
1541 2979 1708 3049 tribu,
1741 2989 1797 3036 et
1821 2979 2024 3052 lingua,
2060 2989 2116 3035 et

515 3072 737 3144 populo,
767 3082 825 3129 et
849 3076 1068 3129 natioiie
1098 3093 1110 3129 :
1143 3083 1198 3129 et
1221 3073 1396 3130 fecisti
1441 3089 1542 3130 nos
1595 3074 1710 3131 Deo
1751 3085 1942 3131 nostro
1989 3089 2112 3146 reg-

513 3183 670 3236 num,
704 3175 758 3223 et
786 3168 1099 3224 sacerdotes
1131 3185 1144 3222 :
1194 3179 1252 3224 et
1297 3168 1647 3240 regnabimus
1691 3183 1855 3240 super
1891 3180 2111 3225 terram.

515 3259 586 3315 Et
610 3258 745 3326 vidi,
773 3269 830 3314 et
849 3259 1032 3315 audivi
1055 3275 1244 3316 vocem
1274 3239 1590 3332 angelorum
1622 3239 1912 3316 multorum
1932 3262 1984 3316 in
2009 3262 2119 3318 cir-
2144 3239 2190 3302 (δ

520 3353 674 3410 cuitu
719 3351 899 3410 throni
947 3362 1004 3408 et
1047 3353 1360 3408 animalium
1385 3393 1402 3420 ,
1435 3365 1492 3410 et
1533 3356 1811 3410 seniorum
1849 3373 1863 3410 :
1907 3365 1963 3412 et
1999 3365 2119 3412 erat

520 3462 780 3504 numerus
810 3462 999 3504 eorum
1030 3448 1160 3522 [Ms.
1191 3460 1300 3504 lac.
1321 3447 1536 3521 eorum]
1563 3450 1729 3506 millia
1754 3451 2006 3521 millium,
2034 3451 2119 3508 di-

518 3543 761 3600 centium
790 3557 924 3599 voce
955 3558 1148 3614 magna
1177 3561 1189 3599 :
1225 3544 1426 3613 Dignus
1449 3552 1533 3599 est
1554 3545 1762 3615 Agnus,
1788 3545 1880 3615 qni
1906 3546 2118 3600 occisus

520 3643 625 3702 est,
645 3635 893 3706 accipere
922 3636 1203 3703 virtutem,
1238 3646 1293 3690 et
1312 3635 1746 3701 divinitatem,et
1770 3637 2114 3706 sapientiam,

521 3741 578 3790 et
601 3731 996 3798 fortitudinem,
1024 3741 1080 3787 et
1104 3731 1389 3798 honorem,
1413 3738 1471 3786 et
1495 3732 1722 3800 gloriam
1740 3774 1754 3801 ,
1798 3740 1852 3786 et
1891 3729 2116 3786 benedi-

521 3826 782 3883 ctionem.
809 3825 879 3881 Et
907 3835 1126 3882 omnem
1157 3837 1464 3882 creaturam
1486 3842 1607 3896 quas
1636 3826 1688 3880 in
1725 3827 1869 3882 casto
1899 3835 2021 3893 est,
2065 3833 2122 3882 et

521 3933 689 3990 super
709 3929 933 3986 terram,
963 3929 1019 3974 et
1038 3919 1140 3975 sub
1164 3928 1328 3983 terra,
1362 3929 1414 3975 et
1443 3934 1564 3990 quas
1592 3928 1722 3974 sunt
1766 3919 1818 3974 in
1858 3921 2035 3987 mari,
2066 3929 2122 3974 et

521 4027 643 4083 qua:
673 4013 728 4068 in
758 4028 826 4068 eo
854 4030 868 4067 :
901 4024 1090 4068 omnes
1111 4011 1296 4067 audivi
1324 4013 1568 4068 dicentes
1599 4029 1614 4067 :
1641 4012 1863 4070 Sedenti
1892 4013 1947 4068 in
1971 4012 2123 4068 thro-

520 4123 618 4176 no,
646 4117 702 4165 et
721 4107 900 4180 Agno,
935 4107 1344 4182 benedictio,et
1368 4105 1566 4176 honor,
1601 4116 1656 4160 et
1681 4106 1884 4176 gloria;
1919 4119 1973 4163 et
2019 4121 2119 4178 po-

523 4209 700 4258 testas
724 4204 777 4257 in
803 4203 1004 4258 saecula
1027 4202 1377 4257 saeculorum.
1406 4201 1473 4256 Et
1499 4211 1734 4270 quatuor
1758 4199 2012 4253 animalia
2033 4199 2121 4253 di-

526 4293 763 4351 cebant:
798 4301 991 4350 Amen.
1025 4294 1096 4349 Et
1127 4294 1312 4364 viginti
1341 4301 1576 4363 quatuor
1626 4292 1870 4348 seniores
1909 4290 2124 4347 cecide-

522 4397 655 4445 runt
672 4388 728 4445 in
751 4386 920 4444 facies
948 4401 1074 4444 suas
1099 4404 1111 4439 :
1147 4395 1202 4442 et
1221 4385 1588 4442 adoraverunt
1606 4382 1634 4423 ι)
1659 4387 1928 4442 viventem
1952 4385 2004 4440 in
2023 4399 2126 4440 sae-

523 4483 646 4540 cula
673 4483 1022 4539 saeculorum.

599 4576 754 4651 [Cap.
783 4575 900 4648 VL]
926 4577 991 4632 Et
1013 4576 1129 4632 vidi
1153 4575 1300 4644 quod
1323 4576 1628 4646 aperuisset
1649 4574 1832 4644 Agnus
1864 4589 2029 4630 unum
2052 4574 2122 4630 de

523 4637 734 4741 septem
767 4637 976 4741 sigillis,
1007 4680 1062 4725 et
1088 4669 1268 4724 audivi
1315 4684 1478 4724 unum
1511 4667 1578 4723 de
1609 4681 1841 4738 quatuor
1872 4668 2123 4723 animali-
2151 4637 2204 4700 Ι)

525 4765 651 4828 bus,
681 4763 868 4819 dicens
899 4761 1028 4834 [ηε.
1056 4761 1183 4818 add.
1213 4760 1393 4831 mihi],
1427 4773 1700 4832 tamquam
1744 4775 1932 4816 vocent
1973 4764 2119 4816 toni-

525 4857 633 4913 trui
665 4855 868 4922 :Veni,
891 4865 950 4911 et
971 4855 1114 4910 vide.
1141 4865 1165 4895 °
1200 4857 1265 4911 Et
1286 4856 1394 4910 vidi
1423 4871 1438 4911 :
1467 4864 1523 4911 et
1551 4869 1678 4912 ecce
1721 4868 1894 4926 equus
1937 4854 2122 4920 albus,

529 4958 587 5008 et
613 4950 706 5022 qtti
729 4949 954 5006 sedebat
976 4964 1146 5020 super
1177 4949 1330 5006 illum
1354 4950 1591 5007 trahebat
1629 4966 1814 5006 arcum
1841 4991 1855 5015 ,
1909 4961 1962 5005 et
1997 4951 2122 5006 data

527 5051 614 5101 est
641 5044 692 5100 ei
721 5057 945 5109 corona,
974 5051 1030 5100 et
1055 5041 1220 5098 exivit
1242 5044 1489 5111 vincens,
1524 5055 1578 5098 ut
1609 5045 1876 5098 vinceret.
1903 5043 1970 5098 Et
2000 5057 2122 5097 cum

527 5136 837 5208 aperuisset
863 5135 1101 5208 sigillum
1124 5138 1445 5203 secundum,
1476 5136 1657 5192 audivi
1688 5136 1984 5192 secundum
2011 5135 2128 5191 ani-

530 5233 664 5301 mal,
696 5231 891 5288 dicens
920 5249 931 5286 :
962 5231 1122 5300 Veni,
1153 5241 1210 5288 et
1232 5233 1374 5288 vide.
1404 5233 1473 5288 Et
1495 5233 1669 5289 exivit
1691 5232 1831 5287 alius
1846 5245 2021 5301 equus
2038 5247 2129 5286 ru-

530 5324 618 5382 fus
650 5344 663 5380 :
697 5335 752 5381 et
772 5325 864 5396 qui
891 5325 1118 5383 sedebat
1141 5341 1306 5397 super
1330 5327 1506 5393 illum,
1536 5325 1720 5381 datum
1744 5333 1828 5382 est
1849 5327 1922 5391 ei,
1958 5333 2017 5380 ut
2039 5341 2130 5380 sn-

530 5433 708 5480 meret
738 5439 923 5494 pacem
956 5423 1026 5479 de
1058 5433 1224 5488 terra,
1249 5432 1304 5479 et
1333 5432 1393 5478 ut
1426 5423 1657 5478 invicem
1702 5437 1762 5478 se
1801 5421 2129 5477 interficiant

530 5515 660 5590 [Μδ.
691 5515 1079 5590 interficerent]
1106 5535 1119 5572 :
1146 5525 1203 5574 et
1227 5515 1386 5573 datus
1415 5524 1500 5573 est
1534 5516 1584 5572 ei
1629 5514 1844 5587 gladius
1880 5529 2128 5585 magnus.

601 5670 631 5733 ἒ
660 5660 940 5733 lnterserit
965 5662 1108 5718 idem
1130 5676 1262 5730 ms.,
1292 5670 1341 5715 et
1368 5661 1562 5716 solvere
1581 5659 1853 5733 signacula
1877 5661 2018 5733 ejus.

599 5732 629 5772 ιι
653 5732 827 5790 Verba
848 5735 1094 5790 viventem
1118 5734 1174 5787 in
1193 5729 1387 5789 uacula
1407 5729 1720 5789 mettloritm
1751 5741 1807 5786 ut
1831 5730 1882 5786 in
1900 5729 2120 5786 ’Grmcis

528 5807 732 5885 aliqum
756 5806 932 5885 libris,
959 5808 1032 5885 ita
1060 5815 1114 5860 et
1143 5806 1196 5858 in
1225 5820 1326 5885 Ἦε.
1353 5816 1541 5885 nostro
1573 5803 1989 5885 desiderantum.

577 5873 637 5917 ’ί
654 5881 831 5948 Atque
863 5879 977 5935 haec
1005 5877 1203 5937 iterum
1231 5874 1300 5934 Et
1329 5876 1457 5950 vidi,
1479 5877 1633 5947 juxta
1673 5874 1893 5934 Graecos
1921 5873 2124 5946 aliquot

2204 1947 2415 2019 verus),
2449 1966 2560 2005 non
2586 1950 2820 2021 judicas,
2854 1963 2908 2008 et
2947 1969 3054 2009 non
3084 1954 3326 2011 vindicas
3353 1959 3673 2028 sanguinem
3705 1972 3809 2012 no-

2205 2049 2378 2097 strum
2401 2041 2471 2098 de
2499 2043 2587 2112 iis,
2619 2043 2711 2114 qui
2742 2044 2987 2102 habitant
3014 2048 3070 2103 tn
3097 2047 3277 2103 terra?
3307 2047 3379 2104 Et
3407 2047 3550 2105 datae
3577 2057 3702 2104 unt
3733 2048 3807 2103 it-

2206 2135 2272 2192 lis
2303 2137 2531 2208 singulze
2553 2139 2708 2194 stola:
2735 2140 2911 2208 albae;
2961 2151 3018 2197 et
3046 2142 3252 2198 dictum
3297 2154 3383 2198 est
3424 2143 3528 2199 illis
3552 2185 3568 2211 ,
3617 2155 3676 2198 ut
3718 2158 3812 2199 re-

2205 2228 2550 2300 quiescerent
2577 2231 2758 2288 adhuc
2790 2244 3005 2303 tempus
3033 2236 3304 2292 modicum
3328 2278 3344 2304 ,
3380 2233 3406 2274 α
3446 2235 3621 2293 donec
3649 2252 3809 2292 com-

2209 2321 2462 2390 pleantur
2482 2325 2730 2380 conservi
2759 2340 2971 2394 eorum,
2995 2336 3051 2384 et
3079 2326 3277 2384 fratres
3292 2327 3614 2398 eorum,qui
3636 2329 3812 2384 inter-

2209 2412 2424 2471 ticieudi
2455 2424 2581 2470 sunt
2601 2415 2744 2472 sicut
2771 2427 2826 2473 et
2857 2417 2957 2472 illi.
2994 2418 3058 2474 Et
3086 2419 3195 2474 vidi
3233 2434 3358 2474 cum
3395 2421 3702 2490 aperuisset
3733 2421 3814 2475 si-

2208 2507 2395 2577 gillum
2432 2520 2654 2565 sextum
2691 2526 2706 2565 :
2735 2520 2790 2566 et
2818 2526 2946 2568 ecce
2976 2520 3135 2568 terra:
3167 2523 3348 2569 motus
3373 2529 3599 2586 magnus
3632 2513 3815 2570 factus

2210 2610 2316 2669 est,
2348 2610 2406 2657 et
2435 2602 2516 2657 sol
2534 2601 2707 2658 factus
2725 2612 2812 2659 est
2834 2605 2988 2676 niger
3012 2615 3285 2678 tamquam
3311 2621 3500 2662 saccus
3521 2606 3771 2663 cilicinus
3795 2624 3812 2667 ξ

2212 2703 2266 2757 et
2293 2693 2420 2748 tuna
2452 2703 2562 2750 tota
2591 2695 2729 2751 facta
2749 2706 2834 2753 est
2859 2699 2995 2754 sicut
3023 2699 3276 2770 sanguis:
3305 2710 3360 2755 et
3381 2701 3556 2757 stella:
3575 2700 3643 2757 de
3668 2702 3816 2757 caelo

2213 2787 2534 2845 ceciderunt
2559 2806 2725 2862 super
2756 2801 2956 2848 terram
2975 2835 2991 2861 ,
3031 2794 3173 2850 sicut
3200 2795 3333 2849 licus
3364 2795 3560 2851 emittit
3590 2809 3820 2866 grossos

2214 2895 2367 2950 suos,
2391 2896 2516 2937 cum
2544 2898 2574 2936 a
2598 2893 2760 2940 vento
2790 2900 2988 2957 magno
3019 2897 3290 2942 movetur.
3321 2885 3386 2941 Et
3406 2888 3604 2942 castum
3632 2900 3820 2943 reces-

2215 2976 2287 3031 sit
2308 2977 2449 3033 sicut
2469 2978 2612 3035 liber
2634 2979 2912 3035 involutus
2945 2999 2960 3037 :
3006 2992 3062 3037 et
3082 2983 3263 3037 omnis
3298 2996 3486 3048 mons,
3528 2991 3585 3037 et
3622 2979 3819 3036 insula:

2216 3075 2283 3127 de
2305 3071 2444 3128 locis
2467 3073 2580 3127 suis
2609 3083 2774 3129 motas
2800 3083 2944 3129 sunt.
2977 3073 3047 3130 Et
3096 3089 3251 3146 reges
3289 3084 3484 3144 terrae,
3521 3084 3577 3130 et
3616 3073 3823 3143 princi-

2220 3179 2338 3235 pes,
2363 3172 2420 3220 et
2451 3165 2676 3232 tribuni,
2702 3175 2757 3222 et
2782 3165 2995 3234 divites,
3025 3175 3079 3223 et
3099 3166 3293 3233 fortes,
3321 3179 3375 3224 et
3401 3168 3580 3223 omnis
3600 3182 3820 3234 servus,

2221 3266 2275 3312 et
2296 3256 2454 3328 liber,
2484 3257 2890 3316 absconderunt
2928 3275 2987 3316 se
3019 3260 3070 3315 in
3102 3261 3377 3332 speluncis
3397 3301 3410 3324 ,
3443 3272 3500 3316 et
3549 3259 3602 3315 in
3649 3260 3824 3331 petris

2219 3351 2490 3407 montium
2525 3362 2622 3416 ;et
2645 3352 2835 3410 dicunt
2866 3354 2995 3427 [,Ms.
3019 3353 3223 3426 dicent]
3262 3355 3537 3410 montibus
3565 3396 3580 3421 ,
3628 3364 3682 3410 et
3721 3369 3826 3424 pe-

2221 3447 2321 3502 tris
2355 3462 2370 3502 :
2399 3449 2585 3504 Cadite
2615 3463 2782 3521 super
2809 3465 2930 3518 nos,
2957 3461 3012 3507 et
3043 3449 3359 3506 abscondite
3388 3464 3487 3504 nos
3508 3465 3536 3503 a
3571 3447 3709 3504 facie
3730 3463 3828 3504 se-

2219 3539 2402 3596 dentis
2434 3556 2601 3612 super
2627 3543 2906 3612 thronum,
2939 3552 2994 3599 et
3020 3543 3089 3599 ab
3118 3545 3196 3599 ira
3225 3543 3360 3611 Agni
3388 3559 3403 3599 :
3435 3543 3693 3614 quoniam
3726 3558 3829 3598 ve-

2221 3631 2301 3688 nit
2329 3632 2448 3689 dies
2469 3648 2696 3704 magnus
2715 3633 2811 3689 irte
2838 3635 3079 3704 ipsorum
3110 3649 3125 3690 :
3169 3646 3223 3691 et
3247 3635 3367 3706 quis
3401 3635 3599 3706 poterit
3629 3643 3776 3689 stare
3799 3633 3826 3686 ’ἒ

2301 3727 2456 3802 [ϐαρ.
2488 3725 2628 3800 th.]
2659 3729 2790 3785 Post
2819 3732 2934 3784 tunc
2956 3729 3068 3785 vidi
3097 3741 3332 3801 quatuor
3360 3730 3586 3800 angelos
3613 3738 3828 3783 Stantes

2223 3836 2388 3889 super
2421 3829 2654 3892 quatuor
2683 3824 2909 3894 angulos
2939 3834 3120 3895 terrm,
3149 3833 3396 3880 tenentes
3426 3833 3658 3894 quatuor
3687 3838 3827 3877 ven-

2225 3923 2308 3970 tos
2334 3924 2493 3972 terra:
2531 3915 2663 3989 [Μδ.
2697 3926 2798 3971 lac.
2818 3917 3029 3991 terrm],
3058 3934 3128 3974 ne
3147 3917 3344 3974 flarent
3368 3933 3533 3989 super
3575 3928 3775 3974 terram
3807 3962 3822 3981 ,

2224 4023 2400 4081 neque
2421 4024 2587 4080 super
2613 4026 2780 4078 mare,
2810 4026 2984 4082 neque
3007 4014 3060 4067 in
3105 4013 3267 4067 ullam
3297 4013 3570 4068 arborem.
3611 4011 3678 4067 Et
3710 4011 3827 4066 vidi

2223 4101 2451 4157 alterum
2473 4102 2727 4174 angelum
2757 4103 3144 4160 ascendentem
3175 4105 3242 4160 ab
3268 4116 3390 4159 ortu
3415 4103 3580 4167 solis,
3617 4103 3831 4159 haben.

2226 4202 2334 4250 tem
2368 4195 2581 4266 signum
2620 4195 2716 4250 Dei
2749 4197 2858 4251 vivi
2882 4213 2897 4259 ;
2925 4207 2979 4252 et
3007 4198 3258 4253 clamavit
3285 4212 3420 4253 voce
3451 4212 3642 4268 magna
3687 4211 3826 4267 qua-

2228 4297 2351 4345 tuor
2375 4290 2602 4360 angelis,
2631 4291 2827 4362 quibus
2854 4291 3037 4347 datum
3062 4301 3148 4348 est
3173 4308 3375 4349 nocere
3405 4301 3565 4348 terra:
3586 4333 3601 4358 ,
3625 4302 3680 4346 et
3707 4305 3831 4346 tua-

2226 4385 2296 4452 ri,
2322 4383 2512 4441 dicens
2545 4399 2560 4440 :
2594 4385 2772 4442 Nolite
2802 4401 3001 4442 nocere
3035 4399 3215 4455 terrae,
3242 4399 3296 4443 et
3329 4388 3461 4442 mari
3488 4428 3504 4451 ,
3533 4401 3707 4457 neque
3731 4401 3828 4440 ar-

2226 4475 2469 4546 boribus,
2496 4478 2849 4550 qnoadusque
2879 4481 3162 4550 signemus
3193 4493 3386 4534 servos
3433 4477 3528 4532 Dei
3567 4478 3737 4532 nostri
3765 4478 3829 4533 in

2229 4571 2498 4629 frontibus
2519 4587 2730 4629 eorum.
2775 4573 2842 4628 Et
2884 4573 3068 4629 audivi
3116 4589 3401 4629 numerum
3451 4573 3826 4644 signatorum,

2230 4676 2448 4723 centum
2474 4667 2835 4738 quadraginta
2863 4676 3097 4737 quatuor
3117 4667 3284 4722 millia
3310 4667 3505 4736 signati
3537 4706 3550 4726 ,
3583 4681 3648 4719 ex
3672 4664 3832 4718 omni

2233 4761 2373 4817 tribu
2403 4761 2637 4817 filiorum
2667 4761 2853 4816 Israel.
2891 4761 2970 4816 Ex
3001 4761 3144 4816 tribu
3173 4759 3311 4815 Juda
3340 4758 3630 4815 duodecim
3652 4757 3833 4813 millia

2231 4853 2449 4922 signati.
2507 4855 2588 4908 Ex
2637 4854 2780 4909 tribu
2813 4853 3002 4909 ttuben
3055 4851 3342 4908 duodecim
3393 4851 3561 4907 millia
3604 4850 3828 4921 signati.

2234 4950 2309 5006 Ex
2344 4950 2486 5006 tribu
2511 4949 2626 5004 Gad
2655 4948 2942 5004 duodecim
2974 4947 3140 5004 millia
3167 4946 3380 5018 signati.
3415 4945 3493 5001 Ex
3523 4946 3665 5000 tribu
3685 4945 3834 5000 Aser

2233 5042 2516 5099 duodecim
2552 5042 2717 5098 millia
2744 5041 2962 5112 signati.
2998 5041 3073 5096 Ex
3119 5039 3262 5096 tribu
3289 5037 3576 5109 Nephthali
3619 5035 3836 5093 duode-

2233 5138 2340 5193 cim
2393 5136 2560 5191 millia
2625 5134 2843 5206 signati.
2904 5135 2981 5189 Ex
3035 5133 3182 5188 tribu
3235 5131 3482 5188 Manasse
3539 5126 3836 5186 duodecim

2235 5229 2404 5287 millia
2449 5227 2667 5300 signati.
2713 5227 2793 5282 Ex
2823 5227 2965 5282 tribu
2988 5226 3210 5283 Simeon
3236 5225 3527 5280 duodecim
3561 5221 3730 5278 millia
3755 5221 3838 5277 si-

2233 5325 2402 5397 gnati.
2423 5324 2500 5378 Ex
2531 5323 2671 5379 tribu
2689 5321 2820 5379 Levi
2843 5321 3130 5377 duodecim
3152 5319 3319 5375 millia
3341 5319 3562 5389 signati.
3581 5317 3658 5372 Ex
3685 5317 3834 5372 tribu

2235 5419 2486 5475 lssachar
2513 5415 2803 5472 duodecim
2847 5415 3016 5469 millia
3040 5413 3256 5484 signati.
3299 5411 3379 5467 Ex
3414 5410 3556 5466 trihn
3583 5410 3832 5465 Zabuton

2233 5511 2523 5570 duodecim
2567 5508 2736 5566 millia
2765 5509 2986 5580 signati.
3017 5506 3098 5564 Ex
3125 5505 3271 5564 tribu
3292 5504 3496 5577 Joseph
3539 5504 3835 5562 duodecim

2226 5656 2416 5720 libros,
2443 5670 2546 5709 ms.
2574 5664 2764 5709 noster
2793 5653 3034 5722 ignorat.

2296 5729 2325 5765 ιι
2351 5727 2547 5782 Noster
2574 5739 2702 5790 ms.,
2733 5724 2895 5779 donec
2919 5722 3236 5790 compleatur
3259 5736 3505 5775 numerus
3547 5736 3831 5776 consene-

2225 5816 2344 5856 rttm
2364 5810 2410 5857 et
2439 5799 2659 5870 fratrum
2680 5812 2879 5866 eorum,
2909 5795 2997 5868 qui
3019 5792 3363 5864 interﬁciendi
3387 5802 3528 5864 sunt,
3554 5803 3665 5851 etc.
