4128 6330
282 335 385 396 857

1276 337 1336 393 Β.
1379 334 1659 394 JOANNIS
1698 306 2031 392 APo'S'rou
2074 333 2563 396 APOCALYPSIS.

3466 336 3570 394 858

291 457 461 514 millia
508 456 729 531 signati.
764 459 840 515 Ex
889 458 1030 515 trith
1073 458 1349 530 Beniamin
1390 458 1676 515 duodecim
1712 457 1878 513 millia
1904 459 1960 523 Α
1982 471 2195 525 eorum,
2237 467 2291 514 et
2338 457 2445 513 dici
2469 473 2572 515 non
2605 458 2811 515 luceret
2842 472 2964 530 pars
2998 456 3174 525 tertia,
3205 465 3259 513 et
3288 455 3462 512 noctis
3490 454 3567 510 si-

285 551 506 624 signati.
530 551 658 609 Post
688 553 803 610 bsic
829 554 938 611 vidi
972 555 1181 611 turbam
1214 570 1488 627 magnam,
1522 570 1681 622 quam
1714 553 1876 608 dinu-

286 662 504 703 merare
529 663 690 704 neruo
715 657 947 720 poterat,
979 664 1050 705 ex
1081 648 1333 705 omnibus
1353 647 1601 718 gentibus
1624 688 1638 712 ,
1683 656 1740 703 et
1785 647 1880 703 tri-

286 737 485 807 bubus,
509 750 566 796 et
597 742 829 812 populis,
861 750 917 797 et
944 740 1173 810 linguis:
1211 751 1416 795 stantes
1447 750 1572 795 ante
1600 740 1876 805 thronum,

286 839 343 887 et
370 831 421 885 in
451 840 747 902 conspectu
775 832 933 903 Agni,
958 831 1143 888 amicti
1166 833 1322 889 stolis
1351 832 1508 899 albis,
1536 841 1589 888 et
1615 833 1803 902 palmze
1826 833 1879 888 in

286 924 540 981 manibus
570 940 791 990 eorum:
839 935 894 983 et
937 927 1250 983 clamabant
1290 944 1425 983 voce
1463 942 1655 999 magna
1696 927 1884 983 dicen-

288 1024 370 1073 tes
396 1032 411 1071 :
437 1018 595 1074 Salus
625 1018 738 1075 Deo
770 1029 981 1086 nostro,
1009 1021 1101 1092 qui
1130 1021 1283 1077 sedet
1306 1037 1472 1092 super
1497 1025 1782 1088 thronum,
1827 1031 1882 1077 et

286 1109 467 1180 Agno.
500 1109 573 1165 Et
597 1126 787 1168 omnes
818 1114 996 1185 angeli
1021 1114 1237 1169 stabant
1284 1116 1335 1169 in
1376 1116 1605 1170 circuitu
1650 1115 1831 1170 throtti
1862 1156 1878 1182 ,

288 1212 343 1259 et
372 1204 676 1273 seniorum,
706 1218 760 1262 et
786 1216 1018 1279 quatuor
1062 1208 1413 1276 animalium;
1455 1219 1510 1266 et
1556 1209 1882 1269 ceciderunt

289 1296 344 1353 in
367 1310 668 1370 conspectu
694 1301 874 1358 throni
906 1302 961 1357 in
992 1302 1155 1359 l'acies
1195 1320 1320 1359 suas
1344 1347 1361 1373 ,
1410 1313 1465 1360 et
1512 1304 1880 1362 adoraverunt

290 1395 485 1463 Deum,
514 1395 760 1453 dicentes
793 1412 808 1453 :
845 1401 1035 1454 Amen.
1069 1400 1383 1457 Benedictio
1406 1442 1420 1467 ,
1453 1411 1507 1457 et
1532 1401 1752 1457 claritas
1779 1445 1793 1471 ,
1829 1414 1884 1458 et

291 1495 590 1565 sapientia,
625 1508 680 1555 et
712 1501 1007 1571 gratiarum
1034 1502 1197 1568 actio,
1228 1502 1422 1571 honor,
1475 1512 1530 1557 et
1565 1506 1736 1557 virtus
1762 1545 1775 1568 ,
1828 1510 1883 1557 et

287 1588 549 1647 fortitudo
571 1591 685 1648 Deo
717 1604 930 1662 thtro,
969 1595 1023 1650 in
1056 1597 1253 1650 smcula
1283 1596 1633 1652 Steculorum.
1684 1598 1876 1651 Amen.

286 1679 356 1737 Et
387 1684 668 1755 respondit
698 1702 835 1743 unus
865 1687 934 1743 de
960 1687 1287 1755 senioribus,
1314 1698 1367 1743 et
1391 1688 1529 1745 dixit
1559 1690 1689 1745 tuihi
1723 1700 1738 1743 :
1772 1689 1835 1743 Hi
1863 1730 1877 1756 ,

285 1775 377 1844 qui
401 1776 583 1833 amicti
614 1787 741 1835 sunt
763 1780 920 1835 stolis
945 1780 1082 1835 albis
1103 1822 1117 1846 ,
1152 1783 1239 1852 qui
1268 1781 1427 1836 sunt?
1457 1792 1509 1837 et
1548 1783 1689 1837 unde
1715 1798 1879 1838 vene-

1982 552 2201 608 militer.
2239 550 2304 607 Et
2328 551 2457 619 vidi,
2479 562 2535 609 et
2562 552 2740 609 audivi
2765 567 2949 609 vocem
2982 551 3138 608 unitts
3164 551 3355 623 aquilae
3381 549 3569 607 volan-

1985 650 2053 704 tis
2078 665 2171 716 per
2193 648 2426 705 medium
2450 649 2597 716 coeli,
2622 647 2853 705 dicentis
2885 663 3014 704 voce
3047 662 3238 719 magna
3264 665 3278 704 :
3310 647 3423 712 Vae,
3464 662 3565 714 νιν,

1982 757 2062 799 vte
2089 740 2446 797 habitantibus
2493 743 2545 798 in
2579 753 2742 811 terra,
2769 740 2837 798 de
2876 741 3090 798 caeteris
3135 740 3360 796 vocibus
3409 738 3568 795 trium

1981 836 2318 902 angelorum,
2350 836 2443 907 qui
2470 844 2623 891 erant
2650 834 2773 889 tuba
2798 833 3045 889 canituri.
3074 859 3086 869 ο

2054 926 2202 1001 [ϐαρ.
2236 928 2349 1001 ΙΧ.]
2401 930 2462 986 Et
2497 929 2718 999 quintus
2768 927 2990 995 angelus
3053 925 3178 981 tuba
3231 923 3467 981 cecinit:
3516 930 3570 979 et

1981 1025 2088 1080 vidi
2114 1023 2323 1079 stellam
2352 1023 2419 1078 de
2443 1022 2583 1078 caelo
2620 1020 2881 1077 cecidisse
2922 1018 2973 1074 in
3011 1032 3231 1087 terram,
3257 1032 3307 1073 et
3337 1017 3461 1073 data
3490 1026 3573 1072 cst

1983 1118 2033 1174 ei
2060 1118 2227 1171 clavis
2259 1115 2404 1185 putei
2430 1114 2633 1187 abyssi.
2668 1115 2735 1169 Et
2773 1114 2985 1184 aperuit
3012 1123 3230 1184 puteum
3260 1111 3478 1184 abyssi:
3517 1119 3573 1167 et

1984 1207 2223 1265 ascendit
2252 1207 2428 1262 fumus
2456 1209 2622 1279 putei,
2658 1206 2795 1263 sicut
2843 1206 3020 1261 fumus
3058 1205 3294 1273 fornacis
3325 1218 3568 1277 magnae:

1982 1312 2037 1360 et
2068 1303 2386 1359 obseruatus
2425 1309 2509 1357 est
2550 1302 2631 1357 sol
2674 1311 2731 1358 et
2778 1317 2871 1357 aer
2907 1302 2974 1357 de
3013 1300 3160 1357 fumo
3196 1300 3341 1372 putei
3375 1317 3388 1354 :
3419 1309 3475 1356 et
3502 1299 3573 1357 de

1983 1396 2135 1452 fumo
2166 1400 2310 1467 putei
2342 1394 2596 1451 exierunt
2622 1397 2846 1451 locustae
2875 1394 2926 1450 in
2963 1404 3199 1462 terram,
3255 1404 3309 1449 et
3338 1392 3459 1448 data
3492 1400 3577 1449 est

1984 1491 2092 1545 illis
2122 1499 2380 1561 potestas,
2443 1491 2583 1545 sicut
2630 1490 2830 1547 habent
2886 1497 3204 1561 potestatem
3260 1488 3573 1557 scorpiones

1983 1593 2143 1641 terrae
2172 1602 2187 1641 :
2220 1596 2275 1641 et
2304 1596 2629 1656 praeceptum
2670 1594 2754 1642 est
2801 1585 2929 1651 illis,
2963 1599 3030 1641 ne
3082 1583 3342 1640 hederent
3389 1581 3572 1638 fenum

1984 1688 2169 1746 terrae,
2206 1693 2380 1748 neque
2408 1694 2569 1736 omne
2603 1679 2794 1745 viride,
2828 1694 3003 1750 neque
3030 1692 3246 1734 omnem
3277 1675 3524 1733 arborem
3560 1692 3575 1734 :

1982 1771 2083 1827 nisi
2115 1782 2318 1826 tantum
2350 1771 2615 1838 homines,
2644 1771 2735 1844 qui
2766 1788 2870 1827 non
2900 1770 3102 1827 habent
3131 1770 3340 1843 signum
3375 1767 3475 1825 Dei
3520 1767 3577 1825 in

284 1868 450 1924 runt?
475 1870 545 1924 Et
568 1870 676 1927 dixi
707 1872 783 1927 illi
811 1887 826 1930 :
854 1872 1083 1929 Domine
1107 1876 1201 1937 mi,
1227 1885 1279 1929 tu
1307 1876 1438 1944 scis,
1464 1886 1518 1930 οι
1548 1874 1686 1931 dixit
1706 1874 1834 1930 mihi
1862 1890 1875 1931 ε
1911 1862 1958 1921 Β
1986 1867 2253 1923 frontibus
2282 1869 2397 1922 suis
2426 1877 2518 1924 :et
2540 1866 2723 1922 datum
2755 1876 2833 1923 est
2867 1865 2989 1928 illis.
3019 1881 3087 1921 ne
3114 1864 3420 1921 occiderent
3448 1877 3574 1932 eos;

286 1959 353 2018 Hi
381 1972 530 2033 sunt,
566 1965 658 2037 qui
690 1975 959 2022 venerunt
988 1967 1056 2023 de
1086 1968 1438 2024 tribulatione
1470 1983 1685 2038 magna,
1719 1977 1773 2023 et
1804 1969 1880 2024 la-

281 2067 484 2113 verunt
514 2059 681 2114 stolas
703 2073 852 2127 suas,
886 2071 939 2116 et
972 2060 1363 2118 dealbaverunt
1389 2079 1482 2119 eas
1533 2065 1585 2118 in
1621 2067 1881 2136 Sanguine

284 2154 452 2224 Agni.
484 2153 554 2209 Et
578 2154 702 2212 ideo
732 2165 860 2212 sunt
891 2165 1017 2212 ante
1041 2158 1297 2214 thronum
1329 2158 1447 2223 Dei,
1472 2170 1524 2214 et
1557 2160 1803 2215 serviunt
1831 2161 1880 2216 ei

284 2244 376 2302 die
399 2260 464 2302 ac
494 2257 652 2304 nocte
677 2249 731 2304 in
757 2251 961 2321 templo
988 2250 1108 2321 ejus
1141 2268 1156 2311 :
1186 2260 1242 2307 et
1263 2254 1355 2324 qui
1388 2252 1543 2309 sedet
1577 2254 1628 2308 in
1660 2253 1880 2320 throno,

284 2339 556 2399 habitabit
585 2356 753 2414 super
780 2344 924 2401 illos.
971 2345 1090 2402 Non
1131 2347 1374 2403 esurient
1401 2391 1417 2417 ,
1472 2363 1648 2418 neque
1698 2348 1881 2403 sitient

284 2436 541 2506 amplius,
559 2451 658 2492 nec
678 2436 835 2494 cadet
856 2454 1022 2510 super
1042 2440 1163 2495 illos
1185 2441 1289 2509 sol,
1310 2456 1486 2513 neque
1512 2442 1653 2497 ullus
1676 2451 1840 2496 aestus
1864 2455 1878 2495 :

287 2532 545 2602 quoniam
575 2536 788 2603 Agnus,
814 2536 904 2606 qtti
931 2536 986 2591 in
1014 2534 1193 2591 medio
1212 2536 1391 2592 throni
1417 2547 1525 2604 est,
1556 2548 1709 2607 reget
1732 2536 1879 2604 illos,

284 2634 344 2682 et
368 2624 599 2682 deducet
621 2642 716 2683 eos
746 2628 812 2683 ad
838 2628 962 2685 vita:
994 2628 1174 2685 fontes
1202 2645 1489 2701 aquarum,
1520 2638 1576 2685 et
1605 2629 1885 2701 absterget

286 2716 436 2774 Deus
460 2733 681 2775 omnem
711 2720 1002 2792 lacrymam
1036 2722 1105 2777 ab
1135 2723 1308 2779 oculis
1346 2739 1560 2781 eorum.

358 2809 513 2883 [ϐαρ.
542 2810 705 2883 Vlll.]
732 2812 799 2868 Et
826 2828 948 2869 cum
973 2817 1280 2884 aperuisset
1305 2816 1543 2886 sigillum
1566 2816 1882 2888 septimum,

284 2901 489 2959 factum
531 2915 615 2959 est
642 2904 917 2961 silentium
949 2906 1003 2961 in
1031 2907 1191 2975 creto,
1224 2908 1375 2979 quasi
1422 2908 1599 2965 media
1630 2911 1782 2965 hora.
1819 2909 1888 2966 Et

284 2995 399 3052 vidi
432 3006 641 3068 septem
680 2999 903 3069 angelus
932 3008 1140 3056 stantes
1196 3003 1248 3056 in
1301 3012 1596 3072 conSpectu
1647 3004 1783 3059 Dei:
1834 3014 1888 3060 et

285 3089 430 3147 datte
453 3101 584 3148 sunt
613 3093 721 3148 illis
747 3103 957 3163 septem
993 3095 1159 3150 tubae.
1195 3096 1262 3151 Et
1290 3096 1429 3153 alius
1461 3098 1686 3168 angelus
1717 3099 1885 3167 venit,

287 3196 346 3245 et
370 3188 527 3243 stetit
560 3199 685 3244 ante
721 3190 897 3246 altare
937 3189 1144 3246 habens
1172 3191 1505 3248 thuribulum
1560 3195 1883 3265 aureumﬁg:

1983 1961 2078 2018 sed
2128 1971 2185 2016 ut
2218 1962 2523 2018 cruciarent
2553 1961 2828 2017 mensibus
2878 1962 3164 2033 quinque:
3209 1970 3263 2016 et
3305 1959 3577 2016 cruciatus

1986 2070 2176 2112 eorum
2207 2066 2265 2111 ut
2291 2054 2563 2111 cruciatus
2593 2056 2794 2126 scorpii
2830 2070 2952 2112 cum
3004 2055 3234 2127 percutit
3275 2054 3574 2111 hominem.

1984 2148 2054 2205 Et
2093 2150 2144 2204 in
2172 2150 2362 2205 diebus
2398 2149 2787 2229 illisquarrent
2835 2146 3082 2204 homines
3123 2155 3452 2212 mortem,et
3473 2160 3580 2202 non

1986 2245 2433 2300 invenienteatn:
2461 2252 2515 2299 et
2548 2243 2932 2299 desiderabunt
2968 2243 3126 2311 mori,
3161 2250 3217 2297 et
3248 2240 3409 2312 fugiet
3438 2253 3583 2296 mors

1984 2338 2053 2394 ab
2105 2340 2204 2393 eis.
2255 2337 2324 2393 Et
2376 2337 2758 2393 similitudines
2804 2336 3155 2403 locustarum,
3184 2334 3390 2391 similes
3426 2332 3581 2403 equis

1984 2433 2185 2504 paratis
2215 2432 2269 2488 in
2326 2430 2569 2501 prtelium
2619 2448 2632 2486 :
2686 2441 2740 2487 et
2783 2445 2947 2502 super
2988 2429 3161 2500 capita
3200 2442 3385 2484 earum
3435 2435 3578 2481 tam-

1985 2542 2145 2598 quam
2193 2540 2411 2583 corona:
2471 2525 2675 2581 Similes
2739 2539 2869 2579 auro
2900 2540 2915 2577 :
2942 2533 2997 2579 et
3042 2521 3208 2578 iacies
3231 2537 3416 2578 earum
3447 2529 3577 2575 tam-

1986 2638 2147 2694 quam
2177 2622 2338 2677 facies
2388 2618 2684 2675 hominum.
2727 2619 2794 2674 Et
2841 2617 3111 2673 habebant
3166 2615 3393 2687 capillos
3442 2614 3582 2671 sicut

1987 2713 2208 2784 capillos
2252 2713 2567 2777 mulierum;
2628 2723 2682 2767 et
2710 2711 2901 2767 dentes
2947 2723 3156 2779 earum,
3201 2708 3339 2765 sicut
3389 2708 3581 2763 dentes

1988 2810 2202 2866 leonum
2241 2819 2395 2865 erant
2444 2826 2457 2862 :
2516 2818 2570 2864 et
2635 2808 2901 2865 habebant
2945 2807 3139 2863 loricas
3202 2794 3347 2861 Sicut
3387 2804 3583 2862 loricas

1992 2904 2246 2971 ferreas,
2311 2912 2367 2961 et
2417 2918 2519 2958 vox
2572 2902 2777 2958 alarum
2838 2918 3023 2958 carum
3090 2902 3234 2959 sicut
3293 2916 3399 2957 vox
3460 2915 3584 2956 cur-

2000 3017 2156 3057 ruutn
2189 3015 2451 3072 equarum
2477 3000 2767 3055 multorum
2790 2997 3125 3054 currentium
3157 2999 3209 3053 in
3236 2996 3435 3053 bellum
3467 3012 3483 3053 :
3529 3003 3585 3050 et

1993 3095 2269 3152 habebant
2297 3095 2500 3149 caudas
2525 3094 2733 3149 similes
2759 3093 3128 3163 scorpionum,
3157 3100 3211 3147 et
3232 3090 3406 3146 aculei
3428 3095 3585 3146 erant

1993 3191 2047 3245 in
2078 3189 2262 3245 caudis
2291 3205 2475 3245 earum
2507 3207 2520 3244 :
2547 3198 2601 3245 et
2623 3196 2866 3260 potestas
2897 3204 3080 3243 earum
3119 3201 3315 3242 nocere
3342 3185 3545 3241 homini
3566 3213 3585 3226 -

287 3290 347 3336 et
367 3280 490 3336 data
529 3290 655 3336 sunt
682 3283 758 3337 illi
795 3284 1010 3339 incensa
1038 3285 1225 3349 multa,
1260 3296 1315 3340 ut
1344 3285 1500 3342 daret
1524 3285 1591 3341 de
1631 3261 1887 3340 orationi-
1916 3261 1961 3324 (ἶ
1994 3284 2094 3340 bus
2128 3282 2403 3338 mensibus
2429 3282 2667 3354 quinque
2697 3299 2711 3336 :
2746 3293 2798 3337 et
2832 3280 3101 3335 habebant
3124 3294 3288 3350 super
3316 3294 3375 3335 se
3403 3293 3585 3349 regem

286 3374 395 3431 bus
425 3385 737 3432 Sanctorum
767 3378 1033 3459 omnium
1058 3393 1223 3448 super
1243 3380 1413 3433 altare
1453 3394 1701 3446 aureum,
1747 3379 1890 3451 quod

289 3478 380 3527 est
406 3480 534 3526 ante
558 3470 814 3526 thronum
837 3471 953 3527 Dei.
973 3472 1040 3527 Et
1064 3473 1509 3528 ascenditfumus
1543 3474 1888 3529 incensurum

287 3566 362 3622 de
390 3566 725 3623 orationibus
745 3578 1055 3623 sanctorum
1075 3568 1143 3624 de
1172 3582 1333 3623 manu
1350 3570 1523 3639 angeli
1550 3584 1729 3624 coram
1756 3571 1885 3625 Deo.

291 3658 365 3715 Et
392 3660 603 3730 accepit
628 3660 851 3730 angelus
905 3660 1260 3728 thuribulum,
1292 3670 1347 3717 et
1394 3661 1636 3732 implevit
1662 3663 1793 3719 illud
1825 3663 1891 3719 de

290 3751 419 3824 igne
446 3753 657 3819 altaris,
696 3761 751 3807 et
784 3753 934 3808 misit
962 3753 1017 3808 in
1052 3764 1270 3822 terram,
1315 3765 1369 3809 et
1413 3755 1549 3809 facta
1588 3763 1713 3810 sunt
1743 3757 1891 3811 toni-

292 3853 435 3910 trua,
463 3853 518 3901 et
540 3860 706 3902 voces
729 3856 782 3901 et
815 3846 1047 3917 fulgura,
1077 3856 1133 3903 et
1161 3856 1501 3904 terraemotus
1528 3864 1771 3919 magnus.
1828 3850 1891 3905 Et

292 3950 504 4011 septem
523 3941 720 4013 angeli,
753 3942 842 4013 qui
872 3941 1143 3998 habebant
1173 3953 1379 4012 septem
1411 3946 1585 4009 tubas,
1618 3960 1891 4016 praepara-

292 4043 492 4089 verunt
518 4048 599 4103 se,
635 4044 691 4089 ut
719 4035 843 4089 tuba
874 4044 1148 4092 canerent.
1185 4035 1252 4090 Et
1283 4036 1490 4106 primus
1515 4039 1735 4107 angelus
1768 4038 1893 4093 tuba

293 4128 517 4193 cecinit,
549 4136 598 4183 et
631 4128 767 4184 facta
797 4138 879 4184 est
923 4128 1150 4200 grando,
1195 4142 1250 4186 et
1278 4130 1441 4201 ignis,
1491 4132 1656 4188 mixta
1690 4135 1740 4188 iu
1771 4146 1895 4189 san-

294 4224 482 4294 guine,
506 4234 560 4279 et
604 4222 828 4279 missum
852 4234 935 4279 est
965 4225 1017 4279 in
1043 4234 1239 4281 terram
1265 4244 1278 4282 :
1310 4237 1363 4283 ct
1407 4229 1559 4283 tertia
1590 4244 1713 4298 pars
1738 4238 1896 4286 terra:

297 4317 579 4373 combuSIa
603 4324 705 4382 est,
730 4328 783 4372 et
807 4317 959 4372 tertia
991 4334 1113 4387 pars
1142 4319 1397 4375 arborum
1427 4332 1772 4377 concremata
1790 4332 1894 4389 est,

297 4422 356 4467 et
385 4427 547 4468 omne
573 4411 753 4468 fenum
803 4412 975 4468 viride
1004 4413 1347 4470 combustum
1392 4426 1495 4472 est.
1535 4417 1597 4470 Et
1628 4417 1896 4472 secundus

298 4503 524 4573 angelus
550 4504 672 4561 tuba
696 4505 895 4560 cecinit
921 4524 934 4561 :
966 4515 1020 4561 et
1041 4516 1311 4578 tamquam
1341 4524 1497 4564 mons
1528 4525 1751 4580 magnus
1773 4511 1895 4580 igne

299 4598 503 4653 ardens
550 4599 746 4654 missus
772 4608 856 4655 est
886 4598 940 4655 in
970 4614 1118 4656 mare
1147 4618 1159 4655 :
1212 4610 1266 4655 et
1315 4600 1453 4657 facta
1479 4611 1561 4658 est
1585 4605 1740 4658 tertia
1774 4620 1896 4674 pars

300 4693 470 4750 maris
495 4695 737 4765 sanguis,
778 4704 833 4748 et
858 4706 1069 4749 mortua
1113 4704 1197 4750 est
1253 4696 1408 4749 tertia
1460 4711 1586 4766 pars
1634 4706 1899 4755 creatura:

301 4802 517 4854 eorum,
540 4802 662 4859 quae
708 4786 977 4843 habebant
999 4787 1207 4842 animas
1237 4787 1290 4842 in
1318 4788 1473 4855 mari,
1502 4797 1556 4844 et
1597 4791 1748 4844 tertia
1776 4805 1901 4861 pars

300 4883 530 4936 navium
554 4880 778 4935 interiit.
827 4880 896 4935 Et
923 4882 1113 4936 tertius
1151 4881 1380 4951 angelus
1410 4883 1534 4935 tuba
1562 4882 1759 4938 cecinit
1793 4901 1807 4937 :
1847 4896 1901 4941 et

301 4972 502 5029 cecidit
529 4973 597 5029 de
625 4974 765 5031 caelo
786 4974 945 5031 stella
967 4990 1155 5043 magna
1180 4975 1381 5030 ardens
1400 4984 1670 5047 tamquam
1703 4978 1899 5045 facula,

301 5076 362 5122 et
388 5066 583 5123 cecidit
607 5066 662 5123 in
696 5069 908 5124 tertiam
940 5079 1143 5137 partem
1173 5069 1489 5137 ﬂuminum,
1537 5079 1592 5126 et
1622 5071 1674 5125 in
1723 5071 1903 5128 fontes

301 5177 613 5232 aquarum:
656 5171 714 5218 et
757 5177 952 5218 nomen
1002 5163 1175 5219 stella:
1197 5161 1399 5218 dicitur
1439 5162 1781 5218 Absiuthium
1809 5180 1823 5218 :
1850 5174 1905 5220 et

301 5253 447 5311 facta
497 5265 582 5311 est
638 5255 794 5311 tertia
853 5269 979 5324 pars
1007 5270 1268 5326 aquarum
1318 5257 1370 5311 in
1420 5255 1803 5312 absinthium:
1852 5267 1909 5314 et

303 5349 462 5405 multi
491 5348 777 5405 hominum
811 5348 1010 5405 mortui
1053 5358 1184 5405 sunt
1210 5349 1279 5405 de
1304 5350 1479 5420 aquis,
1534 5352 1659 5420 quia
1704 5366 1907 5409 amara:

302 5442 463 5500 facta:
485 5452 633 5499 sunt.
665 5442 734 5499 Et
754 5452 980 5515 quartus
1021 5442 1245 5515 angelus
1273 5444 1400 5499 tuba
1441 5443 1658 5508 cecinit,
1692 5456 1747 5500 et
1780 5460 1908 5516 per-

302 5552 465 5593 cussa
496 5546 584 5594 est
616 5538 773 5593 tertia
815 5552 944 5610 pars
988 5536 1143 5605 solis,
1198 5547 1255 5593 et
1292 5539 1449 5593 tertia
1482 5552 1609 5606 pars
1660 5539 1821 5605 lunre,
1854 5546 1909 5594 et

305 5631 469 5690 tertia
498 5645 626 5704 pars
646 5630 927 5689 stellarum
954 5649 967 5687 :
993 5632 1067 5688 ita
1092 5639 1154 5687 ut
1174 5630 1559 5688 obscuraretur
1588 5631 1743 5689 tertia
1782 5647 1922 5712 pars;

382 5824 409 5851 ⁸
438 5810 608 5869 Addit
628 5811 769 5868 idem
792 5826 922 5881 ms.,
944 5810 998 5866 in
1029 5826 1189 5865 manu
1219 5826 1334 5868 sua.
1850 5867 1859 5877 ,

382 5883 413 5925 δ
435 5884 607 5942 Tacet
634 5892 821 5942 noster
844 5899 948 5943 ms.
997 5884 1152 5956 juxta
1179 5881 1430 5942 Graecum
1475 5886 1690 5941 textum
1718 5884 1905 5951 verba,

1993 3376 2241 3446 angelum
2270 3374 2474 3447 abyssi,
2523 3375 2606 3429 cui
2640 3389 2837 3431 nomen
2873 3372 3131 3429 llebraice
3167 3371 3430 3428 Abaddon
3455 3371 3583 3444 [Με.

1993 3468 2232 3542 Αι›‹1‹›ιι],
2263 3469 2451 3525 Graece
2482 3478 2661 3524 autem
2696 3467 2989 3540 Apollyon,
3023 3467 3213 3523 Latine
3250 3467 3456 3523 habens
3486 3482 3583 3521 no-

1994 3579 2119 3618 men
2151 3563 2552 3618 Exterminaus.
2585 3552 2678 3619 Vin
2719 3577 2883 3617 unum
2914 3561 3065 3628 abiit,
3115 3569 3171 3616 et
3208 3576 3337 3617 ecce
3364 3561 3587 3617 veniunt

1995 3656 2169 3711 adhuc
2198 3655 2304 3710 duo
2332 3672 2415 3709 vae
2444 3665 2562 3725 post
2586 3654 2725 3711 haec.
2765 3654 2831 3709 Et
2857 3664 3039 3710 sextus
3065 3652 3292 3723 angelus
3324 3651 3446 3706 tuba
3496 3665 3585 3706 ce-

1994 3752 2125 3807 cinit
2158 3768 2171 3805 :
2201 3762 2255 3806 et
2282 3750 2464 3806 audivi
2521 3765 2706 3805 vocent
2740 3764 2901 3804 unam
2957 3763 3021 3803 ex
3068 3756 3300 3817 quatuor
3331 3744 3587 3801 cornibus

1994 3846 2183 3903 altaris
2224 3847 2395 3911 aurei,
2428 3844 2568 3916 quod
2622 3854 2704 3899 est
2752 3852 2875 3897 ante
2932 3840 3116 3896 oculos
3149 3839 3264 3907 Dei,
3315 3839 3585 3895 dicentem
3630 3907 3637 3913 1

1996 3947 2149 3993 sexto
2177 3937 2392 4009 angelo,
2423 3937 2512 4004 qui
2540 3935 2773 3991 habebat
2800 3934 2980 3989 tubam
3011 3950 3024 3988 :
3058 3931 3220 3988 Solve
3236 3940 3470 4002 quatuor
3490 3945 3588 3984 an-

1996 4034 2170 4104 gelos,
2196 4032 2285 4103 qui
2310 4031 2511 4102 alligati
2540 4039 2667 4086 sunt
2714 4029 2767 4085 in
2808 4028 3031 4085 ﬂumine
3064 4042 3257 4097 magno
3293 4025 3585 4096 Euphrate.

1998 4128 2062 4185 Et
2094 4126 2256 4183 soiuti
2281 4135 2406 4181 sunt
2436 4134 2667 4198 quatuor
2724 4123 2921 4195 angeli,
2974 4123 3062 4194 qui
3116 4122 3284 4192 parati
3337 4126 3492 4175 erant
3532 4117 3586 4173 in

2000 4220 2212 4287 ltoratn,
2237 4230 2289 4276 et
2312 4220 2481 4286 diem,
2510 4228 2564 4275 et
2621 4232 2884 4284 mensem,
2916 4226 2971 4272 et
3013 4229 3235 4282 annum,
3271 4220 3330 4268 ιιι
3377 4208 3591 4266 occide-

2000 4325 2121 4371 rent
2146 4315 2356 4371 tertiam
2389 4325 2593 4385 partem
2624 4313 2920 4368 hominum.
2957 4310 3015 4364 Et
3047 4322 3304 4364 numerus
3326 4303 3592 4375 equestris

2000 4409 2273 4466 exercitus
2305 4409 2469 4464 vicies
2502 4407 2696 4461 millies
2725 4405 2864 4460 dena
2890 4402 3072 4458 millia.
3109 4401 3175 4457 Et
3201 4400 3379 4456 audivi
3406 4413 3596 4455 nume-

2002 4521 2121 4561 rum
2148 4520 2355 4559 eorum.
2390 4503 2457 4556 Et
2485 4504 2557 4557 ita
2589 4500 2696 4555 vidi
2723 4514 2893 4569 equos
2919 4500 2971 4552 in
3000 4497 3208 4552 visione
3238 4513 3251 4550 :
3285 4504 3339 4550 et
3381 4493 3470 4563 qui
3510 4505 3597 4546 se-

2001 4600 2203 4654 debant
2231 4611 2394 4667 super
2421 4610 2537 4660 eos,
2587 4593 2857 4648 habebant
2896 4590 3089 4646 loricas
3131 4590 3339 4659 igneas,
3372 4595 3425 4642 et
3458 4583 3595 4656 hya-

2004 4690 2301 4756 cinthinas,
2345 4701 2399 4743 et
2444 4687 2790 4758 sulplmreas,
2824 4695 2877 4740 et
2905 4684 3078 4753 capita
3133 4694 3397 4752 equorum
3444 4684 3600 4734 erant

2008 4793 2283 4854 tamquam
2310 4781 2486 4852 capita
2530 4779 2742 4834 leonum
2776 4794 2789 4832 :
2822 4786 2874 4833 et
2914 4775 2982 4830 de
3010 4789 3105 4828 ore
3134 4786 3322 4827 eorum
3353 4768 3595 4841 procedit

2005 4876 2166 4946 ignis,
2181 4883 2235 4929 et
2256 4874 2511 4941 futttus,et
2526 4871 2771 4941 sulphur.
2784 4870 2841 4924 Et
2862 4868 2928 4924 ab
2948 4867 3029 4923 his
3045 4866 3216 4921 tribus
3231 4862 3399 4934 plagis
3417 4860 3598 4917 occisa

2006 4979 2090 5027 est
2119 4969 2273 5024 tertia
2302 4985 2423 5037 pars
2448 4967 2752 5034 hominum,
2779 4964 2847 5021 de
2876 4965 3019 5036 igne,
3043 4973 3097 5019 et
3117 4961 3186 5018 de
3214 4961 3379 5025 fumo,
3409 4970 3461 5015 et
3489 4957 3601 5012 sul-

2008 5064 2201 5136 phure,
2223 5079 2339 5133 qua:
2356 5060 2718 5133 procedebant
2735 5058 2801 5115 de
2814 5056 3431 5128 oreipsorum.Potcstas
3454 5051 3598 5105 enim

2010 5156 2337 5227 equozumin
2356 5170 2450 5210 ore
2476 5169 2665 5210 eorum
2697 5151 2842 5219 est,”
2867 5161 2922 5207 et
2947 5152 2998 5206 in
3027 5147 3213 5206 caudis
3244 5144 3602 5204 corum.Nam

2010 5251 2199 5307 eandm
2224 5265 2411 5306 eorum
2442 5248 2646 5305 similes
2676 5245 3041 5315 serpentibus,
3077 5243 3337 5299 habentes
3385 5238 3560 5310 capita
3590 5256 3601 5293 :

2013 5355 2068 5402 et
2096 5344 2151 5399 in
2176 5344 2258 5399 his
2287 5353 2502 5400 uocent.
2535 5341 2598 5398 Et
2625 5338 2806 5397 caeteri
2830 5338 3101 5407 homines,
3124 5337 3214 5408 qui
3245 5350 3349 5390 non
3375 5342 3500 5390 sunt
3519 5347 3610 5388 oc-

2013 5436 2110 5494 cisi
2160 5438 2210 5492 iu
2260 5436 2346 5497 his
2388 5436 2579 5507 plagis,
2630 5450 2804 5505 neque
2862 5432 3234 5505 paenitentiam
3283 5436 3513 5501 egerunt
3542 5427 3612 5484 de

2015 5531 2271 5603 operibus
2300 5544 2556 5584 manuum
2580 5543 2823 5594 suarum,
2856 5539 2917 5583 ut
2947 5542 3053 5583 non
3091 5525 3383 5581 adorarent
3407 5522 3613 5578 daemo-

2018 5626 2131 5694 nia,
2150 5634 2207 5682 et
2235 5622 2527 5684 simulacra
2557 5637 2743 5695 aurea,
2782 5628 3058 5693 argentea,
3089 5625 3145 5677 et
3172 5632 3335 5686 :erea,
3364 5625 3419 5673 et
3470 5614 3611 5695 lapis

2023 5820 2072 5867 et
2093 5809 2147 5867 in
2172 5806 2357 5865 caudis
2374 5821 2574 5863 eorum.
