4128 6330
530 285 638 361 δδθ

1532 281 1589 340 s.
1634 278 2018 359 incucurrit
2057 277 2294 359 DlYtNA
2334 276 2814 369 praetorium.

3732 281 3844 341 860

532 399 655 469 dea,
712 403 768 452 et
819 396 1017 477 lignea,
1043 412 1165 468 qua:
1216 410 1390 473 neque
1431 396 1618 452 videre
1672 404 1919 475 possunt,
1960 408 2135 465 neque
2163 397 2215 483 ᾼ
2240 394 2499 483 videbunt
2529 395 2597 451 de
2628 396 2895 462 tribubus,
2928 404 2984 452 et
3035 395 3271 471 pOpulis,
3301 404 3357 479 et
3379 398 3597 475 linguis,
3630 407 3689 455 et
3712 414 3849 473 gen-

532 491 745 558 audire,
776 505 951 561 neque
993 489 1308 545 ambulare:
1351 501 1404 545 et
1454 505 1559 545 non
1592 500 1819 561 egerunt
1864 487 2134 563 poeniten-

538 586 665 641 tiam
697 583 764 639 ab
793 582 1098 638 homicidiis
1129 583 1258 647 suis,
1296 597 1470 652 neque
1497 597 1528 636 a
1550 580 1827 661 veneficiis
1856 579 1988 646 suis,
2023 595 2122 636 ne-

540 691 645 747 que
670 691 700 731 a
731 673 1093 731 fornicatione
1113 688 1231 740 sua,
1260 690 1436 745 neque
1471 688 1501 728 a
1524 674 1681 730 furtis
1712 674 1845 731 suis.

607 767 762 843 [Cap.
795 758 888 841 X.]
923 767 993 825 Et
1040 766 1149 823 vidi
1198 767 1358 823 alium
1384 767 1637 839 angelum
1678 766 1870 823 fortem
1901 767 2131 824 descen.

534 863 751 920 dentem
772 863 838 920 de
869 863 1009 920 coelo
1038 861 1487 943 amictum_nube,
1518 872 1574 919 et
1596 861 1690 917 iris
1714 861 1766 917 in
1793 863 1971 934 capite
1989 865 2132 933 ejus,

534 968 589 1015 et
619 959 785 1015 facies
814 957 931 1027 ejus
962 966 1081 1014 erat
1115 967 1171 1013 ut
1217 955 1322 1023 sol,
1384 966 1436 1012 et
1467 957 1633 1028 pedes
1688 956 1806 1027 ejus
1858 966 2132 1028 tamquam

534 1054 803 1109 columnze
850 1050 987 1123 ignis
1021 1069 1035 1109 :
1096 1060 1151 1107 et
1208 1049 1445 1107 habebat
1475 1051 1528 1105 in
1562 1066 1723 1105 manu
1760 1064 1855 1106 sua
1889 1050 2156 1106 libellum

534 1156 834 1220 apertum:
887 1155 940 1203 et
980 1146 1158 1217 posuit
1208 1145 1402 1217 pedem
1454 1162 1609 1201 suum
1668 1144 1915 1201 dextrum
1970 1159 2137 1215 super

536 1258 708 1310 mare,
761 1242 1067 1297 sinistrum‘
1088 1249 1269 1297 autem
1307 1255 1470 1310 super
1510 1250 1750 1294 terram:
1800 1249 1856 1293 et
1883 1226 2137 1295 clamavit

533 1348 667 1390 voce
710 1347 926 1404 magna,
959 1330 1411 1403 quemadmodum
1452 1348 1572 1386 cum
1602 1331 1688 1387 leo
1717 1332 1876 1402 rngit.
1912 1330 1980 1386 Et
2010 1346 2134 1387 cum

534 1426 847 1495 clamasset,
884 1426 1062 1481 locuta
1095 1434 1219 1480 sunt
1268 1436 1475 1496 septem
1510 1425 1745 1481 tonitrua
1791 1438 1953 1480 voces
1985 1439 2133 1480 suas.

538 1519 602 1575 Et
631 1533 752 1595 cum
779 1518 957 1574 locuta
984 1517 1209 1574 fuissent
1257 1526 1467 1597 septem
1503 1508 1741 1573 tenitrua
1795 1530 1958 1573 voces
1986 1531 2132 1584 suas,

536 1629 637 1686 ego
667 1614 968 1685 scripturus
1012 1626 1160 1667 eram
1207 1630 1217 1665 :
1250 1623 1305 1668 et
1351 1611 1534 1668 audivi
1573 1628 1758 1668 vocem
1787 1612 1854 1669 de
1881 1611 2021 1668 caelo
2051 1611 2135 1667 di-

535 1718 750 1783 centem
786 1706 964 1764 mihi:
1018 1705 1181 1778 Signa
1226 1721 1345 1777 quae
1395 1707 1571 1777 locuta
1616 1694 1968 1777 sunt'scptem
2000 1704 2139 1761 toni-

2237 472 2635 559 tibus'corpora
2666 503 2852 544 eorum
2888 503 2981 558 per
3031 495 3145 544 tres
3191 488 3309 545 dies
3341 472 3395 545 et
3422 472 3743 560 dimidium;
3778 501 3853 565 et,

2234 594 2463 649 corpora
2492 595 2680 636 eorum
2713 597 2818 637 non
2849 581 3031 638 sinent
3063 583 3189 656 poni
3222 584 3278 638 in
3329 587 3720 641 monumentis.
3772 566 3839 656 Et

2235 670 2609 728 inhabitantes
2642 682 2841 730 terram
2872 654 3185 747 gaudebunt
3208 691 3371 748 super
3393 677 3535 747 illos,
3562 687 3615 734 et
3644 654 3845 749 jucun;

2235 766 2534 834 dabuntur;
2568 776 2622 823 et
2662 783 2885 824 munera
2921 768 3133 826 mittent
3184 770 3440 837 invicem,
3486 750 3744 845 quoniam
3782 771 3837 829 bi

2236 858 2344 915 duo
2373 860 2650 931 prophetae
2680 861 3064 917 cruciaverunt
3094 877 3191 919 eos
3218 863 3308 939 qui
3336 862 3653 937 habitabant
3676 846 3844 938 super

2237 962 2457 1011 terram.
2491 953 2556 1009 Et
2587 962 2710 1027 post
2740 953 2856 1011 dies
2895 965 3005 1012 tres
3034 965 3091 1011 et
3119 954 3429 1024 dimidium,
3456 958 3686 1031 spiritus
3707 958 3838 1029 vita:

2236 1059 2265 1101 a
2299 1045 2412 1101 Deo
2440 1044 2663 1101 intravit
2687 1046 2739 1101 in
2772 1062 2867 1103 eos
2892 1065 2905 1101 :
2927 1057 2983 1104 et
3007 1057 3276 1106 steterunt
3299 1065 3465 1129 super
3493 1049 3658 1121 pedes
3680 1065 3837 1118 suos,

2237 1147 2291 1195 et
2316 1139 2477 1195 timor
2507 1155 2734 1212 magnus
2765 1141 2963 1197 cecidit
2984 1156 3148 1213 super
3174 1157 3267 1197 eos
3296 1142 3389 1215 qui
3423 1142 3681 1199 viderunt
3711 1158 3831 1200 eos.

2239 1233 2613 1291 Etaudierunt
2640 1250 2828 1292 vocem
2857 1250 3103 1307 magnam
3136 1235 3205 1291 de
3234 1236 3374 1293 caelo
3405 1236 3677 1292 dicentem
3712 1237 3793 1293 eis
3821 1252 3838 1311 ς

2238 1327 2533 1385 Ascendite
2563 1327 2686 1383 huc.
2715 1327 2783 1384 Et
2805 1328 3169 1385 ascenderunt
3200 1329 3252 1384 in
3280 1330 3476 1387 malum
3512 1330 3563 1384 in
3598 1329 3765 1396 nube,
3786 1338 3845 1403 et

2238 1416 2495 1478 viderunt
2542 1421 2661 1479 illos
2711 1422 2919 1479 inimici
2949 1439 3163 1480 eorum.
3201 1412 3267 1479 Et
3296 1426 3350 1480 in
3378 1425 3469 1480 illa
3499 1425 3630 1479 hora
3663 1424 3842 1480 factus

2239 1525 2324 1572 est
2350 1526 2698 1573 terraemotus
2728 1532 2975 1589 magnus,
3008 1525 3062 1574 et
3087 1518 3299 1574 decima
3328 1534 3456 1588 pars
3486 1518 3725 1574 civitatis
3755 1533 3852 1574 ce-

2238 1609 2407 1681 cidit;
2440 1620 2495 1667 et
2521 1596 2698 1667 occisa
2730 1620 2857 1667 sunt
2878 1611 2931 1666 in
2964 1620 3278 1666 terrasmotu
3312 1611 3529 1666 nomina
3561 1611 3845 1668 hominum

2239 1714 2445 1777 septem
2499 1705 2698 1773 millia;
2729 1717 2782 1763 et
2833 1705 3025 1777 reliqui
3071 1704 3126 1761 in
3161 1707 3411 1761 timorem
3439 1715 3564 1761 sunt
3589 1705 3761 1773 missi,
3792 1714 3851 1762 et

538 1814 679 1867 trua,
731 1812 789 1858 et
827 1801 939 1857 noli
990 1816 1053 1857 ea
1105 1801 1372 1857 scribere.
1409 1800 1473 1856 Et
1511 1794 1756 1872 angelus,
1806 1800 1966 1871 quem
2025 1799 2136 1869 vidi
2172 1793 2211 1889 ρ
2241 1796 2757 1869 dederuntgluriam
2797 1796 2905 1852 Deo
2932 1796 3078 1853 cteli.
3118 1794 3215 1851 Vae
3243 1795 3539 1852 secundum
3573 1795 3708 1853 abiit
3743 1814 3756 1850 :
3791 1784 3850 1883 et

538 1905 774 1953 stantem
807 1911 975 1967 super
1006 1910 1177 1963 mare,
1212 1905 1264 1950 et
1308 1910 1472 1966 super
1524 1903 1746 1961 terram,
1779 1893 1971 1950 levavit
2023 1909 2138 1947 ma-

540 2007 667 2048 num
697 2005 850 2045 suam
883 1989 950 2045 ad
996 1990 1196 2045 coelum
1229 2007 1243 2046 :
1286 1998 1341 2046 et
1375 1989 1582 2060 juravit
1632 1990 1739 2063 per'
1761 1990 2034 2046 viventem
2083 1990 2135 2044 in

539 2086 739 2143 sreeula
775 2084 1122 2153 saeculorum,
1180 2084 1268 2155 qui
1323 2072 1771 2163 creavitcmlum,
1824 2093 1880 2139 et
1908 2098 1970 2138 ea
2017 2097 2137 2152 qua:

543 2183 595 2236 in
625 2196 690 2237 eo
745 2188 908 2247 sunt;
957 2188 1012 2235 et
1060 2190 1288 2245 terram,
1338 2187 1392 2233 et
1437 2168 1661 2249 eaquae
1700 2178 1752 2233 in
1783 2193 1843 2234 ea
1877 2188 2035 2244 sunt;
2084 2164 2140 2233 et

544 2264 712 2341 mare,
748 2283 801 2329 et
828 2289 889 2329 ea
937 2288 1059 2343 qua:
1091 2272 1143 2327 in
1172 2287 1237 2328 eo
1265 2277 1391 2325 sunt
1420 2290 1431 2325 :
1486 2270 1617 2341 Quia
1661 2279 1873 2351 tempus
1898 2285 2004 2325 non
2033 2269 2139 2351 erit

540 2370 774 2437 amplius
807 2384 821 2423 :
861 2375 887 2404 ι
918 2365 1016 2422 sed
1048 2366 1102 2421 in
1135 2364 1325 2421 diebus
1357 2368 1506 2421 vocis
1534 2364 1751 2435 septimi
1782 2346 1983 2434 angeli,
2010 2346 2135 2420 cum

540 2458 766 2531 coeperit
789 2458 912 2515 tuba
935 2472 1155 2527 canere,
1187 2457 1655 2513 consummabitur
1676 2458 1989 2529 mysterium
2015 2448 2135 2527 Dei,

543 2555 683 2610 sicut
734 2554 1125 2625 evangelizavit
1170 2568 1264 2624 per
1310 2554 1498 2609 servos
1555 2567 1684 2609 suos
1723 2552 2037 2627 prolihetas.
2072 2552 2139 2609 Et

541 2646 723 2703 audivi
747 2661 937 2702 vocem
969 2645 1037 2701 de
1058 2646 1198 2702 C(BIO
1238 2645 1431 2702 iterum
1464 2632 1778 2718 loquentein
1806 2661 2040 2715 mecum,
2084 2654 2141 2703 et

541 2738 814 2797 dicentem
852 2757 868 2798 :
900 2739 1071 2808 Vade,
1094 2748 1151 2795 et
1178 2739 1361 2811 accipe
1388 2738 1588 2795 librum
1618 2724 1861 2811 apertum
1887 2740 1953 2796 de
1976 2755 2139 2825 manu

543 2831 726 2904 angeli
759 2830 954 2889 stantis
980 2845 1145 2902 super
1172 2845 1344 2899 mare,
1379 2839 1436 2887 et
1460 2843 1624 2899 super
1664 2840 1889 2886 terram.
1924 2829 1993 2886 Et
2028 2828 2139 2886 abii

542 2924 608 2981 ad
628 2923 904 2996 angelum,
930 2922 1115 2979 dicens
1136 2924 1209 2989 ei,
1236 2931 1292 2978 ut
1322 2923 1479 2980 daret
1514 2923 1644 2980 mihi
1679 2923 1896 2992 librum,
1928 2932 1985 2981 et
2004 2904 2142 2980 dixit

543 3019 720 3074 mihi:
764 3016 967 3089 Accipe
1019 3016 1241 3086 librum,
1294 3025 1349 3072 et
1400 3017 1599 3073 devora
1647 3017 1850 3075 illum:
1892 3024 1948 3073 et
1978 3012 2141 3074 faciet

543 3115 844 3170 amaricare
868 3124 1115 3169 ventrem
1146 3122 1317 3179 tuum,
1374 3113 1472 3170 sed
1502 3112 1555 3168 in
1581 3126 1677 3169 ore
1707 3121 1800 3169 tuo
1846 3111 1948 3169 erit
1979 3112 2139 3169 dulce

2240 1904 2369 1945 ecce
2394 1905 2474 1943 vm
2492 1890 2709 1944 tertium
2725 1890 2906 1945 veniet
2926 1890 3053 1945 cito.
3076 1887 3144 1945 Et
3171 1889 3439 1959 septimus
3460 1889 3688 1959 angelus
3714 1870 3845 1979 tubq'

2238 1983 2466 2048 cecinit;
2520 1992 2574 2055 et
2621 1981 2777 2038 facta:
2806 1990 2931 2036 sunt
2972 1996 3134 2037 voces
3163 1996 3373 2053 magna:
3402 1981 3455 2037 in
3485 1981 3628 2037 coelo
3654 1980 3849 2035 dicen-

2240 2084 2320 2133 tes
2351 2093 2365 2131 :
2397 2075 2621 2132 Factum
2645 2085 2729 2132 est
2756 2089 2980 2147 regnum
3008 2074 3170 2146 hujus
3198 2073 3409 2143 mundi,
3428 2074 3643 2130 Domini
3670 2056 3847 2131 nostri

2239 2180 2293 2228 et
2346 2171 2542 2228 Christi
2591 2171 2730 2241 ejus,
2783 2182 2838 2227 et
2869 2168 3118 2241 regnabit
3164 2170 3215 2225 in
3248 2171 3448 2227 saecula
3481 2170 3839 2229 saeculorum.

2241 2266 2433 2319 Amen.
2467 2262 2535 2318 Et
2563 2263 2751 2334 viginti
2780 2269 3013 2335 quatuor
3043 2264 3289 2320 seniores
3327 2263 3418 2336 qui
3450 2265 3502 2319 in
3529 2274 3835 2335 conspectu

2243 2358 2335 2414 Dei
2379 2356 2507 2432 [313.
2540 2355 2775 2429 Domini]
2808 2356 2998 2413 sedent
3029 2356 3083 2412 in
3110 2356 3331 2413 sedibus
3357 2359 3486 2423 suis,
3522 2357 3865 2414 (cciderunt-

2240 2451 2294 2507 in
2319 2449 2487 2507 facies
2513 2465 2665 2517 suas,
2691 2458 2747 2506 et
2775 2448 3140 2505 adoraverunt
3165 2432 3365 2518 Deum,
3390 2448 3637 2506 dicentes
3664 2468 3678 2505 :
3701 2448 3849 2507 Gra-‘

2242 2543 2343 2601 tias
2373 2548 2583 2616 agimus
2617 2544 2737 2613 tibi,
2769 2543 2999 2600 Domine
3036 2542 3180 2599 Deus
3211 2542 3578 2616 omnipotens,
3621 2545 3716 2617 qui
3756 2560 3842 2616 es,
3876 2591 3880 2597 .

2241 2648 2293 2694 et
2324 2639 2413 2710 qui
2441 2653 2587 2707 eras,
2615 2647 2671 2693 et
2698 2637 2791 2709 qui
2818 2646 3080 2693 venturus
3110 2652 3169 2692 es
3202 2654 3216 2691 :
3250 2638 3375 2710 quia
3422 2630 3683 2719 accepisti
3726 2634 3851 2694 viréa

2243 2744 2410 2791 tutem
2434 2743 2579 2790 tuam
2612 2749 2885 2808 magnam,
2913 2742 2968 2791 et
2992 2733 3251 2805 regnasti.
3288 2732 3355 2790 Et
3384 2732 3537 2813 iratae
3560 2743 3685 2789 sunt
3715 2751 3852 2805 gen-

2244 2832 2417 2899 tes,'et
2440 2828 2660 2884 advenit
2679 2827 2757 2883 ira
2781 2837 2894 2896 tua,
2916 2838 2970 2884 et
3002 2840 3215 2899 tempus
3232 2836 3572 2883 mortuorum
3588 2827 3849 2901 judicari,

2242 2933 2298 2980 et
2328 2923 2556 2980 reddere
2605 2922 2909 2979 mercedem
2950 2920 3121 2978 servis
3165 2920 3269 2977 tuis
3300 2916 3603 2997 prophetis,
3634 2930 3690 2979 et
3717 2912 3850 2977 san-1

2241 3018 2365 3085 etis,
2396 3025 2449 3072 et
2481 3016 2800 3072 timentibus
2835 3029 3033 3072 nomen
3080 3024 3229 3073 tuum
3261 3015 3473 3088 pusillis
3504 3027 3559 3071 et
3609 2998 3849 3090 magnis,

2244 3118 2294 3167 et
2319 3098 2713 3167 exterminandi
2756 3125 2851 3166 eos
2881 3113 2971 3182 qui
3014 3121 3372 3185 corruperunt
3402 3112 3421 3186 [
3448 3111 3553 3167 Ms.
3585 3104 3847 3168 corrumi

545 3217 818 3280 tamquam
852 3209 985 3264 mel.
1026 3208 1093 3263 Et
1118 3208 1302 3279 accepi
1327 3207 1522 3263 librum
1545 3208 1615 3264 de
1661 3218 1824 3262 manu
1856 3195 2053 3279 angeli,
2084 3217 2135 3263 ct
2163 3202 2209 3271 C
2246 3203 2629 3278 punt]terram.
2659 3205 2983 3277 Etapertum
3003 3216 3086 3262 est
3108 3194 3367 3279 templum
3388 3207 3480 3263 Dei
3517 3206 3755 3278 incmlo,
3787 3217 3850 3265 et

544 3300 806 3358 devoravi
854 3301 1004 3358 illum
1037 3318 1052 3357 :
1080 3310 1134 3357 et
1178 3310 1301 3358 erat
1332 3303 1383 3357 in
1413 3316 1507 3358 ore
1560 3317 1683 3358 meo
1712 3310 1984 3374 tamquam
2033 3280 2139 3357 mei
2174 3296 2179 3301 ’

544 3394 726 3462 dulce,
759 3400 955 3450 etcum
986 3394 1332 3451 devorassem
1364 3409 1510 3464 eum,
1542 3396 1866 3451 amaricatus
1898 3406 1981 3451 est
2010 3388 2142 3451 venl

544 3500 626 3546 ter
652 3505 803 3547 meus
833 3508 848 3558 ;
877 3500 927 3547 et
957 3490 1093 3546 dixit
1120 3490 1283 3547 mihi:
1317 3490 1543 3561 Oportet
1573 3499 1625 3546 te
1669 3492 1860 3546 iterum
1890 3492 2131 3562 pr0plte~

509 3623 519 3632 .
550 3593 665 3640 tare
677 3585 948 3656 gentibus,
969 3593 1022 3639 et
1039 3584 1269 3656 populis,
1298 3593 1352 3641 et
1376 3580 1589 3656 linguis,
1614 3592 1671 3641 et
1694 3584 1912 3656 regibus
1934 3583 2137 3641 multis.

618 3676 769 3751 [ϐαρ.
801 3675 915 3749 XL]
943 3678 1007 3733 Et
1029 3676 1183 3732 datus
1205 3687 1288 3734 est
1312 3679 1441 3734 mihi
1470 3677 1713 3735 calamus
1734 3678 1929 3734 similis
1954 3664 2138 3749 virgae,

550 3782 603 3827 et
624 3765 827 3827 dictum
859 3780 945 3826 est
973 3770 1103 3826 mihi
1134 3788 1150 3826 :
1182 3771 1375 3842 Surge,
1401 3780 1458 3829 et
1488 3771 1684 3828 metire
1727 3772 1987 3843 templum
2020 3772 2139 3841 Dei,

548 3875 599 3919 et
631 3864 820 3933 altare,
854 3874 906 3920 et
928 3863 1220 3920 adorantes
1242 3864 1370 3938 [Με.
1393 3862 1721 3936 habitantes]
1745 3863 1798 3919 in
1822 3879 1907 3920 eo.
1926 3863 2143 3920 Atrium

550 3964 752 4022 autem,
777 3955 918 4026 quod
954 3964 1037 4011 est
1096 3953 1227 4011 foris
1262 3956 1550 4027 templum,
1604 3954 1742 4026 ejice
1776 3953 1941 4020 foras,
1994 3964 2047 4011 et
2076 3968 2144 4012 ne

550 4049 790 4104 metiaris
822 4047 953 4104 illud
982 4066 994 4103 :
1026 4050 1281 4120 quoniam
1323 4049 1506 4104 datum
1546 4059 1629 4104 est
1658 4048 1933 4120 gentibus,
1978 4054 2034 4103 et
2066 4047 2147 4102 cl-'-

548 4143 769 4199 vitatem
817 4151 1062 4198 sanctam
1121 4142 1409 4205 calcahunt
1457 4143 1738 4198 mensibus
1789 4140 2145 4215 quadraginta

552 4235 763 4291 duobus
796 4254 807 4288 :
840 4247 897 4291 et
918 4235 1060 4291 dabo
1082 4234 1293 4291 duobus
1328 4235 1557 4292 testibus
1598 4236 1758 4302 meis,
1815 4242 1872 4290 et
1905 4237 2141 4306 prophe-

554 4329 746 4384 tabunt
782 4329 975 4385 diebus
1018 4330 1166 4387 mille
1193 4329 1445 4385 ducentis
1476 4329 1780 4400 sexaginta,
1823 4328 2004 4385 amicti
2033 4344 2146 4386 sac-

548 4422 646 4477 cis.
681 4422 744 4477 lli
774 4432 901 4478 sunt
927 4423 1048 4478 dure
1079 4421 1259 4491 olivae,
1294 4429 1352 4479 et
1407 4421 1515 4478 duo
1567 4420 1889 4478 candelabra
1924 4421 1978 4477 in
2010 4436 2143 4477 con-

548 4523 738 4586 Spectu
768 4516 982 4573 Domini
1014 4528 1179 4573 terra:
1209 4525 1435 4574 stantes.
1464 4516 1529 4572 Et
1567 4517 1613 4573 si
1639 4517 1759 4588 quis
1788 4517 2027 4575 voluerit
2051 4532 2146 4573 eos

2245 3300 2357 3355 visa
2386 3311 2470 3355 est
2493 3316 2614 3355 arca
2650 3303 2955 3356 tesmmenti
2997 3300 3154 3372 ejusb
3175 3302 3226 3357 in
3254 3301 3453 3374 templo
3474 3300 3611 3371 ejus,
3631 3314 3682 3358 et
3709 3301 3853 3359 facta

2244 3402 2370 3449 sunt
2392 3393 2684 3463 fulgura,ct
2698 3408 2882 3462 voces,
2897 3403 2950 3449 et
2964 3403 3385 3463 terrmmotus,et
3402 3395 3609 3466 grando
3628 3378 3852 3465 magna;

2319 3487 2473 3563 [Cap.
2499 3488 2643 3562 Xll.]
2675 3490 2739 3545 Et
2767 3490 2978 3561 signum
3010 3506 3262 3562 magnum
3298 3493 3547 3563 apparuit
3576 3492 3629 3547 in
3655 3494 3798 3548 caelo
3831 3484 3849 3546 ἑ

2244 3581 2434 3637 Mulier
2461 3582 2653 3638 amicta
2685 3583 2821 3647 sole,
2854 3590 2911 3639 et
2941 3583 3064 3638 luna
3092 3583 3194 3639 sub
3222 3582 3448 3656 pedibus
3496 3585 3636 3657 ejus,
3690 3595 3747 3641 et
3792 3582 3852 3643 in'

2245 3674 2422 3746 capite
2448 3676 2565 3746 ejus
2590 3666 2791 3731 corona
2820 3677 3101 3733 stellarum
3131 3676 3458 3746 duodecim;
3487 3689 3543 3735 et
3579 3680 3633 3734 in
3686 3691 3851 3737 utero

2246 3767 2472 3832 habens.
2515 3768 2787 3824 clamabat
2816 3772 3149 3841 parturiens,
3198 3779 3254 3827 et
3293 3772 3643 3827 cruciabatur
3670 3782 3728 3828 ut
3753 3756 3857 3844 pa;

2248 3846 2373 3918 r'iat.
2433 3862 2504 3919 Et
2549 3863 2723 3919 visum
2785 3860 3039 3921 estaliud
3089 3866 3299 3937 signum
3339 3852 3393 3921 iri
3424 3866 3567 3922 coelo
3595 3886 3606 3920 :
3635 3877 3690 3923 et
3717 3852 3855 3925 ecce

2247 3959 2413 4015 draco
2436 3973 2659 4030 magnus
2685 3957 2860 4027 rufus,
2894 3959 3102 4016 habens
3124 3962 3297 4032 capita
3324 3968 3535 4032 septem
3566 3971 3620 4017 et
3641 3950 3851 4018 cornua

2248 4052 2472 4119 decem,
2525 4061 2579 4107 et
2622 4052 2674 4108 in
2720 4053 2992 4125 capitibus
3038 4053 3155 4123 ejus
3196 4054 3501 4111 diademata
3528 4064 3853 4125 septem;et

2248 4146 2414 4203 cauda
2444 4146 2561 4217 ejus
2594 4145 2843 4202 trahebat
2879 4147 3092 4202 tertiam
3125 4146 3339 4217 partem
3379 4149 3661 4205 stellarum
3693 4140 3847 4220 (celi,

2248 4248 2303 4296 et
2333 4238 2479 4295 misit
2507 4255 2598 4296 eas
2630 4241 2682 4295 in
2706 4246 3015 4297 'terramzet
3038 4238 3204 4299 draco
3232 4243 3385 4299 stetit
3412 4252 3538 4300 ante
3560 4242 3850 4302 muliereni

2250 4347 2370 4404 qua:
2399 4341 2518 4387 erat
2543 4333 2807 4402 paritura,
2834 4342 2893 4388 ut
2918 4347 3041 4388 eum
3075 4334 3394 4405 peperisset,
3415 4336 3582 4392 filium
3609 4336 3728 4409 ejus
3752 4324 3853 4395 de;

2249 4434 2486 4480 voraret.
2540 4423 2600 4480 Et
2649 4426 2862 4497 peperit
2901 4425 3070 4482 illium
3103 4427 3425 4496 masculum,
3458 4412 3565 4500 qui
3596 4440 3855 4489 recturus

2250 4524 2367 4573 erat
2393 4531 2583 4574 omnes
2609 4527 2801 4589 gentes
2824 4518 2876 4573 in
2899 4519 3044 4591 virga
3072 4519 3280 4587 ferrea;
3304 4530 3359 4578 et
3375 4531 3562 4593 raptus
3591 4533 3675 4580 est
3704 4524 3853 4583 ﬁlius

549 4624 768 4679 nocere,
804 4609 945 4680 ignis
975 4610 1121 4668 exiet
1164 4609 1233 4667 de
1263 4625 1359 4668 ore
1386 4626 1596 4679 eorum,
1642 4621 1696 4669 et
1728 4609 2011 4667 devorabit
2042 4598 2144 4666 ini-
2170 4606 2224 4673 D
2248 4611 2367 4683 ejus
2397 4612 2462 4666 ad
2495 4612 2661 4667 Deum
2686 4622 2738 4669 et
2764 4611 2833 4667 ad
2866 4610 3117 4668 thronum
3143 4614 3295 4683 ejus;
3331 4623 3387 4671 et
3416 4616 3612 4672 mulier
3634 4616 3770 4690 fugit
3795 4619 3850 4675 in

548 4705 967 4761 micoseornm:
1018 4711 1079 4762 et
1117 4709 1161 4762 si
1207 4708 1327 4779 quis
1371 4708 1604 4764 voluerit
1650 4722 1745 4765 eos
1792 4708 2009 4775 laedere,
2064 4708 2141 4765 sic

546 4805 759 4867 Oportet
789 4814 911 4854 eum
939 4798 1135 4854 occidi.
1179 4798 1242 4855 Hi
1280 4800 1477 4857 habent
1504 4809 1829 4872 potestatem
1854 4792 2145 4859 claudendi

544 4891 791 4959 cmlum,
875 4907 942 4948 ne
1006 4894 1154 4962 pluat
1223 4886 1414 4949 diebus
1483 4893 1787 4966 prejihetite
1838 4888 2076 4966 ipsorum
2127 4913 2143 4950 :

545 4994 600 5039 et
659 4991 987 5056 potestatem
1054 4983 1258 5042 habent
1324 4999 1488 5057 super
1558 4986 1728 5057 aquas
1790 4987 2145 5044 convertendi

545 5090 638 5132 cas
700 5077 755 5131 in
812 5076 1183 5149 sanguinem,
1239 5086 1293 5135 et
1358 5087 1643 5149 percutere
1711 5087 1916 5135 terram
1996 5079 2145 5135 omni

546 5169 700 5242 plaga
743 5170 1189 5242 quotiescumque
1246 5170 1541 5227 voluerint.
1600 5170 1668 5226 Et
1724 5184 1844 5227 cum
1905 5170 2143 5228 finierint

547 5263 910 5318 testimonium
941 5276 1119 5329 suum,
1156 5262 1327 5319 bestia
1365 5280 1485 5334 qua:
1537 5264 1781 5321 ascendit
1820 5263 1889 5321 de
1942 5266 2142 5338 abysso

544 5353 708 5410 faciet
734 5355 1023 5411 adversum
1050 5371 1147 5412 eos
1175 5355 1399 5425 bellum,
1432 5366 1487 5413 et
1515 5357 1699 5413 vincet
1728 5357 1874 5422 illos,
1906 5369 1960 5414 et
1988 5356 2138 5415 occi-

544 5446 638 5502 det
658 5458 771 5503 e0s.
803 5448 871 5504 Et
888 5463 1119 5519 corpora
1149 5463 1339 5507 eorum
1364 5449 1622 5521 jaeebunt
1650 5449 1703 5506 in
1728 5449 1919 5523 plateis
1944 5450 2139 5507 civita-

545 5538 615 5594 tis
647 5554 877 5611 magnre,
904 5556 1025 5613 quze
1057 5551 1282 5599 vocatur
1300 5542 1654 5613 spiritualiter
1681 5542 1938 5615 Sodoma,
1966 5553 2020 5601 et
2041 5544 2140 5601 ΑΞ-

540 5642 761 5707 gyptus,
819 5634 910 5691 ubi
948 5644 1007 5691 et
1033 5635 1296 5694 Dominus
1357 5652 1544 5693 eorum
1591 5637 1885 5695 cruciﬁxus
1925 5648 2030 5695 est.
2071 5638 2139 5695 Et

616 5785 643 5819 ι
673 5775 781 5832 Pro
808 5775 899 5832 sed
918 5776 981 5849 in
1005 5775 1184 5832 diebus
1212 5776 1372 5849 vocis,
1395 5786 1527 5846 etc.,I
1558 5776 1717 5835 habet
1747 5786 1933 5838 noster
1961 5792 2061 5836 ms.
2095 5787 2143 5836 et

542 5849 645 5907 vidi
674 5867 728 5905 m
750 5850 854 5921 ﬁne
875 5847 1031 5919 vocis,
1055 5858 1160 5904 etc.

2250 4706 2617 4774 solitudinem,
2655 4705 2746 4762 ubi
2796 4704 3031 4761 habebat
3069 4707 3242 4762 locum
3275 4720 3525 4780 paratum
3556 4726 3586 4764 a
3619 4709 3757 4777 Deo,
3790 4719 3853 4767 ut

2249 4800 2323 4855 ibi
2356 4808 2581 4869 pascant
2607 4806 2725 4854 eam
2752 4798 2944 4855 diebus
2982 4799 3129 4855 mille
3161 4799 3409 4857 ducentis
3439 4802 3744 4875 sexaginta.
3782 4802 3854 4859 Et

2249 4892 2450 4948 factum
2498 4901 2576 4947 est
2614 4891 2857 4963 praelium
2898 4906 3149 4963 magnum
3203 4892 3255 4948 in
3304 4893 3446 4951 coelo
3476 4914 3487 4948 :
3519 4893 3756 4951 Michael
3794 4902 3851 4952 et

2248 4982 2424 5056 angeli
2447 4968 2566 5054 ejus
2598 4974 2983 5054 prreliabantur
3006 4999 3128 5039 cum
3162 4970 3425 5054 dracone,
3465 5000 3517 5042 et
3546 4986 3718 5043 draco
3747 4988 3853 5058 pu-‘

2249 5077 2469 5148 gnabat,
2492 5084 2549 5131 et
2575 5077 2748 5147 angeli
2773 5077 2921 5148 ejus;
2950 5087 3002 5133 et
3034 5092 3141 5132 non
3164 5078 3451 5134 valuerunt
3477 5078 3606 5151 (Ms.
3629 5095 3849 5149 praeva-

2249 5158 2507 5242 luerunt],
2540 5185 2715 5242 neque
2743 5170 2897 5226 locus
2926 5172 3176 5226 inventus
3198 5180 3281 5227 est
3307 5187 3494 5227 eorum
3518 5174 3759 5243 amplius
3792 5174 3848 5229 in
3940 5183 3949 5195 ‘

2249 5264 2410 5320 cmlo.
2438 5263 2503 5319 Et
2536 5263 2813 5335 projectus
2843 5272 2928 5319 est
2968 5263 3134 5320 draco
3185 5264 3276 5320 ille
3325 5280 3572 5337 magnus,
3616 5280 3852 5336 serpens

2248 5360 2520 5431 antiquus,
2567 5359 2657 5428 qui
2688 5365 2910 5413 vocatur
2953 5356 3219 5428 diabolus,
3254 5369 3309 5414 ct
3338 5358 3591 5428 Satanas,
3622 5360 3719 5431 qui
3753 5374 3849 5415 se-

2246 5453 2396 5510 ducit
2416 5455 2731 5510 universum
2758 5451 2947 5509 orbem
2972 5468 2987 5519 ;
3017 5463 3071 5509 et
3101 5452 3375 5525 proiectus
3424 5446 3509 5510 est
3535 5455 3585 5508 in
3620 5463 3849 5522 terram,

2246 5555 2301 5603 et
2326 5546 2502 5617 angeli
2532 5545 2795 5616 ejuscum
2826 5544 2918 5599 illo
2951 5545 3103 5601 missi
3135 5555 3281 5601 sunt.
3312 5544 3380 5601 Et
3432 5545 3610 5601 audiri
3651 5562 3850 5604 vocem

2246 5655 2497 5713 magnam
2526 5640 2579 5694 in
2603 5640 2742 5695 coelo
2768 5638 3075 5695 dicentem:
3103 5639 3257 5696 Nunc
3296 5638 3435 5695 facta
3475 5649 3558 5696 est
3579 5639 3752 5711 salus,
3792 5652 3851 5701 et

2322 5775 2351 5816 ι’
2385 5775 2555 5835 Voces
2576 5776 2633 5833 in
2662 5776 2853 5847 templo
2881 5776 2993 5849 ejus
3016 5786 3201 5837 uoster
3230 5794 3338 5843 ms.
3380 5780 3539 5841 tacet.
