4128 6330
257 326 351 384 861

1232 325 1291 380 Β.
1333 322 1615 414 JOA'NNIS
1655 323 1994 416 APOSTOLI
2034 325 2520 420 A‘DOCALYPSiS.

3448 339 3554 410 86?.

255 441 529 508 virtus,et
550 453 773 512 regnum
801 438 894 495 Dei
915 440 1180 508 nostri,et
1204 447 1443 510 potestas
1470 439 1672 496 Christi
1703 441 1849 510 ejus;
1880 444 1926 506 A
1957 415 2143 501 dice-ns
2174 415 2548 526 habitantibus
2588 448 2643 504 in
2665 456 2816 506 terra
2844 460 2900 507 ut
2923 451 3122 532 faciant
3147 453 3431 525 imaginem
3459 455 3553 522 be-

254 535 380 606 quia
415 533 688 604 projectus
716 542 798 589 est
825 541 1110 591 accusator
1139 532 1364 589 fratrum
1396 544 1732 604 nostrorum,
1759 535 1850 606 qui

253 627 547 683 accusabat
579 626 700 682 illos
723 633 851 681 ante
872 627 1338 696 conSpectumDei
1362 615 1534 682 nostri
1566 627 1652 683 die
1677 641 1741 682 ac
1765 622 1854 683 ηοξ

253 731 360 779 ete.
397 722 464 778 Et
495 721 599 794 ipsi
628 719 876 778 vicerunt
904 736 1030 777 eum
1075 730 1297 792 prepter
1343 722 1658 792 sanguinem
1690 722 1849 793 Agni,

253 827 308 874 et
331 825 560 890 propter
588 816 814 874 verbum
862 815 1166 872 testimonii
1190 816 1306 882 sui;
1341 825 1394 872 et
1423 801 1527 871 non
1551 815 1856 873 dilexerunt

251 913 464 966 animas
493 924 616 964 suas
639 921 814 980 usque
854 908 923 964 ad
953 915 1207 964 mortem.
1239 908 1533 979 Propterea
1569 909 1850 979 laetamini,

249 1006 398 1073 coeli,
424 1013 478 1061 et
498 1005 592 1076 qui
639 1004 896 1059 habitatis
923 1003 978 1059 in
1011 1001 1113 1059 eis.
1145 1003 1238 1059 Vae
1267 1012 1424 1060 terrae
1450 1014 1504 1060 et
1535 1004 1693 1072 mari,
1727 999 1854 1075 quia

249 1098 535 1156 descendit
579 1097 827 1154 diabolus
880 1097 948 1154 ad
977 1113 1100 1164 vos,
1134 1097 1340 1154 habens
1393 1099 1528 1153 iram
1577 1087 1847 1170 magnam,

248 1195 434 1250 sciens
465 1193 607 1265 quod
652 1191 926 1248 modicum
968 1200 1184 1263 tempus
1235 1193 1416 1249 habet.
1468 1192 1536 1248 Et
1565 1202 1848 1264 postquam

249 1289 388 1344 vidit
417 1289 581 1345 draco
602 1288 750 1360 quod
781 1287 1055 1359 proiectus
1086 1300 1230 1343 esset
1255 1289 1306 1342 in
1338 1297 1560 1356 terram,
1599 1271 1856 1358 persecu-l

251 1393 335 1438 tus
366 1394 452 1440 est
478 1384 760 1440 mulierem
780 1397 899 1454 quae
912 1380 1122 1453 peperit
1144 1382 1537 1446 masculum,et
1563 1382 1702 1437 datm
1726 1390 1852 1438 sunt

244 1479 462 1535 mulieri
487 1479 586 1534 alae
616 1477 736 1533 duae
779 1477 976 1549 aquilae
1004 1493 1234 1546 magnae,
1260 1487 1316 1533 ut
1344 1480 1550 1533 volaret
1583 1478 1633 1532 in
1659 1480 1846 1535 deser-

247 1581 359 1628 ttun
391 1572 444 1627 in
468 1572 646 1627 locum
679 1586 866 1638 suum;
900 1569 990 1626 ubi
1043 1571 1205 1626 alitur
1257 1586 1356 1640 per
1379 1580 1598 1642 tempus
1631 1581 1686 1628 et
1714 1560 1854 1628 tem?

242 1681 397 1734 pora,
433 1671 489 1721 et
525 1665 806 1720 dimidium
841 1667 1122 1736 temporis,
1179 1680 1208 1719 a
1272 1665 1409 1722 facie
1455 1668 1747 1736 serpentis.
1779 1665 1848 1722 Et

244 1760 396 1813 misit
425 1773 653 1829 serpens
684 1772 749 1814 ex
779 1773 874 1813 ore
899 1755 998 1813 suo
1022 1768 1144 1829 post
1173 1758 1457 1814 mulierem
1482 1775 1677 1830 aquam
1713 1761 1850 1830 tam}

1953 537 2074 594 sua:
2102 554 2220 609 qua:
2250 539 2413 595 habet
2442 540 2648 613 plagam
2677 537 2864 614 gladii,
2896 551 2951 618 et
2981 545 3134 630 vixit.
3162 545 3229 630 Et
3258 535 3446 604 datum
3469 557 3552 605 est

1953 631 2031 688 illi
2059 643 2116 688 ut
2157 632 2310 689 daret
2340 629 2588 705 spiritum
2620 637 2841 708 imagini
2872 623 3084 705 bestiae,
3104 623 3186 694 “et
3210 649 3268 695 ut
3297 642 3548 712 loquatur

1955 717 2130 797 imago
2159 725 2383 794 bestiaa;
2409 737 2464 783 et
2495 729 2654 784 faciat
2684 737 2740 785 ut
2781 722 3107 810 quicumque
3145 747 3250 788 non
3286 733 3550 791 ador-ave-

1953 818 2065 874 rint
2117 815 2407 889 imaginem
2441 820 2631 877 bestiae
2683 813 3023 880 occidantur.
3055 827 3121 881 Et
3166 824 3330 882 faciet
3361 842 3552 886 omnes

1954 909 2200 979 pusillos,
2230 918 2284 966 et
2313 925 2558 982 magnos,
2590 924 2648 969 et
2667 912 2888 982 divites,
2934 923 2988 972 et
3018 911 3303 988 pauperes,
3338 930 3392 974 et
3421 907 3555 976 Iibeé

1952 1019 2066 1072 ros,
2097 1013 2148 1059 et
2175 1018 2386 1074 servos,
2416 1004 2622 1062 habere
2649 1005 3020 1064 characterem
3051 1010 3102 1064 in
3134 1008 3359 1066 dextera
3391 995 3552 1068 manu

1952 1083 2071 1163 sua,
2097 1089 2268 1150 autin
2301 1095 2570 1152 frontibus
2603 1095 2734 1154 Suis.
2784 1097 2856 1154 Et
2903 1115 2973 1156 ue
3021 1098 3142 1171 quis
3168 1103 3340 1172 possit
3367 1119 3552 1162 emere

1951 1198 2043 1245 aut
2068 1188 2328 1255 vendere,
2361 1175 2468 1245 nisi
2492 1189 2770 1262 qui-habet
2811 1193 3208 1264 characterem,
3242 1204 3552 1264 autnomen

1950 1268 2164 1347 bestiae,
2205 1290 2299 1336 aut
2353 1296 2637 1337 numerum
2679 1282 2916 1339 nominis
2947 1284 3086 1354 ejus.
3131 1262 3233 1340 Hic
3285 1262 3551 1356 sapientia

1950 1384 2055 1432 est.
2069 1374 2170 1444 Qui
2189 1373 2352 1430 habet
2371 1374 2708 1430 intellectum
2729 1360 3005 1447 computet
3019 1392 3304 1434 numerum
3336 1378 3547 1436 bestiae.

1950 1468 2219 1525 Numerus
2243 1467 2391 1524 enim
2417 1467 2651 1524 hominis
2674 1477 2777 1536 est,
2797 1478 2850 1525 et
2877 1484 3135 1526 numerus
3156 1469 3274 1541 ejus
3308 1470 3551 1528 sexcenti

1950 1566 2232 1638 sexaginta
2263 1581 2382 1623 sex.

2021 1661 2173 1737 [(Ῐαρ.
2203 1660 2370 1733 XlV.]
2401 1661 2467 1717 Et
2490 1660 2722 1738 vidizet
2772 1675 2899 1718 ecce
2931 1661 3114 1732 Agnus
3159 1660 3338 1717 stabat
3383 1675 3548 1731 supra
3603 1643 3606 1645 ’

1951 1767 2190 1816 montem
2215 1758 2369 1825 Sion,
2391 1766 2448 1814 et
2470 1773 2592 1814 cum
2625 1773 2690 1814 eo
2703 1765 2920 1814 centum
2946 1756 3299 1828 quadraginta
3322 1755 3553 1826 quatuor

241 1847 406 1926 quam
436 1854 658 1921 flumen,
693 1861 752 1910 ut
773 1868 892 1909 eam
933 1851 1132 1910 faceret
1167 1853 1302 1908 trahi
1327 1868 1356 1908 a
1384 1853 1624 1908 flumine.
1651 1852 1719 1908 Et
1742 1843 1925 1934 ad-B‘
1948 1853 2137 1920 millia,
2172 1851 2436 1908 habentes
2469 1867 2666 1928 nomen
2693 1852 2832 1922 ejus,
2876 1861 2932 1906 et
2973 1867 3170 1934 nomen
3212 1851 3388 1906 Patris
3419 1851 3540 1920 ejus

236 1949 392 2021 juvit'
423 1956 568 2017 terra
611 1948 921 2013 mulierem,
971 1955 1026 2003 et
1071 1945 1285 2017 aperuit
1315 1955 1457 2002 terra
1485 1962 1546 2002 os
1575 1961 1754 2012 suum,
1791 1947 1845 2003 et

243 2045 530 2099 absorbuit
588 2047 787 2102 ﬂumen
829 2043 972 2114 quod
1023 2043 1169 2099 misit
1196 2043 1362 2098 draco
1390 2041 1457 2098 de
1486 2058 1581 2098 ore
1611 2057 1710 2100 suo
1745 2061 1758 2097 :
1789 2037 1856 2099 et'

243 2136 414 2191 iratus
445 2119 715 2192 estldraco
743 2137 793 2192 iu
811 2137 1118 2203 mulierem,
1145 2144 1200 2192 et
1229 2136 1359 2190 abiit
1387 2135 1564 2191 facere
1596 2135 1839 2206 praelium

241 2246 366 2285 cum
397 2230 621 2302 reliquis
647 2229 712 2286 de
735 2229 943 2284 semine
974 2228 1092 2300 ejus
1119 2228 1209 2300 qui
1237 2227 1550 2282 custodiunt
1591 2227 1842 2282 mandata

240 2323 331 2378 Dei
359 2333 413 2379 et
442 2322 641 2379 habent
673 2323 1042 2398 testimonium
1073 2309 1203 2378 .lesu
1225 2321 1446 2398 Christi.
1477 2321 1543 2377 Et
1574 2321 1726 2377 stetit
1750 2311 1850 2376 su?

240 2432 333 2488 pra
359 2432 581 2473 arenam
617 2416 803 2471 maris.

311 2499 464 2584 map.
493 2509 656 2583 Xlll.]
684 2511 747 2566 Et
777 2509 890 2566 vidi
914 2509 981 2566 de
1011 2511 1145 2565 mari
1172 2510 1397 2566 besﬁam
1428 2509 1837 2576 ascendentem,

238 2606 533 2662 habentem
557 2606 734 2676 capita
757 2615 963 2676 septem
994 2612 1049 2659 et
1083 2591 1290 2660 cornua
1317 2602 1528 2668 decem,
1577 2615 1631 2660 et
1675 2618 1841 2674 super

237 2714 444 2755 ent-nua
471 2698 586 2774 ejus
615 2698 803 2754 decem
831 2697 1157 2767 diademata,
1193 2705 1246 2754 et
1275 2689 1439 2768 super
1488 2697 1663 2767 capita
1719 2695 1842 2774 ejus

238 2789 462 2846 nomina
486 2790 860 2861 blasphemia}.
880 2791 945 2845 Et
973 2789 1146 2846 bestia
1168 2805 1327 2860 quam
1354 2789 1463 2845 vidi
1493 2788 1686 2843 similis
1718 2795 1837 2844 erat

237 2881 434 2955 pardo,
467 2896 517 2940 et
542 2884 705 2955 pedes
728 2885 846 2954 ejus
877 2885 1014 2940 sicut
1046 2885 1211 2956 pedes
1235 2884 1369 2958 ursi,
1393 2893 1446 2939 et
1474 2882 1535 2938 os
1562 2884 1681 2954 ejus
1697 2883 1838 2940 sicut

241 2994 302 3032 os
330 2978 527 3033 leonis.
553 2977 619 3032 Et
650 2977 794 3032 dedit
834 2978 907 3032 illi
955 2979 1118 3032 draco
1145 2977 1396 3032 virtutem
1429 2993 1578 3032 suam
1609 2987 1661 3031 et
1683 2985 1838 3048 pote-

238 3080 436 3127 statem
471 3070 1132 3140 magnam.Etvidiunum
1161 3069 1229 3126 de
1248 3069 1514 3140 capitibus
1545 3071 1656 3124 suis
1679 3070 1834 3142 quasi

235 3165 482 3220 occisum
517 3169 570 3218 in
603 3173 869 3229 mortem;
901 3172 955 3218 et
977 3164 1130 3235 plaga
1162 3149 1358 3219 mortis
1379 3164 1495 3235 ejus
1527 3177 1712 3219 curata
1729 3173 1834 3221 est.

1946 1947 2208 2018 scriptum
2245 1947 2296 2002 in
2329 1945 2599 2003 frontibus
2627 1947 2758 2002 suis.
2790 1946 2856 2001 Et
2887 1945 3068 2000 audivi
3096 1929 3283 2001 vocem
3316 1945 3384 2001 de
3412 1929 3550 2002 cmlo

1949 2047 2222 2110 tamquam
2250 2055 2444 2096 vocem
2498 2054 2760 2110 aquarum
2789 2038 3104 2105 multarum,
3160 2046 3216 2093 et
3271 2037 3555 2109 tamquam"

1945 2147 2130 2187 vocem
2162 2130 2387 2187 tonitrui
2419 2133 2596 2204 magni
2626 2151 2639 2200 ;
2681 2140 2736 2189 et
2762 2147 2952 2188 vocem
2981 2148 3140 2204 quam
3169 2132 3371 2204 audivi,
3409 2129 3548 2189 sicut

1945 2225 2360 2280 citharaedorum
2390 2224 2826 2282 citharizantium
2856 2226 2908 2281 in
2937 2223 3163 2280 citharis
3191 2225 3406 2279 snis.Et
3426 2231 3550 2280 can:

1945 2319 2132 2376 tabaut
2169 2319 2322 2390 quasi
2381 2321 2655 2375 canticum
2699 2335 2923 2387 novum,
2955 2327 3082 2374 ante
3113 2318 3299 2374 sedem
3336 2328 3392 2374 et
3421 2327 3548 2375 aute

1944 2424 2177 2482 quatuor
2221 2412 2474 2502 animOalia
2512 2422 2566 2468 et
2597 2412 2870 2480 seniores;
2920 2421 2972 2468 et
3022 2423 3182 2467 nemo
3221 2419 3434 2481 poterat
3463 2412 3547 2467 di-

1943 2521 2066 2563 cere
2096 2506 2390 2582 canticum,
2422 2505 2521 2560 nisi
2554 2505 2644 2560 illa
2675 2514 2893 2561 centum
2926 2503 3283 2576 quadraginta
3310 2513 3544 2580 quatuor

1943 2598 2115 2654 millia
2139 2585 2229 2670 qui
2254 2599 2422 2668 empti
2445 2608 2572 2653 sunt
2594 2599 2662 2654 de
2693 2607 2860 2653 terra.
2887 2595 2955 2652 Hi
2987 2605 3114 2652 sunt
3143 2596 3236 2668 qui
3257 2611 3379 2652 eum
3420 2583 3541 2652 mu;

1944 2691 2170 2748 lieribus
2210 2705 2318 2747 non
2358 2683 2485 2748 sunt
2533 2691 2869 2762 coinquinati
2902 2709 2914 2744 :
2947 2690 3185 2761 virgines
3215 2690 3358 2746 enim
3390 2697 3540 2747 sunt.

1942 2787 2008 2842 I-li
2037 2795 2341 2857 sequuntur
2363 2785 2574 2858 Agnum
2605 2799 2948 2862 quocumque
2973 2783 3116 2840 ierit.
3148 2781 3212 2838 ili
3236 2783 3402 2854 empti
3422 2790 3548 2840 sunt

1942 2867 2009 2940 ex
2044 2882 2355 2939 hominibus
2405 2880 2656 2952 primitiae
2708 2879 2822 2936 Deo
2850 2891 2902 2936 et
2934 2880 3109 2950 Agno.
3142 2879 3210 2934 Et
3237 2879 3290 2934 in
3320 2867 3414 2934 ere
3445 2870 3544 2934 eo-'

1941 2993 2060 3032 rum
2115 2992 2220 3031 non
2274 2983 2358 3032 est
2417 2975 2698 3030 inventum
2739 2973 3118 3040 mendacium,
3180 2973 3299 3028 sine
3329 2972 3538 3028 macula

1941 3071 2085 3128 enim
2116 3080 2242 3125 sunt
2273 3079 2398 3126 ante
2429 3067 2685 3124 thronum
2721 3069 2834 3124 Dei.
2865 3069 2932 3124 Et
2976 3067 3086 3122 vidi
3117 3066 3348 3148 alterum
3381 3077 3546 3137 angcé

1943 3165 2054 3219 lum
2085 3163 2357 3220 volantem
2385 3147 2482 3235 per
2511 3162 2748 3219 medium
2777 3162 2924 3234 caeli,
2955 3147 3244 3216 habentem
3297 3159 3542 3232 Evange-

242 3260 310 3315 Et
350 3259 610 3315 admirata
632 3267 718 3315 est
737 3260 992 3315 universa
1019 3269 1160 3314 terra
1193 3267 1314 3330 post
1335 3258 1596 3326 bestiam;
1628 3269 1679 3315 et
1703 3259 1836 3313 ado-
1867 3241 1913 3306 Ο
1945 3260 2074 3316 lium
2130 3267 2416 3327 aeternum,
2459 3267 2517 3314 ut
2570 3257 2972 3335 evangelizaret
3009 3255 3322 3311 sedentibus
3378 3268 3542 3325 super

236 3364 502 3410 raverunt
550 3355 844 3412 draconem
891 3352 982 3424 qui
1021 3352 1165 3410 dedit
1193 3361 1513 3422 potestatem
1544 3351 1753 3418 chtiae,
1787 3361 1842 3407 et

237 3450 604 3504 adoraverunt
627 3449 881 3514 bestiam,
914 3448 1159 3504 dicentes
1193 3466 1205 3501 :
1238 3447 1369 3516 Quis
1399 3447 1591 3502 similis
1619 3446 1841 3502 bestiae?

240 3544 442 3628 etquis
476 3543 673 3629 poterit
700 3558 940 3615 pugnare
968 3557 1088 3597 cum
1118 3541 1216 3597 ea?
1247 3541 1313 3596 Et
1336 3540 1520 3595 datum
1571 3551 1654 3596 est
1702 3540 1751 3594 ei
1779 3555 1840 3596 os

242 3638 470 3705 lepiens
501 3651 691 3708 magna
723 3645 775 3692 et
821 3635 1215 3706 blasphemias;
1257 3642 1312 3689 et
1349 3633 1470 3689 data
1525 3641 1612 3688 est
1663 3632 1713 3690 ei
1745 3647 1840 3703 po-

245 3738 411 3785 testas
437 3728 618 3784 facere
649 3744 861 3784 menses
893 3727 1248 3800 quadraginta
1300 3727 1457 3781 duos.
1518 3725 1584 3780 Et
1628 3717 1839 3795 aperuit

251 3839 312 3876 ts
340 3838 500 3878 suum
537 3823 588 3877 in
611 3821 978 3893 blasphemias
1008 3821 1074 3875 ad
1110 3821 1296 3882 Deum,
1328 3813 1714 3888 blasphemare
1744 3833 1842 3872 no-

251 3931 373 3970 men
407 3897 550 3985 ejus,
596 3923 650 3969 et
702 3913 1104 3968 tabernaculum
1138 3911 1276 3983 ejus,
1316 3921 1368 3967 et
1390 3926 1485 3966 eos
1506 3910 1678 3981 quiin
1699 3911 1844 3986 coelo

247 4007 606 4063 habitant.Et
635 4014 717 4062 est
744 4005 928 4061 datum
951 4005 1030 4060 illi
1053 4005 1250 4060 bellum
1271 4004 1450 4060 facere
1481 4019 1602 4083 cum
1636 4005 1842 4060 sanctis

244 4112 298 4157 et
330 4102 554 4157 vincere
578 4115 703 4166 eos;
729 4107 782 4156 et
805 4098 930 4155 data
958 4107 1044 4155 est
1065 4099 1145 4154 illi
1176 4106 1414 4170 potestas
1441 4098 1493 4154 in
1517 4113 1733 4155 omnem
1755 4100 1845 4154 tri-

243 4196 396 4261 bum,
426 4203 481 4250 et
511 4193 792 4264 pupulum,
816 4201 872 4248 et
900 4192 1155 4262 linguam,
1191 4199 1247 4248 et
1271 4200 1486 4262 gentem
1517 4208 1530 4246 :
1565 4200 1622 4248 et
1650 4191 1843 4248 adora-

203 4281 210 4286 “
247 4275 599 4360 νει-ιιῑιιείιῐη
624 4302 812 4360 omnes
829 4287 915 4356 qui
953 4283 1330 4342 inhabitabant
1353 4295 1575 4354 terram,
1608 4301 1840 4357 quorum

246 4398 352 4437 non
383 4392 507 4436 sunt
534 4381 730 4452 scripta
774 4380 992 4435 nomina
1019 4379 1072 4433 in
1113 4379 1254 4434 libro
1283 4379 1418 4434 Vitae
1446 4379 1603 4451 Agni,
1629 4379 1721 4450 qui
1750 4393 1842 4434 oc-

245 4481 394 4533 eisus
419 4484 504 4532 est
531 4477 599 4531 ab
623 4475 832 4546 origine
858 4473 1066 4529 mundi.
1094 4472 1149 4530 Si
1181 4474 1301 4543 quis
1321 4474 1483 4530 habet
1513 4489 1719 4542 aurem,
1745 4490 1840 4530 auo

245 4570 382 4624 dial.
409 4567 511 4648 Qui
535 4568 586 4623 in
619 4565 1242 4638 captivitatemduxerit,
1271 4567 1321 4620 in
1348 4567 1716 4636 captivitatem
1747 4583 1840 4623 va-

1945 3363 2167 3423 terram,
2192 3365 2244 3411 et
2269 3369 2431 3425 super
2459 3368 2676 3410 omnem
2715 3362 2952 3422 gentem,
2987 3359 3042 3407 et
3070 3350 3295 3416 tribum,
3344 3358 3400 3406 et
3437 3349 3543 3405 litt-

1941 3465 2125 3521 guam,
2151 3460 2204 3504 et
2230 3449 2510 3518 pepulum,
2543 3448 2738 3515 dicens
2765 3461 2954 3518 magna
2983 3461 3116 3502 voce
3147 3463 3162 3502 :
3195 3446 3408 3501 Timete
3437 3445 3544 3500 Do-

1943 3535 2170 3608 minum,
2196 3549 2249 3597 et
2276 3541 2399 3597 date
2431 3541 2508 3597 illi
2545 3540 2829 3607 honorem,
2873 3536 2994 3609 quia
3026 3539 3173 3595 venit
3201 3523 3332 3594 hora
3356 3537 3548 3608 judicii

1943 3637 2091 3706 ejus;
2151 3644 2208 3690 et
2264 3635 2487 3706 adorate
2533 3649 2654 3688 eum
2686 3634 2774 3704 qui
2806 3632 2932 3688 fecit
2962 3632 3179 3700 coelum,
3215 3642 3268 3688 et
3317 3641 3543 3701 terram,

1945 3722 2174 3794 1fmare,
2208 3736 2261 3782 et
2287 3727 2470 3783 fontes
2502 3743 2784 3798 aquarum.
2816 3725 2883 3781 Et
2911 3724 3049 3779 alius
3071 3725 3296 3795 angelus
3330 3713 3548 3781 secutus

1942 3833 2046 3890 est,
2074 3823 2260 3878 dicens
2293 3839 2306 3876 :
2335 3819 2562 3888 Cecidit,
2587 3819 2783 3876 cecidit
2817 3819 3058 3892 Babylon
3087 3819 3178 3874 illa
3202 3834 3396 3890 magna
3426 3811 3548 3890 quae

1943 3936 1972 3976 a
2002 3911 2127 3976 vino
2172 3920 2266 3977 irae
2311 3917 2686 3976 fornicationis
2733 3931 2845 3972 sua:
2876 3914 3085 3987 potavit
3114 3928 3302 3970 omnes
3329 3921 3540 3984 gentes.

1945 4015 2014 4072 Et
2037 4017 2229 4072 tertius
2253 4015 2480 4086 angelus
2520 4023 2740 4070 secutus
2771 4021 2856 4067 est
2886 4007 3029 4088 illos,
3061 4009 3250 4065 dicens
3271 4022 3405 4063 voce
3437 4022 3552 4062 ma-

1943 4126 2046 4182 gna
2091 4128 2104 4165 :
2153 4111 2209 4165 Si
2240 4105 2362 4182 quis
2400 4097 2712 4163 adoraverit
2737 4104 2970 4162 bestiam
2999 4111 3054 4160 et
3083 4093 3372 4174 imaginem
3399 4099 3544 4173 ejus,

1945 4212 1999 4262 et
2032 4185 2306 4275 acceperit
2331 4201 2701 4258 characterem
2735 4201 2788 4255 in
2830 4198 3011 4254 fronte
3035 4212 3130 4253 sua
3162 4204 3257 4252 aut
3281 4197 3336 4251 in
3383 4211 3547 4252 manu

1944 4314 2064 4366 sua,
2116 4306 2171 4354 et
2216 4295 2306 4353 hic
2350 4295 2499 4352 bibet
2525 4294 2594 4352 de
2621 4294 2746 4349 vino
2775 4277 2870 4348 irae
2893 4286 3016 4358 Dei,
3049 4289 3192 4361 quod
3221 4289 3438 4344 mistum
3467 4297 3551 4346 est

1945 4408 2096 4448 mero
2121 4391 2173 4446 in
2198 4389 2366 4446 calice
2391 4379 2487 4445 ira:
2515 4388 2703 4460 ipsius,
2735 4396 2791 4442 et
2821 4375 3170 4442 cruciabitur'
3193 4385 3314 4454 igne
3341 4391 3397 4439 et
3419 4369 3548 4440 sul-'

1947 4479 2120 4558 phure
2144 4485 2195 4540 in
2220 4493 2512 4554 conspectu
2537 4471 2848 4552 angelorum
2863 4488 3178 4535 sanctorum
3193 4485 3246 4534 et
3266 4488 3392 4534 ante
3414 4494 3542 4534 con-

1945 4589 2188 4647 Spectum
2230 4576 2399 4647 Agni;
2424 4585 2480 4631 et
2503 4575 2684 4630 fumus
2713 4579 3106 4629 tormentorum
3130 4586 3318 4627 eorum
3345 4586 3540 4627 ascen-

247 4663 541 4736 det;quiin
565 4662 746 4734 gladio
768 4661 1052 4740 occiderit,
1081 4659 1629 4731 oporteteumgladio
1647 4660 1841 4716 occidi.
1876 4647 1925 4746 ρ
1953 4659 2045 4726 (ιρι
2075 4671 2127 4725 Ῐη
2155 4669 2353 4725 εωουῐει
2375 4667 2720 4733 saeculorum,
2751 4654 2848 4722 uec
2880 4651 3087 4721 habent.
3108 4665 3351 4737 requiem
3375 4664 3460 4720 die
3484 4681 3550 4720 ac

247 4759 350 4816 llic
379 4767 464 4814 est
511 4757 768 4830 patientia
799 4765 855 4812 et
895 4755 1030 4812 ﬁdes
1058 4763 1388 4812 sanctorum.
1444 4755 1507 4809 Et
1553 4754 1661 4810 vidi
1690 4755 1849 4830 aliam
1881 4747 1912 4758 ”

246 4854 480 4928 bestiam
509 4852 894 4930 ascendentem
925 4850 995 4907 de
1027 4858 1192 4915 terra,
1238 4835 1307 4905 et
1327 4849 1566 4916 habebat
1597 4847 1722 4921 [Ms.
1758 4837 1852 4904 ha-

247 4946 495 5020 hentem]
523 4961 724 5002 cornua
749 4945 855 5000 duo
877 4945 1077 5000 similia
1104 4945 1262 5016 Agni,
1291 4952 1344 4998 et
1368 4943 1692 5014 loquebatur
1713 4943 1854 4999 sicut

251 5042 447 5108 draco;
490 5050 545 5097 et
594 5048 915 5112 potestatem
975 5038 1170 5111 prioris
1219 5037 1402 5093 bestiae
1445 5053 1661 5094 omnem
1694 5037 1855 5094 facie-

252 5136 343 5191 bat
377 5136 429 5209 in
451 5147 745 5207 conspectu
793 5134 911 5206 ejus
951 5151 965 5200 ;
1003 5141 1061 5190 et
1101 5127 1464 5188 fecit‘terram
1493 5142 1548 5188 et
1599 5125 1852 5189 habitan-

255 5240 336 5287 tes
361 5232 414 5288 in
454 5247 517 5288 ea
546 5231 773 5285 adorare
801 5230 1031 5286 bestiam
1081 5230 1331 5300 primam,
1358 5229 1512 5300 cujus
1539 5238 1725 5284 curata
1769 5217 1852 5286 est

254 5328 412 5398 plaga
447 5326 643 5380 mortis
659 5335 704 5379 θ.
737 5325 804 5380 Et
826 5324 951 5380 fecit
976 5323 1125 5396 signa
1152 5339 1365 5395 magna,
1397 5335 1453 5378 ut
1481 5322 1642 5379 etiam
1674 5323 1849 5394 ignem

257 5420 460 5474 faceret
508 5416 576 5472 de
626 5417 766 5472 coelo
796 5415 1129 5472 descendere
1157 5418 1209 5469 in
1242 5424 1444 5471 terram
1479 5417 1531 5470 in
1556 5421 1851 5484 conspectu

227 5560 229 5563 .
257 5512 564 5566 hominum.
597 5509 665 5564 Et
687 5507 901 5565 seduxit
925 5508 1233 5564 habitantes
1263 5509 1317 5564 in
1349 5517 1512 5576 terra,
1535 5517 1758 5579 prepter
1781 5509 1854 5564 si-

255 5620 362 5676 gna
392 5619 512 5674 quae
539 5602 660 5657 data
688 5611 814 5658 sunt
864 5601 938 5657 illi
967 5601 1145 5658 facere
1187 5603 1240 5659 in
1295 5612 1593 5674 conspectu
1640 5603 1850 5673 bestia),

332 5747 357 5775 ει
391 5735 554 5794 Addit
585 5744 774 5792 noster
814 5751 917 5792 ms.
951 5743 997 5790 et
1019 5735 1162 5804 vixit,
1198 5734 1339 5806 quod
1381 5744 1465 5794 est
1503 5751 1568 5792 ex
1612 5737 1856 5797 inferiori

257 5819 520 5869 contextu
552 5809 656 5864 huc
686 5809 970 5864 adscitum.

331 5882 360 5924 δ
391 5881 498 5942 Pro
524 5879 707 5940 verbis
728 5897 870 5938 mare
897 5890 948 5938 et
985 5881 1149 5956 fontes
1177 5897 1455 5956 aquarum,
1504 5884 1855 5956 quemadmo.

1956 4753 2114 4848 nocte
2139 4748 2226 4835 qui
2249 4764 2611 4818 adoraverunt
2636 4747 2864 4816 bestiam
2887 4769 2938 4816 et
2962 4755 3250 4832 imaginem
3279 4760 3417 4831 ejus,
3433 4761 3552 4818 etsi

1910 4866 1914 4870 ‘
1956 4857 2073 4928 quis
2096 4856 2749 4928 acceperitcharacterem
2769 4852 3003 4908 nominis
3021 4854 3162 4924 ejus.
3182 4853 3278 4909 llic
3294 4853 3552 4924 patientia

1957 4960 2269 5006 sanctorum
2315 4959 2396 5004 est
2420 4949 2508 5020 qui
2556 4937 2868 5004 custodiunt
2907 4947 3161 5002 mandata
3191 4946 3284 5002 Dei
3313 4956 3366 5002 et
3395 4945 3556 5000 fidem

1959 5029 2183 5100 Jesu.Et
2203 5041 2379 5098 audivi
2407 5057 2593 5098 vocem
2610 5041 2677 5098 de
2702 5031 2840 5097 ccelo
2863 5041 3134 5097 dicentem
3153 5039 3284 5095 mihi
3305 5058 3315 5093 :
3333 5039 3554 5095 Scribe:
3606 5115 3608 5118 τ

1959 5122 2328 5192 Βεθιίἰηοτῑιιί
2359 5137 2452 5208 qui
2498 5136 2550 5191 in
2583 5135 2811 5191 Domino
2843 5135 3166 5190 moriuntur.
3199 5129 3413 5188 Amodo
3439 5133 3553 5201 jam

1957 5232 2086 5287 dicit
2116 5231 2349 5302 Spiritus
2389 5238 2449 5284 ut
2469 5229 2816 5298 requiescant
2839 5245 2866 5282 a
2897 5229 3178 5283 laboribus
3201 5226 3313 5281 suis
3339 5243 3352 5292 ;
3386 5240 3555 5296 Opera

1957 5328 2102 5383 enim
2125 5309 2342 5382 illorum
2367 5333 2672 5396 sequuntur
2704 5309 2847 5380 illos.
2883 5322 2951 5378 Et
2977 5321 3086 5376 vidi
3112 5330 3162 5377 et
3195 5336 3323 5376 ecce
3353 5319 3550 5374 nubem

1957 5420 2342 5494 candidam,et
2370 5433 2534 5494 super
2561 5418 2760 5472 nubem
2803 5415 3081 5472 sedentem
3132 5414 3369 5470 similem
3416 5412 3556 5469 Filio

1959 5499 2218 5583 hominis,
2262 5512 2548 5569 habentem
2599 5513 2652 5566 in
2699 5510 2874 5582 capite
2897 5525 2995 5564 suo
3025 5523 3283 5563 coronam
3310 5495 3554 5576 auream,

1961 5616 2015 5664 et
2045 5608 2094 5664 in
2120 5621 2281 5664 manu
2311 5621 2407 5661 sua
2432 5605 2623 5674 falcem
2653 5614 2889 5658 acutam.
2927 5600 2994 5656 Et
3021 5600 3159 5656 alius
3193 5599 3418 5670 angelus
3448 5597 3564 5654 exi-

1965 5742 2090 5797 dum
2113 5750 2168 5797 et
2194 5742 2246 5796 in
2271 5740 2477 5797 Graecis
2498 5740 2702 5808 aliquot
2729 5739 2879 5794 libris
2901 5746 2984 5794 est
3006 5741 3089 5794 καὶ
3115 5739 3353 5795 πάντατὰ
3367 5740 3564 5804 αὐτοῖς,

1967 5823 2153 5899 noster
2179 5829 2396 5888 quoque
2425 5821 2527 5869 ms”.
2562 5811 2745 5883 habet,
2776 5819 2824 5866 et
2855 5812 3028 5866 omnia
3051 5827 3167 5886 qua:
3193 5811 3246 5881 in
3283 5811 3353 5866 eis
3384 5821 3524 5866 sunt.
