4128 6330
619 371 725 432 865

1619 381 1677 440 s.
1724 383 2108 443 menonvm
2147 386 2376 445 DlVlNA
2419 382 2890 451 BlBLlUTHECA.
3133 378 3163 383 “
3197 384 3244 410 λα
3262 386 3332 440 λετ

3799 397 3906 456 εει

621 466 701 546 vit
728 488 797 546 de
828 490 1052 564 templo,
1077 491 1320 552 clamans
1345 511 1478 554 voce
1503 513 1693 572 magna
1723 500 1792 556 ad
1819 499 2100 560 sedentem
2126 517 2214 558 su-
2238 505 2288 565 Α
2320 496 2345 542 ι»
2373 505 2441 560 ab
2480 505 2636 562 altari
2659 507 2929 566 dicentem
2958 527 2970 565 :
2993 509 3190 581 Etiam,
3228 509 3456 566 Domine
3489 510 3630 567 Deus
3650 512 3907 582 omnipo-

618 595 718 651 per
753 581 953 640 nubem
985 600 1001 640 :
1032 584 1184 644 Mitte
1209 587 1404 646 falcem
1439 601 1585 647 tuam
1630 599 1687 648 et
1713 602 1879 663 mete,
1909 594 2036 666 quia
2065 595 2216 652 venit

532 700 535 704 -
617 672 752 731 hora
799 686 857 732 ut
914 687 1171 748 metatur,
1202 684 1460 752 quoniam
1497 687 1641 741 aruit
1673 687 1868 744 messis
1923 696 2100 747 terrae.
2147 691 2215 747 Et

628 765 775 824 misit
807 769 896 838 qui
938 769 1164 828 sedebat
1208 788 1370 845 super
1395 778 1592 833 nubem
1628 777 1819 837 falcem
1842 797 1994 839 suam
2030 785 2082 839 in
2107 794 2210 842 ter-

619 875 759 928 ram,
789 872 844 918 et
871 862 1119 922 demessa
1145 878 1228 923 est
1250 877 1419 925 terra.
1451 871 1516 927 Et
1536 873 1673 930 alius
1701 877 1928 948 angelus
1951 879 2116 935 exivit
2143 880 2212 938 de

617 955 823 1026 templo
839 957 984 1027 quod
1007 967 1090 1016 est
1117 959 1169 1016 in
1194 962 1357 1030 cmlo,
1393 964 1600 1023 habens
1620 977 1674 1025 et
1694 969 1811 1039 ipse
1854 970 2046 1029 falcem
2077 988 2206 1030 acu-

618 1053 750 1104 tam.
784 1047 851 1104 Et
879 1050 1016 1107 alius
1046 1053 1272 1126 angelus
1320 1057 1484 1115 exivit
1525 1059 1592 1118 de
1622 1062 1800 1131 altari,
1835 1064 1926 1135 qui
1977 1064 2215 1123 habebat

615 1149 937 1213 poteSIatem
966 1157 1127 1216 supra
1160 1149 1368 1220 ignem;
1403 1163 1455 1207 et
1485 1153 1739 1210 clamavit
1762 1171 1895 1212 voce
1916 1173 2108 1230 magna
2138 1159 2206 1216 ad

613 1249 735 1292 eum
758 1235 1104 1307 quihabebat
1131 1238 1323 1299 falcem
1354 1246 1791 1311 acutam,dicens
1808 1266 1821 1303 :
1840 1249 1988 1306 Mitte
2011 1251 2204 1308 falcem

613 1335 758 1384 tuam
794 1339 1029 1397 acutam,
1055 1341 1111 1390 et
1136 1333 1404 1393 vindemia
1433 1337 1622 1396 botros
1664 1343 1836 1399 vineae
1864 1353 2043 1412 terrae,
2072 1362 2206 1417 quo-

611 1421 756 1478 niam
779 1431 1004 1482 maturae
1025 1437 1154 1484 sunt
1175 1445 1294 1485 uvae
1322 1432 1462 1503 ejus.
1482 1433 1548 1490 Et
1577 1437 1724 1493 misit
1752 1439 1978 1510 angelus
2007 1439 2203 1498 falcem

609 1527 761 1570 suam
791 1526 1004 1573 acutam
1026 1519 1081 1576 in
1123 1529 1358 1591 terram,
1382 1535 1438 1581 et
1466 1526 1816 1586 vindemiavit
1847 1533 2057 1589 vineam
2093 1545 2202 1591 ter-

611 1621 709 1677 rae,
741 1617 796 1665 et
823 1609 971 1667 misit
992 1612 1047 1668 in
1076 1613 1254 1671 lacum
1288 1617 1381 1675 irae
1407 1619 1503 1677 Dei
1534 1638 1823 1694 maguum;
1857 1634 1913 1682 et
1960 1629 2202 1687 calcatus

609 1708 693 1756 est
739 1700 888 1760 lacus
918 1713 1071 1762 extra
1101 1707 1398 1779 civitatem,
1429 1722 1482 1769 et
1527 1715 1699 1772 exivit
1740 1719 1962 1790 sanguis
1983 1719 2050 1777 de
2079 1721 2198 1780 lacn

608 1809 777 1872 usque
805 1799 873 1856 ad
897 1799 1080 1860 frenos
1109 1818 1375 1876 equorum
1409 1822 1503 1878 per
1529 1809 1702 1866 stadia
1735 1812 1886 1869 mille
1915 1814 2202 1871 sexcenta.‘

2320 608 2461 665 tens,
2494 615 2623 656 vera
2667 611 2723 658 et
2747 601 2890 672 justa
2935 603 3135 676 judicia
3183 613 3294 660 tua.
3327 604 3395 660 Et
3423 615 3650 676 quartus
3682 605 3912 676 angelus

2315 690 2506 748 effudit
2537 692 2775 765 phialam
2803 712 2955 754 suam
2981 695 3034 754 in
3067 697 3530 766 solem,etdatum
3561 707 3646 756 est
3668 699 3747 754 illi
3768 709 3908 756 aestu

2312 785 2558 858 afﬂigere
2594 788 2939 857 homines,et
2966 791 3074 866 igni
3109 811 3124 854 :
3161 803 3215 852 et
3245 800 3617 854 aestuaverunt
3648 793 3905 850 homines

2312 889 2446 942 testu
2478 896 2697 954 magno,
2725 893 2783 940 et
2812 885 3329 958 blaSphemaverunt
3355 906 3551 952 nomen
3576 887 3671 950 Dei
3701 886 3911 944 haben-

2313 972 2380 1027 tis
2407 983 2730 1042 potestatem
2765 992 2933 1049 super
2967 981 3062 1036 has
3095 983 3304 1056 plagas,
3332 1002 3509 1056 neque
3534 997 3767 1058 egerunt
3791 999 3913 1059 pata

2311 1065 2614 1135 nitentium,
2650 1080 2671 1108 ο
2702 1078 2760 1126 ut
2783 1071 2977 1129 darent
3004 1074 3082 1130 illi
3113 1078 3368 1148 gloriam.
3396 1079 3462 1136 Et
3486 1081 3712 1152 quintus
3741 1096 3910 1152 ange-

2308 1156 2392 1215 lus
2423 1159 2608 1216 eil'udit
2636 1163 2874 1235 phialam
2927 1181 3081 1224 suam
3129 1184 3296 1240 super
3341 1172 3526 1228 sedem
3586 1173 3778 1229 bestiae
3815 1182 3912 1230 :et

2309 1248 2506 1308 faetum
2539 1264 2623 1309 est
2663 1271 2887 1327 regnum
2918 1260 3036 1329 ejus
3063 1263 3433 1332 tenebrosum,
3463 1273 3519 1323 et
3547 1268 3910 1322 commandu-

2305 1354 2562 1401 caverunt
2591 1346 2717 1420 [Ms.
2744 1351 3120 1424 comederunt]
3145 1355 3354 1426 linguas
3378 1371 3505 1412 suas
3538 1372 3648 1426 pra:
3665 1357 3897 1412 dolore:

2305 1446 2361 1492 et
2380 1438 2896 1505 blasphemaverunt
2941 1446 3108 1503 Deum
3154 1448 3305 1515 eteli,
3352 1465 3464 1520 prae
3517 1449 3804 1506 doloribus
3849 1460 3907 1506 et

2306 1531 2622 1589 vulneribus
2650 1533 2836 1602 “suis,
2885 1547 2940 1594 et
2985 1555 3094 1596 non
3143 1551 3374 1612 egerunt
3419 1542 3799 1612 paenitentiam
3833 1558 3902 1597 ex

2304 1625 2560 1694 operibus
2619 1631 2752 1685 suis.
2797 1629 2866 1685 Et
2911 1642 3098 1688 sextus
3149 1634 3372 1703 angelus
3414 1634 3604 1692 ell'ndit
3657 1635 3900 1706 phialam

2302 1733 2455 1774 suam
2489 1721 2540 1777 in
2568 1721 2772 1779 ﬂumen
2799 1724 2932 1782 illud
2962 1742 3214 1796 magnum
3236 1727 3573 1798 Euphratem
3605 1739 3701 1785 :et
3731 1729 3908 1785 sicca-

2303 1809 2380 1867 vit
2422 1828 2615 1883 aquam
2646 1815 2785 1887 ejus,
2817 1826 2875 1872 ut
2897 1829 3296 1891 praepararetnr
3336 1820 3420 1876 \ia
3451 1822 3676 1893 regibus
3709 1821 3782 1877 ab
3815 1838 3908 1877 or-

678 1892 836 1966 [Cap.'
859 1894 1002 1969 XV.]
1030 1896 1100 1954 Et
1131 1898 1236 1954 vidi
1263 1900 1408 1958 aliud
1434 1903 1648 1976 signum
1678 1905 1733 1962 in
1760 1907 1903 1964 caelo
1930 1924 2184 1982 magnum
2227 1904 2275 1966 B
2303 1914 2359 1962 tu
2385 1906 2536 1962 solis.
2572 1908 2638 1964 Et
2666 1909 2772 1966 vidi
2822 1910 2892 1967 de
2933 1929 3028 1970 ore
3065 1912 3345 1983 draconis,
3369 1921 3426 1971 et
3449 1892 3641 1971 defore
3671 1914 3890 1983 bestiae,

602 1995 660 2044 et
680 1988 950 2057 mirabile,
973 1991 1199 2064 angelos
1217 2005 1455 2065 septem,
1489 1996 1751 2056 habentes
1781 2001 1965 2074 plagas
1989 2014 2199 2074 septem

606 2081 950 2139 novissimas.
977 2083 1243 2152 Quoniam
1269 2087 1320 2143 in
1341 2088 1454 2158 illis
1475 2101 1850 2149 consummata
1871 2105 1956 2151 est
1977 2095 2055 2151 ira
2079 2097 2198 2154 Dei.
2233 2163 2240 2168 ,

604 2175 675 2232 Et
702 2176 809 2233 vidi
842 2186 1114 2251 tamquam
1134 2198 1284 2239 mare
1307 2184 1538 2242 vitreum
1572 2187 1788 2244 mistum
1814 2188 1959 2261 igne,
1996 2199 2050 2247 et
2078 2206 2193 2261 eos,

603 2268 694 2340 qui
745 2269 991 2327 vicerunt
1028 2273 1279 2346 bestiam,
1317 2285 1372 2332 et
1412 2277 1702 2351 imaginem
1739 2281 1881 2351 ejus,
1920 2293 1975 2340 et
2003 2301 2196 2341 nume-

611 2375 730 2416 rum
767 2363 1001 2420 nominis
1029 2365 1172 2437 ejus,
1203 2377 1413 2427 stantes
1442 2387 1608 2443 super
1638 2389 1787 2430 mare
1814 2376 2071 2443 vitreum,
2102 2377 2199 2434 ha-

606 2453 797 2511 bentes
845 2458 1084 2514 citharas
1125 2461 1218 2518 Dei
1253 2481 1264 2516 :
1296 2473 1350 2518 et
1379 2474 1662 2523 cantantes
1707 2471 1978 2526 canticum
2023 2470 2196 2544 Moysi

603 2546 748 2601 servi
806 2545 922 2618 Dei,
948 2558 1002 2606 et
1045 2552 1316 2609 canticum
1368 2555 1530 2627 Agni,
1581 2558 1824 2617 dicentes
1857 2579 1872 2617 :
1904 2562 2093 2634 Magna
2143 2571 2199 2619 et

603 2638 880 2696 mirabilia
905 2650 1033 2700 sunt
1061 2661 1225 2716 opera
1258 2657 1368 2719 tua,
1393 2649 1624 2708 Domine
1651 2653 1795 2709 Deus
1812 2655 2192 2725 omnipotens:

599 2726 762 2803 justae
790 2745 845 2791 et
867 2750 1010 2793 vera:
1026 2748 1150 2795 sunt
1169 2740 1270 2796 via:
1298 2751 1424 2811 tuae,
1445 2759 1539 2800 rex
1568 2747 1908 2806 saeculorum.
1934 2748 2065 2818 Quis
2089 2767 2196 2807 non

607 2825 824 2886 timebit
850 2839 923 2902 te,
968 2831 1220 2901 Domine,
1249 2847 1301 2892 et
1346 2839 1714 2910 magnificabit
1759 2858 1956 2900 nomen
2006 2848 2196 2901 tuum?

602 2922 729 2991 quia
760 2925 912 2982 solus
943 2927 1063 2995 pius
1094 2944 1152 2985 es
1185 2945 1200 2986 ε
1229 2933 1483 3002 quoniam
1513 2949 1699 2994 omnes
1731 2949 1920 3009 gentes
1954 2941 2193 3009 venient,

602 3026 660 3077 et
704 3017 1009 3103 adorabunt
1040 3023 1094 3079 in
1138 3037 1435 3098 conspectu
1481 3040 1594 3100 tuo,
1623 3034 1879 3102 quoniam
1909 3033 2038 3108 [Με.
2067 3037 2192 3091 add.

609 3099 1026 3187 omniajjudicia
1059 3127 1147 3175 tua
1177 3122 1460 3179 manifesta
1493 3099 1653 3181 sunt.
1668 3127 1734 3182 Et
1767 3099 2031 3197 posthaec
2061 3131 2191 3198 vidi,

603 3215 661 3261 et
689 3220 814 3262 ecce
841 3220 1089 3279 apertum
1121 3222 1203 3267 cst
1230 3215 1489 3284 templum
1524 3217 1857 3275 tabernaculi
1893 3222 2194 3278 testimonii

2303 2006 2359 2055 et
2386 1998 2453 2053 de
2484 2015 2580 2056 ore
2610 2003 3100 2077 pseudoprophetie
3141 2008 3165 2038 ⁸
3191 2007 3416 2077 spiritus
3445 2015 3562 2064 tres
3591 2008 3907 2066 immundos

2302 2089 2356 2146 in
2406 2092 2625 2149 modum
2673 2110 2953 2153 ranarum.
2987 2097 3129 2158 Sunt
3167 2099 3310 2154 enim
3350 2098 3576 2170 spiritus
3602 2099 3907 2156 daemonio-

2302 2202 2422 2244 rum
2471 2189 2731 2246 facientes
2780 2192 2953 2262 signa,
2987 2200 3045 2248 et
3074 2193 3379 2264 procedunt
3419 2197 3484 2250 ad
3528 2210 3690 2267 reges
3732 2196 3907 2253 totius

2303 2291 2463 2339 terra:
2489 2299 2822 2356 congregare
2853 2286 2977 2342 illos
2999 2286 3054 2342 in
3086 2288 3334 2359 prmlium
3367 2289 3433 2344 ad
3468 2290 3612 2345 diem
3646 2305 3908 2362 magnum

2298 2378 2687 2448 omnipotentis
2719 2379 2838 2435 Dei.
2872 2381 3012 2438 Ecce
3035 2383 3198 2438 venio
3241 2385 3383 2440 sicut
3421 2384 3528 2440 fur.
3569 2386 3772 2442 Beatus
3797 2387 3896 2457 qui

2299 2467 2514 2539 vigilat,
2547 2479 2602 2525 et
2630 2471 2870 2527 custodit
2899 2475 3230 2530 vestimenta
3261 2491 3380 2544 sua,
3415 2493 3482 2534 ne
3505 2478 3682 2534 nudus
3705 2479 3906 2534 ambu-

2301 2561 2398 2631 let,
2427 2571 2480 2618 et
2531 2563 2750 2620 videant
2797 2567 3188 2639 turpitudinem
3243 2572 3386 2640 ejus.
3427 2571 3495 2627 Et
3540 2575 3904 2645 congregahit

2304 2658 2429 2714 illos
2485 2659 2536 2714 in
2590 2661 2790 2730 locum,
2836 2662 2928 2731 qui
2980 2675 3203 2720 vocatur
3253 2665 3518 2724 llebraice
3549 2669 3910 2740 Armagedon

2302 2749 2428 2822 [Με.
2456 2751 2878 2826 llermagedon].
2910 2755 2975 2811 Et
2996 2758 3261 2826 septimus
3282 2759 3509 2828 angelus
3531 2759 3723 2815 eﬂ'ndit.
3751 2761 3912 2832 phia-

2301 2845 2404 2900 lam
2436 2859 2588 2900 suant
2620 2847 2670 2902 in
2703 2861 2908 2918 aerem,
2935 2858 2992 2905 et
3019 2848 3193 2906 exivit
3218 2867 3320 2906 vox
3360 2867 3553 2923 magna
3585 2852 3653 2908 de
3694 2854 3911 2924 templo

2298 2950 2328 2990 a
2358 2937 2573 3004 throno,
2593 2937 2782 2994 dicens
2811 2938 3074 2996 :Factnm
3107 2952 3213 2998 est.
3238 2942 3306 2997 Et
3338 2943 3481 2998 facta
3507 2953 3636 3000 sunt
3660 2943 3904 3017 fulgura,

2299 3039 2354 3085 et
2379 3047 2544 3087 voces
2573 3042 2628 3088 et
2660 3033 2918 3099 tonitrua,
2964 3044 3017 3089 et
3065 3043 3409 3090 terramtotus.
3441 3035 3614 3092 factus
3655 3043 3741 3093 est
3788 3053 3910 3093 ma-

2301 3137 2456 3190 gnus,
2487 3124 2662 3192 qualis
2695 3139 2992 3195 numquam
3026 3125 3147 3194 fuit,
3173 3141 3239 3181 ex
3270 3143 3382 3197 quo
3405 3126 3652 3186 homines
3674 3128 3904 3185 fuerunt

2301 3230 2464 3286 super
2489 3223 2688 3270 terram
2714 3257 2729 3281 ,
2766 3217 2888 3272 talis
2916 3225 3287 3285 terraimotus,
3319 3220 3399 3275 sic
3439 3236 3684 3291 magnus.
3724 3221 3796 3276 Et
3826 3221 3906 3276 fa.

598 3296 655 3354 in
675 3298 819 3368 caelo
850 3317 864 3354 :
894 3308 951 3357 et
979 3303 1233 3360 exierunt
1261 3316 1469 3377 septem
1499 3309 1674 3380 angeli
1702 3310 1964 3368 habentes
1984 3323 2189 3386 septem
2218 3305 2262 3368 C
2295 3318 2380 3366 cta
2414 3319 2496 3366 est
2521 3311 2715 3366 civitas
2737 3328 2925 3381 magna
2954 3314 3005 3367 in
3039 3323 3149 3370 tres
3169 3323 3350 3384 partes
3377 3332 3389 3368 :
3421 3323 3476 3370 et
3495 3315 3746 3370 civitates
3768 3331 3908 3386 gen-

602 3391 789 3463 plagas
832 3392 901 3450 de
947 3397 1172 3467 templo,
1230 3400 1406 3455 vestiti
1465 3401 1576 3457 lino
1605 3402 1731 3476 [Με.
1765 3404 1964 3478 lapide]
1992 3407 2191 3462 mundo

600 3493 657 3542 et
685 3486 938 3555 candido,
961 3499 1014 3545 et
1043 3492 1321 3560 praecincti
1350 3496 1491 3550 circa
1538 3507 1752 3567 pectora
1802 3501 1954 3555 zonis
1983 3502 2182 3556 aureis.

602 3576 671 3634 Et
699 3595 864 3636 unum
888 3580 956 3638 de
987 3594 1224 3653 quatuor
1253 3586 1580 3644 animalibus
1611 3589 1759 3646 dedit
1785 3602 1997 3662 septem
2030 3606 2194 3665 ange-

597 3672 666 3729 lis
704 3683 913 3746 septem
949 3677 1157 3748 phialas
1193 3694 1407 3748 anreas,
1447 3685 1630 3752 plenas
1669 3684 1963 3742 iracundiae
1999 3688 2094 3744 Dei
2117 3687 2195 3742 vi-

594 3768 774 3825 ventis
806 3770 857 3825 in
903 3772 1102 3828 saecula
1138 3775 1488 3831 saeculorum.
1517 3777 1586 3833 Et
1632 3779 1914 3850 impletum
1945 3793 2029 3836 est
2060 3793 2194 3838 tem-

600 3862 744 3934 plum
795 3864 945 3924 fumo
973 3881 1006 3922 a
1052 3868 1336 3938 majestate
1369 3872 1483 3940 Dei,
1515 3883 1567 3929 et
1596 3873 1664 3930 de
1709 3876 1908 3932 virtute
1955 3876 2070 3947 ejus
2097 3895 2108 3931 :
2139 3889 2193 3934 et

596 3971 760 4018 nemo
794 3970 1009 4032 poterat
1047 3961 1274 4021 introire
1315 3967 1368 4022 in
1416 3970 1699 4039 templum,
1730 3971 1908 4028 donec
1941 3987 2192 4030 consum-

593 4062 870 4109 marentur
919 4063 1126 4125 septem
1157 4057 1328 4129 plagae
1355 4074 1564 4131 septem
1596 4065 1931 4136 angelorum.

663 4145 813 4218 [Cap.
843 4147 1009 4221 XVI.]
1035 4150 1102 4206 Et
1128 4152 1308 4208 audivi
1340 4171 1530 4212 vocem
1568 4173 1816 4229 magnam
1852 4161 1918 4216 de
1951 4164 2182 4232 templo,

588 4240 864 4299 dicentem
894 4253 1104 4316 septem
1150 4248 1360 4318 angelis
1389 4268 1402 4303 :
1432 4250 1530 4317 Ite,
1564 4263 1618 4306 et
1667 4253 1926 4310 effundite
1976 4267 2186 4328 septem

591 4325 804 4396 phialas
836 4327 932 4383 ira:
961 4329 1056 4385 Dei
1080 4331 1134 4386 in
1165 4341 1386 4389 terram.
1420 4335 1488 4391 Et
1525 4337 1657 4392 abiit
1698 4341 1928 4408 primus.
1959 4351 2016 4400 et
2041 4325 2185 4400 ειτη-

591 4416 672 4474 dit
696 4417 932 4487 phialam
964 4435 1118 4478 suam
1164 4426 1216 4480 in
1257 4434 1480 4496 terram,
1504 4439 1560 4485 et
1604 4429 1807 4487 factum
1856 4444 1941 4491 est
1992 4437 2186 4493 vulnus

591 4523 796 4567 savum
838 4521 894 4569 et
921 4515 1220 4585 pessimum
1253 4517 1305 4573 in
1335 4518 1604 4590 homines,
1634 4526 1723 4594 qui
1751 4524 2027 4583 habebant
2055 4530 2184 4586 cha-

591 4613 858 4663 racterem
888 4605 1114 4677 bestias;
1141 4619 1198 4666 et
1238 4611 1291 4666 in
1321 4627 1438 4684 eos,
1473 4616 1563 4686 qui
1592 4616 1966 4675 adoravernnt
1995 4623 2184 4694 imagi-

2298 3406 2426 3459 tium
2461 3405 2799 3460 ceciderunt.
2834 3406 2901 3460 Et
2931 3405 3170 3478 Babylon
3203 3422 3394 3478 magna
3425 3409 3568 3464 venit
3601 3409 3654 3462 in
3689 3425 3908 3464 merno-

2298 3496 2433 3552 riam
2455 3508 2579 3552 ante
2612 3496 2808 3563 Deum,
2832 3497 2962 3553 dare
2992 3497 3069 3552 illi
3102 3499 3329 3555 calicem
3353 3500 3463 3554 vini
3497 3500 3906 3571 indignationis

2295 3585 2390 3642 ira:
2419 3587 2558 3658 ejus.
2595 3588 2660 3642 Et
2685 3588 2864 3644 omnis
2905 3589 3078 3643 insula
3103 3589 3256 3660 fugit,
3287 3599 3340 3645 et
3372 3600 3584 3647 montes
3615 3607 3725 3648 non
3772 3603 3908 3649 sunt

2296 3681 2521 3737 inventi.
2559 3682 2624 3736 Et
2647 3682 2854 3751 grando
2899 3697 3096 3752 magna
3129 3683 3275 3738 sicut
3307 3686 3570 3740 talentum
3607 3688 3906 3743 descendit

2294 3773 2362 3829 de
2389 3773 2530 3830 cmlo
2555 3773 2607 3828 in
2637 3774 2889 3831 homines
2923 3793 2936 3828 :
2969 3785 3025 3830 et
3049 3775 3567 3846 blasphemaverunt
3595 3781 3767 3836 Deum
3794 3785 3898 3836 hu-

2294 3867 2470 3921 mines
2519 3879 2743 3938 pr0pter
2791 3869 3001 3939 plagam
3033 3871 3312 3940 grandinis
3344 3889 3356 3926 :
3389 3873 3645 3942 quoniam
3693 3891 3898 3948 magna

2291 3960 2434 4017 facta
2464 3972 2546 4017 est
2583 3962 2957 4019 vehementer.

2365 4055 2517 4128 [Cap.
2555 4057 2742 4130 XVll.]
2773 4059 2839 4114 Et
2864 4060 3012 4115 venit
3037 4077 3172 4118 unus
3205 4062 3271 4117 dc
3298 4071 3506 4133 septem
3535 4065 3889 4136 angelis,qui

2292 4148 2568 4205 habebant
2614 4159 2820 4220 septem
2847 4151 3078 4221 phialas,
3111 4162 3165 4209 et
3187 4153 3402 4209 locutus
3431 4162 3516 4210 est
3537 4171 3778 4224 mecum,
3810 4159 3896 4211 di-

2292 4257 2425 4298 cens
2453 4260 2466 4296 :
2502 4242 2656 4309 Veni,
2701 4244 2983 4300 ostendam
3014 4245 3108 4300 tibi
3149 4247 3557 4303 damnationem
3587 4252 3902 4306 meretricis

2293 4349 2524 4403 magnai,
2548 4351 2669 4402 qute
2693 4335 2846 4390 sedet
2871 4351 3038 4406 super
3065 4353 3234 4408 aquas
3262 4338 3624 4406 multas,cum
3652 4359 3760 4411 qua
3786 4342 3903 4398 for-

2292 4427 2453 4482 nicati
2483 4439 2607 4483 sunt
2635 4444 2793 4498 reges
2821 4441 3002 4497 terrae,
3034 4439 3089 4486 et
3120 4431 3377 4487 iuebriati
3401 4443 3528 4488 sunt
3552 4434 3643 4504 qui
3675 4433 3901 4491 inhabi-

2295 4527 2410 4573 tant
2451 4528 2652 4574 terram
2683 4519 2751 4574 de
2792 4521 2916 4576 vino
2963 4522 3362 4591 prostitutionis
3402 4524 3542 4594 ejus.
3574 4525 3644 4581 Et
3673 4527 3903 4584 abstulit

2291 4629 2379 4669 me
2411 4613 2464 4668 in
2491 4613 2682 4684 spiritu
2713 4616 2766 4670 in
2798 4616 3099 4672 desertum.
3144 4619 3209 4672 Et
3239 4619 3353 4675 vidi
3384 4620 3669 4678 mulierem
3699 4623 3897 4678 seden-

591 4711 716 4752 nem
739 4697 880 4768 ejus.
905 4697 974 4756 Et
994 4702 1270 4759 secundus
1297 4706 1526 4776 angelus
1549 4709 1739 4766 effudit
1763 4711 1997 4782 phialam
2031 4732 2183 4772 suam
2214 4697 2267 4759 D
2293 4715 2400 4763 tem
2447 4724 2613 4780 super
2658 4710 2884 4766 bestiam
2927 4711 3264 4779 coccineam,
3318 4714 3534 4784 plenam
3577 4717 3899 4774 nominibus

592 4789 646 4845 in
678 4806 847 4860 mare,
881 4802 933 4848 et
965 4791 1145 4850 factus
1173 4805 1258 4852 est
1283 4799 1503 4870 sanguis
1546 4809 1816 4873 tamquam
1855 4806 2053 4861 mortui
2089 4825 2100 4860 :
2131 4818 2186 4864 et

589 4882 768 4939 omnis
798 4884 978 4940 anima
1021 4881 1212 4944 vive—ns
1257 4901 1469 4946 mortua
1508 4903 1590 4949 est
1617 4894 1671 4948 in
1704 4896 1863 4951 mari.
1895 4897 1961 4952 Et
1996 4900 2187 4955 tertius

589 4974 777 5031 effudit
806 4976 1043 5049 phialam
1076 4995 1229 5036 suam
1261 4997 1424 5053 super
1451 4985 1700 5054 flumina,
1729 4996 1784 5043 et
1819 5005 1984 5060 super
2011 4991 2186 5047 fontes

587 5082 879 5140 aquarum,
906 5080 961 5126 et
992 5070 1170 5129 factus
1206 5085 1288 5130 est
1331 5079 1572 5148 sanguis.
1608 5079 1672 5134 Et
1723 5080 1902 5137 audivi
1935 5085 2186 5154 angelum

585 5179 850 5234 aquarum
883 5164 1155 5224 dicentem
1182 5187 1195 5224 :
1221 5167 1410 5226 Justus
1445 5186 1527 5240 es,
1562 5181 1586 5210 ⁸
1617 5172 1870 5242 Domine,
1900 5178 1990 5247 qui
2022 5191 2103 5245 es,
2133 5187 2186 5234 et

581 5259 672 5330 qui
701 5274 824 5316 eras
844 5269 1093 5330 sanctus,
1122 5264 1214 5335 qui
1242 5266 1356 5320 llaec
1377 5265 1636 5336 judicasti
1666 5285 1679 5322 :
1711 5269 1837 5340 quia
1861 5272 2180 5342 sanguinem

582 5359 896 5408 sanctorum
929 5363 984 5410 et
1014 5357 1400 5426 prophetarum
1433 5359 1765 5430 effuderunt,
1787 5371 1844 5420 et
1861 5366 2184 5436 sanguinem

579 5441 662 5498 eis
680 5442 880 5502 dedisti
902 5445 1092 5506 bibere
1115 5449 1294 5524 :digni
1317 5451 1462 5508 enim
1483 5462 1629 5510 sunt.
1650 5454 1713 5510 Et
1733 5455 1917 5512 audivi
1948 5457 2181 5517 alterum

651 5620 679 5650 ει
710 5611 781 5697 Ψ
808 5613 1501 5697 inﬁrmem-nonnullist
1528 5629 1583 5678 ct
1599 5621 1654 5680 in
1685 5621 1880 5680 Latino
1901 5623 2044 5697 apud
2073 5639 2172 5682 nos

580 5697 688 5742 ms.
722 5683 964 5753 Domine,
995 5686 1362 5746 desideratur.

653 5753 680 5839 lt
713 5755 914 5841 lterum
943 5758 1108 5815 verba
1151 5760 1215 5815 ab
1263 5763 1439 5841 altari,
1465 5779 1592 5824 cum
1621 5765 1829 5825 Gramis
1870 5769 2077 5841 aliquot
2113 5769 2170 5825 li-

577 5827 693 5888 bris
721 5838 911 5906 noster
939 5846 1154 5906 quoque
1183 5848 1285 5890 ms.
1317 5827 1547 5906 ignorat.

661 5910 684 5938 ο
719 5899 849 5960 Plus
881 5899 1047 5962 habet
1065 5899 1262 5966 noster
1293 5899 1422 5978 υἷι,
1461 5919 1518 5969 ut
1547 5927 1650 5969 non
1679 5913 1958 5972 adorarent
1983 5913 2176 5970 damo-

2293 4801 2664 4873 blasphemiae,
2702 4803 2991 4859 habentem
3015 4806 3192 4876 capita
3215 4814 3448 4877 septem,
3481 4819 3536 4863 et
3555 4823 3761 4865 cornua
3793 4811 3848 4865 di
3869 4843 3896 4855 «-

2291 4908 2430 4950 cem.
2464 4895 2529 4950 Et
2555 4895 2749 4950 mulier
2776 4906 2895 4952 erat
2920 4897 3255 4954 circumdata
3284 4915 3542 4970 purpura,
3567 4912 3622 4956 et
3642 4904 3896 4972 coccino,

2291 4998 2346 5045 et
2377 4989 2624 5046 inaurata
2663 5006 2819 5060 auro,
2863 5000 2919 5047 et
2947 4991 3126 5062 lapide
3172 4996 3439 5064 pretioso,
3466 5006 3519 5051 et
3552 5000 3894 5068 margaritis,

2291 5083 2498 5140 habens
2526 5085 2782 5154 poculum
2811 5100 3033 5141 aureum
3078 5087 3130 5140 in
3165 5102 3324 5142 manu
3359 5103 3478 5156 sua,
3512 5090 3729 5158 plenum
3753 5091 3898 5148 abo-

2293 5177 2611 5245 minatione,
2637 5188 2694 5234 et
2723 5177 3064 5234 immunditia
3106 5177 3489 5235 fornicationis
3534 5182 3677 5253 ejus.
3712 5183 3781 5238 Et
3833 5185 3892 5239 in

2293 5270 2472 5328 fronte
2524 5274 2642 5343 ejus
2675 5287 2878 5327 nomen
2914 5271 3198 5343 scriptum,
3229 5273 3544 5343 Mysterium
3582 5291 3595 5326 :
3637 5274 3895 5347 Babylon

2292 5381 2509 5436 magna,
2544 5376 2718 5422 mater
2737 5365 3179 5431 fornicationnm,
3211 5377 3264 5420 et
3288 5365 3758 5422 abominationurn
3790 5378 3891 5424 ter-

2294 5476 2387 5518 rae.
2421 5460 2488 5516 Et
2516 5459 2622 5517 vidi
2670 5459 2961 5516 mulierem
3007 5458 3215 5515 ebriam
3255 5460 3323 5516 de
3363 5459 3628 5531 sanguine
3660 5473 3887 5518 sancto—

2278 5626 2387 5708 κὶα),
2405 5633 2471 5708 ἰρι
2498 5626 2682 5680 darent
2714 5625 2794 5679 illi
2807 5624 3064 5708 gloriam.
3159 5695 3170 5708 I
3412 5695 3444 5708 _.
3611 5696 3622 5707 ,

2354 5695 2379 5733 ἀ
2403 5695 2712 5752 Pronomen
2736 5694 2867 5763 suis,
2898 5694 2986 5751 hic
3006 5703 3064 5752 et
3090 5695 3447 5768 subsequenti
3467 5696 3721 5768 proxime
3755 5697 3877 5754 loco

2280 5768 2422 5825 idem
2453 5783 2555 5822 ms.
2591 5776 2752 5824 tacet.

2355 5851 2378 5877 θ
2407 5839 2570 5895 Addit
2589 5841 2758 5895 exisse
2779 5849 2965 5896 noster
2987 5853 3117 5911 ms.,
3141 5839 3286 5914 quod
3308 5850 3363 5901 et
3383 5841 3435 5902 in
3454 5839 3660 5902 Graecis
3688 5840 3891 5913 aliqui-

2281 5913 2404 5981 bus,
2437 5911 2662 5981 ἐξελθεῖν,
2692 5912 2939 5972 habetur.

2321 5925 2404 5985 us,
2437 5912 2662 5985 ἐξελθεῖν,
2692 5912 2939 5972 habetur.
