4128 6330
210 337 319 397 £65

1212 337 1277 393 Β.
1316 331 1599 394 JOANNIS
1634 332 1974 392 APOSTOLI
2012 330 2500 392 APOCALYPSIS.

3396 328 3503 388 866

213 474 360 522 rum,
409 466 463 511 et
511 456 582 510 de
628 453 891 526 sanguine
938 460 1237 525 martyrum
1281 453 1433 509 Jesu.
1467 453 1536 509 Et
1582 451 1808 508 miratus
1837 453 1887 513 A
1915 458 1969 507 et
1994 451 2190 517 luctus,
2231 458 2283 505 et
2315 449 2505 514 fames,
2537 456 2590 502 et
2629 445 2752 517 igne
2792 443 3167 503 comburetur:
3199 443 3321 516 quia
3354 442 3508 499 fortis

212 565 359 613 sum,
391 563 514 603 eum
568 545 826 601 vidissem
872 544 1043 610 illam,
1076 543 1436 600 admiratione
1480 560 1694 615 magna.
1742 543 1808 598 Et

218 640 359 696 dixit
390 639 522 694 mihi
554 638 776 709 angelus
809 655 821 692 :
865 636 1043 706 Quare
1081 637 1329 692 miraris?
1360 636 1473 707 Ego
1501 636 1673 692 dicam
1713 635 1807 691 tibi

214 741 624 790 sacramentum
677 730 947 796 mulieris,
976 739 1030 786 et
1076 730 1268 786 bestiae
1297 745 1419 801 quae
1448 738 1627 801 portat
1663 744 1806 795 eam,

212 842 335 898 quae
366 826 526 882 habet
552 824 731 897 capita
757 833 991 894 septem,
1016 833 1069 879 et
1107 839 1310 879 cornua
1355 823 1567 880 decem.
1604 823 1806 887 Bestia,

211 933 377 991 quam
417 917 619 987 vidisti,
660 915 779 983 fuit,
814 925 868 973 et
908 931 1015 971 non
1055 925 1159 984 est,
1200 925 1255 971 et
1298 930 1587 985 ascensura
1632 924 1711 971 cst
1742 914 1810 969 de

213 1012 441 1085 abysso,
464 1020 519 1065 et
547 1011 600 1066 in
644 1009 924 1065 interitum
957 1008 1057 1063 ibit
1090 1024 1104 1064 :
1139 1016 1193 1063 et
1222 1008 1565 1063 mirabuntur
1601 1006 1812 1062 inhabi-

204 1112 401 1159 tantes
436 1111 634 1158 terram
669 1102 921 1174 (quorum
957 1116 1062 1156 non
1096 1110 1222 1156 sunt
1259 1102 1458 1171 scripta
1505 1101 1722 1156 nomina
1756 1099 1808 1153 in

218 1199 365 1255 libro
381 1197 520 1254 Vitae
548 1214 577 1253 a
598 1196 989 1252 constitutione
1014 1195 1252 1267 mundi),
1283 1195 1527 1251 videntes
1555 1194 1808 1258 bestiam,

218 1306 345 1364 quae
383 1302 526 1356 erat,
557 1300 611 1346 et
644 1307 749 1345 non
793 1299 897 1345 est.
928 1288 994 1344 Et
1028 1288 1117 1343 hic
1158 1297 1239 1344 est
1269 1303 1482 1353 sensus,
1523 1287 1613 1356 qui
1645 1286 1809 1340 habet

214 1384 565 1455 sapientiam.
590 1383 808 1453 Septem
840 1380 1039 1452 capita,
1070 1390 1275 1452 septem
1305 1390 1518 1435 montes
1546 1387 1692 1446 sunt,
1723 1394 1813 1433 su-

217 1492 315 1548 per
337 1477 680 1547 quosmulier
708 1474 949 1539 sedet,et
972 1490 1127 1544 reges
1156 1486 1363 1545 septem
1394 1472 1800 1545 sunt.Quinque

218 1568 555 1636 ceciderunt,
588 1584 727 1623 unus
765 1576 868 1633 est,
901 1575 955 1622 et
1011 1567 1147 1622 alius
1199 1566 1434 1622 nondum
1474 1566 1620 1622 venit
1680 1583 1694 1621 :
1752 1576 1801 1621 et

219 1678 345 1719 cum
400 1665 631 1729 venerit,
660 1670 876 1733 oportet
924 1661 1074 1716 illum
1123 1662 1286 1717 breve
1314 1669 1527 1731 tempus
1556 1675 1797 1716 manere.

215 1754 287 1809 Et
316 1756 510 1821 bestia,
555 1770 676 1827 quae
710 1763 847 1823 erat,
880 1763 934 1809 et
963 1769 1069 1808 non
1098 1763 1200 1818 est,
1232 1764 1281 1809 el
1308 1752 1419 1823 ipsa
1449 1760 1641 1807 octava
1675 1762 1757 1807 est
1793 1769 1806 1807 :

1911 551 1994 597 est
2022 542 2187 604 Deus.
2217 542 2307 613 qui
2329 540 2594 612 judicabit
2626 538 2792 595 illam.
2824 538 2888 594 Et
2917 537 3144 604 ﬂebunt,
3172 547 3225 592 et
3248 536 3509 608 plangent

1910 648 1969 690 se
1995 650 2159 705 super
2182 634 2327 689 illam
2344 647 2500 704 reges
2522 640 2701 699 terrae,
2721 631 2953 703 quicum
2974 628 3063 685 illa
3092 628 3339 685 fornicati
3358 638 3505 696 sunt,

1909 738 1961 785 ct
1992 730 2045 784 in
2075 728 2283 785 deliciis
2309 728 2588 793 vixerunt,
2617 741 2739 782 cum
2782 724 3027 781 viderent
3049 724 3251 780 fumum
3276 722 3509 780 incendii

1912 822 2062 893 ejus:
2116 821 2275 892 longe
2314 829 2522 877 stantes
2560 828 2784 892 propter
2823 818 3069 875 timorem
3111 824 3507 874 tormentorum

1912 914 2051 984 ejus,
2083 914 2360 971 dicentes:
2395 913 2506 980 Vae,
2548 929 2652 981 vae,
2684 913 2873 969 civitas
2899 913 2989 969 illa
3020 927 3214 982 magna
3242 910 3506 983 Babylon,

1911 1009 2100 1064 civitas
2133 1009 2223 1064 illa
2255 1008 2440 1064 fortis:
2486 1009 2742 1078 quoniam
2773 1023 2875 1062 una
2909 1007 3043 1062 hora
3073 1006 3223 1062 venit
3245 1005 3507 1075 judicium

1914 1108 2086 1155 tuum.
2142 1100 2210 1156 Et
2250 1103 2609 1173 negotiatores
2654 1108 2811 1156 terra:
2858 1100 3103 1169 ﬂebunt,
3155 1108 3210 1156 et
3254 1098 3511 1171 lugebunt

1914 1212 2078 1268 super
2100 1198 2278 1253 illam:
2300 1196 2557 1268 quoniam
2581 1211 2789 1253 merces
2810 1211 2995 1252 eorum
3019 1210 3180 1251 nemo
3215 1204 3359 1252 emet
3395 1210 3512 1249 ant-

1915 1290 2074 1362 plius,
2104 1303 2311 1346 merces
2338 1290 2453 1344 auri
2480 1331 2496 1357 ,
2530 1297 2585 1345 et
2609 1289 2847 1361 argenti,
2881 1297 2935 1345 et
2964 1288 3157 1359 lapidis
3185 1288 3428 1361 pretiosi.
3458 1297 3515 1344 et

1916 1384 2244 1454 margaritae,
2271 1395 2322 1439 et
2356 1384 2526 1456 byssi,
2572 1392 2625 1439 et
2653 1397 2905 1455 purpurae
2927 1428 2939 1450 ,
2972 1392 3026 1438 et
3057 1381 3251 1451 serici,
3281 1390 3338 1438 et
3362 1382 3511 1439 cocci

1916 1473 2057 1547 [Ms.
2096 1475 2333 1547 caecini]
2364 1476 2442 1548 (et
2470 1491 2632 1531 omne
2672 1476 2875 1547 lignum
2913 1475 3191 1547 tltyinum,
3237 1484 3292 1531 et
3331 1472 3512 1531 omnia

1915 1585 2040 1625 vasa
2068 1570 2269 1634 eboris,
2296 1579 2351 1625 et
2374 1570 2553 1625 omnia
2578 1585 2706 1624 vasa
2729 1572 2796 1625 de
2820 1569 2996 1641 lapide
3018 1570 3273 1640 pretioso,
3299 1576 3353 1624 et
3372 1584 3514 1625 aera-

1916 1674 2118 1730 mento,
2154 1674 2208 1720 et
2240 1664 2405 1730 ferro,
2435 1672 2490 1719 et
2520 1679 2815 1732 marmore,
2841 1673 2895 1720 et
2918 1661 3368 1733 cinnamomum),
3404 1672 3428 1699 ε
3459 1668 3516 1717 et

1916 1757 2417 1821 odorantentorum,
2450 1767 2503 1812 et
2531 1757 2822 1827 unguenti,
2860 1765 2914 1811 et
2944 1755 3120 1811 thuris
3141 1798 3155 1823 ,
3202 1766 3257 1811 et
3283 1754 3426 1821 vini,
3460 1762 3517 1810 et

224 1849 374 1905 etde
427 1858 637 1920 septem
687 1856 793 1915 est,
817 1857 871 1904 et
902 1848 951 1903 in
992 1848 1269 1903 interitum
1318 1848 1480 1901 vadit.
1517 1846 1581 1901 Et
1619 1846 1806 1902 decem
1839 1843 1889 1903 B
1914 1848 2041 1918 olei,
2064 1859 2117 1904 et
2149 1832 2361 1917 similae,
2391 1858 2446 1904 et
2477 1848 2662 1914 tritici,
2696 1848 3172 1919 etjumentorum,
3204 1856 3261 1905 et
3302 1848 3509 1913 ovium,

212 1941 345 2013 [Ms.
373 1950 475 1997 tac.
506 1941 574 1997 Et
601 1941 813 2013 decem]
844 1956 1067 2007 cornua,
1114 1956 1233 2011 qum
1267 1940 1470 2006 vidisti,
1495 1939 1684 1995 decem
1718 1955 1808 1995 re-

211 2049 310 2105 ges
335 2043 464 2091 sunt
491 2054 501 2091 :
535 2036 627 2106 qui
659 2050 886 2104 regnum
922 2035 1158 2091 nondum
1189 2040 1543 2104 acceperunt,
1576 2032 1673 2088 sed
1712 2047 1810 2103 po-

213 2138 468 2187 testatem
521 2138 797 2200 tamquam
828 2144 999 2200 reges
1042 2144 1147 2184 una
1190 2129 1324 2184 hora
1383 2127 1649 2199 accipient
1695 2137 1816 2198 post

214 2222 470 2278 bestiam.
506 2221 569 2277 Hi
599 2238 765 2277 unttm
808 2222 1097 2277 consilium
1136 2222 1358 2287 habent,
1387 2229 1443 2277 et
1475 2222 1729 2276 virtutem
1762 2228 1816 2275 et

212 2323 548 2388 potestatem
592 2329 745 2369 suam
780 2314 969 2370 bestiae
1003 2314 1239 2369 tradent.
1270 2313 1332 2369 Hi
1369 2329 1491 2368 cum
1543 2313 1696 2383 Agno
1720 2327 1817 2382 pu-

213 2409 483 2479 gnabunt,
512 2419 567 2464 et
597 2411 779 2479 Agnus
819 2408 1001 2463 vincet
1031 2408 1151 2463 illos
1184 2426 1195 2460 :
1240 2406 1497 2478 quoniam
1550 2406 1815 2461 Dominus

217 2502 247 2532 ⁸
280 2502 626 2557 deminorum
673 2510 779 2569 est,
810 2510 869 2561 et
920 2500 1037 2555 Rex
1092 2516 1303 2570 regum,
1337 2508 1392 2556 et
1434 2500 1674 2571 quicum
1722 2499 1815 2553 illo

213 2604 364 2664 sunt,
396 2595 596 2661 vocati,
626 2594 804 2660 electi,
837 2604 892 2651 et
916 2593 1127 2651 ﬁdeles.
1162 2593 1234 2649 Et
1261 2593 1399 2648 dixit
1427 2591 1556 2647 mihi
1583 2609 1596 2647 :
1622 2592 1813 2662 Aquae,

215 2676 356 2764 quas
380 2691 561 2747 vidisti
585 2690 672 2745 ttbi
704 2690 965 2746 meretrix
987 2688 1166 2755 sedet,
1202 2689 1388 2760 populi
1418 2696 1571 2754 sunt,
1599 2694 1655 2741 et
1685 2701 1817 2756 gen-

216 2776 319 2853 tes,
355 2794 411 2842 et
454 2786 672 2857 lingum.
720 2784 788 2839 Et
843 2784 1032 2840 decem
1082 2798 1308 2852 cornua,
1362 2798 1483 2853 quae
1529 2781 1712 2837 vidisti
1760 2781 1811 2836 in

214 2879 414 2947 bestia,
451 2878 504 2933 lti
534 2878 720 2934 odient
748 2877 1114 2944 fornicariam,
1148 2887 1203 2933 et
1250 2877 1553 2932 desolatam
1609 2873 1818 2931 facient

218 2971 393 3037 illam,
425 2980 481 3025 et
510 2971 730 3036 nudam,
755 2980 811 3026 et
837 2985 1026 3027 carnes
1046 2970 1165 3040 ejus
1194 2969 1615 3037 manducabunt,
1643 2976 1698 3023 et
1727 2967 1809 3037 ip—

223 3078 341 3121 sam
386 3065 495 3135 igni
532 3064 976 3120 coneremabunt.
1012 3064 1151 3119 Deus
1181 3063 1325 3120 enim
1365 3062 1513 3119 dedit
1553 3062 1607 3116 in
1639 3059 1803 3115 corda

216 3176 433 3227 eorum,
464 3169 522 3215 ut
554 3159 751 3216 faciant
783 3159 924 3230 quod
955 3159 1208 3229 placitum
1237 3166 1320 3213 est
1350 3156 1425 3212 illi
1458 3173 1469 3211 :
1497 3165 1553 3211 ut
1583 3155 1711 3211 dent
1732 3168 1819 3209 re-

1914 1954 1969 2000 et
1992 1960 2275 2014 equorum,
2310 1951 2366 1999 et
2395 1943 2685 2000 rhedarum
2708 1983 2721 2007 .
2752 1953 2807 1999 et
2834 1942 3223 2015 mancipiorum
3245 1985 3261 2009 ,
3303 1951 3357 1999 et
3397 1941 3517 1998 ani-

1916 2053 2125 2093 marum
2154 2038 2455 2093 hominum.
2477 2037 2547 2093 Et
2574 2054 2732 2109 poma
2762 2036 3020 2093 desiderii
3050 2037 3247 2093 animae
3269 2044 3373 2092 tuae
3394 2035 3510 2091 dis-

1916 2142 2198 2188 cesserunt
2228 2147 2256 2186 a
2287 2140 2339 2187 te
2366 2172 2380 2197 ,
2423 2141 2477 2187 et
2506 2131 2689 2187 omnia
2720 2131 2938 2202 pinguia
2967 2140 3019 2185 et
3050 2130 3308 2200 praeclara
3339 2128 3517 2202 perie-

1916 2235 2045 2282 runt
2066 2240 2093 2279 a
2128 2233 2200 2293 te,
2233 2233 2289 2281 et
2318 2224 2549 2295 amplius
2578 2224 2664 2278 illa
2691 2224 2801 2294 jam
2837 2208 2945 2279 non
2977 2223 3281 2279 invenient.
3313 2221 3519 2278 Merca-

1919 2327 2067 2375 tores
2100 2316 2317 2387 hormn,
2353 2317 2443 2388 qui
2474 2317 2671 2373 divites
2695 2317 2819 2372 facti
2851 2324 2997 2381 sunt,
3029 2316 3098 2369 ab
3128 2331 3191 2370 ea
3223 2314 3379 2386 longe
3403 2322 3516 2369 sta-

1917 2411 2053 2467 bunt
2081 2418 2303 2482 propter
2330 2411 2580 2466 timorem
2614 2418 3007 2465 tormentorum
3032 2407 3175 2478 ejus,
3207 2407 3421 2474 ﬂentes,
3451 2418 3517 2462 ac

1918 2504 2186 2577 lugentes,
2204 2515 2258 2559 et
2275 2503 2519 2559 dicentes
2538 2522 2549 2555 :
2568 2502 2684 2571 Vae,
2711 2518 2815 2568 vae,
2838 2502 3029 2557 civitas
3050 2501 3137 2556 illa
3161 2515 3374 2573 magna,
3396 2515 3519 2572 quae

1918 2596 2113 2653 amicta
2143 2605 2259 2651 erat
2286 2596 2470 2668 bysso,
2503 2603 2557 2650 et
2584 2610 2847 2665 purpura,
2877 2603 2933 2649 et
2960 2607 3146 2661 cocco,
3178 2600 3235 2648 et
3261 2592 3517 2649 deaurata

1918 2700 2034 2746 erat
2053 2705 2209 2758 auro,
2231 2698 2286 2746 et
2312 2688 2495 2761 lapide
2520 2690 2786 2761 pretioso,
2820 2698 2876 2746 et
2895 2688 3235 2760 margaritis:
3264 2688 3517 2760 quoniam

1921 2801 2023 2841 una
2052 2785 2185 2841 hora
2214 2784 2488 2840 destitutae
2516 2791 2643 2838 sunt
2669 2791 2831 2839 tantae
2860 2782 3084 2838 divitiae.
3117 2781 3188 2838 Et
3214 2782 3391 2838 omnis
3416 2797 3521 2853 gu-

1919 2878 2179 2934 bernator
2200 2919 2214 2945 ,
2247 2884 2304 2933 et
2332 2876 2510 2932 omnis
2540 2876 2631 2947 qui
2660 2876 2709 2930 in
2742 2875 2919 2930 lacum
2952 2874 3195 2946 navigat,
3237 2882 3292 2930 et
3316 2882 3517 2941 nautae,

1919 2980 1975 3027 et
2004 2970 2096 3042 qui
2127 2970 2180 3025 in
2208 2969 2341 3025 mari
2373 2978 2693 3039 operantur,
2723 2969 2882 3041 longe
2911 2976 3204 3039 steterunt,
3235 2976 3291 3025 et
3317 2968 3521 3024 clama-

1920 3073 2115 3121 verunt
2142 3064 2388 3121 videntes
2420 3063 2596 3119 locum
2630 3062 2862 3119 incendii
2891 3062 3031 3133 ejus,
3058 3062 3301 3119 dicentes
3344 3080 3357 3115 :
3388 3061 3521 3130 Quae

1921 3158 2116 3214 similis
2153 3157 2359 3214 civitati
2403 3156 2532 3212 huic
2572 3157 2823 3228 magnae?
2856 3156 2923 3211 Et
2954 3158 3216 3213 miserunt
3244 3155 3522 3228 pulverem

216 3272 385 3330 gnum
418 3270 572 3313 suum
599 3254 809 3321 besllfﬁs
828 3254 1002 3309 donec
1024 3258 1467 3309 consummentur
1495 3249 1660 3306 verba
1686 3246 1805 3303 Dei-
1844 3240 1890 3306 C
1921 3268 2087 3324 super
2114 3253 2291 3323 capita
2321 3266 2441 3320 sua,
2469 3260 2525 3307 et
2554 3251 2931 3307 clamaverunt
2955 3249 3150 3308 ﬂentes
3175 3260 3229 3306 et
3254 3250 3520 3321 lugentes,

221 3350 291 3405 Et
321 3348 540 3415 mulier,
570 3362 732 3418 quam
762 3343 967 3414 vidisti,
998 3356 1079 3402 est
1108 3344 1301 3403 civitas
1328 3360 1541 3417 magna,
1562 3357 1681 3413 quae
1714 3340 1809 3395 ha-

218 3441 312 3498 bet
341 3457 564 3512 regnum
594 3454 758 3510 super
782 3453 942 3510 reges
970 3448 1148 3494 terrae.

298 3534 455 3610 [ϐαρ.
489 3532 706 3606 XVlll.]
748 3532 814 3589 Et
864 3541 984 3603 post
1026 3532 1143 3587 haec
1187 3529 1296 3586 vidi
1347 3531 1511 3586 alium
1560 3532 1818 3602 angeium

220 3628 647 3685 descendentem
694 3627 761 3681 de
812 3626 973 3691 caelo,
1006 3624 1296 3681 habentem
1346 3633 1667 3695 porestatem
1699 3641 1818 3682 ma—

221 3737 387 3795 gnam
427 3740 440 3774 :
473 3730 529 3777 et
567 3731 707 3775 terra
749 3718 1046 3774 illuminata
1092 3728 1176 3775 est
1205 3734 1235 3773 a
1268 3719 1441 3791 gloria
1478 3720 1616 3790 ejus.
1643 3721 1708 3775 Et
1730 3736 1823 3776 ex-

225 3814 486 3872 clamavit
513 3813 541 3852 ι)
569 3815 623 3869 in
679 3812 1018 3878 fortitudine,
1044 3812 1232 3869 dicens
1283 3832 1297 3866 :
1342 3812 1585 3878 Cecidit,
1628 3813 1826 3870 cecidit

224 3909 471 3982 Babylon
496 3923 723 3982 magna:
750 3916 806 3963 et
835 3908 969 3963 facta
1003 3915 1087 3963 est
1115 3907 1377 3963 habitatio
1406 3907 1823 3975 daemoniorum,

224 4012 282 4060 et
301 4002 549 4059 custodia
572 4001 749 4056 omnis
765 4000 987 4072 Spiritus
1006 3999 1291 4066 immundi,
1313 4010 1362 4056 et
1385 4001 1629 4056 custodia
1648 4004 1826 4057 omnis

223 4096 466 4153 volucris
493 4094 784 4150 immundae
812 4103 865 4149 et
886 4093 1104 4149 odibilis
1134 4111 1147 4152 :
1176 4093 1300 4165 quia
1330 4093 1399 4149 de
1427 4094 1553 4148 vino
1583 4093 1823 4168 irae[M:.

228 4192 299 4247 de
330 4189 431 4261 ira]
460 4189 831 4244 fornicationis
858 4187 978 4258 ejus
1008 4186 1261 4242 biberunt
1290 4201 1485 4244 omnes
1511 4196 1700 4257 gentes
1734 4205 1748 4243 :
1775 4197 1829 4245 et

226 4298 390 4355 reges
431 4292 591 4338 terrae
628 4295 750 4337 cum
782 4280 874 4335 illa
906 4278 1157 4335 fornicati
1196 4289 1323 4334 sunt
1357 4298 1370 4335 :
1406 4289 1461 4336 et
1496 4291 1829 4336 mercatores

231 4388 395 4434 terre
432 4376 499 4432 de
528 4374 729 4431 virtute
760 4373 1077 4429 deliciarum
1124 4373 1241 4444 ejus
1281 4373 1479 4431 divites
1520 4374 1643 4430 facti
1681 4384 1825 4429 sunt.

226 4469 296 4527 Et
321 4468 498 4525 audivi
526 4468 683 4523 aliam
712 4483 902 4524 vocem
934 4467 1002 4524 de
1028 4468 1172 4524 coelo
1194 4510 1209 4534 ,
1245 4467 1546 4539 dicentem:
1580 4468 1737 4524 Exite
1762 4468 1829 4524 de

225 4565 343 4632 illa,
375 4563 605 4635 populus
638 4578 788 4619 meus
814 4582 824 4617 :
869 4572 928 4617 ut
959 4577 1025 4617 ne
1047 4560 1341 4633 participes
1364 4561 1480 4617 sitis
1510 4560 1827 4617 delictorum

1920 3346 2337 3419 dicentesgiI'ae,
2362 3362 2465 3413 vae,
2496 3344 2685 3402 civitas
2715 3345 2806 3401 illa
2838 3359 3032 3416 magna
3054 3386 3069 3413 ,
3114 3344 3167 3400 in
3198 3360 3303 3416 qua
3331 3342 3527 3400 divites

1922 3442 2047 3499 facti
2069 3450 2197 3498 sunt
2216 3455 2427 3511 omnes,
2448 3440 2538 3512 qui
2563 3439 2833 3496 habebant
2856 3453 3020 3495 naves
3046 3439 3097 3494 in
3120 3438 3278 3507 mari,
3306 3436 3374 3493 de
3409 3451 3526 3509 pre-

1925 3537 2012 3593 tiis
2037 3537 2189 3607 ejus:
2218 3536 2475 3607 quoniam
2506 3550 2611 3591 una
2636 3535 2767 3591 hora
2792 3534 3034 3591 desolata
3060 3543 3166 3591 est.
3193 3532 3415 3590 Exsulta
3436 3546 3528 3589 su-

1923 3645 2020 3702 per
2045 3645 2164 3685 eam
2186 3671 2200 3695 ,
2232 3630 2426 3685 ccelum
2445 3670 2460 3695 ,
2509 3637 2563 3684 et
2592 3627 2766 3684 sancti
2797 3626 3065 3698 apostoli.
3114 3636 3170 3683 et
3200 3625 3480 3697 prophetae
3506 3641 3523 3681 :

1925 3724 2177 3791 quoniam
2204 3722 2466 3793 judicavit
2491 3722 2634 3778 Deus
2658 3721 2919 3793 judicium
2949 3731 3183 3778 vestrum
3216 3720 3285 3777 de
3311 3722 3423 3777 illa.
3457 3719 3527 3777 Et

1926 3819 2147 3875 sustulit
2179 3833 2317 3873 unus
2361 3817 2584 3889 angelus
2630 3816 2783 3873 fortis
2814 3816 3047 3886 lapidem
3082 3815 3234 3887 quasi
3262 3814 3526 3871 molarem

1928 3930 2203 3985 magnum,
2239 3922 2293 3969 et
2322 3914 2470 3968 misit
2500 3912 2553 3967 in
2579 3927 2750 3979 mare,
2780 3910 2992 3967 dicens:
3032 3911 3143 3967 lloc
3170 3910 3373 3982 impetu
3404 3909 3532 3966 mit-

1930 4018 2071 4065 tetur
2100 4008 2339 4081 Babylon
2378 4007 2572 4063 civitas
2618 4006 2707 4063 illa
2740 4021 2930 4078 magna
2954 4046 2968 4073 ,
3013 4013 3067 4061 et
3107 4005 3244 4061 ultra
3272 4004 3384 4076 jam
3416 4020 3526 4062 non

1931 4101 2257 4158 invenietur.
2294 4100 2361 4157 Et
2388 4116 2492 4156 vox
2527 4099 2972 4166 citharoedorum,
3004 4107 3057 4155 et
3086 4099 3439 4167 musicorum,
3469 4106 3525 4154 et

1932 4194 2061 4251 tibia
2090 4194 2422 4263 canentium,
2452 4202 2505 4250 et
2530 4193 2650 4249 tuba
2685 4208 2793 4249 non
2822 4191 3071 4259 audietur
3101 4191 3152 4247 in
3184 4199 3236 4248 te
3262 4189 3525 4261 amplius:

1933 4297 1989 4344 et
2012 4288 2191 4343 omnis
2226 4286 2419 4343 artifex
2451 4287 2627 4343 omnis
2648 4288 2781 4343 artis
2800 4300 2908 4342 non
2932 4285 3233 4343 invenietur
3262 4284 3315 4342 in
3341 4296 3391 4343 te
3417 4300 3533 4345 arn-

1934 4380 2077 4452 plius
2107 4399 2120 4435 :
2156 4392 2209 4437 et
2250 4396 2352 4437 vox
2391 4380 2553 4437 molae
2584 4396 2689 4435 non
2721 4379 2977 4437 audietur
3007 4380 3060 4435 in
3096 4388 3149 4436 te
3178 4378 3446 4452 amplius:
3480 4391 3536 4436 et

1935 4472 2025 4528 lux
2054 4473 2287 4529 lucernae
2320 4488 2425 4528 non
2452 4472 2651 4528 lucebit
2680 4472 2731 4527 in
2766 4481 2818 4529 te
2845 4471 3107 4543 amplius:
3134 4481 3191 4528 et
3219 4486 3324 4527 vox
3347 4470 3533 4543 Sponsi

1936 4576 1992 4623 et
2021 4584 2234 4639 sponsae
2263 4584 2368 4623 non
2400 4567 2649 4623 audietur
2683 4567 2860 4624 adhuc
2886 4568 2939 4622 in
2970 4578 3058 4623 te:
3106 4567 3229 4637 quia
3263 4574 3535 4623 mercato-

226 4658 368 4731 ejus,
404 4666 461 4713 et
487 4657 554 4713 de
584 4658 752 4730 plagis
784 4657 899 4729 ejus
931 4672 1037 4712 non
1078 4656 1374 4725 accipiatis.
1417 4656 1680 4724 Quoniam
1714 4671 1828 4725 per-
1862 4645 1913 4706 D
1938 4677 2025 4718 res
2047 4663 2122 4716 tui
2148 4672 2299 4718 erant
2332 4664 2601 4733 principes
2632 4671 2817 4729 terrae,
2874 4659 2997 4732 quia
3038 4658 3089 4715 in
3121 4660 3398 4716 veneficiis
3429 4658 3537 4716 tuis

226 4763 495 4810 venerunt
524 4762 742 4824 peccata
775 4751 892 4823 ejus
919 4765 1091 4823 usque
1129 4750 1195 4806 ad
1227 4750 1453 4819 coelum,
1496 4758 1552 4807 et
1580 4750 1836 4806 recorda-

1936 4760 2262 4810 erraverunt
2291 4767 2478 4808 omnes
2505 4762 2714 4824 gentes.
2758 4752 2825 4807 Et
2853 4751 2908 4808 in
2945 4765 3010 4809 ea
3047 4751 3264 4824 sanguis
3301 4749 3538 4823 prophe-

230 4856 319 4904 tus
359 4856 445 4904 est
476 4847 732 4902 Dominus
772 4846 1112 4916 iniquitatum
1144 4845 1281 4913 ejus.
1324 4842 1549 4899 Reddite
1580 4842 1668 4911 illi
1698 4843 1838 4898 sicut
1936 4853 2115 4899 tarum
2145 4853 2201 4900 et
2224 4854 2533 4900 sanctorum
2560 4844 2812 4901 inventus
2832 4855 2944 4911 est;
2977 4852 3031 4900 et
3059 4843 3299 4901 omnium
3327 4844 3418 4915 qui
3449 4844 3535 4900 in-

228 4950 287 4998 et
316 4941 431 5011 ipsa
448 4938 683 4996 reddidit
703 4938 889 4994 vobis:
914 4947 969 4994 et
990 4937 1262 5009 duplicate
1284 4936 1512 5007 duplicia
1537 4936 1832 4993 secundum

229 5048 401 5105 opera
440 5032 556 5102 ejus
590 5048 603 5086 :
638 5033 689 5086 in
719 5031 937 5103 poculo,
966 5046 1072 5103 quo
1098 5030 1349 5095 miscuit,
1376 5029 1599 5086 miscete
1632 5029 1709 5084 illi
1735 5028 1835 5084 du-

230 5125 691 5199 plum.Quantum
720 5124 1043 5195 gloriﬁcavit
1070 5139 1151 5191 se,
1180 5131 1235 5180 et
1258 5123 1311 5179 in
1338 5122 1546 5179 deliciis
1569 5122 1689 5192 fuit;
1719 5133 1837 5180 tan-

232 5229 348 5275 tum
368 5219 495 5274 date
516 5217 593 5272 illi
618 5226 943 5273 tormentum
970 5225 1025 5272 et
1048 5216 1247 5271 luctum
1276 5234 1287 5268 :
1314 5214 1440 5286 quia
1468 5214 1519 5270 in
1550 5215 1713 5271 corde
1738 5226 1837 5272 suo

232 5314 396 5371 dicit:
445 5312 621 5370 Sedeo
651 5312 875 5384 regina:
923 5319 980 5369 et
1007 5310 1165 5367 vidua
1200 5326 1306 5367 non
1346 5326 1503 5367 sum:
1550 5319 1605 5367 et
1634 5311 1836 5367 luctum

235 5424 345 5468 non
367 5407 584 5467 videbo.
614 5406 741 5464 Ideo
758 5406 810 5463 in
831 5422 935 5463 una
957 5407 1044 5463 die
1066 5408 1287 5464 venient
1308 5405 1479 5479 plagae
1506 5407 1646 5478 ejus,
1665 5422 1833 5476 mors,

238 5665 274 5722 ὁ
311 5601 339 5631 ι
365 5592 475 5678 Pro
505 5592 832 5649 dominorum
861 5597 957 5658 est,
981 5591 1035 5648 in
1058 5596 1250 5648 nostro
1277 5603 1382 5647 ms.
1410 5604 1518 5647 uno
1549 5599 1635 5648 est
1663 5590 1829 5649 verbo

276 5676 558 5721 ommatttr.

276 5676 558 5721 ominatur.

314 5736 342 5777 ιι
375 5738 546 5794 Voces
564 5738 619 5792 in
630 5737 955 5808 fortitudine,
979 5753 1102 5795 cum
1121 5746 1310 5794 nostro
1330 5750 1433 5792 ms.
1464 5735 1637 5793 Graeci
1666 5738 1828 5795 etiam

240 5808 488 5869 nonnulli
504 5819 712 5865 tacent.
1028 5820 1031 5821 '

321 5892 345 5921 ε
376 5880 503 5939 Plus
532 5880 691 5939 habet
709 5889 894 5940 noster
917 5897 1023 5940 ms.
1041 5922 1058 5953 ,
1080 5890 1127 5938 et
1147 5882 1835 5957 amomum,'et_odoramen-

1939 4936 2151 4993 terfecti
2180 4946 2305 4992 sunt
2333 4937 2386 4992 in
2417 4948 2579 4993 terra.

2012 5030 2171 5105 [Cdp.
2196 5028 2340 5086 XIX.
2360 5028 2379 5102 ]
2403 5029 2530 5087 Post
2553 5028 2671 5088 haec
2692 5030 2869 5087 audivi
2896 5031 3051 5104 quasi
3075 5045 3259 5089 vocem
3283 5033 3533 5090 tubarum

1939 5126 2231 5180 multarum
2274 5125 2327 5181 in
2357 5125 2499 5183 coelo
2528 5124 2858 5181 dicentium:
2890 5125 3157 5182 Alleluia:
3186 5124 3376 5193 Salus,
3418 5123 3445 5164 ά
3480 5135 3538 5185 et

1938 5221 2144 5293 gloria,
2175 5231 2232 5277 et
2256 5219 2432 5276 virtus
2466 5219 2579 5277 Deo
2610 5228 2799 5277 nostro
2826 5228 2949 5275 est:
2998 5220 3123 5291 quia
3156 5234 3282 5277 vera
3310 5230 3366 5277 et
3389 5220 3535 5292 just:

1934 5312 2134 5385 judicia
2160 5321 2285 5368 sunt
2310 5312 2427 5384 ejus
2454 5353 2471 5379 ,
2500 5311 2594 5385 qui
2618 5312 2883 5384 judicavit
2911 5313 2979 5368 de
3007 5312 3293 5371 meretrice
3319 5326 3535 5386 magna,

1939 5422 2060 5479 quae
2086 5405 2328 5477 corrupit
2356 5416 2553 5462 terram
2585 5405 2639 5462 in
2663 5406 3045 5477 prostitutione
3072 5423 3189 5476 sua,
3218 5417 3276 5467 et
3296 5405 3539 5466 vindica-

1936 5597 2277 5717 κτυπέειοί
2298 5629 2314 5655 ,
2357 5596 2415 5644 ut
2457 5598 2514 5646 et
2546 5588 2601 5645 in
2629 5588 2834 5648 Graecis
2862 5589 3065 5663 aliquot
3096 5591 3251 5652 libris
3280 5594 3364 5654 καὶ
3389 5591 3535 5669 ἄμω-

1937 5684 2049 5717 non.
2078 5686 2142 5717 κα
2168 5703 2182 5717 .
2223 5676 2255 5717 e
2280 5676 2330 5717 c.

1935 5684 2049 5738 μοη.
2066 5676 2182 5738 χαι,
2223 5676 2330 5718 etc.

2007 5734 2035 5773 ά
2066 5734 2262 5807 Voces,
2295 5740 2345 5787 et
2369 5732 2576 5807 gloria,
2610 5734 2825 5807 ignorat
2865 5746 3052 5797 noster
3078 5753 3183 5796 ms.
3226 5753 3348 5796 cum
3380 5738 3532 5798 Grae-

1928 5809 2012 5867 cis
2038 5806 2310 5879 plerisque
2338 5806 2482 5863 aliis.
