4128 6330
568 408 579 413 ·
640 377 781 445 067'

1628 375 1688 443 Β.
1728 370 2107 442 HlERONYlll
2144 364 2378 441 DWlNA
2421 368 2899 440 BlBLlOTllECA.

638 497 717 550 vit
750 495 1064 569 sanguinem
1088 508 1366 554 servorum
1391 507 1612 553 suorum
1636 493 1702 550 de
1725 493 1970 549 manibus
1997 492 2137 564 ejus.
2170 491 2239 547 Et
2271 492 2314 553 Α
2344 492 2643 563 antiquum,
2670 492 2757 563 qui
2785 499 2868 546 est
2894 486 3148 547 diabolus
3172 493 3227 549 et
3252 487 3504 556 Satanas,
3529 492 3587 546 et
3606 486 3797 562 ligavit
3823 503 3949 543 eum

640 587 837 644 iterum
887 589 1177 645 dixerunt:
1231 588 1482 645 Alleluia.
1537 586 1601 643 Et
1639 586 1816 642 fumus
1842 589 1959 657 ejus
1998 583 2242 641 ascendit

637 680 693 736 in
719 680 916 737 saecula
947 681 1288 738 steculorum.
1333 682 1400 737 Et
1428 678 1744 737 ceciderunt
1772 678 2018 735 seniores
2044 674 2243 750 viginti

640 781 894 844 quatuor,
927 782 982 828 et
1009 784 1244 844 quatuor
1269 770 1521 828 animalia
1540 812 1555 835 ,
1597 779 1651 826 et
1676 769 2044 827 adoraverunt
2069 767 2239 824 Deum

638 849 918 923 sedentem
951 881 1116 938 super
1140 862 1712 934 thronum,dicentes:
1756 864 1950 931 Amen,
1986 859 2238 917 Alleluia.

638 957 711 1015 Et
740 975 843 1017 vox
873 960 943 1017 de
974 960 1171 1015 throno
1200 958 1387 1026 exivit,
1417 956 1639 1015 dicens:
1669 952 1909 1014 Laudem
1941 954 2104 1012 dicite
2124 953 2241 1011 Deo

638 1062 850 1123 nostro,
891 1068 1083 1110 omnes
1112 1053 1254 1109 servi
1282 1052 1432 1124 ejus:
1458 1061 1513 1110 et
1538 1051 1628 1125 qui
1659 1051 1861 1109 timetis
1886 1066 2033 1118 eum,
2063 1046 2241 1123 pusilli

644 1158 697 1205 et
725 1149 924 1221 magni.
959 1149 1023 1205 Et
1048 1149 1227 1206 audivi
1252 1151 1404 1223 quasi
1431 1165 1620 1206 vocem
1648 1160 1673 1188 ⁸
1703 1149 1878 1206 turba:
1915 1162 2145 1219 magna,
2186 1154 2241 1202 et

635 1240 781 1297 sicut
802 1255 990 1297 vocem
1012 1257 1273 1316 aquarum
1300 1244 1614 1311 multarum,
1643 1252 1694 1298 et
1718 1241 1860 1299 sicut
1878 1255 2073 1299 vocem
2098 1239 2241 1295 toni-

635 1342 879 1390 truorum
912 1349 1255 1407 magnorum,
1288 1334 1622 1392 dicentium:
1673 1334 1942 1391 Alleluia:
1983 1330 2239 1405 quoniam

635 1426 884 1498 regnavit
906 1426 1169 1484 Dominus
1194 1427 1338 1485 Deus
1369 1439 1555 1486 uoster
1585 1428 1952 1500 omnipotens.
1993 1424 2239 1484 Gaudea-

634 1535 777 1588 mus,
808 1528 861 1576 et
884 1521 1239 1590 eXsultemus,
1265 1529 1322 1579 et
1345 1522 1536 1578 demus
1560 1520 1791 1593 gloriam
1814 1519 1865 1577 ei
1885 1537 1900 1575 :
1926 1519 2051 1591 quia
2074 1532 2241 1575 vene-

632 1626 761 1672 runt
792 1615 991 1687 nuptiae
1022 1614 1203 1689 Agni:
1256 1627 1311 1673 et
1340 1631 1484 1673 uxor
1517 1616 1637 1688 ejus
1682 1612 2014 1688 praeparavit
2049 1626 2131 1669 se.
2172 1608 2241 1667 Et

634 1706 819 1764 datum
849 1719 933 1765 est
964 1704 1064 1777 illi,
1093 1718 1146 1765 ut
1175 1709 1457 1781 cooperiat
1482 1725 1543 1766 se
1589 1708 1813 1782 byssina
1853 1705 2159 1780 splendenti
2186 1712 2242 1762 et

632 1800 886 1857 candido.
928 1801 1214 1874 Byssinum
1243 1801 1411 1873 enim,
1434 1801 1852 1874 jus'iﬂcationes
1874 1808 2003 1856 sunt
2023 1805 2238 1855 sancto-

2347 600 2441 655 per
2471 599 2642 639 annos
2672 584 2817 638 inille
2842 600 2855 635 :
2898 590 2953 639 et
2982 582 3130 639 misit
3154 598 3277 639 eum
3309 583 3364 638 in
3396 582 3675 656 abyssum,
3709 591 3767 638 et
3796 582 3951 637 clau-

2342 677 2416 734 sit
2440 688 2493 735 et
2523 677 2756 749 signavit
2798 692 2965 751 super
3000 676 3183 745 illum,
3232 686 3293 734 ut
3318 693 3426 734 non
3459 676 3685 733 seducat
3711 674 3953 746 amplius

2342 780 2572 845 gentes,
2619 770 2794 829 donec
2836 778 3285 827 consummentur
3328 770 3480 827 mille
3517 768 3686 825 anni:
3732 776 3790 824 et
3834 777 3956 838 post

2341 863 2465 921 haec
2493 873 2715 937 oportet
2740 864 2891 921 illum
2918 864 3054 921 solvi
3083 864 3301 921 modico
3334 872 3600 936 tempore.
3633 860 3703 918 Et
3734 859 3847 915 vidi
3869 875 3956 915 se—

2342 959 2462 1029 des,
2495 969 2551 1016 et
2577 959 2839 1016 sederunt
2877 975 3044 1031 super
3081 974 3207 1026 eas,
3258 967 3312 1014 et
3337 954 3598 1029 judicium
3632 956 3823 1010 datum
3870 964 3956 1012 est

2344 1051 2493 1109 illis:
2542 1061 2597 1109 et
2636 1053 2845 1110 animas
2870 1049 3261 1111 decollatorum
3306 1058 3531 1125 propter
3573 1048 3952 1110 testimonium

2342 1144 2498 1215 Jesu,
2528 1156 2583 1203 et
2608 1156 2831 1219 propter
2851 1147 3076 1203 verbum
3104 1145 3222 1214 Dei,
3252 1154 3307 1203 et
3335 1145 3424 1216 qui
3449 1159 3554 1199 non
3581 1141 3959 1201 adoraverunt

2341 1240 2603 1313 bestiam,
2636 1257 2817 1314 neque
2843 1241 3132 1314 imaginem
3165 1238 3303 1311 ejus,
3336 1254 3437 1296 nec
3462 1243 3794 1308 acceperunt
3824 1231 3958 1290 cha-

2344 1346 2614 1394 racterem
2646 1336 2764 1406 ejus
2796 1338 2850 1393 in
2874 1335 3176 1405 frontibus,
3223 1344 3318 1390 aut
3348 1332 3403 1389 in
3435 1329 3684 1389 manibus
3714 1327 3832 1385 suis
3855 1373 3871 1397 ,
3902 1335 3958 1383 et

2344 1430 2637 1501 vixerunt,
2692 1441 2749 1489 et
2777 1438 3143 1504 regnaverunt
3180 1442 3303 1485 cum
3334 1424 3556 1485 Christo
3583 1423 3736 1482 mille
3764 1421 3955 1478 annis.

2343 1508 2540 1582 Cm'teri
2569 1534 2910 1583 mortuorum
2934 1539 3041 1581 non
3068 1523 3337 1589 vixerunt,
3363 1521 3538 1579 donec
3559 1531 3958 1578 consummen-

2345 1625 2436 1675 tur
2475 1618 2627 1675 mille
2656 1618 2807 1675 anni.
2848 1618 2979 1676 llaec
3004 1627 3085 1675 est
3128 1616 3456 1673 resurrectio
3487 1613 3683 1686 prima.
3728 1611 3956 1673 Beatus,

2346 1718 2402 1765 et
2422 1720 2667 1778 sanetus,
2691 1709 2782 1780 qui
2805 1708 2970 1765 habet
2991 1719 3201 1781 partem
3228 1709 3281 1763 in
3303 1705 3709 1766 resurrectione
3734 1705 3917 1778 prima
3941 1720 3955 1757 :

2347 1802 2401 1859 in
2426 1802 2511 1858 his
2539 1802 2776 1859 secunda
2801 1819 2951 1860 mors
2970 1818 3082 1860 non
3103 1802 3270 1859 habet
3290 1810 3646 1874 petestatem:
3671 1799 3775 1857 sed
3794 1808 3960 1857 erunt

630 1911 773 1953 rum.
815 1896 882 1952 Et
907 1895 1046 1952 dixit
1074 1896 1203 1952 mihi
1232 1915 1246 1954 :
1297 1892 1527 1954 Scribe:
1571 1895 1722 1952 Beati
1749 1936 1764 1961 ,
1808 1895 1898 1966 qui
1932 1890 1999 1950 ad
2025 1905 2239 1950 omnem
2270 1880 2331 1952 Β·
2347 1895 2664 1952 sacerdotes
2684 1896 2775 1952 Dei
2797 1904 2855 1953 et
2877 1894 3105 1967 Christi,
3130 1906 3182 1953 et
3205 1895 3510 1969 regnabunt
3532 1910 3657 1952 eum
3685 1894 3782 1951 illo
3807 1888 3959 1950 mille

632 1991 945 2063 nuptiarum
979 1990 1118 2065 Agni
1149 1992 1328 2048 vocati
1376 2001 1525 2048 sunt.
1588 1989 1660 2047 Et
1707 1986 1838 2048 dicit
1888 1988 2060 2045 mihi:
2112 1985 2241 2044 Haec

634 2084 799 2139 verba
830 2083 924 2139 Dei
957 2098 1084 2140 vera
1115 2092 1264 2142 sunt.
1303 2082 1372 2140 Et
1397 2082 1567 2140 cecidi
1609 2092 1736 2139 ante
1774 2078 1938 2153 pedes
1978 2078 2131 2153 ejus,
2181 2086 2241 2135 ut

632 2174 919 2258 adorarent
947 2192 1091 2232 eum.
1121 2178 1186 2232 Et
1210 2176 1342 2234 dicit
1371 2176 1537 2236 mihi:
1564 2172 1722 2243 Vide,
1752 2190 1819 2231 ne
1844 2171 2039 2230 feceris
2065 2190 2080 2228 :
2108 2186 2240 2229 eon-

630 2284 824 2327 servus
853 2278 983 2326 tuus
1009 2286 1127 2326 sum
1152 2315 1168 2340 ,
1222 2280 1277 2328 et
1305 2270 1532 2327 fratrum
1564 2279 1777 2326 tuorum
1807 2266 2123 2333 habentium
2160 2276 2241 2323 te-

630 2363 944 2420 stimonium
968 2363 1118 2421 Jesu.
1147 2363 1315 2420 Deum
1342 2364 1529 2420 adora.
1560 2360 1951 2420 Testimonium
1976 2360 2121 2417 enim
2147 2356 2237 2416 Je-

632 2474 694 2517 su
719 2502 733 2528 ,
778 2468 860 2517 est
888 2459 1111 2531 spiritus
1140 2458 1459 2531 prophetiae.
1502 2459 1564 2513 Et
1593 2455 1703 2513 vidi
1731 2455 1927 2512 ctelum
1964 2462 2236 2528 apertum,

632 2559 690 2607 et
710 2564 835 2607 ecce
856 2562 1029 2622 equus
1053 2548 1233 2617 albus,
1263 2534 1318 2606 et
1346 2550 1435 2621 qui
1464 2548 1688 2607 sedebat
1713 2564 1880 2620 super
1903 2563 2049 2615 eum,
2074 2558 2241 2603 voca-

633 2641 793 2700 batur
824 2640 1063 2710 Fidelis,
1112 2652 1168 2700 et
1198 2640 1377 2701 Verax
1404 2662 1417 2701 :
1456 2653 1512 2700 et
1541 2658 1661 2698 cum
1688 2640 1897 2715 justitia
1924 2638 2149 2713 judicat,
2185 2649 2241 2697 et

639 2745 863 2807 pugnat.
902 2736 1055 2793 Oculi
1082 2744 1263 2792 autem
1295 2736 1414 2807 ejus
1440 2736 1584 2795 sicut
1608 2734 1827 2791 ﬂamma
1862 2734 2037 2808 ignis,
2089 2741 2147 2788 et
2184 2733 2237 2787 in

634 2830 811 2899 capite
852 2830 970 2902 ejus
996 2829 1304 2887 diademata
1349 2821 1519 2886 multa
1546 2871 1561 2897 ,
1611 2828 1817 2886 habens
1842 2842 2041 2885 nomen
2066 2825 2241 2900 scrip—

631 2929 771 2992 tum,
792 2924 936 2994 quod
966 2937 1131 2979 nemo
1150 2925 1299 2980 novit
1333 2923 1433 2979 nisi
1464 2921 1600 2994 ipse.
1645 2920 1712 2977 Et
1740 2920 1971 2978 vestitus
1995 2929 2113 2977 erat
2137 2934 2238 2976 ve-

524 3060 530 3067 .
632 3022 719 3071 ste
747 3029 967 3085 aspersa
1006 3017 1314 3087 sanguine:
1349 3023 1403 3072 et
1432 3023 1657 3071 vocatur
1690 3028 1886 3070 nomen
1916 3010 2069 3085 ejus,
2102 3004 2241 3067 Ver-

634 3106 762 3163 bum
788 3107 901 3166 Dei.
933 3112 996 3165 lit
1019 3109 1294 3173 exercitus
1313 3108 1407 3181 qui
1429 3119 1556 3166 sunt
1588 3109 1640 3164 in
1677 3106 1843 3177 caelo,
1868 3106 2240 3180 sequebantur

634 3214 757 3257 eum
799 3201 851 3257 in
883 3203 1036 3275 equis
1068 3203 1236 3270 albis,
1269 3200 1449 3258 vestiti
1494 3202 1718 3276 byssino
1750 3198 1874 3257 albo
1912 3206 1967 3257 et
2009 3197 2236 3254 mundo.

2345 1990 2531 2047 annis.
2573 1991 2787 2048 Etcum
2815 1992 3179 2049 consummati
3212 1991 3413 2048 fuerint
3448 1989 3601 2047 mille
3633 1989 3804 2056 anni,
3847 1986 3962 2044 sol-

2346 2092 2512 2142 vetur
2539 2086 2766 2141 Satanas
2792 2085 2861 2142 de
2891 2100 3112 2143 carcere
3141 2099 3275 2155 suo,
3305 2094 3361 2142 et
3387 2084 3589 2153 exibit,
3638 2092 3694 2140 et
3730 2083 3962 2141 seducet

2345 2184 2558 2249 gentes,
2588 2191 2712 2248 qum
2736 2186 2863 2233 sunt
2893 2192 3059 2249 super
3084 2187 3323 2249 quatuor
3349 2177 3579 2250 angulos
3600 2186 3789 2244 terrae,
3817 2172 3959 2247 Gog,

2345 2281 2403 2328 et
2430 2270 2649 2343 Magug,
2699 2280 2753 2327 et
2783 2271 3132 2344 congregabit
3160 2287 3257 2329 eos
3289 2272 3343 2330 in
3380 2273 3627 2342 praelium
3648 2315 3665 2342 ,
3718 2286 3960 2345 quorum

2348 2364 2624 2420 numerus‘
2638 2374 2722 2421 est
2745 2364 2889 2421 sicut
2924 2379 3089 2421 arena
3122 2366 3311 2422 maris.
3351 2366 3420 2423 Et
3456 2366 3835 2424 ascenderunt
3869 2380 3963 2422 su-

2344 2472 2445 2529 per
2473 2457 2811 2514 latitudinem
2844 2457 2972 2532 [Μδ.
3005 2458 3393 2532 altitudinem].
3425 2469 3611 2525 terrae,
3640 2468 3698 2517 ct
3724 2458 3965 2518 circuie-

2347 2563 2476 2609 runt
2496 2562 2675 2610 castra
2705 2564 3044 2620 sanctorum,
3072 2563 3129 2611 et
3151 2554 3428 2611 civitatem
3459 2554 3739 2611 dilectam.
3773 2554 3845 2611 Et
3866 2554 3965 2611 de-

2347 2646 2559 2704 scendit
2596 2648 2735 2719 ignis
2768 2663 2797 2704 a
2825 2648 2937 2706 Deo
2975 2648 3046 2706 de
3074 2648 3218 2706 cmlo
3241 2690 3257 2716 ,
3309 2657 3365 2707 et
3401 2648 3685 2706 devoravit
3712 2663 3857 2711 eos:
3909 2655 3967 2706 et

2348 2743 2631 2812 Diabolus,
2661 2743 2752 2816 qui
2780 2743 3076 2808 sedueebat
3104 2760 3200 2801 eos
3218 2785 3236 2813 ,
3278 2744 3478 2802 missus
3507 2753 3591 2802 est
3614 2744 3673 2802 in
3700 2754 3961 2817 stagnum

2347 2841 2488 2912 ignis
2512 2850 2566 2898 et
2596 2842 2877 2913 sulphuris
2902 2882 2920 2909 ,
2971 2841 3064 2898 ubi
3100 2850 3158 2898 et
3182 2841 3352 2897 bestia
3389 2849 3448 2897 et
3474 2839 3961 2911 pseudopropheta

2347 2931 2796 2990 b'cruciabuntur
2835 2934 2926 2991 die
2971 2949 3036 2993 ac
3074 2944 3235 2992 nocte
3265 2936 3317 2989 in
3358 2934 3559 2992 smcula
3597 2935 3961 2991 saeculorum

2347 3025 2416 3082 Et
2439 3027 2545 3083 vidi
2573 3027 2829 3084 thronum
2854 3042 3107 3099 magnum
3136 3027 3450 3096 candidum,
3478 3038 3533 3085 et
3552 3028 3851 3086 sedentem
3869 3044 3965 3085 su-

2349 3134 2448 3189 per
2478 3134 2624 3186 cum,
2657 3134 2687 3174 a
2713 3119 2871 3189 cujus
2901 3132 3196 3191 conspectu
3227 3118 3361 3193 fugit
3389 3129 3533 3176 terra
3560 3129 3615 3177 et
3645 3121 3879 3187 caelum,
3909 3129 3965 3178 et

2349 3211 2505 3269 locus
2532 3228 2639 3269 non
2663 3221 2747 3268 est
2773 3213 3026 3271 inventus
3045 3214 3124 3269 eis
3152 3213 3292 3288 [M3,
3317 3212 3387 3270 ab
3410 3211 3545 3286 eis];
3573 3212 3642 3271 Et
3666 3213 3777 3270 vidi
3810 3231 3965 3272 mor-

634 3294 707 3352 Et
731 3295 799 3353 de
823 3313 919 3353 ore
945 3296 1062 3369 ejus
1085 3290 1326 3367 procedit
1344 3295 1557 3369 gladius
1584 3312 1651 3351 ex
1676 3306 1906 3364 utraque
1935 3300 2086 3365 parte
2109 3307 2238 3348 acu-

2347 3316 2495 3375 tuos,
2511 3320 2735 3377 magnos
2763 3317 2820 3363 et
2842 3306 3092 3377 pusillos,
3117 3317 3325 3363 stantes
3348 3308 3400 3361 in
3424 3318 3721 3378 conspectu
3747 3307 3961 3373 throni,
4030 3382 4035 3385 _

544 3408 553 3419 ο
637 3396 763 3444 tus:
807 3400 869 3444 ut
908 3388 958 3443 ln
1005 3388 1124 3460 ipso
1152 3389 1422 3461 percutiat
1449 3396 1680 3459 gentes:
1720 3395 1773 3442 et
1806 3384 1925 3458 ipse
1952 3394 2105 3457 reget
2143 3397 2239 3440 eas

642 3481 696 3540 in
728 3485 873 3555 virga
907 3482 1080 3540 ferrea
1109 3500 1123 3537 :
1168 3493 1224 3540 et
1261 3483 1379 3555 ipse
1414 3481 1589 3539 calcat
1630 3479 1867 3536 torcular
1896 3477 2006 3533 vini
2036 3474 2237 3533 furoris

636 3577 733 3634 ira:
757 3575 854 3633 Dei
882 3574 1295 3648 omnipotentis.
1339 3574 1407 3631 Et
1437 3574 1598 3630 habet
1628 3574 1680 3629 in
1713 3574 2061 3638 vestimento,
2103 3569 2236 3626 etin

633 3670 840 3729 femore
876 3685 975 3726 suo
998 3672 1257 3741 scriptum
1283 3686 1297 3724 :
1330 3668 1442 3727 Rex
1467 3683 1680 3742 regum,
1704 3677 1759 3722 et
1776 3665 2036 3723 Dominus
2063 3663 2240 3721 domi—

634 3765 897 3822 nantium.
932 3764 1002 3820 Et
1029 3765 1135 3821 vidi
1162 3781 1327 3821 unum
1359 3758 1608 3837 angelum
1641 3770 1874 3818 stantem
1910 3761 1961 3815 in
1993 3758 2133 3826 sole,
2182 3766 2241 3815 et

634 3859 889 3915 clamavit
909 3873 1043 3915 voce
1068 3873 1260 3930 magna
1282 3899 1299 3928 ,
1342 3856 1535 3913 dicens
1565 3853 1819 3911 omnibus
1853 3850 2048 3907 avibus
2071 3892 2087 3919 ,
2117 3865 2237 3921 quze

534 3950 539 3955 ’
633 3952 888 4009 volabant
910 3968 1007 4025 per
1037 3952 1276 4009 medium
1309 3950 1432 4008 eteli
1461 3968 1475 4006 :
1505 3948 1724 4019 Venite,
1752 3956 1807 4004 et
1834 3943 2238 4019 congregamini

631 4046 699 4104 ad
717 4062 929 4105 caenam
954 4061 1203 4118 magnam
1223 4045 1353 4112 Dei;
1376 4053 1428 4100 ut
1453 4041 1788 4100 manducetis
1808 4055 2001 4098 carnes
2024 4052 2235 4110 regum,

633 4149 688 4198 et
717 4155 909 4198 carnes
936 4140 1315 4206 tribunorum,
1362 4148 1415 4195 et
1441 4152 1636 4194 carnes
1667 4135 1907 4192 (ouium.
1947 4132 2016 4190 Et
2045 4144 2241 4189 carnes

635 4250 897 4307 equorum
919 4275 935 4301 ,
985 4244 1041 4291 et
1072 4232 1378 4290 sedentium
1410 4232 1463 4287 in
1495 4231 1657 4302 ipsis,
1688 4237 1745 4286 et
1768 4242 1963 4286 carnes
1994 4225 2238 4282 omnium

636 4328 957 4396 liberorum,
980 4334 1036 4383 et
1059 4340 1362 4392 servorum,
1387 4332 1443 4381 et
1465 4323 1807 4396 pusillorum,
1822 4329 1875 4377 et
1894 4333 2233 4391 magnorum.

635 4421 703 4479 Et
732 4420 839 4477 vidi
871 4421 1121 4489 bestiam,
1150 4428 1207 4478 et
1234 4434 1389 4491 reges
1418 4427 1582 4475 terrae
1600 4458 1615 4485 ,
1664 4425 1721 4474 et
1750 4416 2021 4473 exercitus
2048 4424 2236 4470 eorum

638 4522 1033 4587 congregatos,
1080 4512 1147 4570 ad
1190 4511 1494 4569 faciendum
1526 4509 1773 4583 prrelium
1813 4524 1933 4564 eum
1974 4507 2098 4577 illo,
2145 4504 2239 4577 qui

634 4607 859 4667 sedebat
881 4610 936 4665 in
957 4623 1117 4681 equo,
1153 4616 1352 4666 etcum
1376 4605 1622 4664 exercitu
1643 4604 1780 4677 ejus.
1811 4603 1878 4660 Et
1896 4602 2238 4675 apprehensa

2346 3409 2404 3455 et
2433 3398 2557 3455 libri
2581 3399 2752 3470 aperti
2783 3407 2948 3455 sunt:
2994 3408 3044 3455 et
3069 3400 3206 3456 alius
3231 3399 3370 3457 liber
3395 3404 3618 3471 apertus
3637 3410 3722 3461 est
3745 3403 3847 3474 qui
3876 3410 3967 3460 est

2349 3493 2517 3561 Vitae,
2559 3501 2615 3549 et
2649 3491 2882 3563 judicati
2922 3502 3049 3548 sunt
3078 3490 3274 3549 mortui
3304 3507 3371 3548 ex
3408 3491 3533 3559 his,
3580 3508 3706 3565 quae
3747 3494 3964 3565 scripta

2346 3591 2503 3642 erant
2532 3584 2584 3639 in
2617 3583 2770 3641 libris
2797 3624 2811 3649 ,
2860 3583 3159 3641 secundum
3191 3588 3353 3655 Opera
3385 3584 3652 3655 ipsorum.
3703 3576 3775 3641 Et
3805 3584 3965 3642 dedit

2349 3694 2500 3736 mare
2529 3687 2797 3748 mortuos,
2828 3680 2920 3749 qui
2952 3677 3006 3733 in
3038 3693 3105 3734 eo
3136 3688 3329 3738 erant:
3357 3686 3416 3735 et
3441 3694 3591 3737 mors
3624 3689 3680 3739 et
3708 3681 3965 3739 infernus

2346 3772 2617 3829 dederunt
2648 3782 2893 3828 mortuos
2919 3785 3080 3840 suos,
3118 3771 3209 3843 qui
3237 3772 3293 3827 in
3326 3771 3462 3843 ipsis
3488 3783 3643 3829 erant
3673 3792 3688 3829 :
3722 3781 3778 3830 et
3800 3772 3961 3844 judi-

2346 3874 2531 3921 catum
2561 3876 2643 3921 est
2672 3863 2739 3920 de
2766 3863 2995 3935 singulis
3025 3865 3323 3920 secundum
3365 3880 3531 3935 opera
3563 3866 3838 3938 ipsorum.
3892 3865 3966 3922 Et

2346 3958 2594 4015 infernus
2641 3966 2696 4014 et
2723 3973 2875 4014 mors
2925 3957 3076 4014 missi
3112 3968 3235 4012 sunt
3267 3958 3321 4014 in
3355 3966 3603 4030 stagnum
3629 3959 3793 4031 ignis.
3834 3960 3965 4015 llaec

2346 4062 2432 4109 est
2460 4066 2612 4110 mors
2639 4050 2874 4108 secunda
2904 4060 2951 4107 ο.
3006 4050 3074 4106 Ει
3115 4050 3207 4121 qui
3248 4065 3355 4106 non
3400 4050 3652 4108 inventus
3688 4059 3775 4108 est
3806 4051 3867 4108 in
3902 4050 3966 4109 li-

2346 4145 2446 4202 bro
2480 4146 2614 4201 Viue
2650 4146 2918 4215 scriptus,
2960 4144 3159 4201 missus
3184 4153 3269 4200 est
3307 4143 3359 4200 in
3391 4155 3645 4217 stagnum
3678 4144 3850 4217 ignis.

2419 4238 2570 4313 [Cap.
2605 4230 2771 4310 XXI.]
2804 4237 2871 4293 Et
2899 4237 3001 4292 vidi
3035 4237 3232 4294 caelum
3266 4252 3496 4306 novum,
3529 4245 3586 4294 et
3617 4246 3826 4293 terram
3865 4253 3964 4295 no—

2345 4345 2489 4387 vam.
2521 4331 2757 4387 Primum
2782 4329 2929 4386 enim
2964 4331 3162 4386 ccelum
3183 4374 3200 4402 ,
3231 4338 3288 4387 et
3322 4331 3492 4402 prima
3520 4339 3662 4387 terra
3688 4332 3832 4388 abiit
3855 4376 3873 4401 ,
3907 4340 3960 4388 et

2345 4439 2497 4482 mare
2515 4424 2631 4493 jam
2655 4438 2764 4481 non
2784 4431 2890 4480 est.
2912 4423 3095 4495 Etego
3112 4423 3350 4481 Joannes
3369 4423 3479 4480 vidi
3502 4434 3747 4482 sanctam
3761 4426 3964 4482 civita-

2346 4526 2458 4574 tein
2484 4512 2787 4575 Jerusalem
2820 4533 3016 4574 novam
3044 4519 3464 4577 descendentem
3487 4520 3557 4578 de
3586 4522 3728 4579 caelo
3754 4538 3784 4578 a
3816 4522 3959 4588 Deo,

2346 4621 2615 4680 paratam,
2648 4612 2789 4667 sicut
2819 4626 3074 4683 sponsam
3106 4622 3351 4668 ornatam
3374 4614 3492 4669 viro
3520 4629 3641 4671 suo.
3672 4612 3745 4671 Et
3768 4612 3964 4671 audivi

633 4712 719 4760 est
745 4703 939 4771 bestia.
967 4710 1164 4759 etcum
1191 4716 1253 4759 ea
1277 4698 1783 4773 pseudopropheta:
1810 4698 1903 4770 qui
1930 4697 2060 4753 fecit
2085 4695 2236 4767 signa
2264 4692 2321 4759 D
2347 4718 2536 4760 vocem
2569 4720 2818 4775 magnam
2850 4703 2918 4758 de
2950 4704 3146 4762 throno
3175 4703 3444 4762 dicentem
3474 4722 3489 4760 :
3523 4705 3668 4764 Ecce
3698 4708 3963 4765 taberna-

632 4812 821 4855 coram
856 4798 999 4869 ipso,
1028 4795 1221 4868 quibus
1247 4792 1462 4852 seduxit
1486 4809 1600 4863 eos,
1631 4791 1726 4864 qui
1755 4797 2081 4863 acceperunt
2105 4789 2237 4844 elia-

633 4899 906 4947 racterem
936 4888 1149 4956 bestiae,
1178 4896 1234 4944 et
1262 4887 1352 4959 qui
1379 4886 1744 4943 adoraverunt
1774 4883 2066 4956 imaginem
2093 4878 2230 4953 ejus.

635 4983 761 5040 Ἦνί
792 4984 945 5039 missi
975 4990 1103 5039 sunt
1127 4982 1182 5037 hi
1208 4982 1318 5038 duo
1346 4983 1399 5038 in
1423 4991 1672 5053 stagnum
1696 4978 1840 5053 ignis
1858 4976 2104 5037 ardentis
2122 4977 2236 5033 sul-

612 5074 830 5156 _phure.
865 5074 932 5132 Et
957 5076 1140 5131 czeteri
1171 5073 1337 5132 occisi
1366 5080 1493 5130 sunt
1516 5074 1573 5131 in
1595 5072 1776 5145 gladio
1805 5070 2045 5128 sedentis
2068 5083 2235 5141 super

631 5185 853 5242 equum,
904 5166 994 5242 qui
1036 5168 1279 5241 prooedit
1300 5166 1368 5225 de
1400 5183 1496 5225 ore
1530 5168 1740 5240 ipsius:
1784 5173 1839 5221 et
1871 5179 2063 5221 omnes
2105 5177 2235 5221 aves

632 5271 1040 5336 saturataesunt
1067 5250 1330 5319 carnibus
1360 5276 1570 5319 eorum.

700 5354 867 5432 [Cap.
916 5352 1075 5431 XX]
1133 5356 1202 5412 Et
1239 5354 1347 5412 vidi
1394 5350 1647 5427 angelum
1698 5344 2121 5409 descendentem
2165 5344 2235 5408 de

636 5451 800 5515 etelo,
820 5440 1117 5526 habentem
1146 5446 1352 5505 clavem
1382 5442 1590 5518 abyssi,
1620 5452 1675 5502 et
1704 5455 1954 5502 catenam
1983 5456 2232 5515 magnam

632 5542 688 5601 in
712 5559 1019 5603 manusua.
1060 5545 1126 5600 Et
1156 5541 1518 5615 apprehendit
1543 5542 1835 5598 draconem
1861 5582 1877 5609 ,
1925 5553 2230 5612 serpentem

706 5671 733 5701 ⁸
765 5663 910 5720 Idem
943 5676 1047 5717 ms.
1078 5660 1212 5715 tuba:
1241 5656 1489 5729 praefert,
1519 5671 1621 5727 pro
1646 5654 1844 5729 turbes,
1884 5648 2255 5729 consentias?

633 5734 776 5791 tibiis
837 5734 1044 5791 Gracia
1086 5726 1411 5801 quibusdam
1448 5726 1891 5800 iaempluibus,
1932 5729 1989 5784 in
2034 5726 2235 5800 quibus

631 5816 712 5862 est
730 5850 744 5873 ,
777 5807 1057 5873 σάλπιγγος
1088 5798 1187 5873 pro
1216 5798 1404 5873 ὄχλου.

701 5828 744 5873 ι,
777 5828 937 5865 catam
1005 5828 1057 5866 ος
1088 5828 1187 5873 pro
1216 5828 1404 5873 οχΑου.

701 5877 729 5917 1'
755 5879 910 5935 Juxta
932 5828 1181 5934 ﬂaccum
1206 5881 1437 5946 testum.
1464 5874 1551 5930 καὶ
1567 5871 2065 5946 βασανισθήσονται,
2093 5886 2236 5946 pras-

630 5958 839 6018 ponuut
890 5947 1059 6005 verbo
1089 5943 1454 6001 cruciabantur
1501 5942 1690 6001 noster
1741 5946 1941 6016 aliique
1996 5959 2065 6001 ex
2096 5942 2236 6001 Cor—

2344 4795 2528 4852 culum
2561 4796 2655 4852 Dei
2685 4811 2808 4854 cum
2841 4794 3175 4867 hominibus,
3208 4806 3264 4853 et
3294 4797 3563 4854 habitabit
3590 4815 3715 4856 cum
3747 4802 3858 4858 eis.
3893 4798 3964 4858 Et

2346 4891 2446 4961 ipsi
2495 4889 2731 4961 populus
2768 4887 2887 4962 ejus
2920 4900 3101 4959 erunt,
3144 4902 3198 4948 et
3236 4892 3353 4964 ipse
3380 4892 3525 4949 Deus
3558 4909 3683 4951 cum
3725 4897 3808 4953 eis
3854 4897 3964 4956 erit

2344 4997 2536 5040 eorum
2579 4981 2719 5039 Deus
2752 5001 2764 5035 :
2808 4993 2862 5039 et
2899 4982 3177 5057 absterget
3212 4984 3354 5041 Deus
3390 5001 3610 5044 omnem
3650 4988 3962 5062 lacrymam

2342 5073 2412 5132 ab
2437 5072 2613 5131 oculis
2637 5090 2826 5131 eorum
2861 5094 2874 5129 :
2903 5084 2960 5133 et
2990 5091 3138 5135 mors
3168 5077 3303 5134 ultra
3334 5094 3440 5136 non
3472 5081 3600 5151 erit,
3626 5097 3805 5154 neque
3840 5085 3965 5143 luc-

2342 5177 2461 5238 tus,
2509 5184 2686 5241 neque
2731 5170 2977 5238 clamor,
3027 5186 3206 5245 neque
3248 5173 3406 5229 dolor
3455 5175 3562 5231 erit
3603 5176 3779 5245 ultra,
3829 5178 3963 5251 quia

2344 5263 2517 5334 prima
2535 5260 2803 5318 abierunt.
2838 5263 2902 5318 Et
2926 5261 3064 5320 dixit
3089 5265 3180 5336 qui
3212 5265 3437 5323 sedebat
3463 5266 3517 5323 in
3545 5266 3747 5326 throno
3772 5287 3785 5324 :
3810 5271 3963 5327 Ecce

2343 5369 2483 5410 nova
2508 5354 2646 5410 facio
2677 5354 2881 5409 omnia.
2913 5354 2979 5410 Et
3006 5353 3291 5412 dixitmihi
3322 5354 3346 5395 δ
3379 5374 3396 5415 :
3431 5356 3643 5432 Scribe,
3673 5352 3800 5432 quia
3838 5362 3963 5418 haec

2341 5446 2504 5506 verba
2533 5448 2846 5527 ﬁdelissima
2878 5459 3028 5517 sunt,
3066 5460 3121 5507 et
3148 5466 3298 5507 vera.
3336 5444 3408 5508 Et
3436 5452 3575 5510 dixit
3604 5452 3739 5510 mihi
3772 5476 3784 5509 :
3815 5446 3961 5512 Fac-

2340 5542 2453 5599 tum
2485 5551 2585 5597 est.
2626 5542 2739 5614 Ego
2774 5557 2892 5599 smn
2931 5549 2969 5598 A
2999 5550 3055 5600 et
3078 5555 3121 5598 Ω
3149 5561 3166 5598 :
3197 5544 3406 5601 initium
3429 5587 3445 5615 ,
3476 5554 3532 5603 et
3561 5545 3703 5602 ﬁnis.
3734 5547 3855 5617 Ego
3884 5548 3963 5604 si-

2343 5655 2549 5734 δείρῃςί
2575 5654 2911 5711 Bibliotheca
2936 5671 3043 5712 ms.
3062 5655 3187 5734 libri
3214 5668 3263 5711 et
3293 5659 3961 5734 particulamylsguntqne

2342 5726 2453 5781 alio
2473 5727 2661 5800 [er-me
2681 5742 2879 5800 mea,
2908 5737 2957 5783 et
2986 5726 3356 5784 mciabuntitr
3378 5733 3465 5786 die
3488 5742 3550 5787 ac
3578 5726 3745 5800 nocti,
3773 5726 3891 5790 etc:

2417 5808 2441 5837 ο
2472 5796 2703 5878 Repetit
2731 5799 2873 5878 idem
2897 5871 2908 5878 _
2930 5816 3031 5855 ms.
3064 5803 3150 5857 hic
3176 5803 3364 5878 verba,
3398 5813 3637 5877 διαθῆκαι
3820 5844 3841 5874 ,
3871 5806 3963 5861 α-

2340 5866 2453 5928 cilc
2472 5866 2708 5927 οιἸὶΜί
2735 5872 2865 5928 albo
2893 5871 2951 5927 in
2981 5881 3191 5929 textum
3219 5875 3450 5931 ἰηιηηο.

2415 5941 2443 5980 ά
2491 5941 2657 5998 Addit
2681 5952 2873 6000 noster
2901 5959 3009 6002 ms.
3035 5943 3123 6002 hic
3152 5960 3351 6006 nomen
3371 5946 3619 6021 angelus;
