4128 6330
271 351 373 414 160

1267 353 1328 411 Β.
1369 349 1654 412 ,ιοΑΝΝιε
1696 343 1887 412 APOS‘

1995 353 2034 414 .I
2073 345 2564 416 APOCALYPSIS.
3466 357 3572 418 8'10

267 470 425 526 tieuti
470 469 609 524 dabo
645 470 711 526 de
743 470 889 526 fonte
921 487 1073 542 aquae
1114 473 1235 528 vitae
1266 475 1455 544 gratis.
1503 477 1601 544 Qui
1645 478 1867 544 vicerit,
1899 481 1948 540 Α
1977 476 2200 547 gloriam
2245 492 2394 532 suun
2439 485 2494 532 et
2531 475 2791 531 honorem
2831 475 2884 530 in
2924 476 3093 531 illam.
3142 477 3205 533 Et
3244 488 3414 549 portae
3455 482 3572 549 ejus

273 564 575 634 possidebit
602 564 738 634 limo,
765 573 818 620 et
840 579 934 622 ero
956 565 1034 622 illi
1060 567 1223 634 Deus,
1245 578 1301 624 et
1319 568 1412 623 ille
1428 567 1531 624 erit
1555 567 1686 624 mihi
1707 569 1868 626 ﬁlius.

268 653 499 710 Timidis
533 666 734 721 autem,
763 657 1152 724 etincredulis,
1174 641 1233 715 et
1261 662 1584 727 exsecratis,
1617 671 1670 716 et
1704 661 1874 716 homi-

270 746 428 814 cidis,
474 756 528 802 et
555 747 1066 818 fornicatoribus,et
1089 751 1367 820 veneﬁcis,
1393 762 1446 810 et
1477 755 1796 827 idololatris,
1822 766 1874 815 et

269 841 522 897 omnibus
567 842 942 913 mendacibus,
971 860 1096 916 pars
1123 846 1338 903 illorum
1361 849 1464 904 erit
1491 851 1544 905 in
1573 860 1762 923 stagno
1788 870 1876 908 ar-

271 934 424 992 denti
464 936 588 1008 igne
624 947 678 993 et
708 938 1010 1010 sulphure:
1045 942 1189 1011 quod
1225 953 1308 998 est
1340 958 1488 1000 mors
1514 945 1772 1002 secunda.
1803 947 1875 1003 Et

268 1034 418 1086 venit
441 1047 579 1086 unus
601 1031 671 1088 de
691 1042 906 1102 septem
931 1036 1143 1106 angelis
1169 1035 1495 1094 habentibus
1525 1041 1736 1110 phialas
1760 1042 1877 1113 ple-

270 1140 370 1182 nas
399 1135 607 1197 septem
638 1127 811 1199 plagis
842 1129 1177 1192 novissimis.
1208 1139 1264 1186 et
1287 1132 1498 1190 locutus
1525 1145 1608 1190 est
1639 1151 1873 1203 mecum,

268 1219 461 1276 dicens
495 1238 508 1276 :
542 1220 696 1290 Veni,
745 1229 804 1277 et
849 1221 1134 1278 ostendam
1183 1223 1278 1280 tibi
1321 1239 1598 1296 sponsam,
1650 1243 1874 1284 uxorem

275 1314 438 1385 Agni.
475 1314 540 1369 Et
569 1314 784 1370 sustulit
819 1329 906 1371 me
943 1316 998 1370 in
1028 1316 1233 1387 fspiritu
1260 1316 1317 1373 in
1347 1327 1585 1374 montem
1621 1335 1875 1392 magnum

271 1415 329 1465 et
357 1407 528 1463 altum
558 1406 707 1481 [Με.
735 1415 837 1463 tac.
867 1417 923 1465 et
950 1409 1196 1483 altum],
1225 1420 1280 1468 et
1309 1413 1554 1469 ostendit
1586 1414 1717 1471 mihi
1741 1416 1876 1472 civi-

274 1515 442 1563 tatem
483 1515 726 1562 sanctam
763 1507 1070 1564 Jerusalem
1103 1507 1528 1566 descendentem
1567 1512 1637 1568 de
1667 1511 1809 1569 coelo
1845 1528 1876 1568 a

274 1600 408 1670 Deo,
443 1600 735 1657 habentem
759 1601 1069 1658 claritatem
1103 1603 1236 1658 Dei:
1265 1613 1322 1660 et
1349 1605 1530 1662 lumen
1562 1606 1678 1676 ejus
1700 1605 1879 1663 simile

272 1691 439 1766 lapidi
487 1691 730 1766 pretioso
760 1704 1031 1767 tamquam
1069 1694 1232 1766 lapidi
1261 1695 1519 1768 jaspidis,
1555 1697 1695 1755 sicut
1724 1715 1878 1772 crys-

275 1785 488 1842 tallum.
538 1785 605 1842 Et
650 1786 885 1843 habebat
917 1803 1129 1844 murum
1161 1804 1413 1860 maguum
1449 1801 1503 1847 et
1541 1791 1747 1860 altum,
1787 1793 1882 1847 ha-

1982 585 2086 623 non
2118 569 2434 625 claudentur
2479 585 2574 640 per
2610 569 2750 626 diem
2784 585 2800 624 :
2849 583 2951 626 nox
2983 571 3127 626 enim
3171 586 3277 626 nou
3309 573 3411 628 erit
3441 573 3571 630 illic.

1980 661 2047 719 Et
2091 661 2316 718 aderant
2361 663 2586 733 gloriam
2633 660 2805 735 [Msa
2830 663 2955 717 add.
2986 661 3179 735 suam]
3216 675 3269 720 et
3312 664 3576 720 honorem

1983 755 2224 827 gentium
2273 757 2326 812 in
2375 755 2544 810 illam.
2593 753 2708 811 Non
2755 757 2975 811 intrabit
3021 755 3049 795 ι’
3095 758 3146 812 ἱη
3191 772 3309 813 eam
3358 757 3575 826 aliquod

1986 849 2387 918 coinquinatum
2414 890 2429 915 ,
2469 858 2561 904 aut
2583 848 3040 906 abominationem
3074 844 3312 916 faciens,
3345 861 3400 906 et
3430 866 3582 906 men—

1979 943 2218 1010 decium,
2251 943 2354 999 nisi
2385 943 2475 1015 qui
2501 943 2690 1014 scripti
2720 951 2844 999 sunt
2867 943 2928 998 in-
2949 943 3090 1000 libro
3121 943 3257 1000 Vita:
3285 943 3414 1016 [Ms.
3446 946 3573 1000 add.

1979 1033 2055 1106 et]
2086 1036 2240 1106 Agni.

2052 1124 2206 1198 [ϐαρ.
2239 1125 2433 1198 XXll.]
2466 1127 2534 1182 Et
2560 1127 2800 1184 ostendit
2829 1127 2960 1183 mihi
3001 1127 3216 1184 ﬂuvium
3247 1145 3399 1201 aquze
3429 1130 3572 1202 vitaz,

1981 1218 2320 1288 splendidum
2365 1228 2635 1290 tamquam
2665 1220 3016 1292 crystallum,
3077 1222 3459 1291 procedentem
3507 1222 3577 1277 de

1983 1311 2112 1368 sede
2146 1312 2237 1367 Dei
2257 1323 2309 1368 et
2332 1311 2490 1384 Agni.
2516 1314 2572 1369 la
2598 1312 2776 1370 medio
2797 1313 2987 1385 plateae
3009 1315 3122 1384 ejus
3140 1358 3154 1382 ,
3181 1327 3235 1372 et
3257 1330 3321 1371 ex
3345 1327 3576 1388 utraque

1982 1413 2137 1477 parte
2164 1405 2403 1462 ﬂuminis
2434 1407 2633 1478 lignum
2667 1409 2820 1476 vitae,
2853 1409 3089 1466 aﬂ‘ercns
3121 1407 3329 1467 fructus
3369 1410 3577 1469 duode-

1982 1499 2107 1565 cim,
2143 1515 2239 1569 per
2276 1514 2490 1555 menses
2519 1499 2766 1572 singulos
2791 1501 3024 1557 reddens
3053 1502 3282 1559 fructum
3315 1520 3494 1572 suum,
3522 1514 3580 1561 et

1981 1589 2110 1645 folia
2135 1591 2262 1662 ligni
2285 1592 2352 1647 ad
2375 1593 2660 1649 sanitatem
2677 1596 2939 1664 gentium.
2967 1596 3031 1650 Et
3051 1611 3213 1653 omne
3233 1597 3575 1654 maledictum

1985 1699 2090 1740 non
2133 1685 2237 1741 erit
2271 1687 2504 1758 amplius
2541 1705 2554 1742 :
2586 1700 2609 1728 ο
2655 1687 2751 1744 sed
2794 1688 2953 1745 sedes
2995 1689 3090 1745 Dei
3131 1698 3186 1744 et.
3216 1691 3352 1761 Agni
3399 1689 3452 1747 in
3489 1691 3577 1746 illa

1983 1789 2162 1846 erunt,
2197 1789 2249 1836 et
2273 1783 2416 1836 servi
2438 1780 2556 1852 ejus
2586 1782 2825 1838 servient
2853 1782 2955 1838 illi.
2989 1783 3058 1836 Et
3086 1784 3352 1840 videbunt
3380 1784 3578 1841 faciem

274 1878 494 1936 bentem
531 1887 730 1951 portas
753 1879 1040 1936 duodecim
1075 1896 1090 1936 :
1124 1882 1260 1937 etin
1301 1883 1471 1953 portis
1500 1887 1723 1955 angelos
1747 1885 1883 1941 duo.
1913 1884 1957 1946 Β
1985 1874 2105 1944 ejus
2137 1893 2153 1928 :
2199 1883 2255 1931 ct
2293 1891 2490 1932 nomen
2530 1876 2651 1946 ejus
2680 1875 2707 1914 ά
2749 1878 2800 1931 in
2835 1875 3104 1932 frontibus
3135 1893 3344 1933 eorum.
3381 1878 3445 1933 Et
3471 1893 3580 1934 nox

274 1971 476 2038 decim,
499 1980 553 2028 et
573 1971 794 2028 nomina
823 1971 1106 2045 inscripta,
1136 1989 1256 2046 qum
1280 1985 1407 2031 sunt
1434 1979 1651 2034 nomina
1675 1977 1880 2036 duode-

277 2066 386 2123 cim
419 2066 657 2122 tribuum
697 2066 929 2124 filiorum
967 2066 1154 2125 Israel.
1187 2068 1272 2126 Ab
1305 2070 1516 2128 oriente
1549 2080 1716 2142 portae
1743 2082 1875 2142 tres,

275 2170 331 2218 et
349 2161 422 2217 ab
442 2161 706 2232 Aquilone
728 2170 900 2232 porta:
925 2170 1059 2230 tres,
1083 2163 1224 2219 etab
1243 2164 1446 2220 Austro
1474 2174 1646 2235 porta:
1667 2175 1802 2233 tres,
1825 2175 1883 2224 et

276 2255 346 2312 ab
389 2255 598 2311 Occasu
642 2264 814 2327 portae
865 2267 994 2313 tres.
1045 2257 1112 2313 Et
1159 2274 1345 2314 murus
1387 2259 1622 2316 civitatis
1671 2261 1879 2318 habens

284 2347 639 2405 fundamenta
658 2348 972 2418 duodecim,
993 2360 1044 2406 et
1069 2350 1122 2406 in
1147 2350 1278 2421 ipsis
1300 2361 1326 2389 ει
1352 2351 1638 2409 duodecim
1661 2355 1879 2411 nomina

277 2442 567 2500 duodecim
595 2443 964 2514 apostolorum
997 2445 1156 2514 Agni.
1192 2445 1259 2500 Et
1288 2445 1380 2517 qui
1409 2447 1730 2518 loquebatur
1766 2463 1881 2504 me-

278 2549 426 2601 cum,
458 2535 694 2592 habebat
717 2551 1024 2593 mensuram
1049 2538 1402 2594 arundineam
1426 2555 1667 2607 auream,
1689 2549 1748 2596 ut
1770 2557 1883 2598 me-

278 2630 470 2687 tiretur
491 2631 787 2700 civitatem,
806 2641 864 2688 et
881 2639 1066 2704 portas
1087 2632 1224 2703 ejus,
1251 2642 1308 2689 et
1329 2649 1562 2689 murum.
1593 2633 1664 2690 Et
1683 2635 1884 2691 civitas

277 2725 332 2780 in
387 2723 594 2795 quadro
645 2725 822 2794 posita
873 2733 978 2790 est,
1025 2734 1080 2780 et
1129 2725 1406 2796 longitudo
1449 2727 1566 2797 ejus
1611 2735 1758 2783 tanta
1797 2738 1883 2783 est

276 2825 479 2887 quanta
509 2825 566 2872 et
585 2816 812 2872 latitudo
841 2834 854 2870 :
887 2827 939 2872 et
963 2832 1183 2875 mensus
1209 2827 1292 2875 est
1324 2819 1596 2876 civitatem
1625 2820 1693 2876 de
1718 2835 1885 2876 arun-

277 2909 407 2966 dine
427 2915 590 2965 ‘aurea
621 2917 716 2980 per
744 2907 918 2964 stadia
949 2907 1236 2966 duodecim
1261 2909 1431 2966 millia
1460 2928 1474 2964 :
1503 2923 1556 2967 et
1583 2911 1878 2982 longitudo,

279 3012 334 3060 et
358 3002 612 3071 altitudo,
637 3012 692 3059 et
718 3001 943 3058 latitudo
965 3005 1104 3074 ejus,
1131 3005 1358 3074 mqualia
1388 3014 1533 3060 sunt.
1570 3004 1638 3060 Et
1661 3020 1884 3061 mensus

279 3105 366 3152 est
391 3111 609 3151 murum
646 3095 764 3166 ejus
792 3104 1007 3150 centum
1031 3097 1388 3167 quadraginta
1418 3106 1648 3168 quatuor
1675 3097 1886 3153 cubito-

279 3204 425 3257 rum,
451 3201 706 3244 mensura
731 3188 990 3255 hominis,
1017 3203 1138 3259 quae
1158 3197 1243 3245 est
1260 3190 1458 3260 angeli.
1484 3189 1554 3244 Et
1573 3198 1692 3246 erat
1710 3200 1888 3246 struc-

1984 1969 2126 2024 ultra
2163 1985 2270 2026 non
2301 1971 2407 2027 erit
2444 1990 2456 2024 :
2489 1982 2541 2027 et
2573 1987 2680 2027 non
2712 1971 2946 2044 egebant
2978 1971 3044 2027 de
3071 1972 3276 2028 lumine
3304 1973 3572 2042 lucernze,

1984 2077 2158 2132 neque
2185 2063 2390 2119 lumine
2419 2065 2550 2119 solis
2572 2105 2586 2130 ,
2630 2063 2886 2134 quoniam
2919 2063 3180 2120 Dominus
3215 2064 3357 2121 Deus
3386 2065 3584 2120 illumi-

1983 2155 2132 2210 nabit
2169 2155 2314 2222 illos,
2354 2166 2409 2211 et
2449 2157 2754 2235 regnabuut
2795 2158 2849 2212 in
2883 2159 3088 2212 sarcula
3127 2158 3470 2213 saeculorum.
3518 2160 3585 2214 Et

1983 2247 2116 2302 dixit
2141 2249 2271 2303 mihi
2307 2268 2318 2305 :
2353 2249 2479 2306 Hmc
2515 2251 2682 2307 verba
2727 2252 3040 2308 ﬁdelissima
3073 2262 3221 2320 sunt,
3255 2261 3310 2310 et
3337 2269 3488 2310 vera.
3519 2255 3587 2310 Et

1985 2345 2248 2402 Dominus
2274 2346 2417 2403 Deus
2441 2347 2728 2418 spirituum
2755 2348 3139 2418 prophetarum
3164 2348 3312 2404 misit
3334 2349 3579 2420 angelum

1981 2455 2143 2496 suum
2173 2440 2462 2498 ostendere
2492 2443 2664 2498 servis
2693 2444 2805 2497 suis
2827 2458 2947 2514 quae
2977 2451 3195 2513 oportet
3215 2442 3330 2498 ﬁeri
3354 2444 3484 2498 cito.
3519 2444 3582 2497 Et

1985 2543 2110 2589 ecce
2149 2534 2306 2589 venio
2345 2534 2622 2590 velociter.
2664 2535 2901 2601 Beatus,
2942 2536 3032 2606 qui
3071 2530 3102 2571 θ’
3143 2534 3379 2590 custodit
3420 2534 3584 2589 verba

1985 2626 2286 2698 prOphetize
2333 2627 2456 2682 libri
2490 2628 2669 2698 hujus.
2705 2628 2772 2682 Et
2803 2643 2901 2698 ego
2930 2627 3166 2683 Joannes
3187 2669 3204 2696 ,
3236 2628 3325 2698 qui
3357 2627 3534 2681 audivi
3565 2667 3581 2693 ,

1985 2730 2040 2778 et
2069 2721 2175 2776 vidi
2207 2723 2340 2776 haec.
2374 2721 2445 2777 Et
2472 2732 2756 2793 postquam
2781 2723 3078 2790 audissem,
3105 2732 3159 2778 et
3188 2723 3468 2790 vidissem,
3496 2737 3584 2779 ce-

1986 2814 2090 2870 cidi
2118 2824 2174 2871 ut
2194 2815 2479 2872 adorarem
2504 2825 2632 2872 ante
2655 2813 2819 2886 pedes
2840 2816 3038 2888 angeli,
3065 2818 3157 2886 qui
3189 2815 3319 2872 mihi
3353 2816 3468 2872 huic
3497 2829 3587 2873 os—

1987 2909 2244 2965 tendebat
2276 2925 2293 2963 :
2324 2919 2379 2966 et
2399 2911 2537 2965 dixit
2563 2909 2691 2983 [Με.
2727 2909 2877 2982 dicit]
2902 2909 3030 2965 mihi
3060 2926 3074 2966 :
3109 2909 3244 2966 Vide
3272 2927 3341 2966 ne
3372 2909 3588 2978 feceris;

1988 3018 2286 3060 conservus
2317 3004 2459 3060 enim
2489 3003 2617 3077 [Με.
2640 3012 2744 3059 tac.
2771 3004 2936 3076 enim]
2963 3013 3085 3059 tuus
3111 3020 3254 3072 sum,
3279 3013 3337 3062 et
3361 3004 3588 3064 fratrum
3630 3068 3637 3077 _

1991 3105 2208 3153 tuorum
2237 3097 2650 3168 prophetarum,
2683 3105 2740 3153 et
2764 3091 2975 3164 eorum,
3009 3100 3099 3169 qui
3130 3109 3348 3153 servant
3371 3097 3538 3152 verba
3565 3093 3585 3133 τ

1992 3190 2298 3264 prophetiae
2329 3191 2450 3248 libri
2485 3191 2641 3262 httjus
2673 3208 2689 3248 :
2719 3191 2888 3246 Deum
2932 3191 3122 3247 adora.
3153 3190 3223 3246 Et
3252 3191 3382 3246 dicit
3408 3189 3540 3245 mihi
3575 3205 3589 3244 :

281 3294 406 3341 tura
436 3285 576 3339 muri
606 3283 724 3353 ejus
754 3298 819 3340 ex
858 3282 1036 3354 lapide
1058 3283 1270 3355 jaspide
1302 3299 1317 3338 :
1359 3283 1472 3354 ipsa
1503 3293 1631 3340 Vero
1661 3285 1883 3355 civitas,
1912 3275 1959 3352 C
1991 3283 2071 3341 Ne
2109 3283 2412 3354 signaveris
2441 3283 2605 3340 verba
2649 3283 2948 3354 prophetia:
2985 3283 3108 3340 libri
3136 3283 3298 3354 hujus
3333 3301 3348 3341 ε
3381 3291 3596 3353 tempus

284 3392 479 3432 aurum
509 3377 770 3432 mundum
799 3377 976 3431 simile
1007 3378 1147 3431 vitro
1179 3377 1399 3432 mundo.
1443 3378 1508 3431 Et
1535 3377 1888 3434 luudamenta

283 3469 427 3526 muri
458 3469 716 3535 civitatis,
756 3469 903 3524 omni
938 3469 1117 3538 lapide
1147 3470 1388 3540 pretioso
1414 3479 1628 3526 ornata.
1668 3469 1889 3527 Funda-

282 3572 532 3620 mentum
583 3563 840 3632 primum,
889 3561 1096 3632 jaspis;
1155 3562 1476 3632 secundum,
1533 3563 1824 3634 sapphirus
1871 3581 1888 3617 :

283 3660 536 3725 tertium,
565 3657 954 3714 chalcedonius
983 3675 994 3711 :
1025 3666 1301 3728 quartum,
1334 3656 1656 3728 smaragdus
1689 3675 1700 3711 :
1731 3658 1892 3728 quin-

285 3761 428 3818 tum,
455 3748 733 3820 sardouyx
767 3764 782 3802 :
816 3757 1057 3819 sextum,
1091 3749 1306 3805 sardius
1336 3766 1350 3803 :
1386 3749 1700 3819 septimum,
1730 3749 1894 3822 chry-

287 3843 524 3900 solithus
570 3860 580 3895 :
632 3849 922 3910 octavum,
971 3843 1259 3914 beryllus:
1309 3858 1534 3908 nonum,
1589 3844 1834 3914 topazius
1879 3861 1893 3898 :

291 3936 600 4002 decimum,
641 3935 1074 4007 chrysoprasus:
1112 3935 1487 4003 undecimum,
1525 3936 1848 4008 hyacinthus
1879 3955 1893 3993 :

290 4027 698 4093 duodecimum,
727 4030 1088 4100 amethystus.
1126 4029 1192 4082 Et
1215 4028 1503 4086 duodecim
1530 4038 1722 4100 portae,
1754 4029 1896 4084 duo-

293 4121 474 4178 decim
499 4121 805 4193 margarita:
827 4131 974 4190 sunt,
997 4137 1096 4192 per
1121 4122 1390 4193 singulas:
1409 4131 1462 4178 et
1483 4123 1708 4194 singulae
1731 4129 1900 4203 porta:

294 4227 458 4274 erant
488 4231 552 4274 ex
583 4215 811 4287 singulis
848 4216 1158 4286 margaritis
1191 4233 1204 4269 :
1239 4226 1294 4272 et
1331 4216 1506 4286 platea
1536 4215 1774 4274 civitatis
1800 4231 1901 4271 au-

295 4325 422 4366 rum
442 4309 845 4379 mundum,,tan
869 4324 1030 4379 quam
1049 4309 1249 4364 vitrum
1281 4309 1638 4378 perlucidum.
1671 4309 1740 4364 Et
1767 4319 1905 4365 tem;

196 4396 207 4407 ’
296 4405 455 4476 plum
483 4416 590 4458 non
616 4401 726 4457 vidi
755 4405 806 4456 in
834 4417 918 4458 ea.
946 4401 1205 4458 Dominus
1228 4403 1370 4459 enim
1398 4403 1540 4460 Deus
1562 4404 1905 4476 omnipotens

299 4496 566 4567 templum
586 4495 729 4550 illius
751 4504 854 4560 est,
881 4505 933 4548 et
958 4495 1159 4566 Agnus.
1187 4496 1255 4550 Et
1278 4495 1469 4552 civitas
1493 4513 1600 4553 non
1625 4506 1748 4568 eget
1765 4498 1903 4568 sole,

295 4604 482 4660 neque
517 4588 640 4643 luna
660 4627 675 4654 ,
716 4601 773 4642 ut
801 4588 1014 4643 luceant
1042 4588 1095 4644 in
1124 4604 1207 4644 ea.
1239 4589 1374 4645 Nam
1397 4591 1622 4646 claritas
1649 4591 1745 4646 Dei
1777 4591 1908 4646 illu-

292 4682 533 4738 'minavit
564 4695 710 4745 eam,
739 4689 795 4736 et
823 4681 1043 4736 lucerna
1075 4682 1192 4752 ejus
1217 4690 1303 4739 est
1328 4681 1534 4753 Agnus.
1568 4683 1632 4739 Et
1654 4682 1904 4740 ambula-

297 4777 441 4834 bunt
477 4785 663 4848 gentes
693 4775 746 4830 in
783 4775 988 4833 lumine
1017 4777 1134 4847 ejus
1163 4794 1174 4829 :
1217 4784 1274 4834 et
1301 4781 1456 4849 reges
1486 4785 1643 4834 terrae
1672 4777 1904 4835 adferent

386 5001 408 5030 ο
452 4992 631 5062 Neque
655 4990 875 5046 Graecus
906 4998 1107 5056 textus,
1138 5002 1311 5060 neque
1342 4998 1530 5044 noster
1557 5001 1661 5046 ms.
1685 4991 1744 5048 τὸ
1777 4988 1909 5046 duo-

271 5110 283 5117 .
305 5063 480 5120 decim
505 5066 593 5120 hic
619 5072 885 5133 repetunt.

386 5135 412 5174 b
453 5136 575 5203 Ms.,
603 5129 726 5190 Non
753 5134 964 5188 intrabit
996 5134 1050 5188 in
1079 5151 1196 5188 eam
1222 5129 1572 5200 immundum,
1595 5143 1686 5188 aut
1706 5133 1908 5202 aliquid

307 5207 731 5277 coinquinatum,
763 5217 809 5260 et
840 5207 1036 5276 faciens
1067 5205 1524 5270 abominationem,
1550 5215 1654 5262 etc.

395 5290 416 5317 ε
447 5276 631 5334 Latini
663 5276 750 5332 alii
775 5278 988 5334 codices
1011 5292 1203 5348 magno
1227 5293 1483 5343 numero,
1518 5285 1564 5331 et
1588 5294 1683 5346 pro
1709 5277 1823 5346 sed,
1853 5286 1911 5334 ut

307 5353 370 5408 in
407 5351 596 5407 Graeco
626 5353 742 5417 καί,
781 5348 999 5406 habent.
1030 5347 1149 5404 lilox
1178 5366 1276 5418 pro
1304 5360 1488 5413 erunt,
1519 5347 1802 5418 legendum
1833 5349 1916 5404 vi-

307 5423 506 5479 deatur
534 5422 727 5477 minori
756 5437 981 5476 numero
1003 5423 1120 5486 erit,
1143 5417 1598 5490 quemadmodum
1630 5424 1679 5475 in
1705 5420 1914 5480 Graeco.

391 5493 417 5530 ά
457 5494 584 5548 Plus
623 5493 805 5566 habet_
833 5503 1016 5548 noster
1048 5510 1174 5556 tns.,
1215 5508 1400 5546 nomen
1426 5497 1537 5566 ejus
1581 5493 1833 5564 scriptum
1861 5493 1916 5546 in

313 5565 602 5636 frontibus.
631 5575 736 5620 etc.
767 5564 959 5620 Graeco
992 5573 1166 5619 tamen
1200 5570 1346 5618 textu
1374 5564 1480 5619 non
1512 5575 1804 5619 annuente.

394 5646 419 5707 ἦ
458 5636 652 5691 Noster
677 5650 807 5700 ms.,
841 5637 926 5707 qui
953 5636 1231 5690 custodiet.

397 5706 421 5744 τ
463 5707 629 5762 Tollit
657 5708 785 5762 illud
809 5702 1100 5780 prophetia:
1131 5710 1465 5780 nostericum
1493 5707 1764 5779 pleriSQue
1793 5702 1917 5780 aliis

313 5777 530 5907 {fati‘nis
561 5789 694 5835 mss.
735 5777 1192 5850 quemadmodum
1220 5787 1274 5836 et
1317 5777 1540 5837 Grrecus
1587 5777 1701 5852 ipse
1745 5779 1923 5837 textus

346 5866 428 5907 act
462 5892 476 5906 .

346 5855 476 5907 'acit.

400 5929 425 5972 ε
464 5921 613 5982 Idem
635 5937 764 5992 ms.,
791 5931 837 5979 et
856 5922 1031 5996 justus
1044 5921 1366 5996 justiﬁcetur
1387 5922 1590 5994 adhuc;
1611 5923 1704 5983 alii
1729 5938 1925 5998 magno

1995 3381 2142 3435 enim
2187 3393 2352 3448 prope
2393 3389 2496 3433 cst.
2527 3379 2628 3446 Qui
2667 3386 2848 3446 nocet,
2877 3385 3067 3434 noceat
3094 3379 3303 3444 adhuc;
3339 3384 3394 3433 et
3419 3377 3511 3448 qui
3541 3370 3593 3432 in

1994 3471 2248 3527 sordibus
2272 3481 2374 3536 est,
2399 3471 2680 3526 sordescat
2700 3471 2899 3538 adhuc;
2921 3480 2978 3527 et
2995 3481 3020 3518 ε
3045 3471 3326 3542 quijustus
3348 3479 3455 3538 est,
3486 3471 3599 3538 jus-

1998 3564 2232 3619 titicctur
2260 3563 2456 3630 adhuc;
2486 3574 2540 3620 et
2562 3575 2806 3632 sanctus,
2839 3567 3209 3622 sanctiticetur
3231 3565 3427 3620 adhuc.
3456 3564 3597 3621 Ecce

1998 3658 2158 3713 venio
2179 3657 2310 3727 cito,
2327 3666 2382 3712 et
2407 3673 2616 3714 merces
2638 3673 2755 3714 mea
2781 3671 2993 3714 mecum
3015 3668 3119 3726 est,
3141 3658 3372 3715 reddere
3394 3659 3605 3714 unicui-

1995 3765 2105 3822 que
2127 3751 2426 3806 secundum
2449 3765 2613 3822 Opera
2636 3766 2752 3806 sua.
2780 3748 2808 3788 h
2831 3752 2946 3823 Ego
2997 3769 3114 3807 sum
3139 3762 3176 3808 Α
3198 3762 3255 3808 et
3280 3763 3342 3818 Ω,
3370 3753 3600 3823 primus,

1999 3853 2054 3898 et
2079 3845 2427 3911 novissimus,
2467 3844 2795 3916 principium
2845 3853 2901 3900 et
2930 3845 3072 3901 finis.
3106 3846 3280 3912 Beati,
3308 3847 3397 3917 Qui
3423 3845 3605 3901 lavant

2000 3939 2170 3995 stolas
2191 3954 2317 3994 suas
2347 3938 2362 3976 ί
2399 3940 2452 3996 in
2479 3940 2746 4011 sanguine
2775 3939 2938 4011 Agni,
2961 3949 3017 3996 ut
3045 3941 3116 3996 sit
3142 3949 3384 4012 potestas
3410 3955 3602 3996 eorum

2002 4031 2056 4085 in
2088 4032 2234 4102 ligno
2264 4033 2408 4098 vitae,
2442 4041 2499 4087 et
2530 4049 2627 4102 per
2651 4044 2836 4104 portas
2868 4035 3071 4089 intre-nt
3091 4033 3146 4088 in
3173 4034 3469 4090 civitatem.
3501 4033 3608 4090 Fo-

2002 4125 2078 4180 ris
2110 4139 2290 4192 canes,
2335 4133 2389 4181 et
2413 4126 2662 4194 veneﬁci,
2695 4136 2750 4182 et
2793 4125 3077 4198 impudici,
3119 4137 3173 4182 et
3199 4118 3509 4192 homicidae,
3555 4134 3612 4184 et

2007 4219 2170 4276 idolis
2214 4223 2514 4278 servientes
2543 4263 2560 4290 ,
2616 4221 2630 4272 i
2685 4229 2741 4276 et
2784 4222 2963 4278 omnis
3001 4222 3096 4292 qui
3135 4232 3325 4290 amat,
3365 4231 3420 4278 et
3481 4217 3612 4278 iacit

2009 4313 2369 4368 mendacium.
2405 4314 2518 4385 Ego
2543 4314 2702 4370 Iesus
2733 4315 2856 4370 misi
2885 4313 3150 4386 Angelum
3185 4329 3388 4382 meum,
3412 4315 3606 4371 testiﬁ-

2009 4405 2120 4462 cari
2145 4406 2299 4463 vobis
2328 4407 2443 4463 hch
2475 4408 2527 4463 in
2561 4407 2850 4489 Ecclesiis.
2883 4407 2997 4480 Ego
3027 4424 3146 4464 sum
3177 4409 3329 4465 radix
3362 4419 3413 4464 et
3442 4421 3614 4480 genus

2013 4499 2204 4569 David,
2235 4502 2390 4558 stella
2419 4503 2704 4572 splendida
2737 4513 2791 4560 et
2823 4505 3108 4559 matutina.
3141 4503 3207 4558 Et
3229 4504 3452 4573 spiritus
3478 4498 3606 4574 [Με.

2011 4592 2268 4668 sponsus]
2285 4606 2344 4651 et
2364 4611 2561 4666 sponsa
2591 4596 2817 4653 dicunt:
2846 4597 2999 4652 Veni.
3033 4597 3100 4652 Et
3125 4597 3218 4668 qui
3243 4597 3411 4662 audit,
3443 4595 3609 4663 dicat,

2011 4687 2169 4745 Veni.
2203 4683 2270 4745 Et
2292 4691 2382 4763 qui
2414 4692 2549 4757 sitit,
2581 4691 2784 4759 veniat;
2813 4692 2980 4763 etqui
3003 4691 3138 4760 vult,
3161 4691 3392 4762 accipiat
3416 4697 3608 4762 aquam

2011 4781 2137 4837 vita:
2177 4784 2367 4854 gratis.
2412 4783 2701 4843 Contestor
2728 4785 2754 4823 ¹ί
2785 4786 2933 4843 enim
2976 4785 3124 4843 omni
3163 4783 3403 4842 audienti
3446 4781 3613 4840 verba

2013 5005 2262 5070 numero,
2286 4993 2528 5070 etjustus
2541 4995 2811 5070 justitiam
2835 4999 2989 5070 faciet
3019 5001 3212 5056 adhuc.
3232 5001 3288 5056 S.
3315 4997 3615 5070 Cyprianus

2011 5061 2104 5189 hiis,
2159 5063 2301 5121 hunc
2337 5061 2515 5122 locum
2541 5061 2633 5122 'ita
2679 5061 2918 5127 recitat:
2957 5071 3143 5130 Justus
3179 5061 3412 5146 justiofd
3457 5073 3616 5144 faciet

2015 5153 2046 5189 a
2102 5153 2207 5189 mc.

2015 5153 2207 5190 aanuc.

2084 5203 2113 5288 ξι
2151 5205 2422 5281 [ntegrum
2446 5207 2682 5288 huncce
2711 5215 3056 5284 versiculum,
3085 5216 3196 5288 Ego
3225 5235 3341 5272 sum
3388 5229 3427 5274 A
3465 5227 3512 5272 et
3547 5231 3615 5286 Ω,

2017 5278 2214 5362 primus
2271 5278 2317 5337 Et
2337 5284 2664 5354 novissimus,
2689 5288 3004 5362 principium
3044 5278 3103 5344 et
3133 5278 3276 5357 ﬁnis,
3307 5290 3400 5359 qui
3427 5278 3611 5350 tamen

2022 5349 2286 5428 ilth‘_.l_?CO
2319 5363 2423 5416 est,
2455 5349 2771 5428 nos'tcr'ths.
2807 5349 3035 5428 ignorat.
3133 5349 3145 5357 ”
3263 5349 3274 5356 ’
3325 5349 3336 5359 ’
3451 5349 3454 5350 ν
3598 5424 3600 5426 _

2103 5432 2117 5458 ι
2169 5421 2340 5504 V_erba
2366 5443 2581 5504 quoque
2605 5427 2728 5504 ista,
2757 5421 3087 5504 in'sanguine
3113 5433 3268 5504 Agni,
3302 5443 3486 5488 noster
3513 5424 3617 5489 ms.

2020 5495 2434 5578 cumplerisque
2455 5495 2575 5552 aiiis
2593 5495 3070 5578 an_tiquis_o_mittit;
3094 5495 3188 5560 sed
3209 5495 3384 5574 neque
3401 5507 3451 5560 iu
3472 5505 3623 5578 Grae-

2021 5580 2085 5620 co
2100 5565 2189 5640 illa
2216 5565 2497 5640 ευηιζΜοκ
2521 5565 2740 5640 propius
2770 5574 2834 5627 ad
2851 5565 3095 5629 Graecum
3134 5565 3346 5631 vett-res
3374 5577 3623 5636 nonnulli

2020 5638 2236 5722 codices
2276 5639 2451 5722 Latini
2499 5638 2698 5697 habent
2741 5653 2786 5698 et
2817 5646 3002 5712 portis,
3047 5655 3145 5719 pro
3179 5653 3226 5704 et
3269 5641 3362 5718 per
3409 5657 3622 5722 portas:

2022 5717 2208 5782 noster
2239 5719 2294 5764 ut
2319 5721 2410 5782 per
2435 5722 2631 5782 portas.

2106 5779 2122 5859 ξ
2168 5779 2332 5859 addit
2359 5779 2546 5859 .uoSter
2573 5801 2677 5841 ms.
2702 5782 2772 5843 de
2799 5803 2901 5844 suo
2928 5785 2973 5844 el
3003 5790 3364 5859 fornicatores.

2100 5847 2130 5938 ξ
2170 5847 2276 5938 pro
2305 5857 2440 5938 enim
2465 5898 2480 5922 ,
2522 5869 2708 5915 noster
2733 5876 2854 5917 cum
2887 5847 3159 5934 plerisque
3186 5863 3309 5920 aliis
3325 5847 3628 5920 Latinis'li-

2031 5923 2145 5984 bris
2172 5924 2337 5985 habet
2357 5944 2470 6000 ego.
