4034 6330
456 383 563 457 883

459 503 732 573 dttxet‘un'l
766 535 777 570 :
811 515 1221 572 intromiserunt.
1249 499 1429 572 -1Ξ.
1459 515 1602 572 ﬁlios
1628 534 1639 569 :
1671 513 1858 584 lilium.
1878 511 2051 569 —M.
2083 511 2138 575 Α

459 589 598 646 tilias
625 585 744 658 ejus
775 606 786 642 :
841 585 980 658 ﬁlias
1023 605 1169 643 suas.
1198 619 1272 629 —
1310 586 1449 643 Ibid.
1487 586 1700 656 Sin-gite
1727 594 1799 658 et
1842 585 2055 656 egredi-

459 662 592 716 mini
624 656 914 733 :Sur’gite,
968 660 1288 732 egredimini.
1321 658 1519 733 -——_15.
1552 659 1686 733 duas
1715 656 1891 712 ﬁlias:
1923 658 2068 733 ditas

458 732 598 804 ﬁlias
625 729 860 804 tuasf—
892 733 977 786 17.
999 729 1175 804 locuti
1207 739 1332 788 sunt
1357 731 1596 804 adeum,
1631 729 1875 804 dicentes
1899 730 2055 804 ;__sal-

461 800 547 870 va,
583 814 689 860 etc.
722 822 733 858 :
764 802 965 859 locutus
994 814 1069 858 est
1091 803 1284 858 adeum
1308 819 1326 870 ;
1353 802 1518 871 salva,
1552 806 1648 856 etc.
1678 802 1860 856 ~18.-
1892 800 2054 855 dixit-

462 881 565 948 que
593 894 604 929 :
640 873 772 930 dixit
797 891 1021 948 quoque.
1042 904 1113 916 -—-
1131 874 1230 948 26.
1250 874 1654 948 re9piciensque
1678 888 1817 927 uxor
1843 874 2053 948 :__respi-

462 945 600 1002 ciens
634 964 786 1002 uxor.
811 945 886 986 ⁷-
913 945 1004 1002 29.
1038 946 1355 1002 recordatus
1375 955 1458 1001 est
1478 945 1710 1000 Abrahu:
1735 961 1748 1009 ;
1775 955 1828 998 ct
1857 945 2055 999 libera-

460 1022 556 1084 vit,
606 1029 710 1075 etc.
763 1049 834 1058 —
882 1017 1185 1072 recordatus
1236 1015 1494 1081 Abrahae;
1545 1029 1592 1071 et
1648 1017 1913 1079 liberavit,
1957 1026 2050 1069 etc.

462 1122 532 1160 7—
557 1092 645 1146 50.
678 1090 801 1145 tilia:
824 1089 939 1160 ejus
962 1105 1083 1145 cum
1113 1103 1179 1144 eo
1204 1108 1216 1142 :
1247 1090 1374 1160 filice
1399 1093 1534 1158 ejus.
1565 1118 1634 1129 —-
1665 1091 1752 1143 55.
1787 1089 2057 1143 dederunt

457 1159 642 1234 itaque
673 1182 684 1215 :
718 1159 1088 1234 dederamque.
1121 1191 1193 1202 —
1219 1159 1310 1216 51.
1353 1161 1419 1218 Ut
1449 1162 1720 1234 salvemus
1755 1178 1767 1212 :
1800 1163 1848 1214 el
1893 1161 2057 1234 salreg

462 1231 594 1288 mus.
627 1264 696 1274 —
721 1232 811 1288 55.
862 1231 1237 1304 dederuntque
1279 1233 1446 1288 etiam
1493 1241 1548 1288 et
1577 1233 1665 1287 illa
1719 1240 1877 1286 nocte
1915 1231 2054 1300 patri

459 1321 558 1360 suo
589 1305 774 1362 bibere
803 1304 989 1360 vinum
1025 1324 1036 1358 :
1068 1305 1318 1358 dederunt
1345 1311 1392 1358 et
1411 1305 1505 1358 illa
1532 1312 1676 1358 nocte
1693 1305 1831 1374 patri
1858 1305 2052 1357 vinum.

457 1407 528 1418 —-
556 1375 702 1431 Ibid.-
743 1377 830 1432 vel
854 1377 1071 1446 quando
1097 1396 1110 1431 :
1145 1393 1236 1430 nec
1255 1376 1483 1448 quando.

1057 1487 1286 1549 CAPUT
1325 1489 1447 1547 XX.

536 1605 685 1661 Vers.
716 1606 769 1660 5.
819 1613 978 1661 nocte
1012 1624 1022 1658 :
1071 1607 1260 1671 noctis.
1292 1636 1364 1649 -—
1394 1608 1444 1661 7.
1497 1623 1745 1675 uxorem,
1796 1617 1850 1664 et
1880 1607 2059 1664 orabit

458 1694 554 1746 pro
585 1685 658 1742 te,
717 1678 837 1752 quia
870 1677 1131 1748 propheta
1168 1687 1265 1752 est
1295 1698 1317 1752 :7
1342 1695 1572 1748 uxorem,
1630 1681 1753 1750 quia
1806 1679 2058 1752 propheta

456 1759 550 1818 est,
585 1758 630 1804 et
653 1749 818 1803 orabit
842 1767 938 1820 pro
963 1761 1031 1804 te.-
1063 1780 1134 1791 —
1159 1751 1242 1804 l2.
1274 1751 1408 1805 alias
1438 1761 1618 1806 autem
1642 1749 1696 1807 et
1723 1749 1848 1807 vere
1882 1749 2058 1805 :ulias

458 1831 778 1876 autemvere.
813 1819 888 1862 -ὲ-
915 1819 1058 1876 Ibid.
1094 1831 1147 1878 et
1176 1822 1305 1877 duxi
1327 1837 1446 1877 eam
1471 1823 1524 1876 in
1574 1835 1798 1879 uxorem
1835 1843 1847 1876 :
1896 1833 1941 1878 et
1972 1839 2058 1876 ac-

1182 384 1527 453 APPENDIX
1567 387 1659 450 AD
1701 385 1982 450 DIVINAM
2024 387 2533 449 BIBIJUTHLCAM
2573 392 2631 450 S.
2677 389 3072 448 ltlERONYMI.

3657 390 3755 447 881

2717 510 2944 567 CAPUT
2970 510 3186 567 XXVII.

2238 626 2382 694 Vers.
2415 613 2469 680 Ἰ.
2502 628 2568 682 de
2601 626 2888 682 venatione
2919 623 3008 680 tua
3039 646 3049 678 :
3076 626 3395 681 renationem
3428 627 3593 682 latim.
3625 628 3755 685 ~‘-—8.

2157 701 2380 756 consitis
2411 702 2545 756 meis
2576 719 2586 752 :
2622 697 2943 755 sermonibus
2986 701 3132 753 meis.
3157 728 3227 739 ——
3257 699 3310 754 9.
3340 703 3496 756 estras
3522 719 3533 752 :
3567 707 3755 757 escam.

2157 802 2228 813 —
2257 772 2342 826 19..
2373 781 2543 841 putet,
2577 787 2664 827 me
2693 769 2794 844 sibi
2830 790 2840 824 :
2868 779 3030 844 putet,
3052 765 3172 826 sibi.
3195 783 3265 811 —-'
3290 769 3374 827 15.
3409 781 3463 844 et
3493 771 3756 844 pergens:

2158 854 2204 900 et
2228 861 2401 914 perge.
2434 874 2505 884 -
2535 845 2623 899 17.
2655 841 2911 914 deditque
2943 843 3276 912 pulmentum
3310 841 3504 914 {dedit
3525 841 3761 908 pulmen-

2159 926 2288 970 tum.
2317 911 2384 956 ῖ-
2415 915 2504 972 90.
2538 911 2863 985 rursumque
2887 911 3061 969 Isaac:
3097 923 3302 968 rursum
3328 912 3501 970 Isaac.
3522 947 3594 956 —
3619 914 3759 970 Ibid.

2159 999 2215 1041 ut
2240 995 2595 1042 occurreret:
2632 995 2684 1040 ut
2715 988 2819 1039 cito
2871 997 3284 1040 occurreret..—
3332 987 3420 1042 9-1.
3458 987 3660 1042 accede
3691 987 3758 1044 ad

2160 1077 2245 1114 Inc
2279 1079 2289 1112 :
2326 1059 2516 1113 accede
2556 1059 2676 1112 huc.
2705 1089 2774 1099 ——
2805 1055 2946 1112 Ibid.
2998 1069 3174 1112 utrum
3207 1068 3262 1113 tu
3293 1057 3366 1112 Sis
3400 1078 3410 1112 :
3445 1066 3622 1112 ittrum
3665 1061 3758 1116 sis.

2161 1163 2230 1173 —-
2256 1131 2349 1187 9.5.
2379 1131 2512 1186 all‘er
2534 1131 2686 1193 mihi,
2707 1130 2880 1200 inquit
2916 1148 2926 1182 :
2958 1128 3107 1196 oﬂ’cr,
3139 1127 3496 1200 inquit,mihi.
3520 1161 3592 1171 ——
3614 1125 3760 1194 Ibid.

2158 1206 2320 1258 etiam
2378 1205 2557 1258 vinum
2595 1223 2605 1256 :
2636 1203 2793 1257 etiam
2833 1210 2880 1256 et
2929 1203 3121 1257 vinum.
3155 1233 3224 1242 —-
3261 1203 3352 1257 ‘27.
3383 1203 3458 1257 illi
3515 1203 3590 1256 ait
3623 1205 3762 1261 :ait.

2159 1306 2228 1316 ——
2254 1276 2346 1330 28.
2374 1274 2629 1329 frumenti
2657 1285 2709 1330 et
2740 1275 2848 1327 vini
2886 1292 2897 1326 :
2927 1274 3252 1346 frumentiet
3283 1273 3402 1328 olei.
3431 1271 3541 1346 (Ita
3563 1275 3765 1331 videtur

2161 1347 2395 1402 [rubuisse
2419 1346 2568 1402 lectio
2600 1358 2769 1411 retus;
2819 1347 2970 1398 modo
3013 1361 3148 1413 vero,
3183 1345 3460 1412 frumenti,
3519 1347 3654 1412 vini,
3707 1357 3764 1404 et

2161 1419 2286 1482 olei,
2339 1418 2781 1490 superscribitur.)
2816 1447 2887 1490 στ-
2913 1416 3008 1490 29.
3056 1418 3140 1490 sit,
3162 1417 3270 1490 ille,
3292 1417 3616 1490 malediclus
3647 1437 3660 1471 :
3694 1421 3765 1473 sit

2161 1485 2483 1546 maledictits.
2527 1520 2596 1530 —
2637 1485 2776 1543 Ibid.
2830 1485 3168 1543 benetlixerit
3216 1489 3310 1542 tibi
3345 1507 3357 1542 :
3407 1486 3494 1543 Ita
3520 1491 3764 1545 etiamin

2161 1562 2389 1628 Codice;
2431 1562 2518 1617 sed
2547 1563 2600 1616 in
2629 1579 2688 1617 eo
2727 1561 2939 1614 additur
2970 1559 3110 1630 tibi.)
3141 1590 3211 1601 -—
3239 1561 3327 1615 51.
3366 1561 3584 1632 irrugiit
3620 1581 3632 1614 :
3669 1579 3761 1615 ru-

2160 1635 2272 1705 giit.
2306 1664 2377 1674 —
2417 1634 2506 1690 56.
2553 1634 2607 1687 iu
2635 1634 2803 1688 altera
2847 1633 3006 1705 (vice;
3057 1632 3418 1702 primogenita
3453 1647 3575 1688 mea
3608 1645 3760 1702 ante,

2160 1704 2265 1761 etc.
2303 1725 2314 1758 :
2362 1722 2424 1759 en
2448 1707 2555 1759 alia
2584 1707 2732 1769 vice;
2771 1704 3117 1774 primogenita
3142 1720 3257 1757 mea
3287 1721 3347 1758 en
3379 1715 3518 1770 ante,
3549 1713 3655 1758 etc.
3689 1736 3763 1746 —

2162 1776 2304 1830 Ibid.
2338 1786 2390 1832 et
2420 1777 2550 1831 mihi
2597 1776 3035 1833 benedictionem
3074 1793 3085 1828 2
3141 1785 3187 1830 et
3230 1774 3656 1831 benedictionem.
3695 1808 3767 1818 —-

2161 1849 2251 1905 40.
2283 1849 2431 1903 vives
2460 1850 2512 1902 in
2533 1848 2720 1915 gladio
2753 1866 2764 1900 :
2800 1847 2931 1901 cives
2960 1845 3155 1917 gladio.
3183 1877 3253 1886 ——
3280 1847 3368 1901 4-1.
3399 1848 3614 1902 venient
3640 1847 3764 1904 dies

457 1894 567 1964 cepi
593 1908 703 1946 eam
724 1908 958 1976 uxorem.
993 1894 1178 1976 -Ι1ϐ.
1226 1904 1503 1976 memento
1533 1905 1583 1950 te
1609 1896 2002 1976 deprehensam
2040 1913 2051 1946 :

2165 1894 2341 1976 luctus
2376 1939 2388 1972 :
2422 1894 2626 1974 renidnt
2654 1918 2827 1974 luctus
2855 1894 2986 1973 dies:
3014 1946 3086 1958 —
3112 1915 3254 1974 Ibid.
3289 1928 3342 1972 et
3373 1920 3616 1975 occidam
3654 1938 3666 1971 :
3705 1931 3764 1976 ut

458 1972 806 2036 mementoque
832 1975 880 2018 te
909 1964 1296 2036 deprehensam.
1336 1994 1407 2006 —-
1439 1967 1525 2022 18.
1547 1964 1886 2024 concluserat
1913 1968 2058 2022 enim

458 2034 718 2091 Dominus
753 2054 765 2089 :
798 2034 1123 2090 concluserat
1143 2037 1307 2091 Deus.
1791 2040 1793 2042 ’

1053 2141 1288 2207 CAPUT
1311 2149 1456 2206 XXI.

541 2264 686 2320 Vers.
717 2264 769 2320 9.
801 2273 925 2320 cum
956 2261 1103 2318 Isaac
1125 2261 1240 2317 tilio
1266 2277 1395 2318 suo:
1429 2273 1544 2317 cum
1574 2264 1688 2334 ﬁlio
1717 2273 1836 2334 suo.
1863 2293 1933 2304 —
1965 2264 2053 2318 10.

457 2337 595 2406 ejice
636 2336 889 2391 ancillam
916 2334 1055 2389 hanc
1085 2353 1098 2388 :
1123 2336 1253 2406 ejice
1304 2333 1580 2406 ancillam.
1620 2366 1689 2377 -—
1736 2333 1879 2390 Ibid.
1913 2335 2056 2391 ﬁlius

455 2405 710 2463 ancilla:
768 2408 878 2476 [ilio
927 2405 1154 2461 ancillae.
1207 2435 1279 2446 —
1336 2405 1423 2461 16.
1487 2416 1717 2462 contra:
1771 2423 1798 2461 e
1850 2417 2053 2462 contra.

455 2509 527 2520 —
548 2479 640 2537 20.
672 2490 755 2534 est
792 2478 1006 2552 juvenis
1039 2496 1051 2552 ξ
1093 2479 1297 2552 estcir.
1335 2507 1407 2519 —-
1433 2478 1524 2552 25.
1577 2494 1686 2552 per;
1705 2481 1877 2534 Deum
1914 2497 1924 2530 :
1954 2485 2056 2552 gper

458 2552 760 2606 Dominum.
791 2546 971 2604 4-25.
1002 2548 1056 2605 vi
1086 2568 1096 2602 :
1132 2546 1386 2620 (Additur
1402 2551 1499 2620 vi.)
1531 2546 1602 2590 —_
1625 2550 1715 2607 26.
1749 2546 2055 2619 respondit-

456 2639 560 2694 que
589 2642 601 2677 :
638 2623 1015 2695 respondit.—-
1042 2622 1135 2677 55.
1178 2622 1450 2677 exercitus
1481 2622 1599 2693 ejus
1636 2641 1646 2675 :
1683 2622 1886 2677 militia:
1914 2625 2050 2696 ejus.

1049 2724 1278 2790 CAPUT
1312 2732 1479 2790 XXII.

539 2850 685 2907 Vera.
720 2853 772 2906 5.
817 2849 1008 2906 Deus:
1064 2845 1342 2902 Dominus.
1391 2877 1460 2886 ——
1517 2848 1570 2903 5.
1627 2863 1727 2918 ego
1771 2858 1951 2904 autem
2001 2861 2055 2906 ct

455 2939 634 2995 puer:
668 2938 759 2994 ego
780 2929 827 2976 et
850 2936 1097 2995 puer._e—
1125 2920 1178 2974 8.
1208 2919 1346 2974 dixit
1373 2927 1551 2995 autem
1574 2918 2052 2995 Abrahamtadixit

457 2991 738 3050 Abraham.
949 2992 1223 3068 alligasset
1258 2991 1637 3068 :.c0nl_igasset.
1665 3021 1741 3068 :—
1767 3007 1822 3047 v.
1853 2993 1942 3048 10.
1969 2995 2052 3068 11·

455 3069 585 3124 lium
608 3081 764 3130 suum
795 3083 806 3116 :
832 3065 1020 3132 ﬁlium.
1051 3061 1122 3103 3—-
1154 3061 1244 3133 12.
1283 3061 1568 3133 Dominum
1607 3080 1620 3115 :
1654 3061 1844 3117 Deum.
1876 3067 2048 3133 -τ15,

456 3141 656 3194 levavit
679 3127 955 3205 Abraham
992 3153 1004 3189 :
1036 3127 1318 3205 levaritque
1346 3132 1630 3187 Abraham.
1658 3163 1729 3174 ——
1761 3133 1901 3205 Ibid.
1937 3127 2048 3190 ba:-

456 3221 664 3264 rcutem
691 3203 948 3263 cornibus
977 3225 988 3259 :
1021 3203 1303 3262 Merentem,
1327 3206 1566 3258 Cornibus
1588 3206 1718 3260 suis.
1743 3236 1815 3272 -—,
1849 3203 1931 3261 15.
1954 3225 2049 3261 vo-

460 3285 598 3358 cavit
632 3287 809 3358 autem
840 3277 1064 3358 angelus
1099 3275 1338 3358 Domini}
1365 3276 1558 3329 vocavit
1582 3271 2045 3358 (tutentp0tttirtzts.
2079 3293 2127 3358 ο

458 3383 530 3392 --
563 3353 648 3405 18.
676 3345 1072 3405 Benedicentur
1113 3349 1164 3403 in
1197 3347 1409 3420 semine
1460 3355 1550 3402 tuo
1582 3367 1592 3400 :
1624 3347 1723 3420 (Ab
1755 3345 1852 3402 hoc
1897 3349 2008 3404 loco
2032 3391 2048 3420 ,

459 3440 689 3495 nempea
712 3438 829 3495 uoce
861 3433 979 3495 tuo1
1004 3436 1165 3495 usque
1202 3417 1271 3471 ad
1302 3420 1527 3495 rers._l_l
1564 3417 1680 3490 cap.
1716 3437 1818 3495 xxv
1848 3417 2050 3475 deside;

454 3490 599 3637 tf'aiu'r
627 3492 894 3634 in)Bibliis
937 3490 1199 3562 Gothicis,
1238 3495 1359 3562 quia
1405 3490 1638 3545 ablatum
1681 3502 1754 3546 est
1794 3490 2048 3565 integrum

485 3583 513 3620 ο
539 3583 666 3620 tum.

1037 3637 1271 3709 CAPUT
1303 3641 1470 3708 XXV.

541 3772 683 3826 Vera.
718 3771 807 3826 11.
843 3771 1072 3842 Puteutn
1100 3768 1579 3842 nominerviventis
1607 3789 1617 3822 :
1651 3780 1861 3842 puteum
1885 3773 2050 3826 viven—

453 3846 539 3898 tis.
574 3842 756 3898 ~12.
809 3841 1088 3912 Ismahel:
1126 3838 1361 3894 Smahel.
1394 3842 1581 3912 7—115.
1628 3838 1912 3898 lsittalrelis
1948 3846 2049 3897 Νι·

452 3917 678 3972 baiotll:
709 3911 971 3970 Smahelis
1003 3911 1264 3966 Nabeoth.
1305 3926 1378 3952 --‘-
1403 3911 1545 3966 Ibid.
1574 3913 1812 3968 Mabsatn
1848 3933 1860 3967 :
1898 3914 2052 3968 Mab-

452 4004 563 4042 sar.
593 4017 662 4027 —-—-
698 3987 780 4042 M.
815 3986 990 4040 Massa
1017 4000 1032 4039 :
1064 3982 1302 4038 Massan.
1331 3983 1415 4039 16.
1448 3995 1504 4039 et
1529 3985 1683 4040 detur
1713 3993 1769 4041 et
1798 3985 2001 4043 Naobis
2034 4006 2046 4040 :

452 4057 602 4114 Jetnr
629 4069 675 4112 et
702 4056 902 4124 Naves;
931 4058 1014 4112 vel
1043 4054 1237 4109 Nones.
1273 4053 1510 4126 (Similia
1544 4056 1691 4111 valde
1716 4066 1838 4111 sunt
1866 4053 2051 4114 Gothis

452 4147 482 4184 ει
509 4140 557 4185 et
594 4146 652 4196 tt,
684 4129 908 4202 atquein
929 4127 1034 4202 hoc
1049 4127 1164 4202 loco
1185 4135 1324 4202 certo
1349 4127 1470 4180 sciri
1492 4129 1767 4202 nequit,ut
1796 4130 1859 4182 sit
1873 4130 2051 4202 legen-

455 4202 627 4274 dum.)
751 4197 842 4255 16.
873 4198 1158 4274 Ismahelis
1180 4213 1202 4274 ;_
1223 4197 1421 4274 ethice
1453 4197 1793 4274 :ﬁmahelis;
1835 4210 1882 4254 et
1918 4197 2046 4257 hac.

455 4301 527 4312 ——
557 4269 650 4338 l7,
679 4269 1003 4342 Ismahelis:
1054 4269 1336 4342 Smahelis.
1366 4297 1439 4308 —
1480 4271 1570 4324 21.
1620 4271 2051 4342 deprecatusque

458 4357 542 4399 est
582 4344 728 4397 Isaac
768 4341 1055 4396 Dominum
1098 4357 1112 4392 :
1163 4339 1573 4410 deprecatusque
1616 4339 1705 4395 est
1747 4339 2046 4398 Dominum.

459 4445 530 4454 —
549 4414 639 4469 25.
671 4412 981 4468 dividentur
1007 4429 1019 4463 :
1055 4411 1374 4465 dividuntur.
1404 4439 1476 4452 -ο
1502 4411 1592 4465 24.
1630 4413 1682 4468 in
1710 4423 1863 4469 utero
1891 4415 2008 4482 ejus
2033 4434 2046 4470 :

453 4489 510 4539 in
530 4497 697 4540 utero.
720 4514 790 4525 —
813 4485 906 4539 25.
957 4491 1323 4557 vocatumque
1357 4491 1444 4557 est
1486 4497 1722 4557 nomen:
1760 4489 2052 4557 vocavitque

457 4574 668 4612 nomen.
695 4587 766 4597 ——
793 4559 883 4610 29.
916 4555 1059 4610 co‘xit
1087 4553 1265 4626 autem
1295 4553 1466 4610 Jatob
1496 4556 1832 4626 pulmentum
1866 4562 1880 4610 :‘
1911 4553 2050 4612 coicit

457 4641 626 4701 autem
666 4629 1006 4700 publicatum.
1051 4638 1126 4667 -'—=
1163 4625 1256 4682 33.-
1300 4625 1507 4697 iuravit
1537 4628 1586 4682 ei
1619 4629 1760 4684 Esau
1797 4647 1808 4682 :
1853 4629 2050 4701 jttrat'it

461 4697 628 4756 Esau.
667 4697 673 4700 ’
1043 4777 1047 4778 ί
1097 4776 1100 4778 _
1133 4773 1137 4778 1

1027 4774 1255 4848 CAPUT
1298 4774 1491 4850 XXVI.

537 4907 759 4978 Vers.6.
782 4906 1196 4978 mansitita‘que‘
1221 4924 1234 4959 :
1269 4905 1458 4960 mansit
1485 4916 1678 4961 autem.
1698 4937 1769 4948 —-
1797 4909 1850 4964 8.
1878 4905 1933 4965 et
1957 4910 2055 4965 ibi-

454 4981 614 5038 dem:
661 4977 802 5034 Ibid.
858 5007 930 5020 -—
982 4977 1035 5033 9.
1092 4977 1147 5033 et
1201 4979 1467 5034 accersito
1515 4994 1624 5034 eo:
1683 4991 1728 5034 et
1779 4984 2052 5040 accersito.

453 5085 522 5094 —
551 5053 691 5106 Ibid.
722 5052 984 5106 mentitus
1009 5065 1067 5107 es
1097 5059 1216 5104 eam
1242 5064 1489 5104 sororem
1521 5067 1534 5102 :
1568 5053 1808 5105 mentitus
1837 5068 1888 5106 es
1904 5069 2055 5107 soro-

450 5143 578 5182 rem.
603 5152 674 5167 ——
701 5125 788 5178 Η.
819 5125 958 5178 sevit
989 5131 1169 5176 autem
1199 5121 1392 5193 Isaac:
1425 5120 1536 5193 (Ita
1572 5123 1774 5176 videtur
1802 5122 2042 5180 habuisse

451 5198 598 5251 lectio
628 5207 810 5261 vetus;
839 5208 975 5248 nunc
1005 5209 1143 5259 vero,
1184 5209 1242 5248 ea
1282 5191 1480 5260 ablata,
1520 5197 1881 5250 recentioribus
1907 5198 2042 5252 litte-

448 5269 520 5322 ris
549 5269 836 5324 seminavit
861 5265 1010 5320 Isaac
1039 5264 1328 5334 scribitur.)
1355 5293 1426 5304 —
1458 5263 1598 5320 Ibid.
1635 5266 1685 5319 iu
1717 5267 1833 5335 ipso
1860 5279 2034 5322 anno”:

447 5341 501 5392 in
541 5342 633 5394 illo
664 5353 818 5392 anno.
847 5353 915 5378 -—'-
947 5335 1036 5390 14.
1067 5339 1364 5406 habuitque
1414 5339 1784 5407 possessiones
1815 5357 1826 5391 :
1859 5339 2040 5395 habuit

446 5426 646 5478 quoque
664 5411 1056 5482 possessionem.
1086 5417 1158 5448 -'-
1178 5407 1321 5482 Ibid.
1348 5410 1540 5482 0611οα
1571 5427 1582 5460 :
1613 5409 1674 5462 ob
1699 5409 1824 5464 haec.
1851 5441 1922 5450 —
1951 5415 2035 5469 17.

446 5479 774 5536 discedens:
819 5482 1148 5536 descendens.
1180 5510 1252 5520 —
1291 5481 1378 5536 19.
1421 5479 1784 5552 ludorumque
1833 5484 1885 5536 in
1931 5493 2039 5540 tur-

449 5564 627 5618 rente,
668 5562 722 5606 et
751 5560 1326 5624 repereruntaquanr:
1362 5553 1604 5624 foderunt
1631 5555 1684 5607 in
1706 5563 1948 5622 torrente,
1987 5567 2036 5613 et

446 5633 742 5693 repererunt
765 5625 830 5676 ibi
859 5626 1234 5694 aquam.——2l.
1261 5623 1728 5679 Foderuntautetn
1757 5637 1809 5679 et
1828 5628 1995 5682 alium
2021 5649 2032 5684 :

448 5697 795 5763 [Oderuntque
816 5695 997 5749 alium.
1020 5723 1087 5734 —-
1113 5697 1199 5750 ‘25.
1235 5701 1480 5750 invocato
1512 5698 1731 5751 nomine
1760 5715 1770 5750 :
1803 5699 2036 5755 invocato

449 5767 521 5819 ibi
561 5768 781 5820 nomine.
808 5795 878 5804 -—
906 5766 996 5819 26.
1032 5769 1207 5821 locum
1239 5782 1361 5821 cum
1406 5768 1679 5824 venissent
1713 5786 1722 5820 :
1757 5772 1924 5824 locum
1953 5789 2036 5826 ve-

445 5840 658 5892 nissent.
690 5867 760 5877 —-
799 5839 889 5893 29.
923 5847 1136 5891 auctum
1172 5837 1546 5894 benedictione
1581 5859 1591 5891 :
1636 5857 1698 5893 ac
1741 5858 1856 5896 cum
1883 5844 2036 5898 bene-

447 5915 685 5969 dictione.
717 5942 782 5950 —-
812 5915 900 5975 54.
935 5927 1138 5967 11ΧΗ1¹1¹5
1162 5913 1295 5967 duas
1325 5931 1334 5963 :
1367 5930 1560 5970 uxores.

2080 4689 2130 4756 Ι)

2163 1993 2414 2046 occidam.
2451 2021 2520 2032 -—
2547 1993 2617 2047 45
2644 2000 2691 2045 et
2719 1990 2808 2046 46.
2854 1991 2962 2045 tilio
2995 1989 3046 2044 in
3082 2005 3187 2044 uno
3215 1989 3348 2062 die?
3371 1991 3624 2062 dixitque
3653 1989 3765 2048 Re-

2161 2065 2323 2119 becca
2359 2082 2370 2116 :
2404 2065 2514 2132 ﬁlio
2536 2081 2640 2118 una
2671 2062 2791 2118 die?
2816 2063 2945 2116 dixit
2986 2078 3190 2134 quoque
3220 2061 3465 2118 Rebecca.

2707 2174 2933 2247 CAPUT
2966 2171 3208 2231 xxvut.

2241 2271 2390 2325 Vers.
2420 2270 2758 2326 Lbenedixit
2786 2285 2909 2324 eum
2937 2288 2948 2324 :
2983 2269 3262 2342 benedixit.
3293 2302 3359 2310 —
3383 2271 3438 2326 5.
3469 2273 3762 2342 pervenit:

2159 2347 2314 2404 venit.
2347 2373 2418 2383 —
2445 2344 2498 2398 7.
2534 2342 2846 2414 parentibus
2876 2343 3027 2397 suis:
3061 2339 3420 2414 (parentibus.
3468 2339 3682 2398 additur
3705 2347 3765 2400 in

2159 2416 2389 2488 margine
2437 2413 3318 2488 litteris,recentioribusi—79.
3388 2413 3714 2488 Ismahelem
3747 2419 3764 2470 ε’

2161 2483 2480 2542 Smrihelem.
2514 2516 2583 2526 —-
2608 2483 2747 2539 Ibid.
2782 2485 3014 2540 lsmahel
3047 2483 3332 2540 :Smnhel.
3377 2517 3448 2526 ——
3474 2483 3615 2543 Ibid.
3644 2489 3726 2543 Na
3747 2521 3762 2532 -

2158 2560 2342 2614 baiuth
2378 2578 2389 2611 :
2427 2556 2688 2612 Nabeoth.
2719 2588 2788 2596 —
2821 2555 2907 2612 l2.
2954 2565 3008 2611 ct
3057 2573 3285 2613 acumen
3317 2575 3328 2610 :
3385 2567 3435 2612 et
3483 2569 3758 2618 cacumen.

2157 2662 2226 2670 —
2257 2627 2340 2684 11.
2391 2646 2575 2685 semen
2631 2638 2778 2683 tuum
2815 2647 2826 2681 :
2862 2640 3268 2702 germentnum.
3301 2659 3370 2670 —
3420 2627 3558 2702 Ibid.
3595 2631 3765 2688 Occi-

2157 2703 2371 2758 dentem
2403 2711 2458 2774 et
2486 2699 2939 2774 Septemtrionem
2977 2719 2986 2753 :
3041 2699 3370 2774 Occidentem
3405 2701 3766 2774 Septemtrio-

2157 2791 2292 2827 nem.
2320 2805 2388 2813 —
2417 2767 2646 2827 Ibidfet
2671 2774 2721 2827 in
2748 2772 2979 2828 semine:
3017 2779 3062 2825 et
3091 2773 3292 2826 semini.
3324 2767 3503 2828 -17’.
3535 2783 3638 2829 non
3671 2785 3766 2832 cst

2159 2843 2246 2900 hic
2273 2863 2427 2917 ginon
2458 2845 2561 2917 hic.
2590 2875 2660 2885 ——-
2681 2843 2830 2917 (Ibid.
2872 2854 2926 2898 et
2968 2851 3122 2913 porta
3151 2841 3270 2898 cmli
3306 2864 3315 2897 :
3347 2851 3394 2898 et
3421 2853 3590 2917 porta:
3617 2847 3761 2902 (teli.

2155 2947 2225 2957 —
2259 2916 2340 2972 18.
2380 2933 2510 2987 ergo
2537 2916 2706 2972 Iacob
2731 2931 2885 2990 tuane
2920 2935 2930 2968 :
2965 2931 3292 2990 ergonsane.
3325 2916 3523 2990 τεο.
3557 2919 3606 2973 in
3639 2921 3760 2988 ria,

2157 3005 2251 3059 per
2279 2979 2472 3059 quam"
2493 3003 2594 3058 ego
2647 2988 2885 3053 ambulo,
2917 2997 2970 3042 et
3010 2979 3219 3042 dedcril
3269 2979 3402 3043 mihi
3433 3003 3666 3059 panem:
3706 2979 3768 3046 in

2153 3061 2312 3128 riam,
2342 3079 2431 3133 per
2460 3077 2612 3129 quant
2643 3059 2872 3122 mnbulo,
2903 3071 2945 3112 et
2969 3059 3165 3114 dederit
3197 3061 3322 3114 mihi
3351 3077 3534 3130 panes.

2723 3171 2949 3227 CAPUT
2980 3171 3173 3226 XXIX.

2238 3265 2383 3340 νει-δ.
2417 3267 2473 3319 ‘2.
2510 3279 2621 3321 tres
2652 3279 2865 3340 quoque
2902 3277 3093 3340 greges
3121 3284 3131 3317 :
3168 3277 3366 3337 tresque
3389 3285 3668 3340 greges."
3698 3271 3759 3326 5.

2159 3339 2432 3408 morisque
2465 3345 2583 3392 erat
2617 3355 2628 3390 :
2683 3339 2839 3392 moris
2861 3339 3060 3408 quippe
3099 3348 3226 3408 erat.
3275 3368 3344 3380 -
3376 3339 3461 3394 15.
3493 3339 3766 3398 occurrit

2155 3403 2368 3465 obviam
2400 3410 2493 3464 ei:
2547 3410 2776 3462 cucurrit
2817 3403 3038 3481 obuiam.
3080 3423 3152 3451 -—'
3202 3403 3287 3465 14.
3332 3420 3616 3481 ptrStqnatn
3651 3407 3766 3467 im-

2158 3482 2330 3550 pleti:
2391 3490 2657 3552 postquam
2712 3480 2971 3551 completi.
3024 3510 3094 3521 —
3132 3481 3217 3535 15.
3276 3484 3444 3552 gratis
3476 3480 3759 3540 servies:

2154 3554 2315 3628 gratis
2347 3554 2553 3628 seruias.
2582 3583 2652 3592 —
2681 3552 2770 3607 16.
2802 3553 2981 3628 minor
3030 3568 3174 3628 vero.
3208 3554 3620 3628 appellabatur:
3653 3559 3767 3609 mi-

2157 3623 2250 3677 nor
2280 3623 2669 3692 appellabatur.
2699 3652 2770 3663 ——
2793 3625 2885 3677 :23.
2909 3623 2976 3677 ad
3000 3623 3247 3678 socerum
3279 3623 3440 3678 Suum
3473 3644 3484 3677 :
3518 3627 3588 3679 ad
3608 3643 3764 3682 soce-

2155 3714 2289 3750 rum.
2320 3726 2391 3735 —
2426 3695 2498 3749 ΞΩ
2529 3705 2576 3748 et
2615 3696 2704 3751 50.
2760 3693 3096 3760 tradiderat”;
3140 3694 3464 3766 tandemque
3525 3698 3706 3766 potius
3746 3717 3761 3756 :

2156 3767 2400 3839 dederat;
2433 3766 2640 3821 tandem
2675 3768 2962 3839 potius._——
2989 3767 3078 3839 55.
3132 3767 3336 3839 audivit
3367 3781 3452 3822 me
3484 3768 3765 3828 Dominus

2115 3899 2120 3901 _
2158 3835 2344 3893 haberi
2374 3835 2704 3906 reutcmpttii
2734 3856 2744 3889 :
2779 3837 2977 3892 audirit
3009 3836 3264 3892 Dominus
3295 3838 3475 3893 haberi
3522 3857 3599 3894 me
3627 3857 3761 3896 con-

2159 3910 2392 3978 temptui.
2426 3940 2498 3950 —
2527 3909 2616 3963 54.
2651 3911 3022 3980 Concepitque
3057 3911 3237 3976 tertio,
3269 3919 3324 3965 et
3365 3911 3552 3981 genuit
3577 3913 3760 3970 alitmt

2158 3983 2346 4054 lilium,
2381 3981 2668 4054 dixitque:
2722 3982 2952 4048 concepit
3009 3983 3186 4047 tertio,
3239 3993 3284 4054 et
3335 3984 3510 4054 genuit
3557 3983 3760 4054 alium,

2155 4051 2603 4127 dicitque-755.
2641 4060 2695 4107 ct
2723 4056 2923 4121 percrit
2958 4063 3034 4107 :et
3071 4053 3288 4127 peperit.
3321 4051 3390 4094 5—-
3425 4054 3563 4109 Ibid.
3598 4067 3652 4112 et
3681 4051 3763 4114 ob

2159 4127 2261 4184 hoc
2288 4122 2308 4177 :
2335 4123 2395 4179 ob
2425 4122 2541 4177 hoc.

2737 4189 2964 4252 CAPUT
2997 4193 3167 4250 XXX.

2240 4285 2384 4342 Vers.
2416 4288 2465 4341 1.
2493 4283 2684 4342 invidit
2712 4283 2898 4342 Sorori
2928 4303 3039 4341 suze
3068 4305 3078 4339 :
3113 4285 3306 4340 inridet
3339 4284 3630 4343 Sorori.-—
3657 4291 3755 4349 10.

2156 4361 2353 4415 edente
2411 4359 2633 4429 tilium;
2683 4357 2863 4413 edente
2919 4358 3050 4428 ﬁlio.
3105 4385 3178 4399 —-
3237 4359 3324 4414 15.
3366 4359 3565 4429 quippe
3621 4379 3756 4419 me:

2154 4435 2361 4504 quippe.
2390 4461 2466 4504 ---Δ
2492 4419 2634 4485 Ibid.
2663 4419 2953 4504 appellavit
2981 4445 3103 4504 cum
3135 4429 3271 4504 Aser
3307 4449 3321 4484 :
3351 4419 3633 4504 appellarit
3656 4452 3762 4488 no-

2156 4501 2270 4557 men
2295 4503 2409 4572 ejus
2433 4501 2580 4556 Aser.
2605 4531 2676 4542 —-
2701 4501 2786 4558 16.
2814 4502 3166 4572 redeuutique
3194 4503 3259 4556 ad
3286 4501 3761 4571 vesperamlawb

2155 4575 2224 4629 de
2254 4589 2405 4644 agro,
2431 4588 2647 4644 egressa
2671 4583 2755 4630 est
2784 4573 2836 4628 in
2862 4577 3150 4628 occursum
3174 4575 3291 4642 ejus
3318 4574 3434 4638 Lia,
3466 4587 3519 4630 et
3540 4577 3650 4641 ait;
3681 4580 3760 4634 ad

2155 4661 2264 4712 tne,
2299 4647 2472 4716 inquit
2504 4664 2515 4697 :
2550 4646 2888 4717 redeuntique
2918 4645 2985 4698 ad
3036 4661 3298 4715 vesperam
3332 4645 3514 4717 Iacob,
3548 4667 3759 4717 egressa

2158 4725 2231 4772 est
2259 4718 2313 4770 in
2337 4713 2603 4771 occursum
2626 4715 2760 4783 Lia;
2791 4713 2838 4772 et
2865 4717 2932 4770 ad
2956 4734 3051 4779 me,
3083 4713 3267 4788 inquit.
3288 4713 3513 4772 —-lbid.
3541 4713 3760 4776 dbruti-

2159 4790 2343 4860 vitque
2371 4804 2492 4842 cum
2533 4803 2633 4843 ea:
2669 4788 2910 4841 dormivit
2939 4805 3056 4841 cum
3094 4805 3173 4842 ea.
3221 4818 3294 4829 ——
3340 4791 3423 4844 17.
3466 4794 3760 4860 exaudivit

2160 4859 2302 4933 Deus
2336 4878 2346 4912 :
2382 4861 2641 4914 exaudiuit
2673 4860 2962 4933 _l)ominus.
3009 4889 3081 4899 —
3130 4861 3216 4915 t9.
3270 4860 3362 4915 Lia
3392 4859 3755 4933 concpieusi

2158 4932 2256 4985 Lia
2285 4933 2536 4999 concepit.
2571 4961 2640 4971 —
2663 4931 2754 4986 20.
2781 4932 2987 4985 domvit
3023 4946 3109 4985 me
3137 4949 3150 4982 :
3185 4933 3370 4985 ditavit
3409 4942 3511 4987 me.
3553 4931 3623 4977 1—-
3654 4936 3752 4992 ἐπὶ,

2158 5002 2490 5074 Recordatns
2517 5017 2732 5074 quoque
2763 5004 3020 5058 Dominus
3050 5020 3063 5054 :
3095 5001 3421 5058 Recurdatus
3452 5015 3523 5059 est
3571 5006 3756 5062 Dami-

2158 5091 2272 5146 nus.
2306 5100 2374 5113 -—-
2399 5073 2490 5146 25.
2526 5075 2578 5128 in
2601 5073 2825 5144 patriam
2870 5082 3045 5146 meam
3078 5092 3090 5126 :
3123 5075 3175 5146 in.
3196 5075 3439 5146 patriam.
3473 5107 3544 5116 -—-
3571 5087 3660 5130 2t}.
3691 5089 3752 5135 ιιι

2155 5144 2285 5200 Vero
2335 5145 2479 5199 nosti
2521 5164 2532 5197 :
2585 5156 2640 5199 tu
2688 5146 2846 5199 nosti.
2876 5175 2945 5184 —
2970 5144 3061 5198 27.
3115 5144 3290 5200 ³111111
3325 5145 3509 5201 Labau
3547 5166 3559 5200 :
3593 5159 3638 5203 et
3668 5152 3751 5205 ait

2149 5217 2350 5272 Laban.
2384 5242 2460 5256 -ι
2483 5217 2572 5272 50.
2617 5229 2906 5287 antequam
2963 5215 3204 5289 venirent
3237 5217 3305 5271 ad
3339 5231 3428 5273 te:
3462 5231 3748 5289 antequam

2148 5290 2390 5343 venirem.
2418 5317 2485 5328 ——
2508 5289 2648 5344 Ibid.
2676 5285 2776 5344 tibi
2804 5289 2980 5342 Deus:
3016 5287 3105 5341 tibi
3138 5285 3411 5342 Dominus.
3454 5320 3521 5332 --
3568 5285 3657 5349 3t.
3687 5305 3751 5350 at

2147 5360 2235 5415 ille
2265 5364 2372 5435 ait}
2402 5373 2456 5416 at
2487 5362 2610 5435 (ille.
2650 5389 2722 5435 5—
2764 5360 2895 5435 ibid.
2953 5360 3088 5412 nihil
3135 5359 3260 5435 volo
3294 5378 3306 5412 :
3343 5359 3474 5416 nihil
3526 5381 3745 5435 prorsus

2144 5435 2279 5485 volo.
2310 5430 2421 5506 (Ita
2448 5433 2660 5506 videtur
2682 5432 2922 5485 habuisse
2967 5439 3107 5484 vetus
3139 5432 3326 5497 lectio;
3367 5435 3490 5499 quia
3517 5430 3632 5506 post
3655 5453 3747 5490 ro-

2142 5517 2251 5556 cem
2290 5504 2443 5569 nihil,
2472 5515 2506 5573 p
2535 5504 2868 5558 semierasum
2901 5511 2994 5569 est,
3027 5513 3073 5556 et
3105 5513 3290 5556 cetera
3317 5513 3437 5556 sunt
3472 5504 3668 5569 ablata,
3691 5519 3746 5562 et

2142 5583 2428 5652 atramenta
2450 5576 2721 5652 recentiori
2749 5575 3215 5652 superscriptnntv
3235 5575 3288 5629 in
3316 5575 3542 5652 dictione
3570 5581 3749 5652 voto.)

2141 5676 2214 5686 —-
2240 5649 2331 5702 55.
2372 5647 2834 5716 respotttlebitque
2868 5665 2879 5699 :
2925 5647 3313 5716 responditque.
3364 5675 3435 5688 -—
3468 5649 3541 5704 55
3570 5659 3615 5704 et
3647 5647 3746 5708 54.

2141 5733 2356 5788 argues.
2391 5718 2633 5788 dixitque
2684 5719 2862 5773 Laban
2900 5736 2910 5768 :
2956 5729 3191 5787 urguent.
3252 5716 3397 5771 Dixit
3429 5717 3632 5775 Labnn.
3671 5753 3749 5764 —-

2141 5790 2233 5845 55.
2270 5790 2470 5854 hircos,
2502 5799 2556 5842 et
2585 5793 2782 5844 arietes
2816 5807 2826 5840 :
2857 5788 3052 5847 hircus,
3083 5792 3288 5842 arietes.
3313 5789 3539 5844 —lbid.
3572 5809 3749 5849 cunc-

2143 5871 2250 5917 tum
2282 5870 2464 5922 autem
2494 5879 2506 5913 :
2535 5878 2594 5914 ac
2618 5873 2881 5914 cunctum.
2909 5891 2984 5928 .——
3018 5859 3154 5912 Ibid.
3191 5862 3408 5914 tradidit
3437 5881 3448 5914 :
3483 5872 3528 5914 et
3579 5868 3754 5921 tradi-

2142 5935 2237 5991 dit.
2268 5962 2337 5973 —
2369 5934 2458 5988 56.
2506 5949 2792 6005 generum,
2823 5932 2914 6005 qui
2971 5933 3259 6005 pascebat:
3291 5949 3534 6004 generum
3566 5953 3748 6007 suurn,
