4034 6330
480 356 587 413 895

478 471 573 546 26.
598 471 652 529 in
684 481 822 546 terra
854 478 970 546 tua:
1003 481 1139 546 terra
1164 482 1275 529 tua.
1300 504 1374 516 —
1393 472 1487 530 27.
1519 472 1868 546 ingredieris:
1905 473 2071 527 intro-
2099 476 2145 538 Α

478 545 625 601 ieris.
644 544 825 603 -51,
856 545 1061 602 tradam
1095 545 1151 602 in
1180 546 1461 602 manibus:
1494 544 1697 600 tradam
1724 546 2073 600 manibus.—

481 616 573 672 55.
606 630 711 673 non
745 616 1021 674 habitent:
1047 634 1150 673 non
1176 618 1390 673 habitet.
1417 648 1489 659 —
1517 615 1659 673 Ibid.
1692 626 1746 673 te
1773 617 1997 674 faciant:
2032 626 2080 672 te

483 688 665 761 faciat.
687 717 759 730 —
784 686 925 745 Ibid.
956 698 1105 747 certe
1125 690 1263 746 erit:
1292 698 1430 747 certo
1450 690 1568 746 erit.

1052 781 1280 842 CAPUT
1314 782 1507 841 XXIV.

564 878 716 953 Vers.
745 878 804 937 2.
829 879 1127 953 solusque:
1146 880 1287 953 solus
1316 894 1537 953 quoque.
1560 880 1714 953 -—:_4.
1747 880 1813 936 ad
1836 880 2078 938 radices:

484 951 554 1005 ad
580 951 825 1037 radicem.
839 981 912 1037 :-
1000 950 1201 1036 ritulps
1221 950 1509 1037 duodecim
1526 969 1544 1037 _:
1576 950 1657 1023 (Η
1660 968 1735 1008 tec
1755 953 1907 1037 uerba
1926 954 2083 1007 abra-

484 1039 545 1077 sa
562 1021 731 1095 sunt.)
756 1052 827 1065 --
852 1024 907 1082 9.
936 1022 1004 1081 de
1034 1022 1351 1081 senioribus
1376 1021 1594 1081 Israel:
1621 1040 1651 1079 e
1675 1026 1987 1080 senioribus.
2009 1054 2081 1066 -—

486 1093 574 1149 10.
599 1092 768 1167 Deum
798 1094 983 1163 Israel,
1016 1103 1073 1153 et
1095 1095 1220 1162 sub,
1252 1104 1394 1152 etc.:
1427 1094 1708 1151 Dominum
1735 1095 1936 1163 Israel;
1961 1096 2077 1167 sub,

484 1172 587 1219 etc.
617 1194 691 1206 —
714 1166 802 1222 11.
845 1182 1066 1222 tnannm
1104 1182 1294 1222 suam:
1342 1183 1574 1223 manum.
1611 1197 1686 1209 —
1722 1168 1811 1224 15.
1840 1166 2078 1224 montem

488 1234 585 1292 Dei
609 1246 877 1313 :__montent
907 1239 1142 1295 Domini.
1170 1270 1242 1313 τ-
1275 1238 1362 1313 18.
1389 1239 1601 1313 diebus,
1635 1248 1691 1296 et
1718 1238 2080 1312 quadraginta

486 1307 769 1367 noctibus:
800 1309 928 1380 dies,
962 1319 1009 1366 et
1039 1311 1385 1384 quadraginta
1410 1307 1601 1366 noctes.

1074 1423 1304 1483 CAPUT
1344 1424 1510 1482 XXV.

565 1514 717 1571 Vers.
739 1515 795 1571 2.
829 1516 1139 1589 accipietis:
1172 1518 1528 1588 recipietis.—
1540 1519 1593 1573 5.
1621 1516 1865 1573 debetis:
1894 1518 2082 1574 debea-

492 1589 578 1645 tis.
610 1617 683 1629 —
712 1589 765 1645 5.
794 1588 1123 1654 rubricalas,
1157 1590 1435 1659 pellesque
1462 1589 1769 1645 iantbinas:
1798 1588 2079 1654 rnbicatas,

488 1660 647 1734 pelles
672 1660 1007 1734 iacintltinas.
1037 1690 1112 1704 —-
1143 1664 1197 1718 6.
1231 1670 1286 1718 et
1314 1661 1685 1718 thimiamata:
1716 1670 1765 1716 et
1779 1662 1846 1734 _in
1873 1662 2078 1734 thimia-

488 1730 595 1787 ina.
624 1761 693 1774 —
726 1730 814 1789 10.
843 1733 982 1789 duos
1012 1744 1066 1790 et
1094 1735 1299 1790 semis:
1332 1742 1464 1788 auos
1490 1735 1660 1790 semis.
1680 1730 1907 1787 —Ibid.
1931 1732 2084 1788 simi-

486 1802 615 1860 liter
657 1820 721 1861 ac
762 1806 1079 1861 semissem:
1130 1806 1385 1861 similiter.
1417 1835 1491 1847 -—
1521 1805 1609 1862 15.
1639 1804 1806 1861 facies
1834 1819 2077 1876 quoque:

487 1877 767 1947 faciesque.
793 1877 975 1933 -17.
1012 1885 1068 1931 et
1094 1877 1337 1933 cubitum
1369 1893 1432 1932 ac
1459 1879 1778 1933 semissem:
1818 1877 2080 1931 semissem
2110 1882 2159 1943 Β

486 1957 541 2019 et
561 1947 807 2019 cubitum.
836 1978 908 1989 —
934 1947 1028 2003 22.
1060 1949 1494 2019 propitiatorium
1523 1964 1589 2004 ac
1616 1948 1687 2004 de
1713 1948 1919 2004 medio:
1957 1963 2080 2019 pro-

487 2018 807 2102 pitiatorium
842 2018 1137 2102 sgiligebac
1166 2018 1360 2102 medio.
1399 2049 1464 2102 .—
1626 2019 1921 2102 ha_bentem
1949 2018 2087 2102 duos

489 2088 1120 2175 cubitosiongituntlinis,
1151 2103 1206 2175 et
1236 2091 1288 2175 in
1320 2092 1637 2175 latitudine“:
1672 2092 1925 2174 .Itabentes
1956 2090 2087 2145 duos

487 2159 689 2216 cubitos
714 2161 1060 2234 longitudine,
1089 2171 1135 2217 et
1158 2161 1455 2218 latitudine.
1470 2162 1644 2217 -——28.
1670 2162 1821 2232 ipsos
1841 2175 2085 2231 quoque:

486 2230 856 2317 ips_osque..f—.
894 2230 1035 2317 Ibid.
1069 2234 1329 2317 de_l_i_gnis
1352 2234 1465 2317 :ude
1487 2235 1753 2317 ligno..‘_—
1778 2232 1872 2289 29.
1906 2244 2086 2317 aceta-

491 2302 654 2390 Iiu-lai:
687 2304 1026 2390 a‘citabulant.
1047 2336 1120 2390 τ-
1352 2306 1499 2390 ΙίιίαΙς
1529 2302 1578 2359 et
1604 2304 1900 2390 liliumzr-
1939 2302 2080 2359 Ibid.

489 2374 887 2448 spltmrulmque
913 2374 1079 2448 simul
1116 2387 1172 2434 et
1201 2376 1347 2448 lilia:
1397 2378 1693 2447 spherwque
1717 2388 1765 2431 et
1790 2377 1982 2431 lilium.
2014 2406 2089 2419 —-

486 2444 580 2522 55.
626 2444 951 2516 sphterulte:
1000 2447 1268 2522 sphcrula.
1311 2479 1383 2490 —
1423 2444 1515 2505 58.
1564 2444 1696 2504 fiant
1746 2462 1908 2505 auro:
1956 2448 2086 2519 ﬁant

485 2516 551 2570 de
576 2534 728 2574 auro.

1062 2592 1292 2650 CAPUT
1331 2593 1521 2651 XXVI.

568 2682 717 2759 Vers.
749 2685 803 2741 1.
854 2684 1157 2759 ἱιειγΐαρίεεε
1209 2690 1281 2743 ita
1306 2689 1414 2759 ﬁet.
1455 2720 1526 2729 —
1564 2688 1654 2745 10.
1709 2702 1832 2745 cum
1881 2686 2082 2759 altero:

489 2771 606 2810 cum
634 2756 762 2812 alio.
789 2787 862 2800 —
893 2758 982 2813 M.
1017 2756 1316 2815 iantbinis:
1341 2759 1669 2816 iacinthinis.
1701 2789 1771 2799 ——
1799 2759 1886 2814 17.
1920 2758 2082 2814 fient:

490 2826 643 2905 fiant.
674 2858 748 2905 τ
768 2830 858 2905 29.
890 2830 1036 2901 ipsas
1063 2846 1309 2905 quoque:
1342 2833 1692 2905 ipsasque.——
1714 2829 2083 2905 Ibid._in__eis:

484 2898 667 2954 eis.—
696 2898 840 2974 Ibid.
871 2898 1102 2959 aureas:
1138 2898 1385 2971 (Additur
1414 2898 1601 2959 litteris
1621 2901 1882 2974 vetustis.)
1908 2902 1999 2958 55.
2031 2901 2086 2957 in

492 2980 681 3048 Parte:
710 2973 764 3027 in
795 2974 975 3030 latere.
1008 3004 1080 3015 —
1120 2976 1209 3032 56.
1232 2982 1404 3046 'opere
1435 2974 1741 3046 plumario:
1790 2990 1940 3048 apere
1969 2974 2088 3044 plu-

487 3044 659 3098 marii.

1042 3117 1272 3178 CAPUT
1307 3116 1525 3178 XXVII.

568 3206 719 3292 Ve".
736 3208 791 3267 4.
809 3219 1039 3296 quatuor
1058 3214 1275 3296 annuli:
1299 3222 1519 3284 quatuor
1537 3212 1810 3296 anguli.-—_
1824 3212 1876 3268 6.
1893 3210 2080 3296 anteis:

490 3281 657 3336 cereis.
684 3310 756 3322 —
782 3273 1036 3339 similiter
1079 3294 1135 3340 et
1161 3287 1213 3340 in
1241 3273 1449 3341 lat'ere:
1510 3273 1747 3339 similiter
1792 3284 1845 3337 in
1897 3284 2081 3338 latera.
2114 3273 2158 3336 C

489 3379 561 3425 τ-
585 3349 727 3407 Ibid.
761 3353 1004 3425 ejusdem
1031 3358 1239 3411 numeri
1262 3373 1277 3414 :
1308 3355 1523 3410 totidem
1549 3356 1769 3409 numeri.
1795 3385 1865 3396 —
1889 3356 1975 3409 15.
1999 3369 2091 3410 co-

492 3422 733 3480 lumnzn:
783 3422 1173 3483 columnas.—
1205 3428 1294 3483 16.
1341 3428 1395 3483 in
1441 3428 1706 3483 introitu:
1754 3428 1990 3481 introitu.
2020 3456 2092 3465 —

496 3491 640 3548 Ibid.
671 3510 837 3566 opere
855 3498 1125 3573 plumario
1149 3518 1162 3553 :
1202 3515 1354 3571 opere
1378 3500 1647 3573 plumarii.
1671 3528 1743 3539 —
1769 3498 1862 3573 21.
1892 3512 2092 3573 oppan-

490 3580 609 3621 sum
634 3567 1061 3645 estAtestimonio
1082 3588 1097 3628 :
1129 3567 1414 3645 appensum
1440 3582 1512 3626 est
1541 3571 1836 3627 testimonii.
1855 3600 1922 3611 —
1945 3567 2090 3625 Ibid.

484 3650 679 3717 coram
709 3638 875 3698 filiis:
906 3657 939 3695 a
964 3642 1110 3713 filiis.

1033 3735 1265 3793 CAPUT
1304 3737 1544 3793 XXVIII.

574 3825 716 3881 Vers.
752 3827 804 3882 1.
842 3827 1069 3885 Eleazar
1097 3848 1108 3884 :
1157 3840 1204 3884 et
1238 3828 1477 3885 Eleazar.
1510 3861 1581 3872 —
1626 3829 1682 3885 2.
1714 3829 1895 3886 Aaron
1925 3828 2083 3885 fratri

494 3905 587 3952 tuo
616 3915 627 3950 :
660 3899 815 3969 fratri
842 3907 951 3956 tuo.
975 3931 1048 3942 —
1074 3904 1128 3958 4.
1157 3902 1391 3958 facient:
1425 3903 1640 3972 faciant.
1659 3933 1731 3943 —
1754 3900 1807 3957 5.
1837 3916 2091 3957 coccum-

492 3983 603 4039 que
628 3986 642 4023 :
692 3980 742 4025 et
769 3986 1098 4046 caecumque.
1127 4003 1199 4016 -——
1230 3972 1373 4029 Ibid.
1402 3984 1457 4030 et
1484 3974 1702 4044 byssum
1730 3992 1743 4028 :
1792 3984 1838 4030 et
1884 3972 2091 4046 byssum

488 4050 759 4097 retortam.
823 4042 1074 4115 (Additur
1100 4050 1409 4113 retortam.)
1440 4042 1592 4116 --ί8.
1641 4061 1877 4116 purpura
1902 4042 1930 4111 ,⁷
1966 4060 2091 4116 coc-

488 4125 663 4188 coque
689 4129 708 4188 ξ
734 4130 975 4188 purpura
1001 4123 1047 4187 et
1075 4133 1246 4173 cocco.
1276 4146 1346 4157 -
1378 4117 1460 4172 I9.
1489 4115 1751 4188 ligurins:
1782 4115 2090 4186 ligidius.-l—

488 4182 581 4238 26.
610 4182 925 4253 rationalis,
978 4182 1030 4241 in
1062 4189 1209 4245 oris:
1242 4182 1554 4253 rationalis:
1583 4198 1627 4244 et
1658 4188 1711 4241 in
1738 4182 1863 4242 oris.
1896 4217 1967 4227 -—
1992 4188 2084 4243 28.

494 4254 712 4340 stipulis
737 4256 874 4340 suis.
906 4257 1259 4340 (AddunturJ
1290 4290 1363 4299 —-
1390 4259 1482 4316 29.
1515 4260 1884 4340 ingredietur:
1918 4260 2090 4329 ingre-

491 4322 657 4401 ditur.
688 4354 759 4401 Τ-
786 4326 879 4383 50.
910 4322 1255 4401 ingredietur
1276 4345 1459 4386 coram
1490 4349 1501 4385 :
1554 4322 1843 4401 ingreditur
1888 4322 2084 4385 coram.

492 4393 584 4449 54.
618 4396 817 4470 malum
850 4393 1103 4470 punicum
1134 4419 1147 4454 :
1198 4404 1415 4456 malum.
1459 4433 1530 4443 —
1571 4393 1661 4459 58.
1692 4401 2006 4457 obtulerunt
2034 4412 2089 4458 et

486 4466 966 4550 sanctificavetfunt
987 4488 998 4525 :
1024 4471 1301 4550 obtulerint
1325 4482 1373 4529 et
1393 4474 1929 4550 sancti/icavet‘int.—
1943 4471 2085 4529 Ibid.

491 4540 565 4594 sit
593 4540 641 4596 ei
671 4556 684 4594 :
718 4540 785 4596 sit
814 4542 907 4598 eis.
930 4573 1001 4583 —
1023 4545 1112 4601 42.
1140 4545 1207 4601 ad
1235 4544 1442 4603 femora
1468 4562 1482 4599 :
1527 4540 1596 4600 ad
1618 4547 1834 4617 femina.

1060 4663 1293 4723 CAPUT
1332 4664 1526 4724 XXIX.

522 4756 721 4841 .‘Vers.
750 4757 806 4815 2.
839 4762 1131 4841 crustulntn
1158 4782 1171 4818 :
1219 4764 1583 4841 scrutulaL‘T
1623 4762 1763 4841 Ibid.
1793 4777 2083 4841 conspersa

487 4834 564 4884 sit
585 4846 622 4906 :__
655 4846 934 4906 conspersa
957 4834 1081 4894 sint.
1112 4866 1184 4906 έ-
1208 4838 1264 4891 4.
1290 4851 1412 4891 cum
1446 4836 1572 4891 filiis
1602 4840 1715 4892 suis
1742 4852 1756 4893 :
1792 4851 1907 4889 cum
1939 4834 2083 4906 filiis.

490 4930 562 4984 -τ
590 4902 645 4958 5.
679 4904 1019 4984 restituentis
1044 4905 1148 4984 :‘(I
1155 4919 1206 4961 ta
1230 4907 1382 4984 modo
1406 4909 1617 4984 legitur,
1652 4924 1800 4963 erasa
1826 4902 1983 4984 ueteri
2004 4908 2080 4984 le-

489 4973 704 5046 ctione.)
724 5004 796 5016 --
815 4975 868 5031 9.
896 4973 1216 5035 sacerdotes
1243 4979 1371 5033 mibi
1398 4997 1411 5031 :
1439 4973 1731 5033 sacerdotes
1759 4978 1877 5032 mei.
1901 5007 1973 5019 -—
1996 4978 2083 5035 10.

488 5046 825 5115 applicabis:
876 5064 1061 5105 manus
1104 5050 1414 5120 applicabis.
1453 5078 1526 5089 -—
1561 5050 1650 5105 12.
1684 5052 1754 5104 de
1782 5049 2086 5119 sanguine:

486 5122 814 5192 sanguinem.
839 5148 910 5192 έ-
930 5120 1020 5192 17.
1054 5123 1227 5192 ipsum
1253 5131 1432 5177 autem
1458 5121 1683 5176 arietem
1711 5139 1737 5192 :_
1754 5121 1926 5192 ipsum
1956 5122 2089 5175 arie-

487 5189 609 5246 tem.
637 5219 709 5233 —-
738 5190 827 5248 18.
856 5189 908 5247 in
939 5189 1219 5249 incensum
1247 5210 1261 5247 :
1290 5196 1576 5249 incensum.
1611 5221 1682 5234 -—
1708 5189 1850 5245 Ibid.
1883 5192 2089 5247 oblatio

486 5272 571 5318 est
621 5262 887 5318 Domino:
944 5262 1230 5321 oblationes
1276 5263 1512 5319 Domini.
1572 5295 1633 5305 —
1681 5262 1821 5317 Ibid.
1853 5263 2088 5328 victimae

487 5333 743 5390 Domini:
798 5335 1020 5393 uictimis
1070 5337 1186 5392 Dei.
1228 5367 1302 5378 —
1340 5335 1432 5392 20.
1483 5346 1785 5392 extremum
1830 5333 2089 5390 auricula:

488 5406 735 5462 destrze:
784 5418 1067 5463 extremum
1102 5409 1330 5465 dexteris
1357 5408 1628 5464 auricula.
1662 5438 1733 5449 —
1771 5407 1866 5464 21.
1896 5421 2091 5463 consc-

483 5477 761 5550 cratisque
802 5478 977 5552 ipsis:
1020 5481 1431 5552 consecratisque
1475 5488 1522 5534 et
1547 5481 1712 5552 ipsis.
1743 5509 1815 5521 -—
1845 5481 1937 5536 25.
1974 5488 2087 5532 toro

487 5555 706 5619 tamque
750 5550 938 5619 panis:
991 5561 1179 5608 tortam
1225 5550 1399 5623 panis.
1430 5582 1503 5593 -—
1533 5551 1625 5609 24.
1661 5567 1823 5620 super
1849 5562 2082 5607 manus:

484 5635 644 5688 super
669 5637 895 5696 manum.
920 5652 992 5664 οι-
1021 5623 1115 5680 28.
1149 5623 1386 5680 ﬁliorum
1418 5623 1537 5693 ejus
1562 5641 1575 5677 :
1605 5624 1707 5696 lilii
1734 5625 1871 5696 ejus.
1898 5653 1965 5664 —
1990 5623 2081 5679 51.

485 5693 953 5748 consecrationis:
1007 5697 1476 5752 consecrationum.
1518 5724 1589 5735 -—
1628 5695 1719 5751 Ml.
1750 5693 2080 5752 mensuram.

514 5762 973 5836 Additur.)—_i2.
1007 5767 1332 5825 sacrificium
1358 5777 1442 5824 est
1474 5766 1738 5823 Domino:
1774 5767 2087 5836 sacriﬁcium

484 5832 729 5960 lDominq.
852 5832 994 5892 Ibid.
1029 5839 1413 5909 generationes
1452 5846 1696 5895 vestras:
1745 5832 2088 5910 generationi-

519 5923 579 5960 us
609 5923 689 5960 res
716 5923 810 5960 ηε.
1428 5924 1457 5944 ν

519 5923 579 5962 us
609 5915 710 5963 rest
716 5915 810 5962 ηε.
1428 5924 1457 5944 ν

1177 352 1527 414 APPENDIX
1564 353 1657 413 AD
1696 353 1983 414 DlVINAM
2023 352 2535 412 BIBLIOTHECAM
2578 352 2637 410 S.
2678 351 3089 414 HIERONYMI.

3663 350 3777 413 896

2755 476 2986 534 CAPUT
3022 474 3196 533 XXX.

2260 569 2407 625 Vers.
2425 571 2480 626 5.
2501 584 2759 627 coronam
2780 587 2794 624 :
2823 569 3151 625 coronulam.
3172 598 3243 610 --
3265 568 3321 624 8.
3337 568 3623 625 eollocabit
3642 580 3775 627 eas:

2182 642 2399 698 collocat
2424 658 2532 698 eas.
2553 672 2625 684 —
2648 643 2702 698 9.
2730 656 2831 698 nec
2862 641 3102 698 libabitis
3130 640 3385 697 libamina
3410 656 3425 696 :
3458 656 3551 694 nec
3577 639 3685 694 liba
3711 641 3780 694 li.

2182 714 2384 769 babitis.
2407 715 2590 787 -15,
2622 729 2818 787 nomen
2848 730 2863 769 :
2894 711 3007 787 (Ita
3031 712 3256 787 habebat
3274 712 3425 787 lectio
3455 721 3627 787 uetus;
3658 728 3779 787 mo-

2183 787 2251 841 do
2276 786 2679 857 superscribitur
2707 782 3047 857 Dominum.)
3075 815 3145 825 —
3173 782 3313 838 Ibid.
3344 783 3664 857 dimidium:
3693 782 3781 838 di-

2182 856 2508 913 midininunt.
2532 887 2604 899 —-—
2627 859 2709 913 11.
2741 873 2769 911 a
2797 856 3028 929 viginti:
3076 857 3271 929 viginti.
3302 884 3375 929 -τ-
3403 856 3491 910 18.
3524 856 3669 929 inter
3699 865 3781 909 ta-

2183 930 2535 986 bernaculum
2563 948 2577 983 :
2610 931 2664 984 in
2693 928 3281 985 tabernaculum-449.
3317 928 3372 982 in
3399 942 3461 982 ea
3491 945 3503 980 :
3536 928 3593 981 in
3618 942 3781 981 eo.—

2182 1001 2275 1086 25.
2307 1001 2695 1086 quinquaginta
2726 1001 2889 1056 siclns
2914 1018 2930 1055 :
2979 1000 3378 1073 quinquaginta.
3403 999 3593 1086 ~22}.
3616 998 3746 1086 Aolei.
3763 1014 3779 1053 :

2183 1070 2373 1129 oleum.
2396 1070 2466 1113 -ἑ
2492 1070 2633 1128 Ibid.
2684 1070 3035 1129 mensuram:
3087 1070 3346 1127 mensura.
3371 1098 3442 1112 --
3482 1070 3575 1125 28.
3606 1071 3783 1138 perti-

2184 1156 2271 1177 nni
2306 1165 2319 1177 .
2348 1146 2605 1177 ..ρ-οἶκρκο
2652 1172 2724 1177 _.
2753 1144 2821 1177 πο
2871 1160 2978 1177 ιηηη
3012 1142 3218 1177 lanionia
3246 1159 3258 1173 ι
3309 1158 3412 1177 ,ιλιι
3458 1141 3663 1177 fni-insi.
3710 1170 3783 1177 __.

2184 1156 2277 1199 net
2306 1165 2319 1201 :
2348 1146 2623 1218 pertinent.
2650 1172 2725 1186 -—-
2752 1144 2842 1201 52.
2871 1160 2979 1200 non
3011 1144 3220 1199 facietis
3245 1159 3259 1196 :
3307 1158 3413 1197 non
3454 1144 3685 1212 faciatis.
3710 1170 3785 1183 ~—

2182 1217 2276 1273 55.
2305 1218 2621 1300 tbymiama.
2653 1216 2948 1300 (_Additur.)
2995 1246 3067 1300 τ
3111 1216 3203 1272 56.
3236 1214 3592 1270 tabernaculo
3617 1214 3782 1270 testi-

2183 1289 2353 1344 monii
2376 1306 2388 1343 :
2423 1289 2715 1344 testimonio
2741 1289 3077 1343 tabernaculi.

2754 1402 2984 1459 CAPUT
3025 1400 3217 1459 XXXI.

2264 1495 2410 1552 Vers.
2446 1494 2503 1551 4.
2536 1494 2795 1567 quicquid
2826 1493 3099 1551 fabrelieri
3128 1502 3308 1563 potest
3332 1508 3400 1550 ex
3425 1508 3583 1560 aura,
3613 1502 3672 1551 et
3697 1510 3789 1551 ar—

2182 1578 2369 1639 gento,
2402 1576 2458 1623 et
2487 1582 2596 1624 tere
2616 1584 2644 1650 τ’
2665 1567 2811 1639 fabre
2832 1567 3078 1650 quicquid
3242 1574 3407 1635 potest
3429 1582 3494 1650 es
3511 1583 3667 1650 auro=
3694 1585 3791 1650 gr-

2182 1637 2355 1712 gento,
2380 1655 2500 1694 tere.
2533 1670 2604 1679 —
2632 1637 2688 1695 8⁷.
2716 1651 2772 1695 et
2801 1637 2991 1694 altaria
3017 1656 3030 1692 :
3062 1648 3112 1693 et
3137 1638 3323 1720 altare.
3360 1664 3427 1679 -—-
3468 1637 3556 1721 11.
3587 1638 3790 1693 sabba-

2185 1711 2547 1836 :IilluzleLILBIIIH
2578 1730 2591 1767 :
2619 1710 2946 1766 subbathunt.
2977 1740 3049 1751 --
3082 1711 3169 1766 17.
3204 1709 3330 1766 feeit
3360 1708 3627 1765 Dominus
3652 1728 3667 1765 :
3708 1714 3790 1781 fe-

2186 1799 2256 1838 Cll
2288 1799 2449 1839 ueus.

2742 1851 2973 1911 CAPUT
3010 1852 3226 1909 XXXII.

2270 1944 2412 2002 Vm.
2448 1947 2502 2001 1.
2528 1945 2686 2012 dixit,
2718 1961 2921 2016 surge:
2952 1948 3046 2013 ait,
3080 1963 3251 2016 surge.
3276 1975 3349 1986 —
3374 1945 3431 1999 2.
3464 1952 3520 2001 et
3549 1943 3789 2001 filiarum

2189 2027 2492 2073 vestrarum
2527 2037 2541 2073 :
2592 2028 2639 2072 et
2674 2006 2937 2088 'ﬁliatrttm.
2972 2006 3044 2059 ——'
3068 2020 3121 2073 5.
3153 2006 3387 2088 fecitque
3413 2035 3425 2071 :
3455 2017 3599 2085 fecit.
3624 2045 3702 2059 —-
3727 2018 3786 2074 9.

2188 2089 2268 2162 ait
2296 2090 2557 2162 Dominus
2584 2089 2649 2143 ad
2679 2087 2942 2162 Moysen_:
2993 2090 3068 2162 ait
3095 2089 3164 2142 ad
3190 2087 3426 2160 Moysen.
3456 2116 3528 2130 —
3554 2088 3640 2143 11.
3676 2088 3795 2162 Do-

2189 2160 2396 2216 minum
2426 2161 2593 2216 Deum
2621 2158 2784 2216 suum
2809 2178 2822 2215 :
2884 2158 3163 2215 Dominum
3190 2158 3362 2215 suum.
3392 2190 3463 2201 —
3494 2161 3580 2215 14.
3615 2174 3687 2216 ne
3718 2160 3793 2215 fa-

2189 2242 2339 2304 ceret
2383 2234 2624 2287 malum:
2676 2250 2739 2287 ne
2767 2235 2979 2302 faceret.
3009 2264 3080 2273 --
3112 2231 3196 2304 15.
3243 2232 3294 2304 in
3332 2247 3495 2286 manu
3539 2247 3679 2286 sua:
3732 2233 3793 2286 in

2188 2303 2370 2375 manu.
2421 2334 2494 2345 —-
2540 2304 2625 2359 16.
2658 2315 2712 2358 et
2742 2304 2910 2375 factas
2941 2318 3108 2375 opere
3136 2303 3382 2359 Domini:
3435 2304 3603 2374 factas
3632 2319 3793 2375 apere

2191 2374 2306 2431 Dei.
2333 2406 2405 2417 —
2429 2376 2521 2431 25.
2558 2374 2908 2445 ignominiam
2939 2374 3117 2431 surdis
3145 2392 3157 2429 :
3208 2376 3544 2446 ignominiam
3584 2375 3791 2429 cordis.

2187 2476 2259 2489 —
2289 2446 2381 2502 26.
2414 2450 2833 2518 congregatique
2877 2457 3004 2502 sunt
3050 2447 3115 2502 ad
3157 2461 3279 2501 eum
3313 2464 3324 2498 :
3383 2451 3796 2518 congregatique

2188 2518 2258 2572 ad
2280 2536 2419 2574 eum.
2456 2516 2646 2575 -“28.
2679 2519 3029 2587 feceruntque
3056 2537 3069 2572 :
3121 2522 3370 2588 fecerunt.
3401 2516 3491 2588 -ξ
3514 2516 3657 2571 Ibid.
3692 2517 3797 2571 tri-

2186 2591 2335 2660 ginta
2370 2592 2469 2645 tria
2498 2591 2663 2645 millia
2691 2608 2707 2645 :
2738 2592 2840 2644 tria
2870 2590 3057 2646 millia.
3087 2587 3159 2630 -έ-
3184 2588 3275 2645 29.
3305 2598 3361 2645 et
3390 2589 3443 2645 in
3472 2587 3637 2643 fratre
3664 2604 3681 2642 :
3740 2596 3793 2641 et

2189 2664 2370 2733 fratre.
2402 2693 2475 2703 —
2503 2662 2593 2717 50.
2635 2663 2848 2717 loeutus
2894 2672 2949 2716 et
2977 2662 3190 2733 Moyses
3217 2660 3283 2715 ad
3309 2701 3327 2726 ,
3359 2670 3468 2716 etc.
3496 2676 3511 2715 :
3570 2662 3793 2714 locutus

2189 2743 2265 2787 est
2290 2733 2358 2787 ad
2382 2776 2397 2799 ,
2426 2742 2525 2788 etc.
2553 2763 2625 2775 -—
2649 2734 2741 2788 51.
2788 2743 3065 2803 peccatum
3118 2733 3418 2803 maximum
3445 2749 3460 2787 :
3514 2740 3794 2802 peccatum

2188 2821 2457 2879 magnum.
2505 2836 2572 2847 —
2621 2805 2711 2861 52.
2746 2802 2876 2879 facis
2893 2820 2914 2879 _:
2948 2806 3225 2879 facies."
3266 2802 3357 2858 54.
3387 2819 3497 2879 quo
3526 2804 3793 2879 locutus:

2190 2876 2254 2930 de
2278 2876 2382 2948 quo
2411 2876 2634 2933 locutus.
2665 2906 2738 2917 —-
2760 2877 2850 2933 55.
2884 2877 3088 2933 fecerat
3113 2877 3292 2931 Aaron
3320 2892 3332 2928 :
3366 2876 3487 2946 fecit
3509 2876 3713 2930 Aaron.

2723 2988 2955 3047 CAPUT
2995 2989 3240 3049 XXXIII.

2273 3082 2415 3138 l'ers.
2446 3085 2498 3138 1.
2548 3083 2615 3156 ad
2646 3084 2865 3156 Mnysen
2895 3082 3117 3156 diceus_,
3165 3082 3334 3156 vade,
3386 3082 3622 3138 ascende
3640 3100 3667 3156 ξεν
3721 3084 3800 3138 ad

2191 3154 2430 3227 Moysen,
2461 3155 2612 3220 vade,
2639 3165 2689 3227 et
2713 3153 2955 3211 ascende.
2976 3185 3047 3196 —
3066 3154 3122 3209 4.
3148 3153 3513 3227 audiensque:
3544 3154 3799 3227 audiens.

2190 3258 2262 3269 —
2287 3224 2341 3281 8.
2379 3237 2586 3298 tergum
2620 3226 2827 3300 Moysi:
2877 3236 3177 3300 postergum
3207 3224 3396 3296 Moysi.
3423 3255 3503 3300 -Α
3532 3225 3621 3281 12.
3655 3229 3803 3282 mis.

2192 3314 2351 3354 surns
2370 3313 2430 3354 es
2446 3315 2459 3355 :
2474 3297 2734 3354 missurus
2753 3297 3014 3354 sise—15.
3034 3298 3224 3353 faciem
3259 3305 3435 3351 tuam:
3457 3297 3589 3350 viam
3616 3308 3801 3357 tuoin.

2195 3371 2387 3425 -15.
2415 3370 2735 3442 prmcedas:
2789 3370 3065 3442 prtccedes.
3117 3398 3210 3442 -χ
3235 3368 3322 3423 16.
3379 3370 3803 3442 διιᾼθῐηηίιηιεε

2192 3444 2247 3498 in
2274 3441 2529 3499 omnibus.
2556 3473 2627 3485 —
2660 3443 2744 3498 I9.
2778 3439 3012 3497 uocabo:
3067 3440 3305 3498 vocabor.
3342 3470 3416 3480 ——
3457 3439 3546 3495 2|.
3581 3441 3799 3509 inquit,

2194 3514 2463 3640 estblocus
2491 3514 2632 3586 apud
2664 3530 2771 3580 me,
2802 3525 2857 3570 et
2888 3514 3058 3568 stabis
3083 3530 3094 3566 :
3129 3512 3316 3582 inquit,
3347 3513 3491 3566 locus
3516 3512 3656 3583 apud
3684 3529 3800 3584 me,

2194 3594 2273 3640 sta
2309 3603 2373 3640 18.

2191 3585 2373 3643 stabis.

2736 3655 2965 3713 CAPUT
3003 3652 3247 3711 XXXIV.

2272 3772 2421 3829 Vers.
2450 3773 2502 3832 7.
2536 3773 2629 3844 qui
2657 3770 2866 3828 aufers:
2897 3772 2988 3843 qui
3012 3768 3516 3844 auferes.r--Ibid.
3543 3769 3635 3839 qui
3664 3770 3808 3826 red-

2193 3843 2277 3899 dis
2332 3842 2668 3911 iniquitatem
2717 3855 2960 3915 patrunt:
3011 3845 3112 3915 qui
3131 3842 3314 3915 reddes
3344 3842 3664 3909 iniquitatem
3698 3860 3809 3915 pa-

2193 3924 2329 3970 trum
2353 3933 2371 3971 :
2419 3917 2668 3989 (Additur
2697 3912 2958 3989 patrum.)
2984 3912 3056 3955 -?
3081 3912 3221 3970 Ibid.
3254 3917 3562 3989 progeniem
3590 3931 3604 3966 :
3631 3912 3809 3986 gene-

2192 3984 2465 4042 rationeni.
2494 4017 2566 4027 --
2594 3988 2646 4043 9.
2681 3999 2732 4042 et
2766 3984 3014 4040 auferas:
3048 3996 3107 4039 ut
3131 3984 3464 4056 auferas.’-—
3494 3984 3582 4040 10.
3616 3984 3812 4054 popu-

2195 4058 2277 4113 lus
2307 4060 2407 4113 iste
2433 4076 2448 4115 :
2499 4063 2735 4130 populus.
2765 4087 2836 4097 -—
2867 4059 2953 4111 11.
2987 4056 3235 4130 mandari
3268 4058 3400 4130 tibi:
3450 4057 3642 4130 mando
3674 4058 3805 4112 tibi.

2190 4160 2264 4171 —
2294 4130 2379 4185 16.
2412 4127 2678 4199 accipies:
2707 4129 2949 4200 accipias.
2978 4127 3216 4200 ——Iliid.
3251 4138 3305 4183 et
3333 4127 3470 4200 filios
3503 4146 3515 4181 :
3542 4129 3705 4199 ﬁlios.
3732 4160 3810 4171 --

2193 4202 2281 4257 18.
2312 4214 2517 4271 septeni
2536 4198 2781 4256 diebus:
2813 4198 3004 4270 septem
3036 4199 3258 4254 dierum.
3282 4229 3351 4243 -
3383 4198 3521 4255 Ibid.
3552 4201 3804 4270 praecepi

2193 4273 2293 4345 tibi
2325 4291 2337 4325 :
2364 4274 2604 4345 prwcepi.
2626 4302 2703 4345 7-W—
2735 4272 2824 4345 19.
2852 4271 3133 4345 masculini
3154 4271 3625 4345 :_ntasculi.—e27.
3655 4286 3801 4327 cum

2190 4340 2396 4400 Israel:
2430 4340 2545 4398 cuni
2577 4344 2699 4411 ﬁliis
2729 4340 3004 4415 Israel.-
3030 4343 3122 4415 28.
3155 4342 3257 4397 fuit
3281 4357 3414 4415 ergo
3440 4360 3455 4395 :
3485 4343 3605 4412 fecit
3637 4358 3799 4415 ergo.

2188 4446 2260 4458 —
2284 4417 2372 4472 51.
2403 4416 2613 4472 locutus
2638 4424 2721 4472 est
2750 4414 2817 4471 ad
2848 4429 2946 4470 eos
2976 4431 2989 4467 :
3021 4414 3223 4468 locutus
3250 4411 3321 4467 ad
3347 4429 3455 4468 eos.

2751 4524 2981 4582 CAPUT
3021 4523 3242 4582 XXXV.

2270 4621 2418 4677 Vers.
2581 4629 2637 4676 et
2679 4635 2853 4691 prono
2882 4639 2894 4672 ε
2952 4631 3000 4674 et
3028 4630 3286 4690 prompto.
3313 4650 3385 4661 —
3411 4617 3464 4675 6.
3496 4626 3550 4675 et
3582 4635 3825 4691 purpuo-

2114 4663 2163 4723 D
2373 4663 2875 4765 purpuram?
2892 4702 2965 4765 iet
2990 4663 3059 4746 ιιῖ
3077 4663 3396 4765 coniiciatur
3420 4708 3434 4765 ς
3462 4702 3510 4765 et
3537 4663 3811 4765 etin/icti;-

2188 4778 2294 4823 tur.
2322 4761 2395 4805 —-'
2428 4761 2513 4821 10.
2542 4765 2721 4821 veniat
2746 4781 2761 4819 :
2788 4764 2973 4818 veniet.
2998 4792 3068 4803 —
3093 4762 3180 4817 15.
3215 4761 3607 4833 propositionis
3635 4768 3811 4830 pani-

2189 4838 2329 4895 bns:
2386 4838 2671 4908 propositio
2726 4837 2895 4905 panis.
2922 4865 2994 4876 --
3027 4834 3113 4890 15.
3142 4836 3442 4908 ξινοιειιηις
3497 4835 3701 4908 oleum.
3733 4866 3817 4876 —

2193 4910 2280 4966 16.
2314 4906 2656 4976 ὺθδθςρίιιεε
2691 4908 2856 4965 basim
2883 4908 3017 4977 ejus.
3048 4935 3118 4946 -—
3148 4906 3239 4977 2i.
3269 4906 3614 4977 obtulerunt:
3646 4906 3819 4960 obtu-

2190 4980 2270 5038 lit.
2303 5011 2374 5022 —
2405 4973 2545 5034 Ibid;
2599 4981 2663 5032 ad
2717 4973 2920 5034 cultum
2948 4993 2963 5033 :
3011 4977 3067 5031 in
3104 4975 3322 5031 cultum.
3353 5006 3423 5015 —
3453 4973 3593 5029 Ibid.
3642 4988 3817 5037 erat:

2191 5054 2309 5107 erit.
2336 5051 2525 5106 ~25.
2558 5050 2788 5106 habebat
2819 5048 3166 5120 byacintltum
3208 5056 3266 5120 et
3305 5062 3644 5120 purpuram:
3698 5052 3817 5104 Iea-

2195 5124 2303 5179 buit
2329 5123 2688 5194 Ityacintltum,
2721 5118 3029 5194 purpuram.
3056 5149 3127 5194 τ
3154 5118 3245 5173 24.
3275 5120 3486 5190 argenti
3510 5119 3770 5194 terisque
3798 5140 3816 5179 :

2193 5188 2423 5267 argenti,
2455 5205 2504 5249 et
2539 5188 2683 5263 auri,
2710 5188 2759 5247 et
2790 5188 2931 5267 teris.
2957 5220 3026 5231 —
3050 5190 3142 5246 25.
3178 5188 3463 5267 neyerant:
3497 5188 3611 5262 (Ita
3640 5191 3823 5267 liabe-

2195 5262 2277 5322 bai
2308 5268 2527 5337 antiqua
2558 5262 2737 5333 lectio;
2763 5263 2920 5318 modo
2951 5262 3352 5337 superscribitur
3382 5262 3695 5337 noverant.)
3729 5296 3817 5307 -.

2194 5342 2285 5394 29.
2346 5332 2446 5407 per
2486 5354 2747 5396 manum;
2804 5352 2894 5404 per
2924 5332 3132 5389 manus.
3163 5363 3234 5372 -—
3272 5332 3763 5407 IbideCIIIICIIIIIIi
3801 5354 3817 5393 ε

2195 5405 2394 5465 Cunctis
2436 5410 2579 5481 filiis.
2622 5439 2705 5481 -γ
2737 5410 2826 5463 51.
2881 5407 3256 5481 ειψὶθιῃὶξγθι
3308 5405 3704 5481 intelligentia,
3755 5418 3825 5481 et

2194 5475 2447 5549 scientia,
2480 5491 2535 5535 et
2563 5480 2709 5535 (mini
2733 5519 2747 5545 ,
2780 5489 2887 5533 etc.
2912 5494 2927 5536 :
2950 5475 3245 5549 sapientite,
3276 5485 3323 5549 et
3349 5475 3598 5544 scientiis,
3629 5479 3816 5547 omni,

2191 5563 2290 5606 etc.
2319 5583 2391 5592 —
2421 5554 2509 5608 54.
2541 5549 2929 5606 Acbisameeb:
2964 5548 3337 5603 Macisameclt.

2742 5660 2972 5719 CAPUT
3010 5658 3254 5715 XXXVI.

2273 5759 2418 5815 Vers.
2440 5760 2484 5812 1.
2519 5758 2777 5830 ρι’ςξρθῃίι
2800 5758 3086 5830 Dominus:
3112 5755 3357 5825 prarcepit
3379 5752 3635 5830 Dominus
3657 5753 3819 5822 ﬁeri.

2192 5862 2261 5875 -—-
2290 5833 2347 5887 8.
2378 5827 2897 5901 opus—tabernaculi,
2926 5828 3187 5901 cortinas,
3220 5835 3327 5880 etc.
3344 5840 3360 5901 ς
3384 5827 3821 5901 _opus‘taberna-

2193 5903 2298 5960 culi
2333 5895 2537 5960 Domini
2564 5898 2661 5957 Dei
2686 5899 2875 5971 Israel,
2907 5899 3153 5966 cortinas,
3200 5905 3298 5953 etc.
3334 5895 3659 5968 (Adduntur,
3692 5899 3822 5954 Do-
