4074 6328
316 362 420 422 965

314 480 776 553 quemadmodum.
805 504 877 521 -ε
906 474 1044 553 Ibid.
1080 481 1339 553 israelitis
1363 480 1486 543 hac.
1514 488 1618 537 etc.
1654 499 1667 532 :
1702 479 1915 553 Israeti-
1943 477 1997 538 Α

312 551 375 609 tis
398 554 610 621 papulis
640 553 759 611 hac.
785 560 883 607 etc.
911 582 977 594 —
998 551 1026 606 l
1035 552 1139 606 bid.
1170 554 1363 607 vicerit
1394 571 1406 606 :
1439 551 1911 608 vinceret.—-Ibid.

310 634 364 682 et
390 625 567 693 ipsum
602 641 616 679 ε
650 625 804 678 etiam
835 626 1023 695 Ipsum.
1054 653 1124 667 —-
1165 624 1305 677 Ibid.
1343 634 1562 695 propter
1592 624 1695 678 hoc
1727 624 1868 691 quod
1896 638 1909 675 :

311 705 523 768 propter
562 695 722 766 quod.
758 694 961 750 -⁷11.
1008 696 1296 750 Dominum
1328 714 1341 749 :
1378 694 1561 751 Deum.
1594 725 1663 735 --
1695 696 1777 751 I6.
1815 695 1913 749 itao

309 783 416 838 que
445 786 460 823 :
485 768 622 839 jam.
656 798 726 807 —
755 768 841 820 I7.
873 768 1028 834 cujus
1055 776 1109 819 tu
1138 768 1391 820 virtutem
1423 783 1437 819 :
1471 770 1620 838 cujus
1648 769 1904 821 virtutem.

309 870 379 880 —
407 840 496 892 18.
522 837 616 892 tibi
642 852 657 892 :
687 836 865 892 (Deest
888 839 942 891 in
975 838 1205 892 cod.l—
1226 837 1365 892 Ibid.
1402 839 1681 892 uobiscum
1715 856 1726 891 :
1761 832 1904 892 (Non

307 870 379 880 —
407 838 496 895 I8.
522 838 616 893 tibi
642 852 657 893 :
687 838 865 910 (Deest
888 839 942 891 in
975 838 1205 907 cod.)-—
1226 838 1365 892 Ibid.
1402 839 1681 893 uobiscum
1715 856 1726 891 :
1761 838 1912 903 (Non

307 910 529 991 habetur
558 910 620 991 in.
639 910 883 991 cod.).—
916 909 1003 991 10.
1028 909 1183 991 Tunc
1209 910 1367 964 Ozias
1398 926 1409 965 :
1445 908 1600 991 Ozias
1630 918 1914 991 autem.f—

308 979 452 1036 Ibid.
480 982 528 1035 ei
550 998 564 1063 ς
601 980 620 1051 (
632 979 848 1063 θεαιρη
868 980 1010 1050 cod.)
1034 1011 1103 1021 —
1120 982 1212 1035 21.
1240 990 1579 1036 convocatus
1596 988 1683 1036 est
1702 982 1877 1035 omnis
1897 998 1909 1036 :

306 1061 623 1108 convocatus
658 1061 845 1106 omnis.
1216 1108 1220 1113 _

928 1120 1156 1179 CAPUT
1201 1123 1309 1178 \'II.

386 1213 539 1268 γεγε.
565 1212 621 1267 2.
652 1213 950 1282 iuventutis
977 1230 987 1264 :
1012 1216 1331 1285 juventutes.
1350 1215 1495 1270 -—'5.
1521 1214 1587 1269 ad
1612 1212 1908 1270 Clielmon:

308 1285 582 1339 Chelmon.
610 1312 683 1325 -—
708 1286 760 1341 Β.
795 1300 892 1352 per
920 1286 1078 1357 loca_:
1112 1300 1263 1357 super
1289 1286 1424 1340 loca.
1447 1313 1514 1326 ~—
1543 1286 1594 1349 6,
1629 1297 1683 1340 et
1710 1286 1871 1340 incidi
1896 1305 1909 1340 :

306 1357 491 1410 incidi.
523 1384 593 1397 -—
628 1357 684 1411 9.
710 1370 905 1423 aquam
936 1372 952 1411 :
985 1354 1244 1419 (Deest‘in
1268 1358 1420 1428 cod.)
1449 1388 1520 1399 —
1556 1358 1645 1413 I0.
1676 1358 1726 1412 in
1756 1372 1913 1428 mon-

307 1428 454 1482 tibus
488 1446 501 1482 :
545 1428 802 1481 civitatem
831 1428 1109 1481 montibus.
1150 1457 1220 1469 -
1256 1426 1406 1484 Ibid.
1440 1444 1622 1484 coram
1666 1427 1914 1483 satelliti-

304 1498 406 1555 bus
442 1517 455 1554 :
489 1514 668 1552 coram
705 1500 944 1552 omnibus
984 1498 1316 1554 satellitibus.
1344 1529 1413 1540 —
1443 1501 1528 1554 11.
1565 1499 1864 1554 Bethuliam
1894 1516 1907 1554 :

306 1570 360 1624 in
390 1569 715 1640 Bethuliam.
740 1599 813 1610 —
842 1568 984 1623 Ibid.
1018 1571 1232 1640 pupulis
1257 1588 1270 1625 :
1298 1572 1513 1640 populo.
1543 1600 1613 1612 ——
1643 1572 1731 1626 12.
1758 1572 1915 1640 juve-

306 1656 425 1704 nes,
451 1650 505 1697 et
528 1639 736 1713 parvuli
768 1659 778 1670 ·
803 1639 1038 1713 juvenes.
1071 1639 1237 1707 senes,
1263 1639 1315 1698 et
1339 1642 1566 1710 parvuli.
1591 1670 1660 1684 ——
1687 1639 1774 1698 16.
1804 1644 1909 1698 Do-

307 1710 578 1768 minutu:
624 1710 817 1766 Deum.
848 1741 919 1752 —
963 1710 1105 1768 Ibid.
1141 1714 1437 1767 viderimus
1471 1730 1485 1768 :
1522 1715 1808 1769 videamus.
1841 1743 1912 1756 --

306 1781 455 1839 Ibid.
483 1793 540 1839 et
570 1784 808 1856 infantes
837 1794 1055 1856 nostros
1084 1800 1099 1842 :
1134 1783 1357 1855 (Desunt
1382 1787 1435 1839 in
1460 1785 1607 1856 cod.)
1630 1814 1702 1826 -—
1730 1788 1817 1840 I7.
1851 1797 1913 1840 ut

1219 354 1618 420 VARIANTEs
1654 352 2062 418 LECTIONES.
2082 388 2152 402 -
2182 354 2387 417 ιιιιιιιι
2428 358 2722 421 ESTHER.

3519 365 3627 425 966

2651 477 2880 536 CAPUT
2918 478 3009 535 XI.

2100 570 2246 626 Vers.
2279 571 2331 626 5.
2367 571 2524 639 ejus:
2557 570 2716 637 (Non
2760 571 2980 626 habetur
3021 572 3074 626 in
3115 574 3256 643 cod.)
3279 604 3348 615 -—
3380 572 3518 628 Ibid.
3553 576 3621 630 nd

2016 642 2424 709 corruptionem
2456 660 2467 695 :
2493 644 2563 695 ad
2584 646 2974 698 correctionem.
2991 675 3060 684 —
3078 643 3131 697 8.
3150 642 3425 711 populum.
3445 648 3620 715 quod:

2016 716 2268 784 populum
2299 715 2453 767 istum
2481 715 2637 782 quod.
2658 716 2797 785 —:9.
2826 724 2915 768 ct:
2943 715 3119 785 (Deest
3142 717 3192 769 in
3217 718 3358 784 cod.)
3385 747 3452 758 —-
3477 717 3616 773 Ibid.

2018 786 2187 839 Deum
2220 804 2231 842 ε
2270 785 2571 839 Dominum.
2605 816 2673 825 —-
2704 784 2847 840 Ibid.
2879 784 3085 841 tremor
3113 796 3233 842 tuus
3270 806 3281 840 :
3315 804 3404 842 cor
3438 805 3617 843 eorum

2015 868 2298 911 mortuum.
2329 886 2400 897 —-
2431 859 2517 911 11.
2556 855 2797 925 Denique
2831 874 2846 909 :
2880 875 3021 911 naui.
3048 888 3122 897 —
3154 861 3240 913 12,
3288 871 3341 915 et
3390 870 3576 914 sancta
3603 876 3619 915 :

2015 935 2218 982 sancta.
2245 957 2313 968 --
2344 926 2482 981 Ibid.
2521 929 2610 981 Dei
2659 946 2670 980 :
2720 928 2869 997 (Non
2908 928 3125 983 habetur
3166 931 3219 983 in
3259 930 3497 998 cod.)-—-
3530 929 3617 985 M.

2020 997 2185 1051 Deum
2224 1014 2237 1049 :
2288 998 2583 1052 Dominum.
2620 1029 2691 1039 --
2724 1001 2807 1055 15.
2856 1000 3047 1055 reddat
3090 1015 3105 1054 ε
3148 1002 3348 1056 reddet.
3376 997 3445 1041 +
3478 1001 3620 1056 Ibid.

2015 1070 2165 1144 canis
2200 1087 2213 1123 :
2247 1069 2395 1144 (Non
2435 1069 2655 1144 habetur
2694 1070 2747 1124 in
2793 1070 2935 1139 cod.)
2961 1101 3030 1144 -έ
3062 1071 3149 1126 17.
3180 1072 3296 1129 lucc
3323 1074 3437 1144 ipsa
3471 1091 3485 1129 :
3522 1076 3618 1129 hoc

2014 1140 2205 1210 ipsum.
2231 1140 2301 1181 -ὲ-
2326 1141 2416 1198 20.
2454 1153 2509 1196 ιιι
2539 1157 2553 1196 :
2588 1140 2766 1211 (Deest
2794 1146 2847 1195 in
2874 1141 3018 1211 cod.)

2620 1253 2847 1311 CAPUT
2889 1255 3004 1311 XII.

2092 1347 2243 1403 Vers.
2270 1346 2450 1419 ‘2.Cui
2478 1346 2759 1419 respondit
2782 1348 2990 1411 Iudith,
3014 1359 3067 1404 et
3092 1350 3220 1403 dixit
3251 1368 3263 1404 :
3290 1351 3385 1405 Cui
3408 1366 3621 1419 respon-

2016 1419 2141 1473 dens
2166 1418 2351 1474 Iudith
2377 1460 2388 1477 .
2420 1419 2570 1472 dixit.
2602 1448 2674 1459 —-
2701 1418 2753 1473 6.
2798 1420 2863 1471 ad
2905 1420 3240 1475 adorandum
3283 1423 3449 1475 Deum
3490 1418 3505 1478 ξ
3548 1421 3620 1475 ad

2014 1492 2270 1563 orandum
2303 1490 2611 1563 Dominum.
2635 1520 2706 1530 —
2730 1490 2814 1563 10.
2843 1492 2905 1563 in
2924 1502 3116 1561 quarto
3141 1491 3228 1546 dic
3257 1512 3267 1544 :
3300 1503 3487 1563 quarto
3511 1494 3617 1547 die.

2014 1591 2088 1602 -
2109 1560 2255 1616 Ibid.
2286 1576 2442 1616 suum
2474 1580 2487 1615 :
2519 1560 2700 1630 (Deest
2726 1562 2780 1614 in
2811 1560 2957 1633 cod.)
2984 1592 3057 1603 —
3084 1564 3169 1617 12.
3202 1574 3259 1617 ιιι
3287 1560 3577 1620 manducet
3605 1582 3618 1618 :

2015 1642 2064 1688 et
2082 1634 2379 1688 manducet.
2405 1661 2479 1673 —-
2506 1633 2591 1687 19.
2625 1647 2810 1687 curam
2837 1633 2959 1702 ipso
2991 1652 3002 1687 :
3032 1634 3252 1709 (Desunt
3281 1637 3332 1689 in
3365 1635 3511 1704 cod.)

2613 1747 2843 1805 CAPUT
2884 1748 3025 1805 XIII.

304 1856 378 1933 sit
405 1871 421 1911 :
453 1866 501 1933 et
528 1856 615 1910 sit.
638 1854 819 1933 -—-_In9.
855 1840 1196 1933 iniquitatem
1231 1875 1243 1910 :
1277 1840 1787 1933 iniquitatesf—‘l-i.
1808 1857 1904 1913 da-

2094 1840 2246 1933 ιςξη,
2275 1841 2327 1895 9.
2363 1841 2507 1933 Petis
2536 1842 2587 1896 in
2622 1842 2740 1908 hac,
2763 1854 2877 1924 .elc.
2907 1860 2918 1895 :
2946 1842 3087 1896 Deus
3108 1840 3280 1933 Israel
3300 1843 3354 1897 in
3374 1842 3496 1908 hac,
3518 1851 3616 1933 etc.

302 1926 382 1982 bit
410 1926 569 1993 :‘dat.
598 1956 671 1967 -—-
692 1926 787 1982 25.
817 1930 1109 1982 transactis
1143 1944 1155 1979 :
1188 1926 1442 1983 transitis.

900 2037 1131 2096 CAPUT
1174 2038 1308 2097 VIII.

388 2132 811 2207 Versslsverba
843 2151 854 2184 :
888 2131 1142 2207 (Deestin
1170 2134 1320 2207 cod.)
1348 2164 1416 2174 -—
1440 2131 1587 2207 Ibid.
1620 2134 1909 2207 Rophnim,

306 2204 401 2258 ﬁlii
430 2202 666 2258 Achitnb
693 2222 704 2257 :
734 2202 997 2272 Raphoiut
1023 2202 1123 2273 ﬁlii
1151 2205 1389 2272 Achitob,
1416 2205 1518 2275 ﬁlii
1540 2206 1647 2261 Eli.
1685 2202 1743 2248 -Ᾰ-
1762 2208 1909 2262 Ibid.

306 2276 529 2347 Sinteon
559 2292 573 2329 .'
609 2275 891 2328 Simeonis.
918 2305 987 2314 —-
1013 2275 1070 2329 2.
1103 2276 1440 2347 hordeaceae,
1473 2275 1627 2346 (vers.
1657 2278 1711 2347 '5)
1741 2280 1904 2331 instar

304 2345 403 2401 bat
433 2364 449 2403 :
477 2346 779 2419 hordiaria’,
812 2346 998 2401 stabat.
1022 2346 1164 2400 —-4.
1198 2347 1316 2419 eius
1342 2366 1352 2399 :
1386 2345 1643 2419 (Deest_in
1675 2345 1910 2419 eod.)—

303 2418 380 2501 ?:_
404 2417 731 2501 copiosam:
764 2419 1004 2501 multam.
1034 2449 1105 2459 —
1133 2417 1444 2501 9.‘_Charmi
1486 2435 1498 2472 :
1543 2417 1911 2501 Charmin.‘—

304 2490 405 2562 I__3_.
429 2487 575 2562 diem
594 2507 616 2562 ι
642 2489 870 2562 a’ies._—
897 2489 982 2562 II.
1016 2488 1326 2562 est_:r(Non
1349 2488 1567 2545 habetur
1597 2492 1649 2543 in
1680 2492 1910 2562 cod.)—

301 2558 458 2614 Ibid.
506 2559 638 2615 fusis
677 2576 688 2612 :
731 2558 914 2629 (Deest
944 2560 995 2612 in
1027 2558 1283 2631 cod.)'——
1327 2562 1413 2616 15.
1447 2558 1906 2621 comminabitur:

301 2632 759 2686 condemnabitur.
792 2660 863 2671 -—
893 2632 980 2687 17.
1025 2632 1185 2688 I'nciat
1226 2632 1503 2687 nobiscum
1543 2635 1652 2688 cito
1692 2635 1901 2689 miseri-

304 2703 555 2758 cordiam
600 2718 750 2757 suam
799 2721 812 2756 :
864 2704 956 2769 ﬁat
995 2704 1261 2758 uobiscum
1301 2704 1657 2759 misericordia
1693 2722 1805 2760 sua.
1836 2735 1909 2747 —

300 2774 405 2830 20.
442 2770 745 2830 humiliabit
790 2792 801 2828 :
848 2774 1106 2829 humiliat.
1137 2806 1206 2814 —-
1238 2774 1331 2828 21.
1368 2791 1461 2829 vos
1506 2776 1636 2829 estis
1661 2795 1672 2829 :
1702 2794 1788 2831 vos
1819 2777 1910 2844 qui

305 2847 463 2900 estis.
494 2874 565 2886 -—
594 2844 735 2900 Ibid.
765 2855 816 2901 et
844 2860 909 2901 ex
941 2844 1093 2902 vobis
1125 2863 1138 2900 :
1174 2862 1239 2901 ex
1261 2845 1419 2901 vobis.
1446 2878 1512 2887 —-
1538 2843 1680 2902 Ibid.
1707 2848 1772 2903 ad
1795 2848 1910 2904 elo-

304 2918 499 2988 quium
529 2926 767 2972 vestrum
804 2935 815 2969 :
850 2917 1052 2986 eloquio
1083 2927 1268 2971 vestro.
1296 2948 1367 2959 —
1394 2919 1484 2975 24.
1516 2918 1909 2986 impatientiam

304 3003 472 3063 suam
503 2995 553 3043 et
586 2990 971 3063 imiprnperium
1005 3005 1017 3040 :
1058 2989 1360 3063 patientiam
1385 2991 1618 3063 suamin
1648 2989 1909 3063 impropef

304 3061 476 3114 rium.
505 3090 574 3101 —
611 3058 723 3131 27.7
747 3058 942 3125 quibus
981 3061 1132 3131 quasi
1176 3062 1316 3116 servi
1354 3061 1685 3131 enrriplmur
1717 3058 1733 3115 Ξ
1762 3058 1911 3131 quasi

303 3132 449 3185 servi
474 3133 561 3202 qui
591 3130 915 3203 corripimur.
1072 3128 1209 3185 Ibid.
1246 3140 1297 3186 et
1326 3146 1430 3203 non
1462 3148 1475 3185 :
1507 3128 1636 3186 non.
1666 3163 1735 3173 ——
1768 3128 1906 3203 Ibid.

304 3204 565 3275 evenisse
598 3220 609 3258 :
640 3202 851 3257 venisse.
884 3231 952 3243 -
988 3202 1076 3257 30.
1119 3204 1296 3275 quod;
1345 3202 1533 3274 (Deest
1576 3204 1627 3257 in
1670 3202 1813 3275 cod.)
1838 3235 1908 3244 —-

2013 1943 2083 1953 --
2115 1914 2202 1968 II.
2236 1913 2589 1984 presbyteros
2634 1929 2647 1966 :
2692 1914 2968 1984 principes.
3003 1944 3072 1952 —
3103 1915 3190 1969 15.
3220 1925 3615 1968 oet-urrcrunt:

2014 1995 2412 2038 concurrerunt.
2436 2013 2509 2025 —
2531 1983 2673 2039 Ibid.
2699 1983 2992 2052 sperabant
3020 2003 3030 2036 :
3055 1995 3406 2053 speraverant.
3436 2015 3505 2025 -—
3530 1986 3620 2038 16.

2013 2065 2450 2125 cnugyraverunt
2492 2073 2505 2107 :
2545 2066 3007 2125 congregaverant.
3038 2086 3111 2096 --
3139 2057 3225 2111 18.
3261 2056 3613 2121 ndimplevit:

2013 2126 2261 2193 implevit.
2285 2155 2357 2166 —
2382 2127 2469 2181 19.
2498 2135 2551 2179 et
2582 2141 2709 2182 ecce
2740 2142 2756 2183 :
2790 2142 2923 2180 ecce.
2946 2156 3017 2165 ——-
3040 2126 3176 2181 Ibid.
3210 2127 3299 2182 ubi
3337 2146 3349 2181 :
3379 2128 3521 2181 obiit.
3553 2156 3619 2167 —-

2012 2196 2103 2250 20.
2148 2206 2574 2252 commoventem
2623 2216 2635 2250 :
2680 2207 2984 2251 morantem.
3019 2228 3087 2239 --
3112 2199 3206 2253 21.
3237 2199 3618 2253 conﬁtemini:

2012 2268 2376 2335 conﬁteantur.
2422 2297 2489 2308 ——
2530 2267 2620 2321 21.
2669 2269 2886 2322 vulnera
2935 2287 2946 2321 :
2990 2269 3216 2324 vulnere.
3260 2300 3331 2310 —
3369 2270 3459 2323 25.
3504 2270 3621 2327 ita:

2013 2337 2194 2406 (Deest
2224 2340 2279 2393 in
2305 2340 2447 2403 cod.)
2472 2369 2542 2379 -—
2571 2338 2714 2392 Ibid.
2747 2339 2959 2393 Domini
2990 2358 3002 2393 :
3035 2352 3153 2394 tuae.
3180 2340 3355 2393 -27.
3390 2339 3615 2398 Iudith:

2012 2408 2193 2481 (Deest
2220 2411 2272 2463 in
2303 2409 2448 2481 cod.)
2471 2442 2541 2451 —
2567 2408 2709 2481 Ibid.
2746 2422 2797 2463 tu
2831 2427 2845 2462 :
2877 2410 3026 2481 (Non
3052 2412 3273 2465 habetur
3302 2413 3355 2464 in
3384 2413 3525 2479 cod.)
3548 2442 3617 2450 —-

2014 2478 2155 2534 Ibid.
2173 2496 2259 2536 se:
2283 2478 2463 2543 (Deest
2487 2482 2538 2534 in
2562 2478 2894 2550 εοιΙ.)-28ζ
2919 2483 2983 2535 Ει
3008 2495 3059 2534 ιιι
3087 2484 3310 2550 probes:
3337 2491 3391 2536 ut
3414 2483 3617 2547 probes.

2012 2582 2083 2593 —
2109 2552 2197 2606 51.
2233 2566 2260 2605 a
2292 2552 2401 2606 Deo
2427 2562 2514 2623 tuo
2545 2569 2558 2605 :
2594 2551 2698 2605 Deo
2730 2560 2839 2623 tuo.
2880 2583 2950 2592 —
2990 2550 3613 2623 Ibidsmagnilicnbitur

2014 2638 2180 2691 super
2220 2630 2271 2679 te
2312 2623 2453 2681 Deus
2490 2621 2656 2679 Israel
2695 2640 2708 2677 :
2743 2621 3101 2696 Magniﬁcabit
3134 2618 3301 2679 Deum
3330 2618 3499 2681 Israel
3524 2642 3615 2679 su-

2015 2712 2108 2765 per
2137 2702 2204 2750 te.

2619 2762 2851 2822 CAPUT
2878 2762 3020 2821 XIV.

2094 2860 2242 2918 Vere.
2285 2861 2339 2915 8.
2382 2859 2695 2917 Iiolut‘crnis
2726 2879 2735 2914 :
2770 2861 2947 2931 (Deest
2974 2862 3027 2915 in
3050 2859 3195 2931 cod.)
3229 2890 3302 2901 --
3338 2862 3390 2916 9.
3426 2877 3615 2930 egros-

2013 2947 2134 2987 sum
2165 2950 2179 2990 :
2209 2933 2521 3002 ingressum.
2549 2962 2619 2972 —
2648 2933 2733 2986 II.
2762 2933 2905 3000 regis
2930 2949 2945 2989 :
2973 2933 3121 2998 (Non
3151 2933 3364 2988 habetur
3392 2934 3447 2991 in
3469 2931 3619 3003 cod.)

2012 3033 2083 3043 -—
2116 3004 2201 3057 12.
2238 3019 2338 3057 nos
2367 3004 2432 3056 ad
2464 3022 2477 3058 :
2512 3003 2747 3075 (Desunt
2776 3004 2830 3057 in
2858 3004 3006 3071 cod.)
3042 3035 3114 3044 —
3155 3004 3242 3058 14.
3274 3004 3610 3075 vidensque:

2012 3075 2139 3129 vidit
2155 3075 2363 3147 jacens.
2394 3104 2466 3115 —-
2498 3074 2584 3129 16.
2615 3084 2668 3130 et
2696 3074 2829 3129 dixit
2866 3094 2879 3131 :
2912 3085 2959 3129 et
2984 3076 3079 3131 ait.

2629 3187 2862 3247 CAPUT
2900 3188 3020 3245 XV.

884 3290 897 3327 :
935 3250 1627 3354 ςοῇἶιὸδῖᾗῇἶί-ἶ-ὅῖῖῗιιιηί
1651 3250 1829 3346 (ὗῖέέι
1855 3275 1910 3329 in
1936 3250 1985 3314 α
2100 3279 2250 3354 γεγε.
2273 3282 2329 3337 2.
2357 3280 2719 3354 festinabant:
2747 3283 2765 3354 (
2776 3281 2893 3336 Non
2917 3262 3131 3337 habetur
3152 3284 3203 3337 in
3226 3283 3373 3353 cod.)
3390 3314 3460 3327 --
3478 3281 3619 3340 Ibid.

306 3346 467 3418 cod.)
499 3377 569 3386 —
598 3348 687 3402 54.
721 3354 775 3401 ct
803 3346 1063 3400 Dominus
1093 3361 1108 3398 ε
1144 3346 1300 3400 Deus.

938 3456 1171 3515 CAPUT
1210 3457 1302 3516 IX.

402 3552 548 3609 Vers.
583 3554 635 3607 I.
680 3552 1100 3609 ascendentibus
1141 3570 1154 3607 :
1194 3554 1610 3608 abscedentibus.
1648 3584 1719 3597 --
1770 3555 1911 3609 Ibid.

303 3625 585 3698 clamabat
618 3640 631 3681 :
661 3624 1022 3698 admoniti-:-
1045 3628 1110 3698 8.Δ
1129 3639 1225 3698 eos
1250 3641 1262 3679 :
1288 3626 1437 3695 (Non
1462 3627 1674 3680 habetur
1694 3629 1747 3681 in
1770 3629 1917 3698 eod.)

303 3725 394 3739 —-
416 3697 468 3751 9.
503 3697 636 3752 etin
670 3698 837 3751 scutis
868 3711 883 3750 ι
918 3694 1065 3767 (Nec
1091 3694 1310 3750 habetur
1329 3700 1385 3751 in
1414 3700 1561 3767 cod.)
1590 3728 1661 3738 -—
1692 3699 1777 3753 11.
1815 3694 1915 3752 nn;-

304 3768 486 3825 minis
517 3783 532 3826 ε
565 3768 796 3823 honoris.
830 3797 900 3808 —-
929 3769 1014 3822 15.
1042 3767 1236 3835 laqueo
1265 3785 1278 3822 :
1308 3770 1503 3839 gladio.
1523 3800 1594 3811 ——-
1619 3770 1705 3824 14.
1740 3771 1917 3825 virtu-

306 3851 461 3901 tem.
506 3850 596 3905 ut,
637 3848 744 3895 etc.
790 3858 801 3893 :
842 3841 1087 3910 virtutem
1118 3840 1263 3910 ejus,
1303 3850 1389 3903 ut,
1432 3852 1528 3895 etc.
1554 3872 1623 3881 —
1652 3843 1737 3896 15.
1773 3842 1913 3895 hoc:

302 3910 462 3981 (Nec
489 3910 706 3965 habetur
734 3910 787 3962 in
817 3910 963 3979 cod.)
988 3940 1041 3955 ι·-
1060 3908 1200 3964 Ibid.
1228 3911 1488 3979 dejecerit
1520 3929 1535 3967 :
1564 3913 1823 3983 abjeeerit.
1847 3942 1918 3954 —

309 3984 414 4039 16.
447 3989 537 4037 tua
565 3994 644 4035 est
668 4020 682 4047 ,
716 3998 815 4035 nec
836 4020 851 4046 ,
883 3991 988 4036 etc.
1021 3999 1033 4035 :
1065 3993 1155 4036 tua
1177 4024 1190 4045 ,
1220 3998 1343 4046 nec,
1374 3993 1472 4037 etc.
1503 4013 1573 4025 -—
1605 3986 1693 4038 17.
1718 3984 1915 4039 exaudi

305 4069 410 4110 me
435 4056 683 4109 miseram
716 4072 729 4105 :
756 4055 948 4107 exaudi
980 4054 1239 4107 miseram.
1271 4084 1343 4093 —
1370 4055 1456 4108 18.
1490 4055 1921 4114 sanctiﬁcatione

306 4136 411 4182 tua
443 4135 755 4197 permaneat
784 4143 795 4178 :
830 4124 1244 4194 sanctiﬁcatione
1274 4138 1592 4195 permaneat.

953 4234 1181 4293 CAPUT
1220 4236 1290 4292 Χ.

400 4328 546 4404 Vers.
585 4331 633 4385 I.
666 4330 718 4384 in
747 4349 758 4385 :
790 4329 969 4398 (Deest
995 4332 1047 4383 in
1074 4330 1216 4401 cod.)
1236 4363 1309 4371 —
1329 4333 1382 4388 5.
1412 4344 1592 4404 myrto
1618 4352 1631 4389 :
1658 4334 1923 4389 mino.—

307 4403 466 4462 Ibid.
490 4418 663 4477 (snper
688 4414 849 4477 caput
886 4416 1040 4477 suum
1078 4421 1090 4456 :
1124 4405 1283 4477 cupiti
1308 4420 1423 4459 suo.
1454 4403 1523 4445 -ὲ-
1550 4408 1603 4477 5.
1630 4420 1918 4477 ascopam:

302 4474 605 4539 ascanium.
630 4471 866 4546 -ᾸΙὺίιμ
895 4473 1101 4546 Iupates
1134 4493 1147 4529 :
1176 4471 1403 4546 palatus.
1430 4507 1501 4517 —
1528 4476 1581 4534 6.
1609 4471 1921 4537 venissent:

303 4548 561 4602 venisset.
593 4575 664 4586 —
691 4542 746 4605 8.
776 4561 916 4606 cum.
952 4542 1279 4601 dimiserunt
1311 4565 1321 4599 :
1353 4565 1485 4614 eam,
1516 4557 1563 4601 et
1592 4550 1918 4604 dimiserunt.

302 4648 393 4659 ——
416 4616 672 4707 ῼλοηιιιιιε
700 4614 920 4707 :(Dees‘t
945 4617 996 4707 ip
1021 4615 1411 4707 ςοά..)--1ιτξ‹1.
1449 4621 1560 4707 Iiut,
1591 4619 1707 4674 (int:
1733 4621 1916 4676 Amen.
1950 4647 1999 4707 υ

302 4691 508 4744 -10.
538 4704 631 4755 per
665 4705 680 4743 :
714 4685 863 4754 (Non
886 4685 1103 4759 habetur
1132 4685 1183 4743 in
1210 4689 1354 4759 cod.)
1388 4720 1455 4731 --
1485 4690 1567 4745 11.
1600 4700 1687 4744 aut
1717 4706 1730 4743 :
1762 4700 1916 4745 et.—

312 4762 413 4815 I5.
444 4759 629 4815 [aciem
673 4778 686 4814 :
728 4762 910 4814 aciem.
951 4789 1022 4799 —
1056 4758 1194 4814 Ibid.
1237 4773 1445 4816 secreta
1494 4779 1504 4815 :
1550 4772 1819 4816 secretum.
1846 4788 1919 4806 -ο

302 4830 465 4904 Ibid.
498 4830 893 4904 ostendamilli
914 4848 1019 4902 quo
1048 4829 1232 4904 auditu
1257 4874 1270 4897 ,
1301 4842 1408 4904 etc.
1442 4850 1456 4888 :
1508 4833 1773 4888 ostendam
1814 4851 1917 4904 quo

302 4902 524 4970 audito,
548 4902 831 4957 cla—IL
863 4901 938 4957 illi
973 4922 983 4955 :
1014 4901 1191 4971 (Deest
1215 4904 1266 4957 in
1289 4903 1434 4973 cod.)
1462 4905 1544 4959 18.
1571 4901 1916 4962 contemnat:

304 4976 619 5031 contemnit.
653 5004 724 5015 ——
751 4973 843 5030 20.
876 4975 1225 5031 elevaverunt
1253 4994 1265 5029 :
1299 4978 1613 5033 levaverunt.

2020 3352 2327 3426 audierant,
2365 3353 2633 3425 fugientes
2665 3372 2679 3407 :
2712 3352 3016 3426 audierant,
3048 3366 3384 3416 conarentur.
3416 3358 3622 3426 fugien-

2019 3434 2113 3479 tes.
2156 3454 2229 3465 ——
2269 3424 2673 3479 Ibidfcollium
2707 3441 2720 3484 ;
2757 3425 2993 3480 vallium.
3036 3457 3109 3467 --
3149 3428 3202 3481 ὅ.
3230 3424 3424 3483 secuti
3448 3438 3571 3482 sunt
3602 3447 3616 3483 :

2020 3494 2243 3567 (Desunt
2274 3498 2326 3549 in
2354 3496 2499 3565 cod.)
2529 3524 2600 3536 --
2634 3494 2775 3550 Ibid.
2805 3498 3321 3559 Descenderuntque
3357 3517 3367 3550 :
3402 3500 3616 3553 descen-

2018 3567 2229 3620 derunt.
2258 3594 2331 3608 --
2356 3569 2410 3622 4.
2454 3568 2675 3635 suntne
2717 3577 3108 3638 persequentes
3138 3584 3152 3622 :
3182 3569 3261 3635 (Ν
3269 3586 3332 3622 on
3364 3569 3619 3623 habentur

2019 3640 2074 3691 in
2099 3637 2241 3707 cod.)
2271 3667 2343 3679 -—-
2367 3639 2421 3693 5.
2454 3638 2638 3708 itaque
2666 3657 2681 3693 τ
2709 3637 2930 3710 quoque.
2960 3669 3028 3679 --
3055 3641 3106 3693 ‘I.
3140 3642 3379 3710 «iniustuti
3416 3657 3429 3697 :
3461 3640 3622 3696 hone-

2018 3710 2157 3761 stati.
2185 3738 2257 3750 --
2283 3711 2339 3765 8.
2372 3710 2553 3764 omnia
2586 3725 2705 3778 qtuc
2737 3728 2749 3761 :
2782 3726 3017 3781 quicque.
3052 3740 3123 3751 -—-
3155 3709 3293 3764 Ibid.
3329 3720 3383 3767 et
3404 3711 3620 3779 jumen-

2021 3781 2090 3835 tis
2128 3789 2181 3833 et
2218 3781 2488 3837 universis
2516 3800 2527 3833 :
2560 3782 2613 3834 in
2630 3782 2885 3852 jumentis
2914 3792 2962 3837 et
2991 3784 3043 3835 in
3070 3783 3338 3836 universis.
3364 3811 3436 3821 —
3474 3782 3615 3839 Ibid.

2021 3852 2314 3906 maximum
2345 3870 2359 3907 :
2393 3850 2657 3923 magnum.
2687 3880 2758 3891 ——
2784 3850 2839 3906 9.
2872 3854 2988 3907 suis
3018 3870 3030 3905 :
3061 3853 3240 3926 (Deest
3264 3854 3318 3907 in
3346 3854 3490 3925 cod.)

2612 3962 2845 4021 CAPUT
2883 3963 3024 4021 XVI.

2101 4057 2249 4114 Vers.
2272 4059 2328 4113 2.
2356 4059 2433 4113 illi
2464 4079 2477 4112 :
2508 4058 2661 4128 (Non
2691 4059 2908 4113 habetur
2940 4061 2993 4114 in
3019 4060 3162 4120 cod.)
3189 4088 3259 4100 --
3284 4058 3338 4112 5.
3369 4076 3433 4114 ex
3467 4074 3621 4115 mon-

2023 4132 2167 4186 tibus
2202 4148 2215 4183 :
2249 4148 2342 4186 rex
2370 4147 2401 4183 a
2424 4130 2701 4185 montibus.
2736 4160 2802 4171 --
2840 4130 2893 4187 8.
2920 4131 3170 4191 disstvlvit
3202 4147 3216 4187 :
3247 4132 3519 4200 disperdit.
3548 4160 3619 4172 —

2022 4203 2073 4259 9.
2107 4202 2433 4258 vestimento
2464 4220 2477 4255 :
2510 4203 2825 4257 vestimenta.
2856 4232 2927 4243 —-
2955 4202 3095 4256 Ibid.
3126 4204 3454 4258 vestimento
3486 4219 3500 4261 :
3530 4219 3619 4257 ve-

2022 4274 2281 4328 stimenta.
2306 4303 2379 4315 --
2404 4274 2491 4331 I0.
2522 4282 2579 4329 ιιι
2607 4274 2880 4337 colligavit
2916 4291 2927 4325 :
2957 4274 3246 4340 colligavit.
3269 4303 3341 4315 -—-
3362 4272 3504 4329 Ibid.
3532 4289 3625 4329 ac-

2022 4346 2167 4415 cepit
2195 4345 2392 4401 stolnm
2424 4360 2618 4400 novam
2651 4344 2845 4411 :(Non
2869 4345 3126 4399 habentur
3148 4347 3202 4398 in
3228 4346 3372 4411 cod.)
3416 4375 3487 4385 ——
3531 4347 3618 4402 14.

2024 4420 2169 4472 enim
2205 4432 2219 4471 :
2255 4415 2402 4487 (Non
2428 4417 2640 4471 habetur
2666 4418 2725 4487 in
2744 4416 2887 4486 cod.)
2921 4447 2989 4456 —-
3017 4416 3156 4470 Ibid.
3189 4418 3279 4473 Dei
3314 4434 3327 4472 :
3369 4417 3509 4487 (Nec
3544 4426 3621 4473 est

2024 4487 2077 4541 in
2100 4488 2248 4555 cod.)
2277 4518 2345 4527 ——
2382 4490 2469 4541 l5.
2505 4488 2616 4542 Deo
2647 4504 2661 4545 :
2696 4486 2918 4541 Domino
2944 4505 2962 4541 :
2988 4517 3059 4530 —-
3086 4490 3169 4541 I6.
3202 4500 3291 4542 tua
3319 4505 3334 4543 :
3360 4487 3540 4549 (Deest
3565 4491 3621 4543 iu

2026 4559 2171 4629 cod.)
2191 4559 2373 4612 -22.
2412 4557 2478 4612 Et
2507 4559 2713 4629 factum
2743 4569 2825 4629 est
2853 4573 2868 4613 :
2899 4563 3097 4626 factum
3124 4568 3220 4611 est.
3243 4588 3314 4598 —
3334 4558 3424 4612 25.
3453 4574 3584 4629 Vasa
3604 4574 3623 4613 :

2027 4628 2208 4696 (Deest
2232 4630 2283 4681 in
2306 4629 2448 4693 cod.)
2472 4659 2541 4669 —
2562 4628 2705 4682 Ibid.
2728 4628 2796 4683 de
2824 4630 2985 4683 cubili
3016 4632 3185 4693 ipsius
3213 4629 3444 4683 obtulit:
3470 4628 3621 4699 (Non

2025 4700 2275 4753 habentur
2314 4700 2369 4752 in
2408 4700 2552 4769 cod.)
2587 4729 2657 4739 —
2694 4700 2783 4753 26.
2816 4700 2998 4753 virtuti
3030 4702 3254 4756 castitas
3290 4718 3301 4753 :
3336 4700 3495 4753 virtus
3525 4716 3619 4753 ca-

2023 4771 2237 4824 stitatis.
2268 4798 2339 4809 --
2370 4771 2460 4826 51.
2492 4768 2798 4826 festivitatis
2827 4790 2837 4823 :
2874 4771 3224 4841 festivitatem.
3257 4799 3329 4811 ——
3356 4768 3498 4824 Ibid.
3531 4786 3622 4826 ac-

2023 4842 2070 4897 ci
2078 4843 2218 4910 pitur
2250 4859 2264 4897 :
2292 4842 2510 4914 accepit.

2064 4974 2129 5031 In
2156 4976 2454 5052 Exemplari
2477 4978 2694 5034 Gothico
2717 4980 2948 5051 sequitur
2972 4981 3109 5036 liber
3130 4980 3581 5038 Macbabtvorum.

1518 5194 1867 5279 LIBER
1917 5194 2420 5283 ESTHER.

301 5334 638 5408 Hieronymi
669 5337 722 5391 in
748 5335 949 5391 librum
983 5336 1179 5393 Esther
1206 5335 1474 5401 prwfatio.
1500 5335 1678 5410 (Deest
1701 5337 1753 5391 in
1773 5336 1919 5409 cod.)

963 5447 1195 5507 CAPUT
1232 5450 1277 5507 Ι.

407 5539 551 5595 Vers.
584 5542 635 5613 1.
673 5541 872 5611 Viginti
912 5550 1121 5611 septem
1156 5559 1172 5596 :
1207 5543 1390 5613 viginti
1431 5550 1478 5598 et
1514 5548 1727 5613 septem.
1759 5570 1828 5582 --
1856 5541 1912 5596 2.

307 5614 543 5685 Busan:
575 5612 823 5685 Susa.r—
855 5615 908 5667 5.
936 5613 1187 5685 inclytis:
1224 5612 1400 5683 (Deest
1422 5616 1475 5667 in
1497 5612 1582 5685 ϐ.)
1615 5616 1670 5669 1.
1694 5613 1912 5685 gloriae:

310 5681 473 5754 (Non
504 5683 767 5756 habetur.)
795 5714 863 5724 —
890 5686 943 5740 5.
977 5681 1148 5740 Susan
1181 5701 1194 5739 :
1226 5681 1397 5741 Susis.
1426 5715 1499 5725 -—
1532 5681 1586 5741 6.
1616 5681 1745 5740 terei
1780 5703 1792 5738 :
1825 5699 1915 5739 ae-

308 5756 417 5810 rei.
442 5784 514 5795 --
537 5754 679 5809 Ibid.
709 5754 1031 5825 et’argentei
1076 5772 1240 5823 super
1266 5774 1278 5812 :
1311 5772 1466 5827 super
1495 5758 1743 5830 argentei.
1766 5785 1840 5797 —
1859 5757 1911 5810 7.

310 5833 477 5857 ,ιι-«ηις
506 5842 520 5855 ο
564 5826 767 5857 [κω--..ο
836 5856 859 5857 ,,
902 5828 933 5857 ο
983 5826 1263 5857 abnuat-..-
1298 5843 1311 5857 ο
1348 5837 1389 5857 ..ι
1416 5829 1690 5857 ..ιηκιιιιηη
1790 5856 1799 5857 ,
1826 5827 1894 5857 sn

309 5833 480 5883 erant
506 5842 522 5882 :
561 5826 788 5898 fuerant.
810 5856 881 5868 --
900 5828 956 5884 8.
982 5826 1266 5910 abundans
1298 5843 1312 5882 ε
1344 5826 1389 5883 et
1414 5826 1711 5883 abundans.
1732 5856 1803 5871 -ι
1826 5827 1916 5885 10.

310 5898 557 5957 Bazatha
595 5914 606 5954 :
638 5896 924 5955 Bazathau.
949 5924 1019 5939 --·
1046 5896 1185 5955 Ibid.
1221 5897 1441 5957 Zethar.
1470 5897 1693 5959 Zarath.
1727 5928 1795 5942 -
1831 5899 1918 5957 11.

2031 5346 2089 5393 ιιι
2117 5338 2437 5394 ostenderet
2467 5356 2478 5393 :
2510 5347 2559 5395 et
2588 5341 2897 5396 ostenderet.
2933 5372 3001 5381 —-
3036 5340 3125 5398 11.
3158 5340 3401 5398 Marsnna
3430 5342 3443 5396 Ξ
3475 5341 3624 5401 Mar-

2030 5423 2177 5484 sena.
2200 5442 2271 5451 —
2298 5410 2381 5484 16.
2419 5410 2600 5484 Ιωειιῄτ
2631 5412 2958 5484 contempsit.
2983 5443 3055 5453 —-
3074 5415 3160 5469 i8.
3189 5416 3576 5484 parvipendent
3604 5434 3620 5477 :

2027 5481 2430 5560 parvlpendant.
2453 5482 2639 5560 —-_I9.
2754 5498 2768 5541 :
2803 5482 2866 5560 Et
2896 5485 2959 5540 si.
3000 5516 3071 5525 —
3112 5483 3249 5541 Ibid.
3281 5481 3371 5543 illi!
3400 5505 3413 5542 :
3446 5487 3624 5560 (Deest

2028 5553 2080 5606 in
2103 5551 2246 5626 cod.)
2276 5582 2346 5593 --
2372 5554 2463 5615 2i.
2496 5553 2616 5627 ejus
2650 5571 2663 5609 :
2696 5555 2858 5610 istud.

2652 5668 2882 5725 CAPUT
2921 5668 2989 5724 II.

2104 5756 2252 5814 Vers.
2286 5761 2341 5820 5.
2376 5760 2646 5817 adducant
2677 5777 2768 5816 cas
2798 5760 2864 5816 ad
2896 5761 3174 5820 civitatem
3210 5764 3382 5823 Susan
3412 5784 3425 5823 :
3457 5766 3627 5822 addu-

2027 5838 2144 5884 cant
2170 5830 2239 5885 ad
2266 5833 2525 5888 civitatem
2557 5833 2729 5889 Susis.
2761 5862 2832 5873 —
2854 5831 2991 5887 Ibid.
3022 5834 3232 5891 tradant
3265 5854 3360 5895 eas
3382 5838 3434 5893 in
3467 5855 3480 5894 :
3516 5846 3623 5892 tra-

2030 5900 2155 5957 dant
2179 5901 2251 5958 in.
2286 5931 2356 5944 --
2382 5901 2436 5960 7.
2472 5902 2677 5961 Edissto
2711 5922 2725 5962 :
2762 5902 2993 5961 Edesste.
3025 5935 3097 5947 —-
3127 5904 3267 5964 Ibid.
3301 5918 3451 5981 patre
3484 5927 3497 5963 ι
3533 5925 3628 5980 ραι
