4074 6328
253 341 388 400 1011

750 339 1148 399 VARIANTES
1185 337 2140 398 LECTlONES.—EVANGELIUM
2179 336 2552 396 SECUNDUM
2591 336 3028 395 MATTl-IIEUM.

3393 335 3534 394 1042

936 590 1490 677 CODICUM
1541 592 1983 677 DIVINIE
2035 590 2843 675 BIBLIOTHECIE

703 773 956 918 VA
977 771 1822 919 RIANTES
1918 767 2788 918 LECTION
2798 765 3078 915 ES.

1459 1022 1920 1033 __-—.——.

1924 1019 2371 1034 I———__—-.

1250 1172 1658 1282 PARS
1788 1172 2568 1314 SECUNDA,

922 1401 1375 1458 COMPLECTENS
1418 1398 1780 1453 VARIANTES
1826 1396 2178 1452 LECTIONES
2224 1396 2382 1450 NOVI
2425 1396 2852 1450 TESTAMENTI.

663 1561 1041 1644 Hieronymi
1068 1567 1137 1626 in
1168 1559 1619 1640 Evangelistas
1648 1557 1730 1620 ad
1759 1556 2097 1617 Damasum
2124 1553 2415 1634 prwfatio
2449 1575 2470 1616 :
2501 1553 2752 1616 Novum
2787 1569 2976 1633 Opus,
3016 1557 3136 1616 etc.

1407 1686 1499 1768 (Ν
1503 1703 1585 1748 οη
1611 1684 1874 1746 habetur
1899 1682 1970 1746 in
1991 1681 2142 1746 Cod.
2167 1679 2381 1761 Goth.)

313 1972 835 2049 SANCTUM
907 1977 996 2048 J.
1073 1979 1168 2049 C.
1250 1968 1974 2049 EVANGELIUM
2046 1964 2639 2039 SECUNDUM
2719 1963 3433 2038 ΜΑΤΤΗᾹΞΠΜ.

319 2132 629 2204 Hieronymi
667 2132 908 2204 praefatio
957 2148 1021 2186 ex
1064 2132 1326 2204 prommio
1345 2124 1845 2204 Commentariorum
1871 2123 1927 2182 Α
1952 2120 2176 2204 inducas
2218 2136 2326 2204 sne
2359 2119 2722 2204 inducas/ros.
2754 2148 2833 2204 -Δ
2855 2118 2996 2202 Ibid.
3024 2121 3204 2204 Amen
3221 2119 3463 2204 (“Deest

239 2222 372 2274 quos
397 2195 598 2276 scrip'sit
626 2195 681 2276 in
717 2195 1020 2276 blatthazum
1043 2195 1075 2257 ε’
1090 2204 1281 2276 Plures
1305 2202 1673 2276 fuisseretcz:
1700 2195 1843 2276 (Ila-

242 2266 392 2331 betur
439 2266 653 2330 in'cod.
711 2273 914 2342 Goth.)
961 2304 1031 2316 --
1081 2275 1433 2345 Hieronymus
1494 2271 1548 2324 in
1593 2266 1847 2345 Catalogo

245 2349 579 2416 Scriptorum
615 2336 1081 2403 ecclesiasticorum
1111 2363 1130 2402 :
1165 2336 1478 2410 Matﬂxaeus,
1512 2351 1609 2397 etc.
1644 2355 1664 2394 :
1697 2336 1844 2410 (Non

253 2418 516 2490 habetur.)

891 2489 1120 2545 CAPUT
1151 2489 1194 2545 1.

336 2581 482 2638 Vers.
511 2583 566 2638 5.
609 2581 798 2637 Zaram
827 2600 839 2636 :
870 2581 1030 2636 Zara.
1059 2612 1130 2623 —
1153 2582 1207 2638 5.
1239 2580 1390 2635 Raab
1420 2598 1432 2634 :
1467 2576 1663 2632 Racab.
1694 2606 1764 2616 -—
1791 2575 1844 2630 6.

248 2654 418 2728 David
450 2665 628 2728 autem
659 2670 814 2728 rex_:
862 2654 1024 2728 David
1054 2671 1281 2728 rex._—-
1326 2653 1419 2728 1⁵].
1448 2653 1628 2720 itaque
1658 2667 1669 2700 :
1701 2664 1842 2728 ergo.

245 2757 319 2765 —
362 2724 502 2780 Ibid.
549 2727 617 2780 ab
665 2745 676 2780 :
725 2724 906 2796 (Deest
960 2727 1012 2780 in
1057 2724 1201 2796 cod.)
1239 2755 1310 2765 -—
1356 2724 1446 2778 20.
1497 2720 1748 2796 apparuit
1791 2720 1845 2772 in

245 2799 456 2854 somnis
503 2815 517 2852 :
568 2799 621 2852 in
657 2792 851 2853 somnis
889 2801 1153 2870 apparuit.
1185 2792 1257 2838 '—
1299 2796 1391 2853 25.
1424 2792 1788 2865 cognoscebat
1831 2809 1844 2846 :

245 2871 508 2941 cognovit.

891 2938 1121 2997 CAPUT
1152 2939 1196 2996 ll

330 3035 480 3094 Vers.
508 3037 562 3093 1.
591 3035 743 3091 Iuda:
768 3053 781 3091 :
806 3034 1032 3090 Iudrete.
1054 3065 1126 3075 —
1152 3034 1206 3087 5.
1233 3031 1283 3090 ei
1312 3050 1327 3090 :
1358 3032 1506 3105 (Non
1532 3042 1604 3086 est
1629 3031 1681 3085 in
1707 3027 1850 3100 cod.)

246 3139 321 3151 —
369 3107 514 3163 Ibid.
562 3107 717 3163 Iudae
751 3127 764 3162 :
793 3107 1016 3162 Iudaeis.
1057 3136 1127 3148 --
1171 3107 1224 3161 6.
1269 3119 1606 3174 nequaquam
1646 3121 1658 3155 :
1703 3119 1853 3174 num-

249 3180 400 3252 quid.
451 3210 521 3220 —
570 3181 658 3235 15.
711 3179 1070 3252 recessissent
1113 3195 1128 3232 :
1165 3172 1602 3252 regressiessent.
1651 3172 1848 3252 -έ-16.

252 3244 470 3316 tempus
498 3253 640 3322 quod
674 3270 686 3303 :
722 3261 921 3322 tempus
949 3250 1113 3304 stella:
1138 3244 1298 3322 quod.
1351 3247 1602 3322 (Additur
1630 3244 1849 3322 stellas.)

250 3354 324 3364 ——
366 3315 453 3379 19.
501 3315 725 3392 angelus
758 3315 971 3377 Domini
1016 3315 1307 3391 apparuit:
1348 3315 1604 3392 apparuit
1633 3315 1852 3392 angelus

253 3395 490 3449 Domini.
534 3387 604 3435 -ῖ
638 3396 730 3450 20.
773 3393 916 3448 enim
946 3387 1102 3462 quis
1149 3392 1283 3445 enim
1318 3387 1490 3444 omnes
1519 3390 1736 3462 (μήκε-
1758 3387 1850 3440 22.

256 3468 354 3521 illo
381 3467 462 3522 ire
491 3485 504 3520 :
533 3467 656 3522 illac
675 3466 868 3521 venire.
909 3460 980 3505 -ἐ
1003 3463 1096 3520 25.
1130 3479 1229 3534 per
1258 3462 1553 3533 prophetas
1581 3479 1592 3512 :
1627 3460 1852 3532 (Desunt

254 3555 312 3592 ἠ
341 3538 490 3608 cad')
889 3606 1116 3663 CAPUT
1155 3606 1245 3662 Ill.

335 3703 485 3759 Vers.
519 3705 571 3760 1.
622 3715 798 3758 autem
830 3718 845 3757 :
881 3702 1027 3772 (Non
1057 3701 1274 3756 habetur
1309 3701 1365 3755 in
1394 3699 1536 3769 cod.)
1567 3730 1637 3740 -—
1662 3701 1716 3772 2.
1751 3706 1808 3753 et
1839 3715 1852 3750 :

255 3777 496 3844 —(Non
521 3785 596 3830 est
619 3776 674 3830 in
708 3770 1002 3842 cod.)+-5.
1037 3775 1126 3844 qui
1158 3773 1334 3828 dietus
1375 3790 1387 3826 :
1421 3773 1484 3826 de
1513 3789 1613 3841 quo
1636 3770 1852 3844 dictum.

255 3850 314 3904 4.
343 3842 471 3903 Suos
504 3849 682 3920 :ejus:
709 3878 780 3920 ε
924 3842 1142 3920 exibat:
1177 3845 1402 3899 exibant.
1431 3875 1501 3883 —
1527 3848 1579 3920 ti.
1609 3844 1772 3920 ab_eo
1801 3842 1855 3894 in

254 3920 497 3975 Iordane
529 3915 622 3973 εἴη
647 3917 880 3974 Iordane
905 3918 967 3970 ab
989 3934 1067 3970 eo.
1095 3947 1167 3958 —
1195 3920 1245 3968 7.
1273 3926 1500 3970 ventura
1528 3917 1604 3968 ira
1635 3933 1647 3966 :
1679 3915 1858 3984 futura

256 3994 361 4046 ira.
395 4021 468 4032 ——
516 3991 602 4046 10.
635 3990 868 4044 radicmu
905 4007 917 4042 :
946 3989 1168 4043 radices.
1214 4017 1285 4028 -—
1334 3987 1422 4041 12.
1455 4002 1611 4040 suum
1645 3987 1696 4039 in
1733 3990 1858 4038 hor-

257 4080 414 4118 reum
448 4081 461 4115 :
495 4063 548 4115 in
595 4063 839 4116 horreum
879 4077 1050 4114 suum.
1078 4091 1150 4102 ——
1181 4059 1268 4114 16.
1316 4059 1368 4113 ei
1421 4075 1434 4111 :
1487 4057 1636 4128 (Non
1678 4067 1753 4111 est
1795 4058 1856 4128 in

257 4135 408 4204 cod.)
443 4165 516 4174 —-
558 4132 698 4188 Ibid.
733 4145 787 4188 et
829 4134 1140 4189 venientem
1174 4151 1187 4186 :
1221 4127 1520 4186 venientem.
1559 4157 1631 4169 -—
1660 4129 1748 4185 17.
1788 4127 1858 4183 Et

257 4222 390 4264 ecce
417 4221 520 4260 vox
553 4223 565 4260 :
600 4205 670 4260 Et
705 4222 823 4260 vox.

872 4274 1101 4332 CAPUT
1138 4275 1227 4331 IV.

342 4371 491 4426 Vers.
523 4371 578 4426 4.
609 4369 786 4424 dixit:
818 4369 949 4422 dixit
971 4370 1037 4423 ei.
1079 4398 1150 4410 -—
1183 4366 1322 4421 Ibid.
1352 4367 1404 4421 in
1436 4368 1556 4422 solo
1587 4381 1725 4432 pane
1760 4383 1772 4418 :
1803 4365 1858 4417 in

258 4461 395 4516 pane
425 4444 558 4496 solo.
583 4471 655 4482 —-
685 4441 782 4516 10.
815 4441 946 4516 dicit
982 4456 1011 4516 ξ-
1029 4441 1181 4494 dixit.
1204 4471 1275 4516 —_
1306 4440 1394 4492 14.
1419 4437 1857 4516 adimpleretur}

258 4506 586 4582 impleretur.
615 4543 687 4553 --
718 4512 805 4566 16.
837 4511 970 4564 vidit
1001 4512 1172 4565 lucem
1203 4528 1214 4562 :
1246 4510 1412 4582 lucem
1432 4506 1675 4582 viditiq—
1715 4506 1853 4582 Ibid.

261 4577 471 4641 umbra:
495 4603 510 4641 :
535 4594 581 4637 et
610 4584 811 4637 umbra.
845 4612 914 4622 -—-
945 4583 1027 4636 i7.
1068 4582 1274 4636 Exinde
1303 4598 1316 4634 :
1349 4580 1416 4633 Et
1438 4580 1637 4633 exinde.
1669 4607 1740 4618 -—
1769 4577 1852 4632 18.

261 4659 424 4714 Iesus
457 4675 469 4708 :
501 4656 652 4727 (Non
693 4656 914 4727 habetur
945 4655 998 4707 in
1038 4654 1180 4727 cod.)
1208 4683 1278 4693 —-
1319 4651 1405 4707 19.
1440 4662 1493 4703 et
1522 4652 1596 4727 ait
1628 4649 1732 4703 illis
1766 4659 1860 4727 iet

264 4732 337 4782 ait
366 4729 472 4782 illis
497 4720 672 4782 Iesus.
699 4757 771 4767 —
797 4725 936 4780 Ibid.
971 4737 1025 4780 et
1066 4724 1258 4779 faciam
1292 4741 1304 4777 :
1337 4731 1393 4776 ut
1429 4723 1640 4791 faciam.
1669 4751 1740 4791 έ-
1763 4720 1856 4776 25.

263 4801 404 4858 etde
419 4798 772 4871 Jerosolymis
788 4798 920 4853 etde
935 4797 1118 4852 Iudaea
1135 4815 1150 4852 ;
1169 4806 1214 4850 et
1230 4790 1568 4865 Jerosolyntis
1585 4801 1631 4846 et
1643 4790 1851 4847 Iudaea.

899 4889 1128 4948 CAPUT
1167 4889 1229 4945 V.

351 4989 497 5043 Vers.
524 4987 609 5043 11.
646 4989 861 5052 fuerint,
885 4996 940 5041 et
972 5006 983 5040 :
1010 4987 1198 5054 fuerint
1225 4985 1476 5043 homines.
1511 4994 1579 5038 et.
1612 4981 1862 5052 (Additur

270 5059 566 5130 homines.)
605 5091 674 5101 ——
712 5059 798 5113 17.
827 5061 1126 5130 quoniam:
1162 5059 1305 5126 quia.
1337 5087 1406 5096 ——
1440 5054 1578 5130 Ibid.
1609 5066 1702 5108 aut
1723 5069 1860 5130 pro-

268 5135 460 5204 phetas
494 5151 504 5184 :
538 5127 587 5186 et
623 5134 918 5204 prOpIietas.
963 5161 1033 5172 -—
1074 5128 1160 5183 18.
1209 5130 1383 5204 donec
1424 5129 1603 5204 anima
1647 5145 1658 5178 :
1697 5127 1861 5204 donec

268 5197 372 5260 ista
401 5204 596 5257 omnia.
623 5197 728 5242 v—V
753 5203 842 5258 28.
875 5204 996 5272 quia
1041 5221 1053 5255 :
1099 5201 1364 5272 quoniam.
1414 5230 1486 5272 τ-
1531 5197 1620 5256 50.
1661 5197 1806 5272 eni_m
1843 5215 1854 5249 :

268 5277 448 5345 (Deest
472 5277 527 5328 in
547 5276 692 5341 cod.)
718 5305 783 5315 ——
818 5267 906 5327 51.
931 5277 981 5329 ei
1009 5293 1019 5328 :
1055 5267 1154 5328 illi.
1184 5302 1254 5313 —
1283 5273 1373 5326 55.
1413 5271 1642 5325 Domino
1681 5287 1693 5321 :
1725 5267 1854 5345 Deo.

267 5340 342 5391 I—
387 5348 474 5400 57.
518 5346 590 5400 sit
626 5361 807 5400 sermo
845 5357 1022 5401 autem
1063 5363 1074 5397 :
1120 5347 1185 5399 sit
1215 5355 1385 5397 autem
1415 5357 1600 5396 sermo.
1651 5368 1722 5380 —
1766 5340 1856 5395 59.

269 5421 559 5476 Dexteram
603 5419 874 5472 maxillam
913 5429 1055 5471 tuam
1104 5435 1116 5469 :
1159 5419 1371 5470 dextera
1407 5413 1624 5468 maxilla
1654 5423 1760 5465 tua.
1793 5441 1865 5452 —

272 5491 414 5546 Ibid.
445 5499 498 5544 et
527 5489 754 5544 alteram
791 5508 802 5542 :
842 5487 1076 5543 alteram.
1115 5517 1186 5528 —
1229 5487 1317 5543 40.
1363 5486 1415 5540 iu
1445 5484 1650 5551 judicio
1683 5484 1866 5555 :judi-

1886 4910 1933 4976 C

1957 2191 2105 2262 cod.)
2135 2223 2205 2232 —
2232 2191 2324 2247 19.
2356 2191 2512 2244 vobis
2538 2188 2736 2262 :(Non
2762 2191 2907 2244 estin
2938 2192 3082 2261 cod.)
3113 2220 3186 2231 -—
3221 2188 3301 2246 20
3320 2192 3550 2250 demoli-

1954 2276 2042 2317 tur
2076 2261 2094 2315 :’
2119 2263 2446 2318 exterminat.
2470 2261 2653 2335 —_-_22.
2679 2263 2725 2314 si
2753 2263 2942 2335 oculus
2975 2273 3096 2317 tuus
3130 2262 3290 2317 fuerit
3321 2282 3332 2316 :
3368 2267 3412 2318 si
3438 2266 3554 2335 fue-

1950 2336 2018 2388 rit
2039 2336 2222 2388 oculus
2250 2343 2386 2387 tuus.
2420 2363 2491 2374 -—
2512 2331 2600 2387 25.
2633 2332 2796 2404 fuerit
2827 2347 3058 2404 nequam
3087 2352 3100 2386 :
3134 2351 3349 2402 nequam
3377 2331 3552 2404 fuerit.

1950 2436 2022 2446 —
2051 2405 2191 2459 Ibid.
2227 2414 2425 2460 erunt:
2455 2414 2594 2459 sunt.
2626 2432 2699 2445 ——
2855 2402 2976 2478 plus
3009 2423 3021 2456 :
3055 2405 3203 2476 (Non
3232 2417 3304 2460 est
3327 2402 3385 2460 in
3407 2409 3556 2478 cod.)

1951 2508 2022 2518 ——
2060 2480 2149 2532 55.
2189 2492 2318 2541 ergo
2353 2493 2367 2528 :
2407 2487 2597 2530 autem.
2638 2505 2709 2516 —-
2748 2475 2892 2529 Ibid.
2933 2475 3269 2531 haec’omnia
3319 2497 3331 2530 :
3381 2475 3560 2535 omnia

1952 2549 2083 2604 haec.
2113 2579 2184 2589 —
2207 2549 2296 2604 54.
2324 2546 2545 2604 solliciti
2575 2562 2697 2604 esse
2732 2565 2744 2599 :
2784 2564 2891 2603 esse
2919 2546 3156 2602 solliciti.
3183 2577 3257 2591 -—
3279 2547 3418 2605 Ibid.
3447 2552 3556 2607 sibi

1950 2621 2056 2693 ipsi
2086 2637 2100 2676 :
2134 2621 2265 2692 ipse.

2565 2689 2797 2748 CAPUT
2833 2691 2948 2748 VII.

2033 2783 2179 2839 Vers.
2204 2783 2259 2839 2.
2292 2784 2607 2856 remetietur
2635 2804 2646 2837 :
2685 2785 2942 2839 metietur.
2981 2816 3053 2826 —
3085 2785 3140 2841 4.
3177 2801 3304 2842 ecce
3335 2806 3346 2840 :
3381 2787 3559 2856 (Deest

1951 2859 2007 2912 in
2034 2856 2179 2929 cod.)
2211 2886 2281 2896 -—
2307 2855 2390 2929 10.
2417 2857 2637 2929 petierit
2670 2874 2682 2908 :
2716 2867 2971 2929 pelet.r-V-
3003 2857 3089 2912 11.
3118 2860 3238 2929 data
3272 2878 3283 2911 :
3311 2855 3458 2929 (Non
3482 2871 3558 2914 est

1952 2932 2006 2982 in
2029 2927 2175 2999 cod.)
2213 2958 2282 2968 —
2311 2927 2451 2981 Ibid.
2493 2927 2644 2982 dabit
2678 2945 2690 2980 :
2719 2927 2827 2981 non
2858 2928 3020 2983 dabit.
3052 2959 3123 2968 -—
3157 2927 3236 2986 12.
3271 2927 3379 2986 illis
3413 2949 3425 2982 :
3460 2934 3555 2987 eis.

1953 3030 2024 3042 —-
2063 2999 2148 3054 15.
2196 3010 2280 3054 est
2315 3019 2328 3052 :
2367 2999 2517 3069 (Non
2547 2999 2768 3072 habetur
2803 3001 2857 3053 in
2897 3001 3040 3072 cod.)
3073 3031 3144 3042 —
3189 3001 3271 3056 17.
3302 3012 3349 3054 et
3379 3019 3431 3056 v.
3464 3005 3552 3059 18.

1955 3073 2130 3126 malos
2159 3072 2360 3125 lructus
2394 3092 2407 3126 :
2442 3073 2637 3136 [ructus
2665 3071 3072 3128 malos.—Ibid.
3104 3073 3275 3127 bonos
3300 3073 3506 3128 fructus
3537 3094 3551 3128 :

1955 3147 2158 3268 gnatus
2191 3142 2372 3196 bonos.
2401 3141 2492 3196 22.
2523 3144 2575 3198 in
2601 3146 2818 3197 nomine
2843 3155 2933 3199 tuo
2960 3162 2971 3195 :
3006 3146 3060 3197 in
3092 3157 3179 3198 tuo
3210 3147 3436 3200 nomine.
3483 3174 3557 3188 —

1995 3214 2046 3268 ἴ).
2076 3231 2239 3268 super
2273 3233 2285 3268 :
2321 3231 2500 3268 supra.
2525 3245 2595 3254 —
2615 3214 2705 3268 27.
2733 3215 2881 3268 illius
2911 3233 2923 3268 :
2949 3218 3084 3268 eius.
3114 3245 3185 3258 —-
3208 3217 3300 3268 29.
3327 3227 3381 3268 et
3403 3232 3510 3268 non
3539 3237 3550 3268 :

1995 3214 2046 3269 ἴ).
2076 3231 2239 3285 super
2273 3233 2285 3268 :
2321 3231 2500 3286 supra.
2525 3245 2595 3254 —
2615 3214 2705 3269 27.
2733 3215 2881 3270 illius
2911 3233 2923 3269 :
2949 3218 3084 3288 ejus.
3114 3245 3185 3258 —-
3208 3217 3300 3272 29.
3327 3227 3510 3275 etnon
3539 3237 3550 3273 :

1955 3303 2080 3342 non.

2547 3355 2778 3415 CAPUT
2815 3358 2952 3415 Vill.

2035 3450 2188 3506 Vers.
2221 3451 2276 3504 2.
2308 3451 2572 3506 adorabat
2597 3472 2610 3506 :
2633 3453 2887 3508 adoravit.
2921 3485 2992 3498 -—
3021 3455 3076 3510 5.
3107 3455 3268 3512 Iesus
3294 3472 3511 3512 manum
3538 3476 3554 3514 :

1882 3514 1930 3574 Β
1957 3539 2169 3577 manum
2205 3523 2384 3577 Iesus.
2415 3554 2488 3565 —
2522 3523 2607 3579 15.
2641 3527 2689 3580 ei
2727 3544 2738 3578 :
2771 3527 2861 3580 eis.
2900 3557 2970 3567 ——
2997 3526 3088 3584 20.
3129 3528 3268 3583 dixit
3301 3530 3353 3584 ei
3390 3548 3403 3582 :
3435 3532 3561 3584 dicit

1955 3595 2085 3670 illis.
2114 3623 2183 3634 —
2206 3593 2347 3670 Ibid.
2370 3664 2379 3670 ι
2399 3595 2584 3660 nidos;
2631 3596 2774 3670 lilius
2811 3614 2825 3650 :
2857 3599 3008 3652 nidos
3028 3643 3043 3667 ,
3075 3600 3165 3653 ubi
3199 3601 3561 3670 requiescant;

1959 3663 2400 3740 filium—Ibid.
2443 3675 2607 3740 caput
2640 3668 2864 3722 reclinet
2900 3688 2912 3721 :
2949 3663 3107 3740 caput
3134 3663 3286 3725 suum
3324 3663 3557 3727 reclinet.

1955 3765 2028 3776 —
2068 3738 2160 3791 25.
2191 3737 2269 3808 ad_
2298 3751 2423 3791 eum
2456 3755 2468 3790 :
2499 3735 2722 3808 (Desunt
2754 3742 2808 3793 in
2845 3735 3106 3808 cod.)'—
3146 3741 3235 3797 26.
3266 3742 3403 3798 dicit
3425 3746 3504 3798 eis
3537 3763 3550 3798 :

1959 3809 2082 3883 dicit
2123 3810 2197 3862 eis
2234 3806 2407 3860 Iesus.
2449 3839 2518 3849 —
2545 3807 2634 3864 29.
2667 3811 2794 3864 Iesu
2831 3833 2840 3862 :
2875 3806 3053 3883 (Deest
3090 3814 3145 3865 in
3175 3813 3321 3883 cod.)
3363 3843 3434 3854 —
3464 3818 3554 3871 50.

1960 3880 2255 3934 multorum
2282 3894 2566 3953 porcorum
2593 3899 2605 3934 :
2630 3880 2906 3953 porcorum
2932 3882 3234 3938 multorum.
3257 3880 3328 3925 -ὲ
3348 3885 3437 3940 51.
3463 3902 3560 3940 au-

1962 3960 2066 4005 tem
2087 3969 2098 4004 :
2117 3967 2254 4006 vero.
2271 3981 2340 3992 —-
2353 3949 2442 4006 55.
2460 3953 2527 4008 de
2547 3949 2656 4009 eis':
2675 3955 2737 4007 de
2750 3954 2849 4008 liis.
2865 3956 3035 4010 ~54.
3051 3970 3080 4009 a
3099 3957 3324 4013 tinibus:
3341 3959 3554 4027 ﬁnibus.

2567 4066 2796 4126 CAPUT
2835 4069 2926 4131 1X.

2038 4161 2187 4216 Vers.
2217 4162 2269 4216 5.
2303 4171 2525 4230 peccata
2555 4182 2567 4216 :
2596 4174 2808 4232 peccata
2837 4174 2942 4219 tua.
2975 4195 3044 4206 —
3071 4164 3209 4220 Ibid.
3235 4182 3302 4222 an
3329 4167 3511 4225 dicere
3543 4189 3555 4223 :

1960 4244 2051 4286 aut
2083 4235 2271 4288 dicere.
2299 4263 2372 4274 —
2402 4234 2455 4288 6.
2486 4246 2541 4287 ut
2570 4247 2748 4290 autem
2784 4237 2969 4291 sciatis
3002 4255 3016 4291 :
3057 4248 3111 4290 ut
3149 4241 3325 4293 sciatis
3363 4251 3554 4296 autem.

1961 4303 2187 4385 —I_bid_.
2215 4307 2338 4385 quia
2366 4308 2674 4385 :_qu_oniam._
2693 4309 2996 4385 —‘9.-inde
3023 4328 3040 4385 ε¹
3059 4310 3316 4385 (Additur
3335 4315 3388 4365 in
3414 4314 3559 4385 cod.)

1960 4407 2032 4418 —
2063 4376 2202 4430 Ibid.
2238 4378 2288 4431 in
2312 4379 2525 4452 telonio
2555 4395 2567 4431 :
2608 4381 2674 4431 ad
2705 4379 2974 4434 telouium.
3023 4376 3130 4452 (Ita
3160 4381 3374 4438 habebat
3404 4376 3559 4438 lectio

1961 4458 2102 4502 vetus
2121 4465 2154 4525 _;
2198 4451 2389 4525 modo,
2423 4467 2498 4525 ea_
2523 4466 2702 4525 erasa,
2736 4451 2924 4520 legitur
2964 4451 3110 4525 utiin
3155 4456 3487 4525 excusa.)—1

1962 4528 2048 4572 est
2077 4520 2196 4594 :_lta
2230 4519 2651 4594 liabebatlectio
2693 4519 2847 4594 vetus
2878 4540 2890 4574 :
2924 4523 3076 4576 modo
3105 4526 3175 4577 sit
3216 4519 3558 4594 superscribi-

1963 4591 2116 4658 tur.)
2161 4620 2231 4629 —
2277 4591 2362 4643 18.
2411 4591 2672 4644 adorabat
2714 4608 2726 4644 :
2772 4593 3025 4646 adoravit.
3075 4624 3144 4634 —
3197 4591 3290 4651 25.
3347 4600 3557 4652 turbam

1967 4665 2378 4715 tumultuantem
2439 4679 2451 4715 :
2509 4662 2710 4715 turbam
2757 4665 2972 4717 multum
3020 4666 3439 4721 tumultuantem.
3486 4700 3557 4710 —

1963 4730 2051 4786 27.
2089 4733 2212 4785 inde
2250 4731 2376 4787 Iesu
2412 4733 2580 4786 :Iesu
2611 4735 2748 4786 inde.
2789 4764 2862 4775 —
2887 4738 2979 4790 28.
3029 4740 3155 4792 caici
3192 4756 3204 4789 :
3261 4741 3364 4792 duo
3413 4743 3556 4795 Cll’Ci.

1964 4832 2035 4842 —-
2065 4801 2204 4857 Ibid.
2240 4802 2341 4857 hoc
2387 4820 2602 4872 possum
2638 4823 2650 4857 :
2685 4822 2891 4872 possum
2932 4807 3046 4861 hoc.
3097 4839 3166 4848 —
3204 4807 3342 4863 Ibid.
3373 4809 3562 4867 dicunt

1967 4875 2017 4928 ei
2054 4893 2064 4926 :
2116 4876 2292 4930 dicunt
2344 4878 2502 4931 enim.
2548 4904 2619 4917 --
2662 4876 2751 4930 50.
2783 4893 2968 4930 eorum
3020 4897 3032 4931 :
3077 4881 3306 4934 illorum.
3353 4911 3425 4921 —
3463 4884 3555 4938 55.

1964 4946 2214 5016 apparuit
2264 4966 2301 5018 τί
2323 4950 2519 5018 paruit.
2550 4979 2622 4988 —
2649 4949 2737 5002 55.
2776 4963 2963 5002 omnes
3001 4953 3246 5006 civitates
3282 4970 3293 5003 :
3333 4953 3560 5008 civitates

1965 5035 2158 5095 omnes.
2179 5048 2250 5058 —
2270 5017 2410 5095 Ibid.
2445 5021 2811 5095 inﬁrmitatem
2843 5037 2855 5073 :
2881 5020 3234 5090 inﬁrmitatem
3265 5025 3316 5078 in
3339 5027 3558 5095 populo.

1964 5089 2264 5158 (Adduntur
2301 5091 2355 5146 in
2394 5092 2638 5164 populo.)

2595 5229 2826 5288 CAPUT
2863 5232 2931 5288 X.

2045 5324 2196 5379 Vers.
2236 5324 2294 5378 2.
2325 5333 2450 5379 sunt
2480 5322 2596 5378 haec
2631 5342 2643 5376 :
2676 5323 2787 5380 lucc
2819 5336 2960 5381 sunt.
2991 5356 3062 5366 —
3101 5327 3156 5380 5.
3191 5334 3240 5380 et
3274 5325 3507 5380 Iacobus
3543 5345 3555 5378 :

1969 5397 2216 5451 Iacobus.
2269 5425 2340 5435 ——
2386 5395 2437 5448 5.
2487 5397 2673 5452 dicens
2723 5416 2734 5449 :
2787 5407 2832 5450 et
2877 5398 3071 5451 dicens.
3109 5427 3179 5438 ——-
3225 5398 3278 5453 8.
3322 5397 3566 5466 leprosos

1972 5468 2230 5540 mundate
2255 5487 2266 5520 :
2301 5467 2516 5540 (Desunt
2544 5470 2597 5521 in
2622 5466 2765 5540 cod.)
2789 5498 2860 5509 —-
2887 5467 3027 5524 Ibid.
3052 5470 3218 5538 gratis
3243 5468 3370 5523 date
3401 5487 3414 5520 :
3447 5486 3567 5539 gra-

671 5539 1187 5615 dimitte-i-remitte.
1441 5539 1742 5613 benetacité
1774 5574 1786 5608 :
1819 5563 1869 5611 et
1973 5539 2285 5618 ⁸,ίξῙεάίίίίετ
2311 5539 2816 5618 —19:enilll§sl_=
2843 5549 2915 5594 εει
2935 5543 3091 5618 mil"-
3124 5571 3196 5618 τ’
3227 5539 3316 5594 “-
3340 5550 3518 5618 τιυιβηι
3548 5561 3563 5595 ἒ

275 5634 577 5708 benefacite.
602 5662 674 5677 —-
698 5633 788 5689 46.
817 5632 1046 5703 diligitis
1077 5651 1089 5685 :
1116 5632 1370 5701 diligatis.

895 5744 1123 5803 CAPUT
1160 5744 1249 5800 Vl.

1980 5610 2129 5684 (Non
2169 5619 2241 5684 est
2269 5613 2322 5664 in
2351 5611 2495 5677 cod.)
2535 5641 2600 5652 —
2646 5610 2737 5684 15.
2773 5614 2966 5666 domus
2997 5612 3083 5666 illa
3108 5612 3267 5682 digna
3289 5655 3303 5677 ,
3336 5613 3515 5668 veniet
3549 5630 3562 5684 ξ

1979 5683 2160 5737 domus
2191 5683 2348 5755 digna
2372 5686 2561 5736 veniat.
2602 5713 2670 5723 —
2715 5683 2852 5737 Ibid.
2888 5693 3191 5738 revertetur
3219 5685 3283 5738 ad
3314 5699 3409 5738 vos
3452 5701 3464 5735 :
3499 5683 3568 5735 ad

1979 5773 2067 5812 vos
2095 5765 2399 5810 revertatur.
2437 5785 2507 5796 ——
2536 5755 2622 5809 14.
2651 5756 2734 5811 vel
2767 5755 2984 5811 civitate
3019 5773 3032 5809 :
3059 5758 3138 5811 vel
3158 5755 3220 5810 de
3244 5757 3464 5810 civitate.
3495 5782 3570 5794 —

304 5859 312 5867 '
360 5841 508 5899 Vers.
549 5843 602 5896 7.
643 5841 789 5913 quod
831 5860 844 5894 :
877 5841 1019 5905 quia.
1047 5869 1117 5881 -—
1147 5838 1517 5913 10.7Aadveniat
1543 5857 1555 5891 :
1577 5838 1777 5913 veniat.
1807 5863 1878 5875 —-
1983 5831 2073 5885 17.
2097 5837 2274 5882 autem
2308 5845 2320 5880 :
2351 5843 2493 5913 ergo.
2522 5827 2701 5913 -—_18.
2727 5825 2868 5913 etad
2889 5843 3049 5898 reges
3083 5848 3107 5913 :_
3125 5838 3171 5883 et
3194 5845 3358 5913 reges.

285 5895 380 5973 11.
409 5895 986 5985 ἐιῲεὲειιὖέῑὲὴιὶειϊθιιι
1017 5931 1027 5963 :
1062 5911 1436 5980 quotidianum.
1464 5941 1537 5952 --
1568 5909 1651 5962 15.
1686 5923 1752 5964 nc
1782 5921 1880 5964 nos
1988 5917 2054 5957 ne
2082 5919 2091 5950 :
2122 5915 2248 5956 non.
2272 5929 2342 5939 —-
2370 5897 2510 5954 Ibid.
2538 5909 2622 5956 est
2650 5909 2898 5973 opertum
2929 5895 3200 5972 {opertum
3222 5895 3312 5957 est.
3340 5927 3408 5940 --
3429 5895 3572 5953 Ibid.-
