4074 6328
261 379 404 437 1655

967 375 1359 439 VARIAN'I‘ES
1398 371 1801 432 LECTIONES.
1833 399 1905 426 --.-
1929 367 2380 428 EVANGELIUM
2419 365 2570 426 ΒΕΘ.
2610 365 2871 426 LUCAM.

3425 353 3567 418 1061

257 497 484 564 quidem.
508 499 688 556 ~54.
719 498 772 553 in
795 497 1130 566 iumentum:
1158 511 1314 564 super
1330 494 1642 564 iumentum.
1672 520 1741 532 —
1769 490 1857 546 56.
1886 488 1939 551 Α
1965 495 2020 542 et
2060 487 2225 566 dicite
2250 503 2263 540 :
2312 486 2490 566 dicite.
2533 515 2605 566 —_-
2637 481 2726 540 55.
2873 501 2886 536 :
2911 481 2939 566 “(
2951 481 3071 566 Non
3099 481 3314 566 habetur
3340 482 3393 534 in
3419 479 3566 566 cod.)

259 569 473 625 videtur
498 571 592 627 tibi
617 588 631 624 :
666 570 754 625 tibi
784 570 1000 627 videtur.
1031 600 1101 611 --
1130 569 1220 625 40.
1257 582 1401 622 curae
1427 583 1439 617 :
1468 580 1612 618 cura.

881 688 1109 749 CAPUT
1147 685 1242 742 XI.

337 783 486 839 Vere.
523 785 575 839 1.
603 784 655 838 in
687 784 920 855 quodam
952 784 1108 838 loco:
1143 783 1194 833 in
1220 780 1334 855 loco
1355 777 1599 855 quodam.
1625 804 1694 855 το·-
1719 773 1861 855 Ibid.

257 856 399 910 sicut
445 855 630 911 docuit
675 848 730 910 et
755 857 992 911 Joannes
1017 872 1029 906 :
1071 855 1202 908 sicut
1228 851 1456 904 Joannes
1483 849 1680 902 docuit.
1709 876 1780 886 —
1806 848 1860 902 5.

258 927 462 983 Panem
489 947 500 981 :
532 925 656 981 le
687 929 922 981 voluntas
953 938 1060 984 tua.
1092 927 1222 980 sicut
1250 925 1304 976 in
1335 923 1483 985 ctelo,
1525 931 1571 973 et
1612 921 1665 972 in
1701 929 1856 984 terra,

256 1016 465 1068 panem.
495 1028 565 1042 -ο
592 998 732 1053 Ibid.
769 1009 984 1066 peccata
1013 1017 1023 1047 τ
1054 996 1245 1049 debita.
1277 1025 1346 1034 -—
1375 993 1426 1048 5.
1458 991 1718 1068 habebit:
1767 989 1863 1042 Ita-

257 1064 359 1123 bst.
391 1100 462 1112 —-
492 1074 543 1124 7.
577 1064 779 1126 ostium
820 1072 1062 1125 clausum
1092 1086 1104 1120 :
1151 1068 1336 1120 ostium
1383 1081 1554 1116 meum
1603 1064 1858 1116 clausum.

255 1173 328 1181 —
355 1140 495 1195 Ibid.
529 1143 690 1196 cubili
721 1160 734 1196 :
763 1139 1018 1195 cubiculo.
1047 1170 1117 1179 —
1143 1139 1196 1193 8.
1229 1138 1296 1191 Et
1326 1139 1368 1190 si
1401 1137 1532 1189 ille:
1563 1132 1631 1186 Et
1676 1131 1766 1186 ille
1793 1134 1857 1186 si.

255 1244 328 1254 —
354 1212 495 1268 Ibid.
523 1229 748 1285 surgens
774 1230 788 1269 :
817 1212 1065 1285 (Erasum
1095 1220 1165 1285 est
1182 1228 1199 1275 ;
1219 1209 1308 1264 sed
1329 1209 1526 1261 videtur
1554 1206 1677 1285 olim
1701 1205 1862 1285 fuisse

253 1283 554 1354 scriptum.)
577 1276 647 1324 —:
669 1284 808 1340 Ibid.
825 1276 1102 1354 'quotquot
1125 1281 1313 1354 habet_
1333 1277 1698 1354 necessarios:
1726 1276 1860 1346 quod

254 1349 407 1410 habet
455 1349 818 1412 necessarium.
858 1349 929 1396 ἒ-
967 1349 1021 1410 9.
1066 1355 1188 1408 dico
1232 1350 1423 1406 vobis:
1461 1350 1602 1402 vobis
1628 1349 1762 1400 diro.
1792 1378 1853 1386 —

258 1430 345 1482 11.
383 1429 554 1497 petit:
590 1438 741 1496 petet.
782 1459 851 1466 —
892 1427 978 1482 12.
1009 1425 1308 1497 porriget:
1339 1421 1597 1497 porrigit.
1645 1447 1718 1497 —-_-
1743 1418 1854 1497 .14.

253 1487 537 1553 admirata:
564 1487 831 1552 fmiratte.
865 1529 935 1538 -—
968 1487 1052 1552 15'.
1081 1487 1256 1550 autem
1285 1512 1297 1547 :
1329 1487 1586 1562 (Deest'in
1616 1487 1759 1561 cod.)
1789 1520 1860 1562 έ

255 1571 344 1627 16.
377 1578 643 1628 tentantes
677 1573 926 1637 signum:
962 1578 1211 1623 tentantes
1241 1561 1361 1620 eum
1388 1567 1624 1637 signum:
1667 1561 1860 1637 (Addi-

255 1654 337 1695 tur
363 1642 534 1712 cum.)
556 1673 626 1682 —
654 1633 1122 1696 17I'desolabitur:
1149 1633 1529 1692 desolatur.—-
1554 1635 1648 1712 18.
1667 1634 1781 1704 ejus
1802 1633 1855 1686 ‘3:

252 1715 453 1784 ipsius?
477 1706 549 1753 —'-
579 1713 716 1768 Ιὶιὶά.
748 1729 833 1768 me
862 1713 1064 1783 ejicere
1090 1728 1104 1766 :
1138 1712 1448 1784 ejicerente.
1476 1706 1672 1784 ——_19.
1713 1719 1815 1773 ego
1840 1721 1853 1757 :

256 1777 432 1854 (Deest
455 1787 506 1837 in
534 1786 676 1848 cod.)
704 1814 776 1823 -—
797 1777 986 1839 22.'co
1012 1801 1023 1836 :
1053 1777 1173 1854 illa:
1196 1812 1266 1822 —
1296 1779 1448 1854 Ibid.
1475 1777 1719 1854 aulum-t5
1762 1793 1858 1829 au-

255 1848 377 1926 fert.
401 1887 471 1896 —
491 1854 632 1910 Ibid.
668 1857 971 1912 confidebat
996 1877 1007 1906 :
1038 1853 1251 1922 ﬁdebat.
1275 1882 1344 1892 ——
1367 1850 1506 1926 Ibid.
1533 1848 1851 1926 distribuct:

252 1921 534 1981 distribuit.
557 1958 627 1967 —
651 1927 741 1981 25.
775 1941 959 1984 contra
986 1942 1001 1980 :
1032 1921 1323 1978 adversum.
1350 1953 1422 1964 —
1446 1925 1535 1976 21.
1566 1921 1844 1987 perambu-

250 2000 363 2052 lat:
400 1999 803 2068 perambulabat.
840 2029 910 2038 —-
949 1997 1041 2056 25.
1094 2009 1145 2051 et
1194 2003 1489 2068 ornatam:
1530 1991 1750 2068 (Desunt
1793 1994 1852 2068 in

249 2060 604 2141 cadi—26.
638 2070 791 2125 Tunc
817 2089 827 2122 :
858 2069 925 2122 Et
957 2080 1098 2123 tunc.
1144 2098 1233 2141 -γ
1260 2068 1399 2121 Ibid.
1450 2060 1741 2141 Etjiunt”:
1785 2060 1854 2141 1th

247 2133 389 2196 sunt:
409 2141 579 2197 —28.
607 2141 915 2210 Quinimmo
942 2159 953 2194 :
979 2140 1406 2211 manifestissime.
1432 2167 1501 2211 -_—-
1523 2133 1816 2211 [Μὰ-111116
1839 2151 1850 2184 :

247 2213 402 2282 (Non
430 2223 502 2266 est
529 2215 582 2266 in
611 2205 753 2282 god.)
779 2242 849 2252 -—
873 2213 962 2268 29.
993 2214 1040 2266 ei
1068 2229 1081 2265 :
1114 2205 1214 2264 illi.
1243 2207 1480 2282 ——_Ibid.
1526 2205 1851 2282 Prophetuzz

251 2277 431 2354 (Deest
473 2287 526 2337 in
561 2283 702 2353 cod.)
735 2277 804 2322 '—
831 2283 920 2338 50.
952 2282 1281 2354 [υἱιγιιηηειεε
1314 2279 1479 2334 Jonas
1513 2279 1633 2349 fuit.
1663 2307 1733 2322 η-

251 2350 570 2410 abscondito
597 2374 607 2408 :
643 2350 913 2409 absconso.
946 2385 1018 2394 —
1048 2353 1189 2408 Ibid.
1224 2370 1384 2422 supra
1412 2371 1422 2405 :
1456 2365 1628 2421 super.
1659 2378 1730 2388 ——
1762 2350 1851 2401 56.

254 2441 451 2494 corpus
479 2437 624 2481 tuum
653 2445 663 2478 ;
690 2435 833 2479 tuum
861 2443 1069 2495 corpus.
1096 2455 1166 2465 —
1187 2426 1274 2480 59.
1304 2427 1448 2478 intus
1471 2433 1552 2495 cst
1571 2430 1808 2474 vestrum
1837 2438 1851 2474 :

254 2498 397 2578 intus
427 2507 661 2578 vestrum.
694 2527 764 2536 ——
793 2500 880 2552 10.
925 2494 1087 2578 etiam
1230 2495 1371 2578 quod
1420 2495 1486 2548 de
1527 2494 1850 2578 .intusmest':

249 2568 407 2622 etiam
433 2569 570 2640 quod
599 2570 734 2623 intus
762 2579 855 2623 est.
897 2600 953 2608 —
983 2569 1074 2624 42.
1108 2561 1418 2640 Pharisaeis.
1450 2564 1573 2635 quia
1600 2579 1614 2615 :
1663 2561 1858 2640 Pitari-

247 2641 362 2701 stri,
385 2635 490 2712 qui.
513 2671 583 2678 —
603 2642 692 2696 14.
715 2651 975 2710 apparent
999 2659 1010 2693 :
1041 2649 1245 2712 parent.
1266 2669 1334 2678 —
1351 2639 1441 2693 45.
1472 2635 1852 2712 contumeliam

247 2705 445 2765 nobis:
483 2712 624 2766 nobis
651 2705 1141 2766 contumeliamf—
1180 2710 1271 2764 46.
1327 2720 1582 2780 portare:
1631 2705 1852 2780 portari.

244 2811 321 2856 τ
347 2783 437 2836 t7.
464 2784 596 2856 qui:
629 2787 771 2854 quia.
801 2815 877 2856 —7-7
897 2785 986 2839 48.
1017 2783 1160 2853 quod
1188 2794 1300 2856 :ret.
1327 2776 1399 2856 '—-_
1423 2779 1564 2856 Ibid.
1596 2776 1852 2856 quidem;

246 2853 428 2927 (Deest
455 2847 688 2927 inbcod'.)
719 2886 784 2895 -—-
814 2855 902 2909 55.
944 2847 1124 2910 autem
1153 2873 1163 2906 :
1201 2853 1350 2927 (Non
1379 2852 1598 2927 habetur
1627 2851 1680 2902 in
1711 2847 1854 2918 cod.)

247 2955 322 2964 —
354 2926 444 2983 54.
479 2924 680 2998 aliquid
708 2942 904 3002 capere
930 2928 998 2982 de
1027 2946 1038 2980 :
1070 2924 1250 2998 capere
1281 2924 1480 2996 aliquid
1511 2940 1593 2978 ex.

861 3039 1090 3096 CAPUT
1129 3039 1244 3094 XII.

330 3131 478 3188 γεγε.
505 3135 557 3190 5.
581 3147 764 3190 aurem
792 3151 804 3186 :
835 3150 980 3188 aure.
1001 3163 1073 3173 —
1094 3132 1232 3188 Ibid.
1261 3129 1556 3187 cubiculis:
1581 3125 1853 3183 cubilibus.

249 3235 320 3242 —
370 3203 512 3258 Ibid.
564 3207 753 3260 tcc:is:
803 3215 951 3259 tecto.
999 3234 1070 3248 -ο
1113 3203 1168 3258 5.
1213 3207 1443 3258 timere:
1481 3204 1667 3256 timete.
1699 3229 1770 3239 ——
1798 3199 1852 3256 7.

250 3292 444 3331 omnes
470 3278 735 3332 numerati
761 3286 891 3331 sunt
915 3296 926 3329 :
963 3276 1218 3330 numerati
1242 3285 1362 3329 sunt
1394 3290 1587 3327 onmes.
1613 3303 1682 3312 —
1711 3269 1851 3324 Ibid.
1881 3269 1928 3331 C

250 3346 459 3413 pluris:
508 3349 704 3416 plures.
747 3379 815 3387 —
856 3349 910 3403 8.
957 3358 1010 3402 et
1041 3347 1212 3400 Filius
1244 3346 1515 3401 hominis:
1547 3345 1768 3416 (Desunt
1799 3343 1850 3396 in

247 3419 397 3489 cod.)
425 3449 496 3460 ——
530 3417 669 3472 Ibid.
702 3420 1083 3474 conﬁtebitur:
1115 3417 1410 3486 conﬁtebor.
1439 3448 1507 3456 —-—
1531 3416 1586 3489 9.
1629 3416 1850 3489 negabi-

249 3503 334 3544 tur
361 3486 387 3543 ε’
409 3493 762 3562 denegabitur.
791 3522 862 3532 —
892 3492 976 3547 10.
1021 3492 1370 3562 remittetur:
1411 3488 1699 3542 remittetur
1747 3486 1846 3551 illi.

246 3592 318 3600 —
350 3563 435 3617 11.
472 3557 765 3618 inducent:
798 3563 1116 3617 induxerint.
1151 3592 1216 3600 —
1250 3557 1387 3614 Ibid.
1420 3569 1473 3612 et
1515 3565 1846 3626 potestates:

245 3643 293 3686 et
319 3634 387 3686 ad
414 3644 708 3699 potestates.
736 3665 803 3674 -—-
833 3634 971 3688 Ibid.
1002 3645 1094 3687 aut
1121 3631 1248 3700 quid
1279 3631 1652 3700 respondeatis
1677 3645 1691 3681 :
1726 3628 1852 3698 (De-

245 3713 363 3777 sunt
391 3705 443 3758 in
471 3703 612 3776 cod.)
644 3737 712 3744 —
751 3704 829 3757 12.
859 3705 985 3777 quid
1011 3722 1025 3759 :
1058 3721 1194 3775 quaz.
1218 3733 1287 3744 --
1316 3701 1731 3777 Ib_id.__Opor_tcat
1757 3714 1851 3777 vos

243 3775 467 3850 dicere:
499 3769 727 3850 oporteat
754 3769 940 3850 dicere.
974 3807 1040 3816 —
1070 3769 1239 3850 '15.,i_n
1268 3792 1282 3830 :
1328 3769 1668 3850 (Addititrjn
1708 3769 1851 3850 cod.)

243 3877 318 3887 --
365 3848 454 3902 16.
504 3841 748 3918 lrltcms:
800 3849 993 3918 fruges.
1039 3878 1109 3886 —
1151 3847 1236 3902 17.
1269 3847 1431 3918 quia:
1467 3844 1624 3918 quod.

243 3929 442 3972 vestra:
471 3937 484 3972 :
519 3917 666 3990 (Non
697 3914 907 3990 habetur
936 3921 987 3972 in
1014 3918 1154 3990 cod.)
1201 3948 1269 3956 —
1316 3915 1454 3990 Ibid.
1506 3914 1802 3990 induamini
1833 3931 1843 3964 :

244 3985 554 4044 restiantini.
685 3989 773 4044 25.
807 3992 924 4058 plus
953 4006 966 4042 :
999 3985 1178 4059 (Deest
1208 3990 1260 4042 in
1289 3986 1428 4059 cod.)
1462 4016 1531 4027 —-
1556 3987 1646 4041 24.
1679 3985 1802 4054 quia
1832 4002 1845 4036 :

241 4063 507 4133 quoniam.
539 4091 609 4102 —-
638 4060 778 4115 Ibid.
810 4061 976 4130 pluris
1003 4082 1012 4113 :
1048 4060 1240 4133 plures.
1266 4090 1334 4100 —
1479 4074 1654 4133 neque
1680 4072 1846 4133 :non.

241 4127 314 4172 4—
360 4132 451 4188 28.
506 4144 589 4189 est
630 4135 682 4188 in
711 4127 838 4203 agro
865 4152 876 4186 :
903 4134 954 4186 in
987 4127 1114 4204 agro
1145 4132 1338 4204 eu..—
1363 4129 1450 4185 50.
1479 4131 1626 4204 enim
1651 4148 1663 4180 :
1698 4127 1848 4204 (N_o_n

240 4215 316 4258 est
364 4206 417 4258 in
460 4205 604 4276 cod.)
647 4235 719 4244 —
744 4198 844 4260 51.
893 4198 1171 4278 primum:
1209 4203 1385 4278 (Deest
1412 4204 1472 4278 in
1497 4200 1636 4271 cod.)
1663 4231 1732 4240 -—

242 4275 590 4349 appropiat:
621 4275 910 4349 appmpiet;
957 4307 1027 4318 -—
1068 4275 1156 4349 55.
1208 4276 1260 4328 111
1314 4275 1562 4349 manibus
1607 4276 1845 4349 vestris:

243 4343 469 4412 (Desunt
501 4349 552 4401 in
579 4343 719 4416 cod.)
747 4377 813 4388 -—
835 4347 923 4402 38.
956 4356 1010 4401 et
1040 4350 1110 4402 ita
1140 4347 1439 4402 invenerit:
1468 4343 1616 4416 (Non
1650 4344 1846 4398 haben-

241 4429 328 4471 tur
353 4422 405 4472 in
437 4418 582 4488 cod.)
605 4448 673 4458 —
693 4419 760 4474 59
782 4428 836 4473 et
855 4417 947 4476 44.
970 4420 1252 4488 quoniam:
1276 4420 1414 4486 quia.
1433 4447 1504 4457 --
1527 4418 1613 4488 £5.
1640 4431 1844 4471 servos:

241 4505 453 4559 pueros.
480 4487 664 4544 ——-’47.
699 4506 887 4543 servus
912 4507 926 4542 :
964 4489 1212 4560 (Additur
1237 4489 1289 4542 in
1318 4490 1460 4556 cod.)
1488 4487 1711 4542 —-Ibid.
1742 4505 1800 4542 se
1829 4504 1844 4542 :

242 4561 399 4628 (Non
429 4561 644 4614 habetur
671 4563 723 4613 in
755 4560 901 4628 cod.)
932 4590 1004 4600 —
1027 4561 1116 4614 48.
1154 4575 1281 4612 non.
1315 4561 1488 4628 (Deest
1520 4561 1572 4611 in
1601 4561 1747 4629 cod.)
1777 4591 1847 4603 «—

247 4625 387 4714 Ibid.
418 4644 475 4724 et
505 4633 630 4687 fecit
658 4648 671 4685 :
706 4625 1007 4724 (Adduatur
1037 4632 1097 4724 ila.
1121 4629 1264 4712 cod.)
1285 4625 1356 4670 €—
1378 4629 1474 4724 55..
1495 4634 1544 4683 111
1578 4625 1842 4724 magoni:
1875 4663 1928 4724 Ι)

244 4705 299 4756 in
326 4714 543 4758 matrem
569 4702 737 4757 suam.
769 4734 830 4744 —
859 4702 948 4758 57.
980 4703 1130 4758 Vobis
1156 4702 1286 4771 ipsis
1313 4721 1326 4756 :
1360 4703 1522 4756 vobis.
1551 4731 1621 4742 ——
1654 4704 1746 4758 58.
1778 4703 1846 4758 ad

245 4775 492 4831 Judicem
519 4794 530 4827 :
565 4775 706 4846 apud
729 4771 984 4832 Iudicem.

849 4885 1076 4945 CAPUT
1115 4887 1251 4944 XIII.

329 4982 472 5039 Ver's.
500 4984 550 5038 1.
577 4983 693 5054 ipso
716 4984 768 5040 in
793 4993 1054 5053 tempore,
1081 4984 1390 5054 nuntiantes
1415 5001 1428 5040 :
1462 4983 1576 5052 ipso
1598 4992 1846 5053 tempore,

244 5053 620 5110 renuntiantes.
666 5088 736 5097 —
772 5055 916 5110 Ibid.
963 5055 1082 5109 illi:
1135 5053 1384 5124 (Additur
1427 5057 1479 5108 in
1519 5055 1661 5126 cod.)
1694 5086 1760 5096 —-
1787 5055 1842 5112 2.

245 5126 485 5180 fuerint:
536 5129 763 5195 fuerunt.
807 5159 876 5168 —
905 5126 961 5184 II.
986 5128 1166 5182 Siloe:
1205 5127 1421 5184 Siloam.
1451 5157 1523 5167 —
1551 5126 1690 5181 Ibid.
1726 5127 1843 5184 fuc-

245 5199 396 5254 rint:
427 5203 658 5269 fuerunt.
704 5228 774 5239 -——
821 5199 875 5253 5.
929 5198 1296 5267 pmnitentiam
1349 5214 1454 5253 non
1507 5198 1840 5256 habueritis:

244 5287 348 5324 non
380 5271 727 5340 plenitentiam
749 5271 973 5342 egeritis.
1003 5301 1071 5311 —-—
1102 5271 1154 5324 6.
1185 5269 1414 5326 habebat
1444 5269 1695 5342 quidam:
1732 5273 1846 5342 qui-

244 5339 634 5396 damltabebat.
669 5373 738 5382 -—
766 5339 817 5396 '7.
847 5344 973 5396 anni
999 5354 1107 5396 tres
1138 5361 1148 5394 :
1185 5355 1286 5396 tres
1314 5339 1552 5395 anni.r—
1581 5339 1719 5394 Ibid.
1744 5339 1846 5397 18-

243 5414 378 5467 nio:
429 5415 561 5468 teni.
603 5443 673 5453 ——
718 5413 803 5466 12.
858 5430 974 5467 eam
1005 5433 1016 5466 :
1065 5412 1240 5483 (Deest
1289 5414 1344 5467 in
1371 5413 1511 5481 cod.)
1537 5444 1609 5452 —
1644 5414 1726 5467 15.
1758 5431 1844 5468 re-

242 5485 522 5551 Spondcns
552 5503 562 5536 :
594 5483 876 5552 respondit.
904 5517 974 5525 —
996 5483 1134 5539 Ibid.
1190 5486 1447 5539 Dominus
1487 5486 1630 5539 dixit
1677 5485 1845 5553 hypo-

243 5547 419 5610 crita:
457 5547 706 5609 Dominus
736 5567 782 5608 et
809 5556 941 5609 dixit
985 5557 1288 5626 hypocrita'.
1331 5587 1401 5597 -ο
1445 5556 1583 5611 Ibid.
1635 5547 1794 5610 Sol'vit
1825 5577 1840 5611 :

242 5627 499 5680 solvet.—
528 5628 614 5682 16.
641 5626 742 5680 isto
763 5627 883 5681 die:
913 5628 961 5679 in
989 5631 1087 5679 die.
1114 5657 1183 5667 —-
1207 5629 1290 5682 18.
1316 5629 1491 5683 simile
1515 5627 1794 5683 aestimabo
1827 5647 1838 5680 :

243 5698 413 5752 simile
454 5716 561 5752 esse
600 5697 879 5751 wstimabo.
921 5729 991 5738 ——
1025 5698 1113 5751 23.
1146 5715 1276 5753 vos:
1318 5701 1491 5768 (Deest
1524 5701 1575 5754 in
1603 5700 1744 5770 cod.)
1773 5730 1842 5740 —

245 5771 338 5824 27.
374 5785 467 5823 vos
495 5789 505 5822 :
541 5770 688 5838 (Non
716 5779 789 5821 est
820 5772 870 5821 in
897 5769 1044 5842 cod.)
1067 5801 1134 5808 —
1155 5770 1292 5824 Ibid.
1327 5787 1514 5825 omnes
1541 5791 1550 5823 :
1588 5769 1729 5842 (Nec
1749 5771 1841 5825 lia-

250 5846 394 5914 betur
436 5844 486 5894 in
530 5843 673 5908 cod.)
713 5872 782 5881 —
817 5842 906 5896 29.
940 5854 991 5894 et
1021 5841 1320 5914 Aquilone:
1355 5846 1625 5914 Aquilone.
1651 5873 1719 5885 —
1748 5845 1839 5898 50.

252 5913 346 5972 bis.
381 5923 539 5978 erunt
564 5931 574 5966 :
605 5924 768 5968 erant.
794 5943 866 5954 ——
887 5914 977 5977 51.
1006 5915 1080 5971 illi
1107 5930 1119 5968 :
1149 5913 1470 5986 (Additurin
1492 5917 1638 5988 cod.)
1660 5946 1730 5958 —
1750 5916 1837 5972 52.

1965 589 2033 600 -
2059 561 2145 617 54,
2181 557 2408 628 pennis:
2436 557 2624 624 pinnis.
2657 585 2726 598 --
2754 557 2846 616 55.
2895 551 3144 628 deserta;
3199 551 3349 624 (Non
3391 564 3465 613 est
3512 554 3566 606 in

1963 629 2108 701 cod.)
2133 625 2204 676 -ῐ
2229 628 2369 686 Ibid.
2396 629 2648 686 videbitis
2672 643 2759 684 me
2785 646 2798 680 :
2833 645 2911 684 me
2932 625 3188 682 videbitis.

2559 742 2785 798 CAPUT
2825 741 2968 796 XIV.

2041 835 2188 894 γε...
2221 838 2275 894 1.
2307 837 2463 894 Iesus
2491 857 2503 891 :
2535 837 2794 908 (Deestjn
2825 835 2971 908 cod.)
2997 863 3067 876 -—
3097 835 3159 908 5.
3184 830 3562 908 respondens:

1962 911 2186 968 intuens.
2215 940 2286 950 —
2315 910 2368 966 5.
2400 909 2466 964 ad
2493 902 2652 966 illos:
2685 905 2903 979 (Desunt
2935 902 2989 960 in
3025 903 3168 975 cod.)
3189 935 3269 979 τ-
3297 902 3446 979 Ibid.
3477 920 3568 979 ca-

1962 982 2052 1038 det
2077 999 2092 1038 :
2127 983 2284 1038 cadit.
2309 1011 2378 1022 —-
2403 981 2455 1036 7.
2485 991 2576 1040 et:
2610 976 2758 1051 (Non
2784 977 3002 1051 habetur
3021 981 3076 1051 in
3103 977 3334 1051 cod.)‘——
3354 977 3407 1032 8.
3435 976 3566 1051 Illo:

1961 1071 2038 1108 eo.
2073 1085 2142 1094 —
2172 1055 2260 1112 15.
2293 1066 2383 1108 et:
2419 1051 2569 1120 (Non
2597 1047 2668 1106 est
2699 1053 2748 1106 in
2774 1049 2920 1120 cod.)
2950 1079 3020 1089 ——
3053 1050 3138 1106 14.
3171 1047 3372 1120 habent
3403 1047 3566 1104 retri-

1961 1127 2128 1186 buere
2155 1143 2166 1178 :
2213 1125 2397 1180 habent
2428 1117 2582 1178 unde
2623 1117 2926 1178 retribuere.
2965 1150 3036 1161 -—-
3068 1122 3154 1176 16.
3187 1120 3272 1176 ei;
3307 1117 3482 1188 (Deest
3511 1120 3567 1173 in

1962 1197 2106 1266 cod.)
2130 1226 2202 1238 ——
2225 1196 2311 1252 18.
2346 1197 2503 1254 simul
2536 1211 2758 1252 omnes:
2787 1209 2962 1250 omnes
2985 1190 3161 1248 simul.
3187 1221 3258 1231 --
3278 1191 3368 1248 19.
3396 1191 3561 1250 alter:

1961 1269 2120 1322 alius.
2151 1299 2219 1308 —
2249 1267 2337 1323 21.
2371 1283 2625 1324 reversus
2651 1280 2840 1322 servus
2867 1282 2879 1319 :
2914 1280 3144 1320 reversus
3169 1273 3239 1324 est
3269 1277 3462 1318 servus.
3497 1291 3568 1302 -—-

1959 1337 2049 1395 26.
2077 1351 2128 1394 et
2161 1356 2384 1396 uxorem
2417 1356 2430 1392 :
2486 1355 2715 1396 uxorem.
2756 1366 2824 1376 --
2867 1333 3010 1390 Ibid.
3063 1348 3184 1390 esse
3233 1333 3564 1399 discipulus:

1961 1413 2248 1505 discipulus
2273 1428 2404 1505 Iesse.
2436 1441 2504 1450 —
2535 1410 2623 1492 27.
2655 1425 2828 1505 suam,
2867 1421 2956 1464 et:
3007 1421 3154 1466 suam
3197 1405 3444 1505 quotidie,
3468 1414 3564 1491 ﬁt.

1959 1513 2029 1522 ——
2071 1477 2158 1536 54.
2207 1484 2286 1538 sal
2327 1483 2641 1538 evanucrit:
2693 1481 2773 1536 sal
2816 1495 3016 1548 quoque
3056 1477 3337 1532 eranuerit.
3369 1506 3441 1516 --—
3467 1477 3559 1532 55.

1961 1565 2064 1621 est,
2093 1553 2187 1610 sed
2216 1555 2361 1609 foras
2389 1555 2628 1608 mittetur
2655 1572 2666 1606 :
2701 1553 2820 1615 erit,
2852 1551 2940 1606 sed
2967 1554 3113 1620 [oras
3146 1551 3400 1606 mittatur.

2562 1644 2791 1706 CAPUT
2833 1643 2946 1700 XV.

2046 1737 2190 1792 νοτε.
2214 1739 2267 1794 lt.
2294 1755 2412 1796 eam
2434 1740 2458 1791 ?
2484 1755 2496 1792 :
2520 1738 2667 1794 illam
2686 1738 2726 1790 ?.
2746 1764 2814 1780 -—-
2835 1737 2886 1790 5.
2922 1734 3151 1800 imponit
3175 1751 3185 1788 :
3217 1733 3464 1801 imponet.
3491 1763 3564 1773 —

1962 1811 2012 1864 7.
2041 1820 2270 1880 agente:
2306 1811 2540 1867 habente.
2564 1838 2635 1848 ——-
2654 1807 2797 1880 Ibid.
2828 1805 3114 1873 nonaginta
3140 1820 3332 1860 novem
3359 1822 3371 1856 :
3401 1821 3564 1860 nona-

1884 1883 1933 1944 B
1957 1878 2103 1954 ginta
2130 1892 2174 1936 et
2204 1899 2502 1954 novent._—
2534 1880 2620 1934 16.
2651 1878 2883 1954 implere
2915 1886 3156 1954 ventrem
3202 1891 3361 1954 Sjlllm
3387 1892 3565 1954 inve"-

1955 1947 2084 2008 lrem
2115 1971 2265 2007 suum
2294 1952 2529 2021 implere.
2549 1981 2621 1994 --
2646 1947 2742 2007 18.
2767 1961 2821 2003 et
2850 1949 2970 2006 ibo:
2998 1948 3100 2004 ibo.
3125 1947 3354 2021 -—_Ibid.
3387 1948 3562 2004 dicam

1956 2026 2006 2080 ei
2035 2044 2046 2076 ε
2080 2024 2247 2077 dicam
2275 2017 2377 2078 illi;
2407 2054 2475 2062 —
2524 2022 2610 2077 11.).
2655 2022 2807 2091 jam:
2857 2021 3036 2080 etiam.
3086 2050 3157 2059 —
3200 2017 3290 2074 20.
3339 2028 3562 2091 autem:

1956 2097 2132 2159 (Deest
2161 2098 2212 2148 in
2243 2095 2386 2222 cod?
2415 2125 2485 2136 -—
2513 2090 2666 2152 Ibid.
2691 2109 2852 2162 super
2888 2110 2898 2144 :
2928 2108 3108 2158 supra.
3136 2121 3193 2132 ——
3226 2090 3365 2148 Ibid.
3397 2106 3561 2152 eum:

1956 2165 2128 2221 illum.
2152 2167 2324 2220 -21.
2377 2168 2499 2221 ilius
2523 2178 2664 2222 tuus.
2695 2165 2870 2218 Dixit:
2906 2163 3046 2222 ﬁlius
3068 2173 3203 2222 tuus.
3230 2163 3309 2222 [ac
3333 2179 3412 2216 me
3431 2163 3561 2216 sicut

1954 2165 2128 2221 illum.
2152 2167 2324 2220 -21.
2359 2163 2499 2222 ﬁlius
2523 2178 2664 2222 tuus.
2695 2165 2870 2218 Dixit:
2906 2163 3046 2230 ﬁlius
3068 2173 3203 2227 tuus,
3230 2163 3309 2228 [ac
3333 2179 3412 2216 me
3431 2163 3566 2216 sicut

1959 2253 2116 2301 unum
2143 2237 2206 2292 de
2235 2237 2562 2292 mercenariis
2601 2239 2720 2290 tuis.
2755 2229 2920 2289 Dixit.
2952 2263 3022 2274 -——
3047 2229 3188 2292 Ibid.
3219 2234 3274 2298 in
3305 2249 3520 2290 manum
3550 2250 3562 2285 :

1956 2309 2010 2363 in
2037 2326 2213 2362 manu.
2237 2340 2307 2349 —
2326 2309 2410 2364 26.
2444 2308 2566 2379 quid
2589 2325 2602 2362 :
2629 2322 2760 2378 qtae.
2786 2335 2858 2346 ——-
2877 2305 2966 2362 52.
2997 2305 3280 2375 oportebat
3303 2323 3314 2358 :
3345 2313 3567 2375 oportet.

2553 2421 2780 2478 CAPUT
2822 2420 2958 2475 XVI.

2038 2514 2186 2570 Vera.
2215 2517 2270 2572 9.
2300 2516 2455 2570 vobis
2486 2515 2608 2568 dico
2633 2531 2648 2572 ε
2684 2515 2799 2567 dico
2823 2513 2981 2567 vobis.
3008 2541 3079 2554 -—-
3101 2511 3188 2566 11.
3217 2526 3560 2566 mammona:

1958 2603 2268 2650 mammona.
2300 2616 2371 2628 -
2420 2586 2561 2642 Ibid.
2613 2587 2837 2640 credat:
2891 2585 3086 2639 credet.
3133 2612 3205 2626 ——-
3252 2583 3339 2638 15.
3383 2583 3565 2639 odiet:

1961 2659 2089 2712 odit.
2119 2688 2189 2698 —
2222 2660 2307 2714 18.
2341 2659 2566 2714 alteram
2591 2658 2740 2712 ducit
2767 2676 2778 2710 :
2813 2657 2954 2710 ducit
2980 2657 3215 2708 alterunt.
3249 2683 3319 2696 --
3344 2656 3436 2710 20.
3466 2656 3569 2708 La-

1960 2745 2156 2784 zarus:
2186 2728 2490 2790 Eleazarus.
2522 2730 2703 2800 —-721.
2735 2728 2937 2800 diuitis,
2963 2728 3059 2782 sed
3087 2747 3101 2780 :
3131 2726 3326 2800 diuitis,
3350 2735 3397 2780 st
3419 2742 3568 2782 nemo

1958 2801 2038 2854 illi
2084 2801 2262 2864 dabat,
2305 2803 2417 2858 sed.
2447 2831 2516 2842 --
2543 2799 2634 2854 22.
2669 2799 2949 2856 mendicus
2976 2817 2989 2852 :
3020 2798 3338 2851 mendicans.
3371 2827 3442 2838 --
3467 2800 3561 2852 25.

1958 2884 2138 2944 autem
2160 2892 2172 2926 :
2198 2871 2375 2944 (Deest
2402 2875 2452 2928 in
2476 2873 2620 2939 cod.)
2639 2902 2708 2912 —
2725 2870 3060 2944 Ibiduvidit:
3087 2871 3308 2944 uidebat.
3333 2899 3401 2908 -
3421 2867 3561 2922 Ibid.

1959 2940 2222 3002 Lazarum
2250 2963 2262 2997 :
2290 2944 2625 3004 Eleazarum.
2657 2973 2728 2984 ——
2752 2943 2844 2997 2.1.
2878 2942 3142 2996 Lazarum
3167 2957 3180 2996 :
3227 2940 3561 2995 Eleazarum.

1960 3044 2030 3054 —
2058 3015 2150 3070 25.
2181 3014 2414 3072 Lazarus
2441 3036 2454 3070 :
2483 3015 2787 3069 Eleazarus.
2815 3044 2886 3055 —
2911 3012 3001 3068 26.
3038 3015 3282 3082 possint:
3325 3022 3560 3080 possunt.

1962 3116 2032 3126 —
2057 3088 2150 3140 27.
2187 3098 2274 3159 te:
2308 3088 2459 3159 (Non
2490 3088 2708 3142 habetur
2739 3088 2793 3139 in
2825 3085 2974 3159 cod.)
2997 3114 3068 3125 —-
3111 3086 3204 3138 29.
3248 3083 3414 3159 illos:
3457 3099 3565 3159 eos.

1963 3187 2034 3198 ——
2063 3159 2154 3220 50.
2186 3158 2254 3214 ad
2282 3154 2400 3226 eos,
2431 3161 2801 3230 minitantium
2829 3174 2845 3212 :
2876 3158 2944 3210 ad
2975 3174 3080 3223 eos,
3110 3154 3436 3225 persuadebit
3467 3156 3564 3222 eis,

1964 3241 2012 3284 et
2037 3231 2410 3300 paenitentiam.

2543 3301 2772 3358 CAPUT
2812 3300 2979 3356 XVII.

2037 3397 2184 3454 Vers.
2215 3397 2265 3454 1.
2299 3398 2370 3452 ait
2405 3398 2471 3463 ad
2503 3396 2798 3466 discipulos
2826 3409 2990 3448 suos:
3022 3395 3090 3448 ad
3121 3391 3404 3464 discipulos
3437 3409 3561 3446 suos

1953 3471 2048 3522 ait.
2081 3499 2151 3508 —
2178 3467 2233 3522 2.
2270 3471 2490 3524 utilius:
2525 3471 2671 3520 utile.
2706 3497 2777 3507 --
2817 3466 2955 3520 Ibid.
3007 3468 3352 3536 imponatur:
3400 3480 3564 3536 pona-

1955 3550 2061 3594 tur.
2085 3569 2156 3582 —--
2180 3541 2235 3595 5.
2267 3542 2316 3593 1η
2347 3550 2397 3594 te
2424 3556 2436 3593 :
2476 3539 2698 3607 (Desunt
2726 3539 2781 3591 in
2808 3537 2952 3607 cod.)
2981 3567 3054 3578 -—
3078 3534 3131 3592 5.
3166 3534 3428 3589 Domino:
3464 3534 3563 3588 Do-

1954 3613 2110 3682 mine.
2143 3641 2214 3650 —
2242 3612 2294 3665 7.
2330 3621 2663 3682 pascentem,
2712 3609 2840 3682 qui:
2896 3618 3188 3675 pascentem
3235 3607 3559 3682 boveshqui.

1955 3681 2067 3752 (Ita
2098 3685 2244 3750 prius
2275 3675 2562 3751 leqebatur,
2595 3675 2684 3734 sed
2717 3675 2870 3732 modo
2899 3695 3105 3752 erasum
3131 3687 3217 3752 est
3242 3680 3294 3743 b,
3327 3683 3378 3752 ut
3413 3675 3557 3749 lega-

1955 3749 2040 3807 tur
2069 3749 2243 3817 Oves.)
2289 3749 2341 3793 -ἐ
2373 3752 2512 3806 Ibid.
2548 3754 2725 3806 dicat:
2757 3752 2898 3803 dicit.
2931 3781 2999 3790 —-—
3028 3751 3082 3804 8.
3112 3749 3241 3802 dicit
3267 3764 3282 3802 :
3313 3749 3469 3802 dicet.
3490 3777 3561 3788 --

1954 3823 2006 3878 9.
2041 3826 2132 3879 ei:
2165 3824 2281 3877 sibi.
2313 3853 2384 3864 —-
2412 3823 2496 3877 12.
2529 3826 2660 3876 viri:
2693 3821 2871 3893 (Deest
2893 3823 2944 3876 in
2968 3822 3111 3888 cod.)
3132 3820 3307 3873 —20.
3336 3835 3559 3889 respon-

1953 3897 2072 3950 dit:
2121 3899 2453 3963 respondens.
2503 3924 2574 3934 —
2617 3895 2706 3948 21.
2739 3894 2916 3947 Ecce:
2951 3894 3204 3964 (Additur
3235 3897 3287 3964 in
3318 3893 3462 3958 cod.)
3490 3921 3560 3931 --

1953 3966 2044 4021 25.
2069 3962 2283 4032 Oportet
2308 3969 2485 4021 illum:
2511 3967 2661 4020 illum
2684 3973 2904 4033 oportet.
2932 3962 3002 4004 —'—
3023 3962 3108 4015 52.
3137 3963 3322 4017 uxoris
3349 3979 3358 4013 :
3386 3965 3558 4033 uxori.

1951 4068 2022 4078 —
2053 4035 2140 4092 55.
2173 4040 2494 4107 quicumque
2522 4055 2534 4093 :
2568 4039 2678 4107 qui.
2711 4032 2780 4076 4-
2810 4037 2896 4090 54.
2930 4037 2981 4088 in
3011 4035 3096 4089 illa
3127 4052 3139 4088 :
3170 4033 3289 4107 illa.
3317 4063 3384 4071 —
3412 4032 3555 4088 Ibid.

1953 4125 2090 4162 uno:
2126 4104 2304 4180 (Deest
2327 4111 2380 4163 in
2401 4104 2543 4181 cod.)
2566 4104 2636 4148 4-
2658 4107 2745 4163 57.
2777 4108 2926 4163 illis:
2961 4107 3052 4161 eis.
3076 4135 3147 4146 ——
3167 4104 3308 4160 Ibid.
3333 4114 3386 4160 et
3408 4107 3558 4176 aqui-

1955 4181 2020 4235 la:
2049 4197 2062 4236 :
2095 4182 2306 4251 aquilio.

2521 4251 2749 4308 CAPUT
2789 4249 2980 4310 XVIII.

2032 4347 2178 4402 Vers.
2230 4349 2284 4402 8.
2333 4349 2456 4416 quia
2487 4365 2498 4402 :
2549 4347 2798 4420 (Additur
2819 4349 2879 4420 in
2909 4345 3054 4416 cod.)
3080 4375 3150 4389 -—
3179 4346 3269 4420 10.
3301 4347 3563 4420 ascende-

1953 4419 2084 4476 bant
2109 4438 2120 4472 :
2156 4421 2516 4474 ascenderunt.
2546 4415 2618 4459 '—
2647 4417 2732 4472 11..
2767 4419 2896 4473 Dico
2923 4437 2934 4471 :
2961 4415 3124 4472 Amen
3153 4419 3290 4473 dico.
3322 4447 3394 4460 ———
3418 4415 3558 4471 Ibid.

1949 4491 2019 4544 ab
2047 4492 2135 4545 illo
2167 4509 2177 4542 :
2212 4491 2274 4544 ab
2306 4492 2396 4544 illo
2421 4490 2715 4546 P/tarisa’a.
2741 4520 2812 4530 —
2844 4489 2922 4543 I5.
2957 4490 3110 4556 Quod
3136 4509 3147 4542 :
3186 4490 3349 4554 Quos.
3374 4518 3447 4532 -—
3470 4493 3553 4544 16.

1953 4577 2187 4630 pueros:
2224 4564 2488 4628 parvulos.
2524 4593 2593 4600 —
2621 4561 2763 4616 Ibid.
2811 4575 2993 4614 vetare
3040 4576 3174 4614 eos:
3228 4577 3312 4614 eos
3336 4570 3548 4630 (retere.

1951 4629 2021 4672 4-
2045 4632 2133 4688 22.
2167 4633 2356 4690 Adhuc
2388 4650 2550 4686 unum
2578 4651 2590 4684 :
2623 4632 2804 4686 Adhuc
2829 4630 2967 4684 enim
2989 4648 3172 4686 unum.
3193 4660 3264 4671 ——
3284 4629 3375 4684 24.
3400 4631 3560 4684 Iesus

1955 4705 2107 4759 illum
2135 4720 2145 4754 :
2185 4704 2333 4756 illum
2357 4701 2532 4758 Iesus.
2561 4733 2630 4744 ——
2655 4704 2746 4757 28.
2781 4715 2960 4756 autem
2990 4720 3001 4754 :
3035 4701 3212 4771 (Deest
3233 4703 3286 4755 in
3315 4703 3458 4769 cod.)
3485 4731 3553 4742 -—-

1956 4776 2045 4830 50.
2077 4775 2336 4846 recipiat:
2369 4776 2597 4846 recipiet.
2622 4804 2693 4814 ——
2715 4774 2804 4828 55.
2837 4774 2992 4829 tertia
3022 4775 3109 4832 die
3137 4791 3148 4826 :
3184 4774 3266 4826 die
3297 4774 3468 4828 tertia.

2541 4889 2769 4946 CAPUT
2812 4887 2956 4944 XIX.

2034 4983 2180 5040 Vers.
2219 4985 2274 5039 2.
2306 4982 2559 5054 princeps
2589 4993 2739 5042 erat:
2774 4993 2886 5038 erat
2917 4983 3177 5050 princeps.
3205 5011 3276 5054 —_—
3304 4979 3357 5036 4.
3389 4995 3516 5036 eum
3542 4999 3553 5033 :

1951 5057 2124 5112 illum.
2157 5087 2228 5096 —-
2257 5051 2320 5109 ϐξ
2341 5068 2393 5110 et
2420 5051 2674 5126 excepit:
2707 5057 2928 5121 excepit.
2981 5086 3051 5094 ——
3099 5057 3152 5126 tl.
3205 5051 3314 5107 sit:
3365 5068 3438 5126 es.
3487 5083 3557 5092 —

1957 5131 2044 5185 15.
2077 5130 2193 5184 eis:
2225 5127 2355 5182 illis.
2382 5158 2452 5166 —
2480 5125 2718 5184 11116111
2749 5147 2759 5179 :
2792 5127 2961 5180 illum.
2996 5157 3064 5165 ——
3098 5125 3182 5178 15.
3214 5134 3271 5176 ut
3309 5125 3506 5178 rediret
3539 5141 3554 5179 :

1954 5203 2078 5255 dum
2125 5201 2331 5254 rediret.
2375 5229 2444 5240 --
2485 5197 2625 5252 Ibid.
2671 5202 2833 5252 scirct
2859 5215 2870 5249 :
2900 5198 3158 5251 scriberet.
3196 5225 3266 5236 -—
3294 5195 3381 5248 17.
3416 5195 3555 5250 bone

1954 5289 2132 5336 serve,
2161 5274 2280 5339 quia
2310 5289 2320 5322 :
2353 5271 2484 5324 bone
2512 5286 2654 5328 serve
2679 5280 2725 5323 et
2749 5271 2936 5336 fidelis,
2964 5271 3109 5339 quia.
3136 5297 3206 5308 -—
3230 5266 3373 5321 Ibid.
3406 5265 3552 5339 fuisti

1956 5335 2128 5400 ﬁdelis
2151 5363 2161 5394 :
2181 5335 2358 5412 ﬁdelis
2381 5343 2546 5413 fuisti.
2573 5373 2643 5382 —-
2663 5335 2756 5394 22.
2775 5341 2961 5408 judico
2976 5335 3000 5413 ’ς
3019 5340 3296 5413 “judicabo.
3321 5335 3551 5413 —f-A_Ibid.

1955 5418 2116 5469 homo
2140 5409 2391 5468 austerus
2413 5433 2425 5467 :
2449 5424 2685 5467 austeras
2707 5413 2878 5466 homo.
2897 5411 3066 5464 -25.
3103 5413 3249 5468 illam
3264 5410 3286 5464 ’ἶ
3311 5426 3325 5462 :
3355 5409 3490 5463 illud
3506 5413 3550 5462 ζ).

1953 5518 2025 5527 -—
2055 5486 2143 5540 26.
2181 5486 2454 5540 auferetur
2481 5486 2548 5538 ab
2579 5501 2644 5539 eo
2673 5502 2682 5535 :
2715 5482 2952 5551 aufertur
2979 5485 3041 5536 ab
3069 5482 3182 5535 illo.
3207 5511 3274 5522 —-
3303 5480 3394 5536 29.
3440 5481 3506 5534 ad
3535 5499 3546 5533 :

1951 5557 2128 5621 (Deest
2158 5558 2212 5609 in
2239 5555 2382 5627 cod.)
2410 5583 2482 5594 —-
2509 5557 2598 5610 50.
2629 5567 2932 5627 (1011111991
2959 5573 2969 5605 :
3002 5567 3179 5607 contra
3221 5570 3308 5608 vos
3349 5562 3441 5608 est.
3483 5582 3552 5591 —

1948 5629 2035 5686 51.
2068 5630 2310 5683 solvitis?
2336 5623 2614 5683 :Vsolvistis
2633 5629 2678 5680 ?.
2711 5656 2781 5668 -—-
2808 5623 2948 5679 Ibid.
2979 5640 3201 5696 operam
3228 5643 3238 5676 :
3271 5643 3551 5696 opera._—

1947 5704 2033 5756 55.
2070 5701 2211 5754 illis:
2247 5701 2334 5752 eis.
2370 5731 2440 5739 —
2467 5700 2554 5760 55.
2592 5700 2738 5751 11111111
2769 5718 2780 5750 :
2827 5698 2978 5766 (.Von
3004 5694 3076 5752 est
3103 5699 3156 5749 in
3185 5698 3328 5765 cod.)
3355 5727 3427 5736 --
3453 5694 3546 5749 40.

1946 5774 1991 5827 si
2018 5775 2066 5826 hi
2099 5771 2403 5825 tacuerint:
2437 5772 2488 5824 lii
2517 5772 2561 5822 si
2586 5771 2863 5823 tacuerint.
2893 5800 2962 5809 —
2998 5769 3088 5824 .11.
3132 5769 3352 5823 videns:
3395 5768 3544 5820 vidit.

1946 5874 2015 5885 -—-
2041 5842 2128 5897 12.
2161 5856 2214 5898 et
2244 5843 2457 5912 quidem
2487 5860 2498 5894 :
2533 5843 2785 5913 equidem.
2817 5871 2889 5882 —-
2927 5842 3015 5912 45.
3059 5843 3316 5897 venient:
3360 5838 3546 5892 veniet.

1945 5947 2016 5960 ο·-
2042 5916 2130 5980 44.
2167 5924 2286 5973 tuos
2315 5933 2324 5974 :
2359 5915 2508 5986 (Non
2540 5923 2613 5968 est
2643 5915 2696 5973 in
2728 5914 2873 5987 cad.)
