4118 6334
351 370 488 426 1075

919 372 1312 431 VARIANTES
1347 372 2186 433 LECTIONES.-EPISTOI.A
2228 378 2250 435 I
2288 377 2493 435 PAULI
2536 380 2627 435 AD
2663 379 3095 437 CORINTHIOS.

3484 376 3624 433 1074

344 501 451 568 tem
464 490 685 568 plantat
716 508 729 545 :
761 490 1190 568 plantatautem.
1209 491 1393 568 —_1_2.
1421 506 1620 558 super:
1651 508 1931 568 supra._—
1956 498 2010 557 Α
2035 495 2230 568 venitis
2256 514 2267 548 :
2302 496 2513 550 venistis
2540 495 2650 568 (Ita
2675 496 2827 550 lectio
2849 507 3027 568 vetus;
3050 490 3618 568 modoconvenistis.)

344 564 434 619 15.
464 561 716 617 Domini:
752 562 932 631 (Deest
964 565 1019 617 in
1055 563 1365 633 cod.)—1-1.
1408 577 1570 633 super
1594 564 1885 618 aediﬁcavit
1914 583 1925 617 :

341 651 494 707 super
519 635 868 707 wdi/icata—
898 636 985 690 17.
1017 635 1159 690 enim
1192 644 1439 707 sanctum
1473 652 1486 689 :
1520 636 1657 687 enim
1684 634 1785 687 Dei
1809 652 1931 689 san-

342 704 499 761 ctum.
526 736 597 746 —
628 704 716 760 18.
760 705 931 759 Nemo
962 723 1018 761 se
1046 707 1267 761 seducat
1298 724 1311 759 :
1347 704 1514 760 Nemo
1544 722 1638 760 vos
1665 707 1878 761 seducat
1911 723 1929 759 :

371 780 591 832 Additur
613 777 756 846 vos.)
778 776 957 831 —21.
1002 778 1171 833 Nemo
1213 780 1396 848 itaque
1422 796 1434 830 :
1467 779 1638 847 itaque
1663 794 1831 837 nemo.
1863 808 1932 819 —-

380 852 487 904 bid.
518 848 824 905 hominibus
854 868 865 902 :
901 851 1155 904 omnibus.

957 940 1186 998 CAPUT
1215 942 1305 998 IV.

422 1035 570 1090 Vers.
606 1033 656 1090 1.
680 1044 733 1090 et
762 1034 1077 1108 :_A(Additur
1106 1036 1160 1089 in
1191 1036 1333 1106 eod.)
1362 1066 1432 1076 ——
1458 1037 1510 1091 8.
1541 1036 1780 1105 regnetis
1807 1054 1818 1088 :
1853 1053 1931 1091 re-

343 1109 707 1183 gnaretis.__——
762 1105 901 1183 Ibid.
960 1105 1818 1183 regnemlts_:A'regnaremus._—-
1874 1108 1928 1162 9.

341 1177 486 1250 quod
514 1197 525 1231 :
554 1178 709 1246 (Non
756 1190 827 1250 est
854 1180 909 1232 in
934 1180 1080 1249 cod.)
1100 1209 1171 1219 —
1194 1177 1331 1233 Ibid.
1363 1177 1549 1234 sumus
1575 1179 1776 1233 mundo
1801 1197 1813 1231 :
1837 1196 1930 1233 su-

339 1249 454 1306 mus
477 1251 600 1304 huic
619 1249 831 1322 mundo.
860 1280 931 1289 ——-
954 1252 1041 1305 10.
1069 1260 1276 1305 autem:
1302 1250 1682 1322 (Non/iubetur
1702 1252 1756 1304 in
1784 1252 1931 1322 cod.)

341 1353 412 1364 -ν
445 1325 530 1378 11.
557 1322 610 1377 in
642 1324 779 1376 hanc
816 1321 1005 1377 horam
1039 1324 1147 1376 :ad
1176 1321 1535 1377 haiichoram.
1560 1352 1628 1361 —
1662 1323 1749 1377 17.
1782 1321 1933 1377 com-

341 1393 704 1465 monel‘aciet:
746 1394 1191 1465 commonefaciat.
1222 1424 1293 1435 —
1324 1392 1464 1448 Ibid.
1490 1394 1654 1449 Iesu:
1683 1393 1833 1465 (Non
1856 1403 1932 1448 est

342 1468 398 1522 in
438 1463 585 1538 cod.)
614 1495 684 1505 —
717 1465 805 1520 19.
834 1465 901 1520 ad
924 1463 1023 1521 vos
1053 1467 1160 1520 cito
1190 1484 1201 1519 :
1235 1467 1334 1520 cito
1355 1474 1420 1519 ad
1446 1482 1553 1520 vos.

962 1560 1191 1617 CAPUT
1226 1560 1287 1617 V.

422 1654 571 1709 Vers.
602 1652 656 1707 1.
688 1668 808 1708 cum
847 1653 1047 1709 virtute
1079 1655 1292 1709 Domini
1330 1654 1503 1710 nostri
1539 1672 1552 1705 :
1593 1671 1709 1707 cum
1744 1654 1931 1708 virtute

340 1725 577 1781 Domini.
607 1755 678 1766 —
700 1726 753 1778 5.
788 1727 841 1779 in
867 1726 954 1781 die
980 1726 1192 1781 Domini
1222 1728 1397 1781 nostri
1428 1725 1557 1781 Iesu
1587 1726 1789 1780 Christi
1826 1744 1836 1778 :
1877 1727 1930 1779 in

341 1799 426 1852 die
460 1796 664 1851 Domini
688 1795 831 1852 Iesu.
862 1827 933 1838 —-
962 1800 1013 1853 6.
1048 1814 1153 1853 non
1177 1807 1261 1853 est
1294 1819 1305 1850 :
1336 1814 1459 1851 non.
1489 1827 1557 1836 ——-
1587 1798 1673 1851 10.
1708 1799 1885 1851 exisse
1912 1815 1923 1848 :

340 1872 502 1960 exire.
526 1899 597 1960 -—‘
618 1870 707 1923 11.
732 1868 1076 1960 commisceri
1108 1889 1120 1924 :
1147 1870 1552 1960 commisseriiit':
1576 1867 1688 1960 (Ita
1710 1868 1928 1960 habebat
1962 1898 2009 1960 Β

344 1942 494 1996 lectio
517 1950 660 1996 vetus
682 1955 699 2002 ;
718 1940 868 1995 modo
891 1953 1065 1995 autent
1097 1942 1497 2010 superscribitur
1519 1940 1672 1995 lectio
1694 1940 1926 2008 excusa.)

954 2036 1181 2093 CAPUT
1225 2037 1311 2093 VI.

422 2129 565 2185 Verr.
601 2131 683 2186 11.
715 2131 923 2185 nostri:
950 2134 1123 2186 omnia
1152 2133 1279 2186 mihi
1304 2133 1477 2196 licent,
1507 2129 1597 2185 sed
1626 2146 1731 2182 non
1759 2128 1933 2181 omnia

343 2204 623 2274 trdiﬁcanl.
652 2232 725 2244 —
756 2203 842 2257 15.
893 2207 1030 2257 has:
1082 2206 1211 2257 hwc.
1258 2234 1331 2243 —-
1376 2204 1466 2258 15.
1515 2209 1642 2256 sunt
1681 2198 1882 2255 Christi
1916 2218 1928 2251 :

343 2276 536 2332 Christi
565 2285 703 2329 sunt.
732 2306 803 2316 ——
835 2275 921 2330 19.
965 2284 1090 2329 sunt
1116 2293 1128 2329 :
1150 2284 1248 2330 est.

953 2366 1179 2426 CAPUT
1219 2365 1332 2422 VII.

434 2464 577 2518 Vers.
610 2463 659 2516 4.
695 2462 891 2519 habet:
935 2464 1137 2518 habeat.
1170 2492 1240 2503 ——
1265 2463 1318 2514 7.
1364 2460 1566 2515 donum
1600 2458 1763 2513 habet
1792 2474 1805 2511 :
1840 2458 1935 2511 ha-

352 2537 431 2591 bet
463 2537 671 2590 donum.
701 2566 767 2574 —
794 2540 847 2590 8.
884 2547 940 2589 et
976 2536 1151 2589 viduis
1175 2550 1190 2588 ε
1214 2534 1303 2588 sed
1328 2534 1516 2586 viduis.
1540 2560 1612 2569 —
1634 2528 1775 2583 Ibid.
1809 2542 1931 2598 per-

349 2616 608 2661 manent:
641 2618 896 2660 maneant.
920 2638 991 2648 —-
1017 2607 1070 2663 9.
1116 2608 1258 2661 enim
1294 2624 1306 2656 :
1341 2603 1591 2670 (Additur
1617 2602 1670 2654 in
1693 2601 1835 2672 cod.)
1863 2630 1933 2639 -—

349 2681 435 2733 14.
480 2695 575 2747 per
610 2680 888 2733 mulierem
928 2679 1138 2733 ﬁdelem
1168 2696 1180 2729 :
1223 2678 1277 2729 in
1306 2678 1519 2730 muliere
1541 2674 1705 2747 ﬁdeli.
1734 2703 1806 2747 -έ-
1840 2672 1929 2747 15.

345 2744 490 2803 enim
522 2751 765 2805 servituti
799 2751 1076 2818 subjectus
1107 2759 1190 2804 est
1223 2766 1236 2802 :
1267 2763 1340 2803 est
1386 2747 1518 2801 enim
1550 2745 1783 2818 servituti
1813 2744 1935 2818 sub-

334 2822 524 2891 jectus.
553 2852 623 2861 ——
652 2820 790 2877 Ibid.
825 2816 932 2876 non
978 2824 1153 2876 Deus:
1188 2836 1278 2873 nos
1312 2819 1585 2873 Dominus.
1609 2816 1791 2891 7—16.
1836 2816 1930 2891 bis.

344 2884 582 2948 Iacies‘l:
617 2894 777 2964 facias
796 2896 837 2948 ?.
864 2924 934 2932 —
958 2893 1047 2947 21.
1086 2893 1201 2947 lieri
1232 2893 1367 2946 liber
1396 2909 1407 2941 :
1439 2888 1725 2964 liber_ﬁeri.
1750 2884 1929 2938 ~24.

343 2965 399 3018 in
432 2981 537 3035 quo
584 2958 801 3020 vocatus
847 2976 928 3035 est
959 2982 972 3019 :
1022 2966 1286 3018 invocatus
1317 2970 1431 3035 με.
1453 2992 1523 3001 ——
1557 2958 1936 3035 Ibid._perma-

342 3028 469 3090 neat
498 3056 509 3089 :
544 3046 767 3091 maneat.
799 3067 868 3076 —-
891 3034 982 3089 25.
1017 3047 1195 3089 autem
1231 3052 1245 3088 :
1278 3032 1463 3104 (Deest
1487 3035 1542 3085 in
1575 3028 1715 3100 cod.)
1743 3060 1812 3068 —
1838 3028 1931 3083 29.

343 3116 445 3162 et:
505 3107 653 3182 (Non
702 3116 773 3161 est
816 3110 869 3161 in
909 3106 1052 3178 cod.)
1080 3105 1260 3182 —511:
1314 3113 1498 3182 sancta
1550 3114 1624 3182 ct_
1654 3114 1886 3182 corpore
1920 3118 1931 3151 :

340 3172 523 3233 sancta
551 3197 780 3248 corpore.
817 3210 888 3220 -—
927 3182 1013 3234 55.
1035 3172 1103 3233 ἐι
1134 3197 1145 3229 :
1183 3177 1328 3248 (Non
1366 3178 1578 3229 habetur
1607 3174 1661 3226 in
1693 3172 1935 3248 cod.)__-—

340 3252 431 3348 59:
464 3254 565 3348 leg‘i
599 3270 609 3303 ι
638 3244 823 3348 (ρεξτε⁸
845 3253 894 3334 in
924 3251 1066 3348 cq‘d.)
1094 3280 1166 3348 -—:—
1193 3244 1343 3302 Ibid.
1375 3248 1611 3330 liberata
1648 3255 1731 3300 est
1762 3262 1774 3298 :
1803 3244 1931 3298 libe-
1960 3284 2006 3348 C

346 3332 461 3376 rata
487 3332 560 3378 est
586 3339 617 3376 a
645 3323 753 3396 lege
776 3323 892 3377 viri.
925 3323 1016 3378 10.
1051 3330 1229 3377 autem
1258 3339 1269 3371 :
1300 3321 1457 3373 enim.

939 3416 1166 3473 CAPUT
1204 3416 1341 3471 VIII.

423 3514 571 3569 Vers.
598 3516 650 3571 1.
679 3515 903 3571 scientia
930 3513 1079 3568 inllat
1107 3531 1121 3567 :
1153 3512 1365 3564 scientia
1392 3518 1563 3563 autem
1588 3508 1759 3578 inflat.
1780 3538 1851 3548 —
1876 3507 1931 3561 2.

341 3590 387 3643 si
410 3588 531 3658 quis
553 3596 733 3643 autem
761 3603 821 3642 se
858 3587 1133 3641 existimat
1164 3602 1182 3658 ξ
1211 3584 1254 3637 si
1296 3582 1411 3658 quis
1440 3580 1718 3658 edistimat
1760 3597 1833 3633 se.
1866 3609 1937 3658 -_-_-

341 3661 398 3715 4.
428 3649 551 3713 est:
580 3658 757 3727 (Deest
804 3659 857 3711 in
901 3658 1051 3727 cod.)
1071 3656 1211 3709 —-8.
1256 3649 1400 3709 enim
1428 3670 1441 3705 ε
1470 3649 1653 3727 (Deest
1702 3652 1756 3704 in
1783 3652 1936 3727 cod.)

341 3730 571 3784 —Ibid.
589 3724 638 3785 ἐἰ
662 3724 1202 3785 manducaverimus:
1230 3727 1274 3780 si
1300 3741 1400 3779 non
1423 3724 1929 3777 manducaverimus.

342 3834 414 3843 -—
438 3801 577 3857 Ibid.
614 3801 1007 3857 abnndabimus
1049 3816 1061 3852 :
1114 3799 1432 3864 deﬁciemus.
1474 3824 1546 3835 ——
1578 3792 1723 3848 Ibid.
1777 3809 1883 3848 non
1916 3812 1929 3846 :

342 3874 520 3947 (Deest
547 3874 605 3928 iu
629 3872 776 3944 cod.)
798 3901 867 3915 —-
893 3869 1033 3924 Ibid.
1060 3871 1372 3925 deliciemus
1400 3886 1410 3919 :
1443 3865 1837 3920 abundabimus.

968 3964 1193 4021 CAPUT
1226 3963 1318 4017 IX.

420 4061 572 4117 Vers.
605 4060 657 4116 1.
696 4059 973 4115 Christum
1015 4078 1027 4112 :
1074 4058 1230 4130 (Non
1262 4066 1336 4110 est
1380 4054 1603 4130 incod.)
1632 4052 1786 4130 -—_2.
1820 4054 1886 4130 Et
1917 4072 1934 4130 _:

350 4134 531 4202 (Deest
554 4134 609 4187 in
633 4133 868 4202 cod.)——
890 4130 1029 4185 Ibid.
1056 4124 1109 4185 in
1134 4130 1362 4184 Domino
1390 4146 1401 4179 :
1430 4126 1654 4202 (Desunt
1700 4128 1754 4179 in
1792 4124 1935 4202 cod.)

344 4196 415 4246 ἐ-
442 4205 495 4263 5.
528 4196 812 4260 mulierein
853 4219 1093 4259 sororem
1132 4220 1143 4253 :
1191 4216 1421 4253 sororem
1442 4196 1754 4252 mulierem.
1783 4225 1852 4237 —
1879 4196 1934 4250 6.

342 4294 445 4347 ego
475 4278 627 4331 solus
660 4294 672 4328 :
724 4280 867 4330 solus
912 4292 1023 4345 ego.
1054 4276 1199 4327 —-7.
1233 4281 1289 4347 et
1323 4272 1394 4347 de
1439 4270 1617 4347 fructu
1665 4269 1786 4337 ejus
1829 4283 1935 4322 non

344 4339 491 4404 edit?
519 4364 533 4401 :
582 4358 630 4400 et
659 4352 881 4418 fructum
909 4339 1021 4416 ejus
1056 4363 1157 4399 non
1185 4346 1299 4418 edet
1316 4344 1361 4398 ?.
1394 4339 1774 4418 —12._qunre
1812 4359 1826 4418 _:
1865 4350 1934 4418 et.

344 4446 413 4460 -ο
440 4420 527 4474 15.
560 4420 611 4472 in
638 4411 888 4473 Sacrario
922 4411 947 4472 τ’
969 4420 1022 4472 in
1068 4416 1349 4472 Sacrariis.
1380 4443 1450 4453 ——
1478 4412 1619 4466 Ibid.
1654 4422 1707 4465 et
1737 4412 1828 4479 qui
1851 4411 1935 4464 al-

347 4491 449 4545 tari
477 4490 803 4549 deserviunt.
831 4505 950 4541 cum
979 4489 1131 4541 altari
1166 4505 1179 4538 :
1213 4488 1297 4554 qui
1329 4484 1525 4536 altario
1556 4484 1781 4536 serviunt
1819 4498 1934 4535 cum

344 4562 555 4617 altario.
589 4562 769 4614 -15.
805 4559 920 4614 Non
968 4569 1144 4612 autem
1179 4558 1369 4621 scripsi
1404 4574 1415 4606 :
1458 4554 1581 4606 Non
1615 4554 1799 4623 scripsi
1829 4570 1931 4605 au-

344 4645 466 4689 tem.
491 4663 563 4673 —
594 4634 679 4688 16.
715 4632 844 4686 Nam
889 4640 943 4684 et
983 4632 1068 4683 si:
1105 4628 1240 4681 Nam
1266 4629 1332 4680 si.
1363 4655 1434 4665 ——
1459 4623 1601 4678 Ibid.
1644 4625 1773 4676 mihi
1803 4632 1929 4677 est:

344 4716 420 4760 est
444 4705 589 4761 mihi.
617 4736 688 4747 -——
721 4705 806 4758 17.
840 4704 939 4757 hoc
971 4701 1136 4755 :luec.
1161 4728 1232 4739 ——
1261 4698 1351 4753 18.
1377 4708 1432 4751 ut
1454 4711 1560 4749 non
1593 4712 1605 4747 :
1633 4704 1680 4747 et
1711 4710 1833 4749 non.

967 4793 1194 4850 CAPUT
1233 4792 1301 4849 Χ.

426 4892 574 4948 Vers.
605 4892 661 4947 8.
681 4892 812 4947 tria:
840 4887 1244 4958 quatuor.—15.
1266 4887 1425 4941 etiam
1452 4901 1570 4958 cum
1596 4884 1929 4958 tentatione:

345 4982 461 5019 cum
491 4966 770 5018 tentatione
797 4965 972 5018 etiam.
1003 4992 1070 5001 —
1102 4961 1191 5015 15.
1237 4960 1335 5028 ipsi
1364 4977 1373 5011 :
1406 4957 1584 5027 (Deest
1609 4959 1661 5010 in
1688 4957 1832 5028 cod.)
1862 4986 1930 4995 —

348 5037 437 5090 17.
469 5051 658 5090 omnes
679 5038 768 5104 qui
797 5054 808 5087 :
842 5051 957 5087 nam
990 5050 1180 5086 omnes.
1215 5027 1282 5070 4
1312 5029 1451 5083 Ibid.
1477 5045 1613 5099 pane
1638 5027 1928 5104 participa-

346 5123 466 5162 mus
496 5128 505 5159 :
542 5101 767 5177 pane,'et
790 5107 852 5159 de
884 5122 985 5159 nno
1015 5105 1173 5158 calice
1195 5104 1693 5177 p_articipaiiius.‘_—
1716 5101 1805 5177 20.
1836 5109 1923 5153 et:

346 5179 497 5263 (Non
533 5172 612 5263 lest
647 5172 702 5231 in
730 5178 881 5263 eod.)
906 5206 975 5218 -—
1000 5177 1093 5263 22.
1127 5186 1173 5229 et
1207 5175 1304 5255 25ἶ
1342 5172 1470 5263 mihi
1510 5172 1690 5263 :‘(fVon
1715 5172 1929 5263 habeéu‘r

344 5240 399 5305 in
448 5251 589 5322 cod.)
636 5282 687 5291 να
729 5250 821 5303 28.
868 5240 1247 5322 immolatum;
1286 5240 1694 5322 innnolatitium.
1741 5240 1927 5298 —-29.

346 5322 521 5377 aliena
548 5316 721 5378 z'alia.
746 5351 818 5361 -—
844 5320 930 5375 51.
964 5321 1075 5374 sive
1103 5316 1247 5373 aliud
1280 5335 1291 5368 :
1324 5316 1398 5369 vel
1418 5316 1584 5369 aliud.

954 5411 1181 5468 CAPUT
1234 5408 1326 5468 XI.

429 5509 580 5566 Vers.
606 5510 660 5565 2.
686 5525 784 5581 per
812 5508 988 5563 omnia
1015 5525 1027 5559 :
1050 5508 1101 5561 in
1128 5507 1324 5581 omnia.
1368 5533 1436 5543 -
1468 5501 1518 5556 5.
1547 5501 1689 5581 enim
1713 5508 1794 5555 est
1820 5517 1831 5551 :
1860 5508 1934 5553 est

348 5586 504 5639 enim.
542 5612 609 5625 -
640 5573 702 5637 6:
739 5582 1022 5635 tondeatur
1055 5597 1065 5627 :
1100 5590 1148 5631 et
1191 5578 1487 5631 tondeatur.
1521 5604 1591 5613 ——
1631 5573 1684 5626 7.
1737 5587 1931 5638 suum;

348 5656 501 5729 (Non
542 5663 616 5708 est
662 5655 715 5706 in
746 5651 891 5721 cod.)
934 5679 1006 5690 ——-
1034 5648 1176 5703 Ibid.
1212 5648 1304 5701 Dei
1335 5657 1422 5704 est
1447 5665 1459 5699 :
1484 5655 1556 5700 est
1599 5642 1715 5697 Dei.
1742 5670 1812 5729 _-—
1841 5641 1929 5698 10.

348 5726 509 5798 Supra
542 5738 703 5796 caput
745 5733 959 5793 propter
991 5741 1001 5776 :
1043 5737 1197 5789 super
1226 5729 1383 5798 caput
1411 5734 1560 5798 suum
1604 5726 1833 5798 propter.
1863 5743 1934 5753 —

350 5786 438 5856 12-.
474 5801 554 5853 vir
582 5786 675 5868 per
706 5786 987 5851 mulierem
1019 5812 1029 5845 :
1074 5786 1162 5868 per
1194 5786 1805 5868 mulierent_vir.'-:-_15.
1844 5800 1935 5841 vos

352 5872 455 5939 ipsi
487 5892 496 5923 :
536 5859 595 5924 Iri
636 5870 775 5923 vobis
800 5870 947 5940 ipsis.
993 5896 1065 5907 -—-
1102 5865 1184 5940 I't'.
1217 5862 1581 5940 notrlandnns
1610 5880 1620 5912 :
1647 5859 1768 5940 (Ita
1798 5875 1936 5912 nunc

351 5930 540 6016 legitur
570 5944 718 5997 lectio
740 5930 879 5995 t'etits
909 5939 1219 5997 collaudatis
1252 5934 1513 6000 habebat.)
1545 5964 1611 5971 —-
1636 5930 1776 5989 Ibid.
1806 5946 1935 5984 con-

1960 4673 2015 4734 D

2036 597 2105 605 —
2137 566 2224 621 18.
2258 568 2399 623 inter
2428 584 2524 640 vos
2550 564 2571 622 ἐ
2592 567 2815 640 (Desunt
2848 567 3079 640 inrcod.)
3111 597 3180 606 --
3210 566 3388 640 19._nt
3409 577 3463 619 et
3488 564 3620 640 qui:

2035 648 2084 691 et
2110 639 2197 705 qui
2244 649 2320 693 ut.
2365 669 2438 679 —
2479 638 2572 693 25.
2601 637 2811 694 'bibelis
2846 659 2856 692 :
2902 639 3142 693 biberitis.
3188 669 3258 677 —
3297 637 3388 692 26.
3427 637 3615 691 enim:

2036 708 2212 778 (Deest
2237 711 2289 762 in
2313 710 2455 779 cod.)
2486 742 2556 750 —
2588 710 2728 764 Ibid.
2776 712 2998 765 Calicem
3027 710 3219 764 bibetis
3252 727 3265 761 :
3300 709 3507 762 calicem
3538 709 3615 779 is-

2037 792 2142 833 tum
2177 782 2373 835 bibetis.
2407 778 2476 821 +-
2502 781 2592 837 27.
2644 782 2787 837 hunc
2822 802 2833 833 :
2872 781 3021 853 (Non
3050 791 3125 833 est
3158 781 3215 853 in
3258 779 3372 833 cod.
3394 783 3411 849 )
3433 809 3508 853 —_
3528 778 3620 833 28.

2035 864 2214 925 autem
2246 868 2304 925 se
2334 853 2508 922 ipsum
2535 871 2547 906 :
2572 871 2625 909 se
2646 856 2815 925 ipsum
2837 850 3027 907 autem.
3058 882 3127 891 ——
3155 852 3245 908 55.
3277 865 3400 907 cum
3430 868 3442 907 :
3474 850 3623 912 dum.

2032 953 2106 964 -——
2134 923 2223 980 51.
2247 924 2533 995 disponam
2559 942 2572 979 :
2600 923 2872 997 disponam
2893 925 3051 979 vobis.

2648 1016 2875 1074 CAPUT
2915 1016 3032 1074 XII.

2115 1108 2260 1164 Verr.
2314 1109 2398 1163 12.
2435 1119 2616 1167 tamen
2650 1110 2869 1179 :(Deest
2897 1111 2951 1163 in
2990 1107 3130 1178 cod.)
3160 1139 3229 1149 —-
3258 1107 3345 1179 15.
3380 1108 3435 1163 iu
3459 1124 3623 1165 unum

2035 1180 2287 1250 baptizati
2316 1200 2329 1235 :
2362 1182 2414 1232 in
2445 1199 2603 1235 unum
2646 1198 2831 1250 corpus
2860 1182 3125 1249 baptizati.
3161 1210 3231 1220 ——
3257 1178 3398 1233 Ibid.
3434 1196 3625 1236 omnes

2034 1252 2087 1307 in
2109 1268 2217 1306 uno
2249 1269 2262 1305 :
2296 1269 2469 1307 omnes
2499 1271 2619 1308 uno.
2651 1284 2721 1293 —-
2747 1255 2833 1309 15.
2868 1255 3119 1320 quoniam
3152 1269 3165 1305 :
3201 1251 3360 1317 Quia.
3388 1283 3460 1292 —
3481 1250 3622 1305 Ibid.

2036 1341 2144 1379 non
2191 1340 2310 1377 sum
2334 1325 2410 1397 de
2454 1340 2682 1397 corpore
2717 1343 2727 1376 :
2781 1326 3030 1397 (Additur
3069 1325 3236 1393 sum.)
3268 1352 3339 1365 -—
3370 1322 3455 1397 16.
3481 1323 3627 1390 Quo-

2035 1397 2179 1467 niam
2216 1414 2226 1447 :
2254 1395 2398 1467 quia.
2440 1427 2509 1435 -—
2537 1395 2626 1452 25.
2660 1395 2905 1451 membra
2932 1411 3051 1450 esse
3094 1413 3106 1445 :
3150 1412 3258 1449 esse
3280 1395 3523 1449 membra.
3553 1426 3627 1439 -—

2032 1465 2123 1521 24.
2156 1465 2343 1521 deerat
2368 1485 2381 1521 :
2411 1467 2643 1522 deerant.
2686 1497 2756 1509 -—-
2801 1467 2892 1525 26.
2931 1467 3236 1537 gloriatur:
3279 1466 3623 1535 gloriﬁcatur.

2034 1569 2105 1611 -τ-
2131 1538 2220 1592 50.
2256 1538 2582 1611 loquuntur?
2622 1559 2632 1592 :
2664 1536 3003 1611 loquentur?.
3034 1569 3091 1579 —
3142 1536 3230 1593 51.
3259 1537 3575 1595 demonstro
3605 1556 3621 1595 :

2033 1609 2414 1666 demonstrabo.

2623 1680 2850 1739 CAPUT
2892 1682 3033 1738 XIII.

2111 1773 2262 1829 Vers.
2294 1775 2349 1828 2.
2374 1785 2428 1829 et
2458 1774 2505 1829 si
2529 1776 2768 1832 habuero
2791 1791 3005 1830 omnem
3034 1794 3045 1827 :
3078 1784 3124 1829 et
3151 1774 3380 1829 habuero
3402 1790 3624 1828 omnem.

2034 1847 2171 1901 —5.
2202 1846 2273 1901 ita
2310 1864 2321 1898 :
2354 1845 2505 1915 (Non
2534 1857 2610 1902 est
2638 1849 2693 1902 in
2719 1848 2863 1917 cod.)
2885 1847 3066 1902 —-11.
3097 1854 3275 1901 autem
3310 1863 3322 1900 :
3358 1844 3492 1917 (Nec
3522 1844 3624 1898 Ita-

2039 1917 2183 1972 betur
2226 1919 2281 1971 in
2321 1918 2466 1989 cod.)
2506 1949 2578 1962 -
2607 1919 2691 1975 12.
2731 1929 2787 1974 et
2816 1919 3061 1989 cognitus
3097 1936 3109 1972 :
3152 1927 3200 1971 et
3222 1934 3313 1989 ego
3358 1918 3620 1988 cognitus.

2039 2019 2108 2030 —
2143 1989 2225 2044 15.
2258 1992 2450 2045 horum
2484 2008 2495 2043 :
2529 1991 2631 2046 his.

2638 2083 2865 2140 CAPUT
2903 2083 3045 2139 XIV.

2114 2172 2266 2247 Vers.
2309 2174 2363 2229 2.
2393 2176 2537 2247 enim
2570 2193 2583 2227 :
2615 2186 2807 2247 autem.
2837 2207 2908 2215 —
2928 2175 2983 2229 4.
3007 2176 3098 2245 qui
3124 2185 3303 2247 autem
3336 2175 3628 2247 prophetat

2037 2246 2323 2300 ecclesiam
2355 2246 2590 2301 aediﬁcat
2621 2264 2634 2300 :
2668 2246 2973 2318 (Adduntur
3008 2250 3062 2302 in
3101 2246 3242 2318 cod.)
3272 2246 3347 2287 —'
3379 2248 3430 2301 5.
3457 2249 3627 2301 inter-

2035 2326 2313 2387 pretetur:
2339 2328 2395 2389 ut
2425 2320 2810 2388 interpretetur.
2834 2349 2906 2361 -—
2927 2320 2981 2374 6.
3006 2320 3159 2373 vobis
3183 2320 3370 2389 loquar
3405 2337 3419 2373 :
3448 2320 3627 2388 loquar

2034 2389 2195 2442 vobis.
2222 2418 2294 2427 —
2336 2388 2473 2442 Ibid.
2521 2401 2611 2442 aut
2652 2389 2705 2443 in
2750 2392 3055 2460 pr0phetia.
3105 2402 3200 2444 aut
3240 2388 3293 2446 in
3342 2390 3623 2445 doctrina:

2036 2459 2463 2531 autprophwtia,
2492 2470 2577 2513 aut
2607 2459 2867 2518 doctrina.
2894 2492 2964 2501 —
2986 2463 3040 2516 7.
3068 2464 3337 2515 ευιιὶιυιιιη
3363 2477 3378 2514 :
3401 2464 3622 2515 sonitus.

2035 2561 2107 2572 —
2134 2529 2271 2604 Ibid.
2310 2533 2359 2585 id
2404 2533 2545 2601 quod
2578 2551 2589 2585 :
2632 2533 2789 2603 quod.
2823 2564 2892 2573 —
2931 2535 3021 2589 15.
3063 2541 3179 2585 est:
3219 2533 3368 2604 (Non
3406 2533 3621 2587 habetur

2034 2604 2087 2656 in
2119 2602 2258 2673 cod.)
2290 2633 2359 2642 —
2382 2604 2469 2658 16.
2501 2605 2589 2673 qui
2618 2602 2832 2673 supplet
2869 2606 3044 2659 locum
3078 2602 3260 2659 idiota:
3295 2623 3306 2656 :
3338 2605 3452 2673 quis
3492 2621 3620 2675 sup-

2035 2675 2143 2744 plet
2173 2674 2337 2747 lorum
2356 2675 2598 2747 idiotte?.
2631 2704 2701 2716 —
2729 2676 2814 2747 18.
2847 2691 2966 2731 meo
3000 2694 3011 2729 :
3052 2675 3241 2747 (Deest
3274 2677 3329 2729 in
3366 2674 3522 2747 cod)
3551 2674 3623 2716 +-

2037 2747 2125 2802 19.
2156 2757 2246 2800 et:
2279 2745 2439 2819 (Non
2483 2756 2555 2799 est
2590 2748 2646 2819 in
2673 2746 2816 2819 cod.)
2846 2777 2915 2788 -—
2943 2748 3032 2801 2U.
3063 2745 3301 2802 'Fratres
3346 2765 3358 2798 :
3399 2745 3619 2800 Fratres

2037 2820 2149 2871 mei.
2187 2848 2255 2860 --
2284 2816 2423 2870 Ibid.
2460 2818 2712 2891 sensibus
2727 2816 2921 2891 autem
2970 2821 3191 2886 perfecti
3222 2829 3449 2891 estote‘:
3483 2819 3617 2891 (Ad-

2038 2891 2234 2943 duntur
2254 2891 2307 2942 in
2335 2889 2481 2958 cod.)
2511 2919 2581 2930 —
2604 2888 2694 2944 21.
2726 2890 2783 2944 In
2815 2891 2931 2960 lege
2960 2891 3217 2960 scriptum
3248 2900 3329 2944 est
3355 2908 3366 2941 :
3400 2888 3466 2941 In
3495 2888 3622 2960 lege

2041 2963 2174 3015 enim
2205 2962 2453 3029 scriptum
2494 2971 2586 3014 est.
2616 2991 2688 3001 —
2716 2962 2805 3015 22.
2839 2962 2935 3017 sed
2976 2962 3281 3017 inﬁdelibus
3311 2980 3322 3013 :
3368 2960 3618 3029 (Addun-

2040 3044 2124 3085 tur
2152 3034 2207 3084 in
2237 3032 2382 3101 cod.)
2416 3060 2488 3073 -—
2530 3032 2621 3087 25.
2652 3044 2743 3087 aut
2771 3051 2783 3085 :
2819 3044 2885 3087 et.
2933 3064 3003 3074 ——
3033 3034 3120 3087 25.
3144 3034 3355 3087 occulta
3386 3034 3570 3085 cordis
3605 3051 3617 3086 :

2037 3106 2239 3159 occulta
2279 3104 2431 3156 etiam
2471 3104 2655 3158 cardis.
2691 3136 2759 3145 ——
2800 3103 2937 3159 Ibid.
2972 3105 3104 3158 lium
3136 3123 3146 3157 :
3192 3104 3336 3173 ﬁent.
3376 3133 3446 3143 —
3477 3101 3621 3157 Ibid.

2038 3175 2115 3248 sit
2141 3193 2152 3226 :
2178 3185 2270 3248 est.
2309 3203 2377 3215 -—
2401 3174 2488 3248 27.
2539 3185 2595 3227 ut
2620 3194 2647 3248 :A
2682 3174 2861 3248 (Deest
2901 3179 2955 3229 in
2982 3177 3128 3247 cod.)
3154 3206 3219 3215 -—
3261 3175 3351 3233 29.
3388 3185 3569 3248 autem
3602 3194 3617 3228 :

2039 3246 2189 3316 (Non
2225 3245 2442 3301 habetur
2473 3247 2527 3299 in
2553 3245 2699 3318 cod.)
2727 3278 2796 3288 —-
2823 3248 2911 3303 51.
2946 3249 3086 3303 enim
3109 3245 3345 3302 omnes:
3381 3245 3615 3317 (Addun-

2041 3328 2125 3373 tur
2148 3319 2201 3371 in
2229 3318 2371 3389 cod.)
2400 3348 2470 3391 -έ
2498 3318 2585 3372 55.
2611 3331 2663 3372 et
2697 3338 2708 3371 :
2762 3319 2909 3391 (Non
2937 3329 3009 3373 est
3049 3320 3101 3373 in
3124 3319 3274 3391 cod.)
3307 3348 3374 3391 έ-
3399 3320 3499 3391 54.
3528 3332 3619 3391 ec-

2039 3390 2222 3446 clesiis
2252 3408 2263 3444 :
2291 3390 2524 3444 ecclesia.
2556 3420 2625 3430 —
2651 3390 2740 3445 40.
2772 3389 2825 3445 in
2853 3392 3006 3447 vobis
3039 3408 3051 3445 :
3076 3390 3296 3463 (Desunt
3322 3390 3377 3444 in
3405 3389 3549 3460 cod.)

2649 3480 2874 3537 CAPUT
2903 3482 3013 3540 XV.

2118 3575 2267 3631 Vers.
2308 3577 2361 3631 5.
2393 3575 2498 3630 hoc
2536 3575 2785 3631 undecim
2819 3594 2831 3630 :
2863 3578 2971 3632 htec
2997 3578 3102 3631 illis
3133 3578 3393 3632 undecim.
3425 3604 3498 3618 —-
3527 3576 3613 3631 10.

2044 3656 2402 3719 εςογθυιεηιε
2433 3660 2601 3703 autem
2623 3664 2824 3719 ego.—
2846 3650 2931 3703 14.
2957 3650 3255 3704 resurrexit
3288 3665 3303 3704 :
3360 3649 3607 3703 surrexit.

2062 3718 2112 3761 ὲ
2142 3718 2276 3772 Ibid.
2310 3720 2486 3773 inanis
2520 3737 2533 3772 :
2561 3718 2739 3774 vacua.
2772 3749 2841 3760 -—
2874 3721 2963 3775 17.
2995 3735 3170 3775 vana:
3206 3737 3384 3773 vacua.
3418 3748 3489 3759 —
3519 3720 3608 3774 2|.

2041 3792 2254 3862 quidem
2291 3810 2301 3841 :
2329 3793 2585 3862 enim._—
2616 3790 2707 3845 25.
2734 3790 2934 3845 Christi
2967 3793 3055 3859 qui
3089 3792 3143 3845 in
3173 3792 3467 3862 adventum
3498 3789 3617 3859 ejus

2040 3860 2389 3918 crediderunt
2421 3880 2432 3913 :
2467 3860 2658 3915 Christi
2688 3864 2740 3915 in
2782 3864 3005 3916 adventu
3035 3866 3164 3934 ejus.
3202 3893 3273 3934 -—_
3298 3862 3391 3916 26.
3424 3861 3616 3916 Novis-

2040 3935 2178 3989 sima
2226 3942 2401 3987 autem
2447 3935 2660 3988 inimica
2686 3934 2994 3989 desn-uetur
3033 3932 3198 3988 mors.
3243 3932 3434 3988 Omnia
3467 3934 3610 3987 enim

2041 4005 2271 4073 subjecit
2306 4005 2405 4058 sub
2438 4004 2659 4072 pedibus
2685 4006 2801 4073 ejus
2830 4024 2841 4058 :
2881 4004 3067 4060 Omnia
3107 4006 3240 4059 enim
3273 4004 3487 4075 subjecit
3520 4006 3612 4059 sub

2044 4079 2256 4147 pedibus
2301 4080 2428 4147 ejus.
2488 4075 2777 4130 Novissime
2829 4088 2996 4129 autem
3051 4078 3260 4130 inimica
3324 4077 3616 4129 destruetur

2042 4165 2201 4202 mors.
2233 4178 2303 4187 ——
2325 4150 2412 4201 27.
2446 4150 2561 4202 sine
2589 4147 2777 4202 dubio.
2808 4160 3006 4217 praeter
3034 4164 3155 4202 eum
3182 4147 3272 4215 qui
3297 4148 3523 4215 subjecit
3563 4148 3612 4202 ei

2040 4221 2243 4275 omnia.
2296 4218 2449 4289 (vers.
2494 4219 2584 4289 28)
2632 4222 2762 4271 Cum
2802 4231 2980 4273 autem
3022 4220 3259 4287 subjecta
3299 4218 3497 4272 fuerint
3537 4218 3613 4272 illi

2042 4294 2219 4344 omnin
2242 4307 2255 4355 ;
2280 4301 2407 4345 tunc
2432 4301 2483 4345 et
2515 4292 2627 4356 ipse
2654 4289 2821 4344 Filius
2849 4290 3122 4359 subjectus
3149 4291 3250 4344 erit
3277 4289 3327 4343 ei
3359 4293 3447 4357 qui
3482 4290 3611 4342 sub-

2038 4363 2168 4431 jecit
2197 4363 2295 4415 sibi
2331 4381 2342 4414 :
2367 4364 2474 4417 sine
2500 4363 2679 4427 dubio,
2710 4379 2811 4415 non
2836 4371 2908 4415 est
2932 4363 3069 4431 quod
3101 4379 3207 4415 non
3237 4362 3302 4415 sit
3331 4361 3613 4431 subjectum

2043 4437 2109 4495 ei,
2143 4446 2325 4504 prwter
2355 4451 2466 4486 eum
2499 4435 2584 4504 qui
2617 4434 2828 4502 subjecit
2868 4435 2913 4486 ei
2945 4434 3135 4504 omnia.
3184 4432 3319 4485 Nam
3347 4448 3460 4485 cum
3497 4435 3618 4486 sub-

2036 4502 2178 4575 jecta
2208 4504 2284 4557 illi
2305 4502 2707 4572 fuerint’omnia,
2744 4516 2862 4557 tunc
2896 4508 3006 4571 ipse
3034 4502 3204 4575 Filius
3233 4504 3489 4569 subiectus
3519 4505 3614 4557 erit

2044 4577 2122 4629 illi
2151 4580 2235 4645 qui
2265 4578 2362 4629 sibi
2391 4576 2727 4646 subjecit._—
2753 4575 2842 4629 51.
2874 4577 2997 4631 .Icsu
3031 4594 3041 4626 :
3074 4573 3248 4646 (Deest
3292 4578 3345 4627 in
3377 4575 3521 4640 cod.)
3546 4606 3617 4616 -—

2042 4646 2129 4700 54.
2153 4643 2282 4714 justi
2315 4666 2325 4698 :
2354 4643 2509 4715 juste.
2534 4676 2599 4685 ——
2622 4643 2762 4698 Ibid.
2783 4646 2924 4699 enim
2955 4664 2966 4698 ε
2996 4643 3141 4716 (Non
3164 4644 3377 4698 habetur
3394 4647 3445 4697 in
3467 4647 3614 4715 cod.)

2042 4747 2112 4756 —
2142 4718 2231 4772 .38.
2262 4718 2398 4770 sicut
2433 4738 2444 4772 :
2476 4728 2643 4785 prout.
2674 4747 2746 4758 —-
2781 4718 2870 4773 59.
2901 4717 3003 4772 alia
3036 4718 3333 4779 volucrum,
3367 4716 3473 4769 alia
3506 4719 3614 4785 pis—

2041 4790 2180 4843 cium
2211 4807 2221 4839 :
2249 4790 2354 4843 alia
2380 4804 2502 4842 caro
2528 4791 2810 4854 volucrum,
2835 4790 2942 4843 alia
2968 4799 3135 4842 autem
3164 4789 3397 4856 piscium.
3422 4816 3493 4826 —
3519 4790 3607 4845 41.

2041 4861 2188 4923 solis.
2219 4861 2320 4913 alia
2359 4882 2369 4915 :
2400 4859 2544 4918 solis.
2566 4870 2615 4913 et
2637 4860 2762 4913 alia.
2796 4889 2861 4898 ~—
2895 4860 2988 4914 42.
3021 4871 3203 4982 surget
3246 4861 3294 4913 in
3330 4864 3615 4928 incorrup-

2041 4935 2186 4982 tione
2218 4950 2229 4982 :
2260 4933 2421 4982 surait
2453 4933 2508 4982 in
2536 4932 2993 4982 incorruptionem.
3026 4961 3094 4970 —-
3119 4964 3127 4972 -
3156 4933 3205 4982 5.
3236 4940 3437 4982 sumet.
3469 4929 3608 4982 Ibid.

2041 4935 2186 4986 tione
2218 4950 2229 4983 :
2260 4933 2421 5001 surgit
2453 4933 2508 5003 in
2536 4932 2993 5003 incorruptionem.
3026 4929 3205 5003 ~15.
3236 4940 3437 4999 surget.
3469 4929 3608 4984 Ibid.

2037 5013 2239 5072 surget.
2276 5000 2426 5075 (vers.
2462 5002 2553 5072 11)
2585 5000 2770 5074 surget
2802 5023 2812 5056 :
2848 5008 3033 5075 surgit.
3063 5033 3134 5041 ——
3298 5003 3445 5075 sicut
3484 5021 3495 5054 :
3535 5002 3607 5057 sic

2035 5071 2188 5128 enim.
2214 5071 2392 5129 -ἔιίϐ,
2425 5071 2658 5128 animale
2685 5071 2703 5130 Ξ
2731 5071 2958 5129 animale
2979 5071 3287 5128 est.—Ibid.
3321 5074 3563 5141 spiritale
3592 5094 3607 5128 :

2035 5146 2266 5217 spiritale
2313 5158 2407 5200 est.
2436 5175 2506 5186 —
2534 5146 2631 5217 50.
2678 5148 2835 5215 quia:
2874 5149 3135 5216 quoniam.
3178 5175 3246 5184 —-
3288 5148 3375 5202 51.
3408 5145 3565 5199 vobis
3596 5164 3609 5198 :

2035 5216 2296 5285 (Additur
2332 5219 2383 5270 in
2408 5216 2551 5287 cod.)
2579 5248 2649 5259 ——
2679 5219 2765 5274 55.
2795 5219 3247 5285 incorruptionem
3289 5235 3299 5268 ε
3338 5221 3612 5288 incorrup~

2036 5291 2295 5343 telam.—
2322 5290 2411 5347 55.
2443 5290 2711 5344 stimulus.
2746 5291 2899 5360 (vers.
2929 5290 3022 5360 56)
3044 5288 3294 5344 stimulus
3328 5306 3343 5343 :
3374 5288 3609 5342 aculeus.

2616 5402 2843 5458 CAPUT
2901 5402 3039 5457 XVI.

2122 5497 2269 5552 Vers.
2308 5498 2359 5551 7.
2387 5496 2774 5566 aliquantulum
2812 5513 2825 5551 :
2874 5497 3215 5567 aliquantum.
3246 5524 3317 5535 —
3340 5492 3429 5549 12.
3463 5494 3616 5567 vobis

2040 5579 2225 5626 notum
2258 5569 2417 5633 facio,
2454 5565 2706 5637 quoniam
2738 5565 3008 5635 :signiﬁco
3037 5567 3175 5620 vobis
3214 5568 3356 5637 quia.
3380 5597 3451 5607 —-
3480 5565 3611 5621 Ibid.

2040 5642 2157 5711 ejus
2193 5660 2204 5694 :
2241 5642 2417 5713 (Deest
2439 5643 2491 5694 in
2520 5640 2661 5705 cod.)
2684 5669 2753 5679 —-
2780 5638 2920 5713 Ibid.
2942 5640 3134 5713 cum_ei
3158 5653 3389 5713 vacuum
3413 5638 3613 5713 fuerit;

2039 5709 2154 5767 cum
2184 5709 2489 5779 aportnnunt
2514 5712 2857 5782 [πρατὴρ-19.
2892 5709 3125 5765 licelesia
3152 5730 3164 5763 :
3196 5710 3449 5782 Ecclesia,
3478 5709 3618 5781 apud

2036 5802 2164 5856 quos
2188 5796 2233 5838 et
2262 5781 2521 5851 hospitor.
2544 5814 2613 5824 ——
2638 5781 2730 5838 20.
2767 5784 3004 5856 salutant
3042 5798 3137 5835 vos
3164 5798 3350 5836 omnes
3382 5781 3572 5835 fratres
3597 5798 3608 5832 :

2038 5855 2265 5911 salutant
2296 5860 2482 5925 fratres
2511 5872 2598 5910 vos
2627 5871 2817 5910 omnes.
2848 5885 2918 5895 —
2940 5855 3033 5908 22.
3062 5856 3344 5909 Dominum
3370 5866 3612 5925 nostrum

2039 5929 2220 5985 Jcsnm
2262 5923 2532 5985 Christqu
2565 5945 2579 5985 :
2609 5927 2890 5984 Dominum
2930 5925 3129 5984 Iesum.
3159 5927 3337 5982 ~25.
3368 5923 3575 5981 Christi
3608 5941 3621 5977 :
