4074 6328
535 375 674 432 1079

1133 490 1362 548 CAPUT
1403 491 1496 547 ΙΙΙ.

617 562 762 618 Vers.
797 564 850 618 l.
885 561 1090 618 Eadem
1128 583 1140 616 :
1192 564 1448 618 Eandem.
1474 594 1545 604 -—
1575 564 1627 617 5.
1662 563 1928 618 servimus
1959 560 2072 617 Deo
2105 579 2116 614 :

537 633 646 689 Deo
692 633 960 690 servimus.
987 665 1058 677 -—
1082 634 1137 690 4.
1165 646 1221 690 et
1247 651 1346 706 ego
1373 655 1384 688 :
1417 652 1528 706 ego.
1566 632 1703 688 Ibid.
1744 635 1796 688 in
1827 647 1988 687 carne
2028 651 2041 684 :
2075 641 2124 686 et

517 708 589 763 .in
628 721 800 760 carne.
825 735 899 746 —
926 706 981 779 6Σ
1011 706 1068 779 in
1119 707 1236 776 lege
1263 725 1274 759 ε
1301 723 1362 760 ea:
1407 706 1537 779 lege.
1564 737 1636 746 —
1662 707 1716 760 8.
1747 706 2000 761 existimo
2031 723 2054 779 :_
2075 712 2126 779 et

541 779 798 833 existimo.
822 806 893 817 --
951 776 1090 832 Ibid.
1123 775 1356 832 arbitror
1405 797 1416 829 :
1457 775 1736 831 arbitratus
1766 793 1902 832 sum.
1929 807 2000 817 ——
2034 775 2122 831 l6.

539 850 814 915 sapiamus
834 892 852 919 ,ν
883 849 933 919 in
961 868 972 902 :
1000 849 1284 919 sapiamus,
1309 860 1355 902 et
1382 850 1456 903 in.
1479 878 1550 889 -—
1571 850 1659 904 18.
1690 865 1824 918 quos
1853 867 1864 900 :
1892 847 2126 919 quod.—

543 919 631 992 lQ.
672 931 755 975 est
789 938 800 973 :
835 918 997 992 (Non
1035 918 1262 992 habetur
1316 921 1370 973 in
1423 922 1576 992 cod.)
1606 949 1677 960 —
1701 919 1796 975 20.
1843 918 2124 974 nustrum:

539 990 739 1062 (Deest
786 990 854 1044 in'
890 991 1006 1046 cod.
1033 991 1051 1060 )
1080 1021 1149 1031 -ο
1171 991 1260 1046 21.
1315 990 1630 1047 relormabit
1661 1011 1672 1044 :
1708 992 2026 1062 reformavit.
2057 1021 2127 1030 —

539 1059 680 1121 Ibid.
711 1061 874 1117 etiam
903 1059 1074 1132 possit
1103 1081 1115 1119 :
1153 1065 1314 1133 possit
1338 1065 1514 1120 etiam.

1210 373 1565 432 APPENDIX
1604 373 1698 433 AD
1736 371 2024 430 DIYINAM
2065 369 2578 430 BlBLlOTHECAM
2617 373 2678 431 S.
2723 371 3128 431 HIERONYMI.

2150 498 2205 558 Α

3671 367 3814 427 1030

2840 491 3070 549 CAPUT
3088 473 3196 546 ‘iv.

2314 629 2462 686 Vers.
2499 628 2556 684 2.
2589 629 2918 686 Euchodiam
2953 649 2966 683 :
2997 628 3271 685 Evodiam.
3305 659 3375 670 —
3406 626 3548 683 Ibid.
3578 625 3822 699 Synthy-

2233 701 2371 760 chen
2403 720 2415 754 :
2462 701 2739 758 Senticem.
2769 733 2841 742 —
2878 703 2932 758 5.
2983 712 3055 762 te.
3087 717 3346 774 germane
3377 719 3390 753 :
3423 710 3492 764 te,
3521 699 3829 753 charissim

2233 774 2645 846 germane.-—7.
2667 775 2830 829 corda
2865 783 3040 846 vestra
3052 791 3078 846 _:
3107 776 3286 846 corda,
3319 782 3366 826 et
3395 788 3635 846 corpora,
3656 779 3831 846 vestra

2236 841 2538 918 (Adduntur
2564 855 2617 900 et
2645 844 2919 918 corpora.)
2946 844 3181 918 —_Ibid.
3202 844 3355 918 (Iesu;
3379 861 3399 918 _:
3435 841 3563 896 Iesu
3592 841 3830 918 Domino

2238 914 2433 971 nostro.
2456 948 2528 956 —
2548 922 2598 971 8.
2624 914 2920 986 disciplinae
2948 936 2960 969 :
2991 914 3219 987 (Deest.)
3246 945 3318 956 —
3340 916 3426 971 12.
3455 914 3792 987 constitutus
3816 930 3828 965 :

2233 989 2592 1043 institutus.—-—
2620 987 2706 1043 l6.
2733 990 2898 1042 semel
2925 1007 2938 1042 :
2968 986 3014 1042 et
3035 987 3382 1043 semel.—l7.
3402 986 3622 1056 requiro
3650 1001 3664 1038 :
3693 1001 3835 1052 qua:-

2227 1078 2304 1116 ro.
2334 1089 2405 1100 —
2432 1059 2571 1114 Ibid.
2625 1060 2680 1115 in
2717 1062 2924 1115 ratione
2963 1068 3138 1116 vestra
3175 1077 3188 1112 :
3221 1061 3274 1113 in
3300 1059 3549 1113 rationem
3577 1067 3829 1111 vestram.

1485 1232 1875 1294 EPISTOLA
1916 1231 2153 1294 PAULI
2194 1230 2302 1292 AD
2344 1229 2906 1294 COLOSSENSES.

619 1335 990 1406 Argumentum
1037 1337 1090 1390 in
1147 1335 1440 1408 Epistolam
1487 1336 1646 1392 Pauli
1684 1337 1753 1391 ad
1781 1335 2129 1405 Colossenses,

543 1405 900 1464 Colossenses
920 1448 936 1477 ,
966 1416 1062 1464 etc.
1094 1405 1391 1480 (Habetur.
1417 1409 1437 1479 )

1181 1503 1411 1560 CAPUT
1452 1505 1492 1560 l.

629 1594 773 1648 Vers.
813 1593 868 1648 2.
921 1595 1014 1650 Eis
1053 1613 1065 1649 :
1100 1595 1202 1651 his.
1225 1626 1296 1636 —
1325 1597 1379 1650 5.
1426 1596 1653 1652 Domino
1683 1595 1811 1652 Iesu
1866 1595 2083 1652 Christo
2117 1613 2129 1648 :

543 1665 673 1740 Iesu
695 1665 900 1740 Christo
926 1666 1149 1721 Domino
1175 1679 1371 1722 nostro.
1396 1699 1468 1710 —
1485 1669 1544 1740 9.
1559 1669 1838 1740 agnitiooe1
1856 1685 1876 1740 γε
1899 1675 1953 1740 in
1985 1667 2135 1740 agni-

547 1739 706 1791 tione.
731 1765 801 1776 ——
823 1737 912 1793 l2.
947 1739 1055 1794 Deo
1085 1748 1139 1793 et
1168 1741 1309 1794 Patri
1338 1758 1350 1793 :
1381 1740 1484 1794 Deo
1513 1737 1683 1796 Patri.
1714 1770 1786 1780 —
1813 1737 1952 1793 Ibid.
1986 1737 2084 1794 nos
2117 1756 2129 1791 ε

547 1824 660 1863 vos.
685 1839 756 1850 ———
778 1811 865 1864 l4.
896 1811 1272 1866 remissionem
1305 1828 1318 1867 :
1350 1813 1405 1864 in
1434 1813 1750 1866 remissione.
1779 1842 1849 1851 ——
1879 1812 1967 1866 16.
1996 1826 2134 1880 quo-

553 1881 711 1954 niam
734 1898 746 1933 :
768 1883 918 1954 quia.
946 1911 1014 1954 :-
1039 1882 1124 1936 l7.
1148 1893 1199 1938 et
1231 1883 1410 1936 omnia
1439 1881 1492 1936 in
1524 1883 1641 1952 ipso
1662 1893 1932 1954 constant.
1959 1884 2130 1954 (vers.

550 1952 644 2019 18)
672 1951 740 2005 Et
766 1953 881 2026 ipse
906 1971 918 2004 :
949 1951 1018 2026 Et
1046 1955 1218 2008 omnia
1259 1954 1336 2007 illi
1354 1951 1626 2026 constant.
1652 1953 1736 2026 (Et
1768 1955 1820 2008 in
1871 1951 1984 2023 ipso
2011 1970 2133 2009 con-
2166 1965 2214 2026 B

2251 1352 2451 1391 sensus.
2481 1365 2553 1378 ——
2579 1335 2666 1390 19.
2700 1335 3161 1390 subministratum
3194 1343 3248 1388 et
3286 1340 3688 1395 constructum,
3722 1345 3833 1386 cre-

2245 1408 2388 1462 scit:
2419 1408 2766 1460 ministraturn
2815 1417 2862 1460 et
2915 1407 3208 1474 conjuctum
3257 1405 3438 1458 crescit
3479 1404 3534 1456 in
3578 1404 3834 1474 (templum

2245 1489 2506 1543 sanctum,
2536 1480 2588 1532 in
2614 1476 2860 1543 Domino,
2893 1473 3288 1532 crescit—20.
3324 1491 3452 1545 ergo
3484 1493 3496 1526 :
3535 1473 3832 1544 (θεαί.)-

2244 1547 2384 1605 Ibid.
2419 1550 2575 1618 hujus
2605 1567 2618 1602 :
2645 1549 2723 1619 (Ν
2730 1567 2794 1602 on
2827 1549 3086 1618 habetur.)
3106 1548 3284 1602 -21.
3315 1547 3819 1619 contrectavcritis:

2243 1617 2702 1675 contractar'eritis.
2729 1620 2904 1676 -22.
2950 1617 3217 1691 praesepta
3248 1635 3260 1672 :
3290 1625 3627 1689 praeceptum.
3647 1647 3716 1657 —
3735 1617 3810 1672 25.

2243 1707 2353 1747 non
2376 1693 2442 1748 ad
2470 1710 2482 1744 :
2513 1692 2582 1746 ad
2607 1709 2728 1747 non.

2856 1761 3083 1819 CAPUT
3121 1761 3210 1818 lll.

2320 1857 2468 1914 Vers.
2489 1859 2543 1912 5.
2577 1868 2657 1913 est
2689 1857 3002 1913 abscondita
3032 1874 3044 1910 :
3075 1855 3377 1911 abscondita
3403 1863 3496 1908 est.
3521 1883 3596 1894 --
3615 1854 3676 1908 4.
3705 1851 3827 1908 Cum

2240 1927 2488 1984 Christus
2518 1947 2530 1982 :
2565 1947 2680 1984 cum
2725 1941 2894 1983 autem
2936 1929 3194 1984 Christus.
3223 1955 3294 1967 -—
3323 1925 3466 1979 Ibid.
3498 1927 3824 1995 apparebitis

557 1998 698 2098 sidut
727 1998 919 2098 quinia.
954 2023 1020 2076 Et
1049 1998 1183 2095 ipse:
1200 2033 1298 2098 etc.
1321 1998 1847 2098 (Itaumodbdegitur,
1871 1998 2019 2098 e'rasa
2036 1998 2136 2079 una

2243 2002 2517 2098 eumripso
2548 2017 2563 2056 :
2595 2003 2859 2098 qu‘mqi'pso
2904 2001 3408 2098 apparebitis.‘—I-.
3443 2012 3608 2098 super
3636 1998 3778 2098 ﬁlips
3810 2015 3821 2047 :

550 2095 778 2166 dictione
804 2094 866 2148 de
896 2097 1048 2147 veteri
1101 2097 1313 2149 lectione
1344 2108 1456 2166 post
1487 2094 1708 2150 verbuni
1737 2095 1916 2150 omnia
1939 2137 1952 2160 ,
1989 2097 2140 2164 cujus

552 2164 668 2218 loco
719 2166 791 2218 illi
828 2164 1357 2237 superscribitur);
1381 2169 1468 2222 l9.
1510 2167 1899 2236 plenitudinem
1931 2166 2141 2222 inhabi-

551 2246 670 2291 tare
702 2255 714 2288 :
750 2237 1126 2308 plenitudinem
1170 2237 1456 2292 divinitatis
1505 2237 1738 2293 habitare
1778 2239 2136 2307 corporaliter.

552 2336 623 2347 —
645 2307 1130 2364 20.7reconciliare
1163 2327 1176 2366 :
1210 2310 1556 2364 reconciliari.
1603 2339 1676 2351 --
1711 2310 1802 2364 21.
1836 2312 1902 2363 Et
1937 2309 2140 2363 inimici

551 2393 746 2445 sensu,
783 2380 837 2434 in
872 2397 884 2431 :
917 2379 1114 2434 inimici
1142 2397 1315 2446 sensu,
1349 2390 1395 2434 et
1422 2381 1495 2434 in.
1519 2379 1699 2435 -25.
1732 2382 1885 2436 vobis
1915 2399 1926 2434 :
1958 2396 2140 2436 vos.—

551 2449 645 2505 28.
679 2465 893 2506 onmem
927 2451 1202 2508 hominem
1243 2453 1582 2521 :(Adduntur
1609 2455 1664 2506 in
1694 2453 1837 2523 cod.)

1176 2542 1406 2599 CAPUT
1443 2543 1507 2599 ll.

635 2635 781 2692 Vers.
810 2635 866 2690 2.
917 2635 1092 2690 Putris
1134 2634 1333 2692 Christi
1379 2635 1764 2692 Iesu:Christi
1811 2635 1938 2692 Iesu
1978 2638 2142 2707 patris

555 2717 604 2762 et
629 2707 859 2761 Domini.
886 2737 956 2749 —-—
980 2708 1033 2762 5.
1064 2716 1328 2771 vestrum,
1359 2719 1414 2763 et
1439 2709 1835 2764 ﬁrmamentum
1871 2729 1882 2761 :
1916 2718 2141 2763 vestrum

556 2789 606 2833 et
631 2780 879 2850 suppleas
910 2780 984 2842 id,
1015 2780 1153 2850 quod
1179 2789 1252 2833 est
1282 2780 1494 2833 utilitati
1527 2781 1649 2840 ﬁdei
1678 2790 1860 2834 vestrae
1886 2789 1934 2833 et
1962 2780 2144 2849 firma-

555 2849 802 2924 mentum.
829 2879 899 2890 —
927 2852 980 2905 0.
1013 2849 1300 2924 Dominum
1325 2867 1338 2924 ξ
1373 2850 1651 2924 Dominum
1679 2861 1921 2924 nostrum
1951 2869 1964 2924 ς
1998 2851 2142 2924 (Ad-

558 2923 698 2975 ditur
743 2923 1037 2991 nostrum.)
1071 2951 1140 2961 —
1171 2921 1224 2974 7.
1272 2920 1377 2976 ﬁde
1404 2939 1417 2975 :
1445 2923 1499 2976 in
1535 2921 1657 2991 ﬁde.
1681 2951 1752 2962 -—
1775 2920 1913 2976 Ibid.
1950 2920 2019 2978 in'
2048 2924 2142 2978 illo

555 2994 610 3047 in
639 3011 650 3044 :
677 2994 897 3061 (Desunt
929 2993 983 3045 in
1013 2993 1156 3061 cod.)
1180 3023 1248 3032 —
1277 2996 1329 3048 9.
1365 2993 1631 3048 inhabitat
1661 3012 1672 3046 :
1707 2995 1924 3048 habitat.
1954 3023 2025 3036 -—-
2052 2994 2137 3050 ll.

555 3064 756 3118 Christl
819 3081 832 3118 :
884 3062 1072 3117 Christi
1119 3062 1266 3118 Iesu.
1305 3095 1376 3105 --
1422 3063 1509 3118 12.
1561 3066 2140 3133 operationiszresur-

553 3136 819 3190 rectionis.
857 3163 927 3173 -—
973 3136 1060 3189 15.
1117 3136 1516 3191 convivilicavit
1566 3151 1687 3191 eum
1722 3154 1735 3190 :
1775 3137 2142 3206 convivi/icavit

556 3224 646 3260 vos
678 3223 813 3260 cum.
854 3235 922 3246 —
958 3207 1047 3260 15.
1097 3217 1150 3260 et
1178 3208 1459 3276 espolians
1500 3227 1511 3258 :
1549 3208 1839 3276 expolians.
1865 3238 1936 3248 ——
1971 3211 2056 3262 lti.
2088 3208 2140 3262 in

556 3289 750 3347 parte:
783 3279 836 3331 in
869 3286 1058 3346 parte:
1085 3277 1333 3348 (Additur
1357 3295 1474 3334 vero
1506 3278 1796 3348 in.)—l8.
1829 3294 1987 3334 nemo
2010 3296 2138 3334 vos:

556 3365 705 3404 nemo
747 3366 868 3419 ergo
911 3366 1017 3403 vos.
1062 3347 1130 3388 A-
1169 3347 1310 3403 Ibid.
1343 3349 1413 3403 Et
1451 3364 1466 3404 :
1508 3347 1617 3406 aut.
1659 3379 1729 3390 -—-
1768 3347 1908 3404 Ibid.
1940 3365 2142 3408 sensu:

2243 2075 2295 2124 in
2322 2069 2482 2141 ﬁlios.
2507 2103 2576 2112 —
2602 2071 2686 2127 10.
2719 2072 2870 2127 illum
2897 2089 2910 2125 :
2936 2069 3072 2126 eum.
3098 2101 3170 2111 —
3195 2072 3281 2124 ll.
3310 2071 3475 2132 liber;
3508 2069 3603 2123 sed
3629 2085 3641 2119 :
3671 2070 3829 2133 liber;

2243 2143 2502 2215 masculus
2531 2151 2578 2197 et
2609 2145 2820 2215 femina.
2843 2173 2915 2184 —
2940 2143 3032 2198 15.
3079 2141 3484 2215 vobismetipsis
3515 2158 3527 2191 :
3563 2141 3700 2215 vobis
3753 2143 3832 2215 ip-

2242 2216 2334 2267 sis.
2353 2211 2582 2267 —Ibid.
2606 2211 2872 2270 adversos
2899 2215 3132 2282 aliquem
3163 2212 3326 2267 habet
3354 2229 3365 2264 :
3393 2211 3649 2264 adversum
3671 2211 3823 2264 habet

2243 2285 2491 2357 aliquem.
2519 2285 2698 2340 -16.
2735 2285 2951 2357 hymnis
2979 2294 3036 2340 et
3061 2285 3288 2357 canticis
3322 2301 3334 2334 :
3367 2282 3560 2353 hymnis
3580 2282 3807 2357 canticis.

2241 2353 2417 2412 -17.
2450 2355 2576 2412 Iesu
2606 2353 2839 2424 Christi,
2870 2358 3072 2427 gratias
3109 2374 3120 2408 :
3152 2353 3280 2427 Iesu
3311 2357 3488 2427 facile,
3511 2354 3713 2427 gratias.
3741 2378 3813 2391 ——

2243 2429 2332 2483 10.
2368 2442 2566 2484 uxores
2590 2445 2603 2480 :
2634 2443 2820 2484 uxores
2844 2425 3057 2483 vestras.
3083 2456 3151 2467 --
3177 2426 3270 2482 24.
3301 2425 3444 2496 quod
3473 2442 3486 2476 :
3516 2426 3647 2493 quia.

2858 2543 3084 2599 CAPUT
3122 2541 3213 2598 IV.

2324 2638 2471 2692 Vers.
2509 2638 2564 2692 l.
2595 2637 2739 2708 quod
2773 2657 2786 2689 :
2819 2639 3082 2709 quoniam.
3105 2637 3244 2691 —2.
3279 2637 3478 2690 instate
3502 2633 3833 2709 ivigilantes

2245 2711 2299 2765 in
2329 2725 2391 2765 ea
2422 2711 2474 2763 in
2512 2728 2523 2762 :
2554 2705 2740 2764 instate
2768 2727 2786 2774 ,'
2817 2705 3094 2780 vigilantes
3141 2711 3214 2762 in.
3248 2738 3320 2748 —
3347 2709 3404 2763 6.
3458 2708 3573 2780 sale
3626 2706 3696 2758 sit
3728 2723 3743 2759 :
3770 2705 3828 2757 sit

2244 2781 2370 2838 sale.
2401 2811 2472 2822 —
2503 2782 2557 2836 7.
2605 2777 2920 2852 Tychicus':
2957 2779 3172 2835 Titicus.
3207 2809 3280 2820 —
3307 2795 3370 2834 ex
3395 2777 3577 2852 vobis
3609 2786 3695 2852 est
3702 2795 3736 2852 ξ
3766 2785 3833 2828 est

2243 2870 2308 2909 ea:
2336 2853 2496 2906 vobis.
2517 2882 2589 2892 —
2616 2847 2702 2910 10.
2737 2853 2934 2907 salutat
2965 2869 2978 2906 :
3008 2849 3437 2905 salutant.-—-ll.
3476 2849 3581 2902 mei
3620 2867 3632 2900 :
3664 2847 3835 2919 (Deest

2244 2926 2299 2979 in
2327 2923 2470 2995 cod.)
2493 2924 2671 2995 -12,
2702 2925 2849 2978 omni
2883 2943 2894 2975 :
2925 2923 3179 2995 omnibus.
3207 2951 3280 2962 —
3308 2923 3394 2995 l5.
3427 2921 3503 2974 illi
3531 2921 3828 2995 perhiberi:

2246 2991 2484 3065 perhibeo
2524 2994 2877 3049 illi.——Ibid.
2935 3005 2981 3049 et
3029 2994 3115 3049 15.
3169 2994 3482 3049 Laodicia:
3532 2991 3821 3065 gaudocie.

2250 3061 2336 3125 16.
2384 3069 2436 3121 in
2470 3065 2881 3122 Laodicensium
2920 3084 2930 3118 :
2962 3065 3399 3119 Laudocensium.
3427 3092 3496 3103 -—
3523 3061 3672 3116 Ibid.
3707 3061 3833 3115 Lao-

2246 3138 2549 3194 dicensium
2580 3156 2592 3190 :
2623 3137 3057 3192 Lnudocensium.
3083 3165 3156 3176 —
3193 3136 3282 3191 18.
3318 3135 3502 3191 Gratia
3535 3133 3835 3187 vobiscum.

2246 3214 2419 3264 Amen
2449 3227 2460 3262 :
2487 3208 2670 3263 Gratia
2700 3208 2793 3262 Dei
2818 3209 3105 3274 vobiscum,
3136 3224 3308 3278 amen.
3340 3203 3836 3278 Explicit_Epistola

2247 3281 2316 3333 ad
2346 3279 2705 3345 Colossenses,
2734 3280 2926 3347 scripta
2951 3297 2982 3333 a
3006 3280 3191 3335 Roma.
3216 3277 3342 3348 (Ita
3373 3275 3522 3332 habet
3553 3275 3836 3348 Exemplar

2257 3351 2414 3406 Coth.
2426 3394 2440 3420 ,
2456 3353 2508 3406 in
2530 3367 2630 3421 quo
2649 3351 2821 3405 statim
2841 3346 3071 3424 sequitur
3087 3346 3329 3422 Epistula
3343 3351 3408 3405 ad
3430 3346 3839 3416 Laodicenses.)

551 3455 3832 3487 _____________________________________________.

1213 3536 1604 3599 EPISTOLA
1651 3537 1890 3600 PAULI
1933 3537 2039 3599 AD
2083 3535 2875 3600 TI‘IESSALONICENSES
2918 3535 3184 3598 PRIMA.

565 3659 720 3735 (ch
747 3659 986 3734 Epistola
1027 3678 1130 3735 non
1165 3660 1384 3735 habetur
1425 3662 1520 3716 hoc
1568 3663 1680 3716 loco
1717 3663 1773 3735 in
1801 3662 1919 3717 cod.
1957 3661 2140 3731 60th.,
2169 3663 2216 3726 C
2321 3661 2796 3735 Argumentumin
2831 3661 3058 3735 primam
3085 3657 3376 3735 Epistolam
3402 3655 3550 3735 Pauli
3577 3654 3644 3735 a_d
3667 3653 3844 3735 Thes-

969 3733 1060 3786 sed
1084 3732 1300 3787 habetur
1329 3749 1447 3805 qua:
1472 3733 1748 3804 sequitur.)

711 3823 957 3881 INCIPIT
991 3823 1332 3880 EPISTOLA
1361 3825 1451 3881 AD
1477 3823 1974 3882 LAODICENSES.

630 3916 831 3971 Paulus
854 3933 957 3970 non
985 3915 1048 3969 ab
1076 3915 1370 3972 hominibus
1403 3934 1563 3984 neque
1612 3933 1702 3984 per
1730 3917 2010 3982 hominem,
2055 3920 2146 3972 sed

561 4006 654 4058 per
675 3987 938 4043 Christum
959 3985 1141 4042 Iesum
1162 3987 1409 4059 fratribus
1438 3990 1672 4059 qui_sunt
1701 3987 2004 4055 Laudocim;
2027 4005 2148 4059 gra-

557 4057 629 4114 tia
660 4059 800 4114 vobis
828 4069 875 4112 et
896 4075 1000 4127 pax
1030 4076 1062 4112 a
1085 4059 1194 4112 Deo
1223 4057 1405 4124 Patre,
1437 4057 1484 4113 et
1513 4057 1738 4114 Domino
1762 4059 1890 4114 Iesu
1917 4057 2141 4115 Christo.

556 4131 774 4186 Gratias
804 4147 902 4202 ago
935 4130 1136 4186 Christo
1165 4147 1258 4202 per
1282 4147 1483 4185 onmem
1509 4132 1790 4186 orationem
1818 4148 1982 4186 meam
2005 4132 2146 4202 quod

555 4214 912 4274 permanentes
939 4202 1061 4274 estis
1092 4203 1262 4274 inueo,
1308 4211 1354 4256 et
1383 4211 1781 4273 perseverantes,
1830 4205 2142 4274 promissum

553 4271 844 4354 spectantes
869 4273 924 4324 in
949 4271 1276 4354 diejudicii,
1308 4271 1470 4354 neque
1497 4275 1728 4354 destituit
1756 4271 1863 4340 vos,
1895 4291 2142 4344 quorum-

555 4345 677 4396 dam
704 4342 1089 4413 vaniloquentia
1110 4342 1510 4408 insinuantiunt,
1536 4345 1624 4398 sed
1666 4353 1719 4398 ut
1745 4360 1830 4400 vos
1857 4342 2080 4398 evertant
2111 4363 2142 4398 a

556 4416 767 4486 veritate
800 4412 1087 4486 Evangelii,
1114 4413 1254 4482 quod
1280 4431 1312 4467 a
1333 4431 1410 4467 me
1449 4416 1762 4486 praedicatur
1785 4432 1803 4469 :
1834 4425 1880 4470 et
1901 4433 2038 4470 nunc
2068 4419 2145 4485 fa-

559 4487 659 4559 ciet
688 4485 860 4559 Deus;
879 4495 935 4538 ut
959 4485 1194 4559 quisunt
1219 4501 1281 4539 ea:
1304 4502 1402 4559 me.
1439 4485 1737 4552 perveniant
1767 4487 1835 4540 ad
1855 4491 2141 4559 profectum

555 4557 782 4612 veritatis
817 4555 1106 4625 Evangelii,
1133 4555 1491 4622 deservientes,
1522 4566 1570 4610 et
1614 4555 1864 4628 facientes
1911 4559 2140 4627 benigni-

559 4640 736 4692 tatem,
769 4644 1076 4701 Operarnque
1100 4628 1282 4682 salutis
1308 4629 1424 4682 vitw
1444 4638 1647 4701 veterna:
1679 4645 1697 4683 :
1723 4639 1769 4684 et
1791 4647 1926 4683 nunc
1965 4632 2138 4701 palam

556 4709 674 4754 sunt
705 4699 912 4772 vincula
939 4715 1072 4765 mea,
1093 4714 1206 4772 qua:
1230 4701 1397 4767 patior
1421 4701 1474 4754 in
1501 4697 1734 4772 Christo.
1765 4703 1820 4754 in
1845 4697 2026 4772 quibus
2049 4700 2139 4754 la:-

555 4780 636 4824 tor
656 4781 707 4844 et
731 4771 928 4841 gaudeo
942 4785 970 4844 ς
1015 4781 1063 4822 et
1087 4769 1184 4823 hoc
1205 4773 1336 4844 mihi
1357 4782 1430 4824 est
1458 4773 1528 4823 ad
1555 4771 1772 4826 salutem
1815 4769 2135 4844 perpetuam,

557 4842 696 4912 quod
724 4845 892 4908 ipsum
922 4842 1100 4909 ﬂetum
1119 4843 1434 4896 orationibus
1455 4844 1633 4897 vestris
1654 4854 1729 4896 est
1749 4842 1824 4895 ad
1842 4844 2138 4897 ministran-

557 4922 658 4968 tem
679 4913 934 4983 Spiritum
954 4923 1187 4966 sanctum
1209 4929 1230 4978 ;
1255 4913 1359 4967 sive
1380 4929 1468 4983 per
1491 4914 1642 4966 vitam
1663 4915 1766 4968 sive
1789 4931 1878 4982 per
1899 4927 2136 4980 mortem;

560 4996 634 5039 est
657 4981 792 5038 enim
830 4981 957 5056 mihi
986 4985 1149 5056 vivere
1169 4987 1273 5038 vita
1299 4985 1350 5037 in
1396 4982 1602 5038 Christo
1632 4993 1680 5038 ct
1706 4981 1835 5039 mori
1863 4985 2132 5056 gaudium,

2249 3725 2620 3790 salonicenses
2655 3750 2667 3785 :
2695 3725 2846 3800 (Non
2865 3733 3077 3786 habetur
3096 3725 3151 3784 in
3187 3731 3328 3796 cod.)
3348 3759 3430 3800 ς-
3462 3727 3559 3782 Lin
3588 3725 3641 3779 4.
3676 3725 3843 3800 falsos

2249 3805 2549 3874 apostolos,
2575 3797 2712 3859 neci
2745 3803 2967 3873 (Desunt
3005 3804 3058 3857 in
3100 3802 3317 3874 cod.)—
3340 3799 3454 3853 Lin.
3489 3800 3543 3854 6.
3581 3813 3674 3874 per
3709 3797 3841 3874 Thif

2249 3866 2465 3932 chicum
2489 3866 2775 3932 diaconum
2806 3885 2862 3930 et
2882 3874 3195 3930 Onesimum
3225 3866 3502 3943 acolytum
3533 3889 3545 3922 :
3573 3866 3844 3941 (Desunt.)

2894 3987 3122 4046 CAPUT
3155 3987 3194 4043 l.

2332 4083 2474 4139 Vers.
2508 4089 2560 4140 l.
2591 4085 2703 4141 Pax
2737 4101 2752 4140 :
2784 4100 2887 4153 pax
2928 4101 2962 4138 a
2991 4081 3102 4138 Deo
3129 4091 3276 4156 patre
3299 4092 3351 4156 et
3389 4081 3615 4156 Domino
3659 4086 3839 4156 nostro

2245 4155 2373 4210 Iesu
2395 4157 2619 4228 Christo.
2652 4187 2721 4198 —
2741 4152 2919 4228 5'spei
2947 4173 2959 4209 :
2985 4164 3035 4228 et
3059 4152 3190 4223 spei.
3223 4184 3294 4194 —
3409 4153 3506 4228 sed
3538 4153 3636 4228 in:
3667 4152 3755 4228 sed
3789 4159 3832 4202 α

2244 4229 2320 4282 in.
2353 4257 2426 4269 —-
2465 4226 2603 4282 Ibid.
2635 4238 2689 4284 et
2725 4229 2774 4282 in
2808 4222 3013 4293 Spiritu
3045 4222 3238 4281 sancto
3272 4236 3326 4282 et
3372 4225 3424 4280 in
3456 4222 3824 4294 plenitudine:

2245 4307 2292 4354 et
2331 4298 2536 4371 Spiritu
2557 4310 2736 4354 sancto
2753 4309 2804 4354 et
2820 4298 3156 4368 plenitudine.
3224 4340 3232 4352 .

2870 4410 3100 4468 CAPUT
3138 4409 3208 4466 II.

2325 4503 2473 4560 Vers.
2502 4506 2558 4560 7.
2584 4520 2864 4575 possemus
2894 4505 3047 4560 vobis
3070 4505 3221 4560 oneri
3253 4523 3264 4557 :
3293 4503 3551 4576 possimus
3585 4501 3748 4576 oneri.
3768 4529 3833 4576 έ-

2245 4577 2300 4640 9.
2336 4577 2539 4632 laboris
2569 4572 2781 4641 nostri,
2835 4577 3071 4632 laborum
3120 4572 3438 4630 nostrorum.
3483 4603 3556 4615 -ι
3586 4572 3732 4626 Ibid.
3782 4573 3830 4625 in

2243 4647 2397 4704 vobis
2432 4665 2443 4700 :
2476 4647 2625 4719 (Non
2673 4649 2927 4702 habentur
2951 4650 3002 4702 in
3048 4647 3192 4718 cod.)
3219 4677 3286 4690 -—
3319 4646 3404 4702 15.
3437 4645 3572 4702 illud
3606 4663 3620 4700 :
3652 4643 3827 4715 (Deest

2243 4721 2296 4774 in
2317 4719 2460 4790 cod.)
2481 4751 2552 4762 -—
2579 4721 2666 4776 10.
2693 4721 2828 4776 salvi
2853 4739 2864 4773 :
2900 4723 3079 4774 salvw.

2857 4833 3085 4892 CAPUT
3124 4833 3209 4889 Ill.

2323 4925 2467 4980 Vers.
2507 4927 2562 4982 4.
2600 4925 3068 5000 ρι’ίιξᾲίοθιιεδῐηυε)
3097 4927 3526 5000 prwdicabamus.
3552 4955 3624 5000 5—
3737 4937 3831 5000 no-

2241 5007 2354 5052 ster
2385 5015 2398 5052 :
2428 5009 2680 5052 vester.-—-
2701 4998 2755 5053 6.
2784 4999 2971 5053 Iidem:
2997 4997 3175 5066 (Deest
3200 5002 3252 5052 in
3277 4999 3419 5066 cod.)
3444 5027 3515 5037 —
3537 4999 3622 5054 ll.
3650 4997 3830 5051 Domi-

558 5057 805 5140 etiam"!
844 5053 1062 5140 inyqbis
1087 5056 1642 5140 ,[αεῑεμηηιεεετίερνάία
1667 5074 1783 5140 ﬁt“.
1817 5053 2134 5140 ιιιξξαηιξίεῖη
2162 5057 2212 5117 Ῑ)
2245 5085 2345 5124 nus
2375 5078 2560 5124 noster
2607 5070 2764 5124 Iesus
2793 5053 3041 5125 Christus
3080 5071 3277 5140 dirigat
3319 5089 3333 5123 ;
3371 5053 3630 5122 Dominus
3678 5067 3830 5122 Iesus

553 5128 880 5198 dilectionem
901 5125 1126 5180 habeatis
1147 5137 1191 5180 et
1207 5127 1320 5181 sitis
1349 5129 1635 5182 unanimes.
1662 5125 1824 5198 Ergo,
1852 5129 2125 5184 dilectissi-

551 5200 647 5267 mi,
677 5208 730 5251 ut
758 5196 976 5252 audistis
1026 5199 1348 5268 prwsentiam
1388 5200 1504 5263 mei,
1549 5200 1620 5252 ita
1649 5196 1857 5252 retinete
1883 5208 1928 5252 et
1975 5200 2128 5267 facite

551 5287 669 5324 cum
697 5270 877 5323 timore
904 5268 1025 5332 Dei;
1051 5279 1099 5322 et
1120 5269 1218 5323 erit
1243 5270 1380 5322 vobis
1400 5272 1502 5323 vita
1522 5271 1575 5323 in
1600 5280 1869 5336 ceternum,
1899 5281 1973 5324 est
1995 5273 2128 5325 enim

551 5341 695 5395 Deus
720 5343 809 5411 qui
837 5350 1078 5413 operatur
1097 5341 1151 5394 in
1173 5339 1348 5406 vobis;
1371 5353 1416 5395 et
1441 5341 1596 5410 facite
1617 5344 1728 5395 sine
1754 5354 1922 5394 tractu
1961 5345 2125 5411 quod-

552 5428 765 5483 cumque
793 5413 996 5482 facitis;
1035 5420 1085 5467 et
1119 5413 1256 5480 quod
1289 5421 1386 5469 est.
1431 5413 1770 5481 dilectissimi,
1817 5414 2036 5483 gaudete
2077 5416 2129 5467 in

551 5480 761 5537 Christo
785 5480 804 5536 ἐ
825 5493 871 5536 et
893 5492 1166 5551 prtecavete
1187 5484 1421 5537 sordidos
1451 5485 1506 5536 in
1540 5483 1683 5538 lucro
1722 5480 1972 5538 homines.
2012 5485 2130 5539 Sint

554 5555 1013 5626 petitionesvcstrte
1023 5555 1196 5626 palam
1207 5555 1347 5621 apud
1362 5555 1548 5623 Deum,
1567 5565 1613 5609 et
1624 5564 1780 5609 estote
1798 5556 1935 5623 ﬁrmi
1947 5557 2002 5610 in
2017 5572 2136 5612 sen-

552 5623 616 5680 su
647 5623 837 5700 Christi
859 5641 874 5680 :
897 5637 942 5678 et
965 5623 1085 5700 quia
1100 5626 1321 5700 integra,
1343 5636 1390 5680 et
1414 5643 1550 5691 vera,
1573 5637 1620 5700 et
1643 5627 1852 5700 pudica,
1877 5641 1925 5681 et
1956 5631 2128 5700 justa,

553 5706 604 5770 et
627 5693 875 5770 amabilia
894 5707 1031 5770 sunt,
1058 5693 1250 5770 facite';
1275 5708 1321 5749 et
1350 5713 1464 5770 qua:
1486 5693 1724 5757 audistis.
1765 5708 1814 5751 et
1833 5693 2130 5767 accepistis,

559 5769 615 5820 in
639 5766 792 5820 corde
823 5765 1065 5830 retinete;
1094 5776 1139 5820 et
1169 5767 1262 5821 erit
1288 5765 1426 5822 vobis
1461 5785 1580 5833 pax.
1608 5769 1854 5825 Salutant
1874 5765 1966 5823 vos
2005 5765 2134 5824 sart-

557 5836 837 5911 cti.Cr_atia
855 5835 1063 5911 Domini
1085 5840 1246 5911 nostri
1265 5836 1598 5911 IesuChristi
1613 5857 1726 5894 cum
1745 5843 1929 5911 spiritu
1941 5852 2129 5897 vestro.

555 5918 601 5963 et
638 5909 794 5979 facite
809 5907 908 5976 legi
930 5906 1300 5962 Colossensium
1317 5910 1473 5964 vobis.
1505 5907 1680 5966 Finis.

2237 5141 2446 5212 dirigat.
2479 5142 2566 5196 12.
2588 5142 2905 5197 charitatem
2937 5146 2987 5196 in
3020 5161 3032 5195 :
3063 5142 3366 5196 charitatem
3389 5151 3611 5197 vestram
3633 5143 3709 5195 in.

2867 5246 3092 5302 CAPUT
3133 5246 3222 5301 IV.

2322 5337 2468 5411 Vers.
2503 5337 2553 5392 l.
2587 5348 2836 5408 oporteat
2893 5353 3020 5411 vos;
3054 5355 3140 5411 vos
3194 5346 3442 5411 Oporteat.
3469 5337 3618 5391 —2.
3655 5337 3821 5411 dede-

2239 5411 2341 5465 rim
2379 5427 2390 5462 :
2423 5410 2736 5464 dederimus.
2776 5438 2846 5451 -ι
2895 5409 3036 5463 Ibid.
3098 5409 3282 5465 Iesum
3314 5426 3328 5465 :
3357 5421 3591 5464 nostrum
3647 5409 3824 5464 Iesum

2241 5479 2521 5536 Christum.
2547 5512 2616 5521 ——
2641 5481 2694 5534 5.
2724 5482 2848 5536 llaec
2871 5484 3012 5535 enim
3048 5481 3226 5535 τηατ
3255 5491 3327 5537 est
3359 5483 3515 5538 enim.
3547 5511 3619 5522 -—
3653 5485 3709 5536 «1.
3734 5497 3824 5534 vas

2237 5568 2392 5607 suum
2428 5574 2437 5603 ;
2466 5570 2622 5624 suum
2648 5569 2757 5608 vas.
2785 5581 2857 5592 -—
2881 5556 2933 5608 6.
2963 5563 3018 5608 et
3062 5555 3250 5622 nequis
3277 5571 3288 5606 :
3348 5565 3403 5606 ut
3436 5555 3635 5624 nequis.
3666 5583 3738 5594 ——
3771 5552 3822 5605 7.

2237 5623 2630 5695 immunditiam
2667 5643 2678 5676 :
2732 5625 3078 5678 immunditia.
3111 5652 3180 5666 —-
3207 5625 3260 5680 8.
3294 5625 3478 5695 Itaque
3514 5623 3627 5694 qui
3676 5644 3687 5677 :
3749 5625 3820 5676 ita

2235 5696 2344 5766 qui.
2370 5693 2592 5749 —Ibid.
2627 5696 2779 5750 nobis
2806 5713 2819 5747 :
2845 5697 3003 5751 vobis.
3033 5728 3099 5736 —
3117 5697 3169 5752 9.
3202 5698 3316 5758 ipse
3335 5693 3478 5749 enim
3504 5693 3601 5750 vos
3631 5714 3658 5746 a
3678 5698 3814 5751 Deo:

2237 5767 2338 5832 ipsi
2357 5783 2491 5820 enim
2520 5784 2606 5819 vos
2636 5783 2666 5819 α
2692 5765 2938 5820 Domino.
2969 5799 3040 5808 —
3068 5772 3150 5822 10.
3193 5768 3318 5820 illud
3351 5766 3534 5821 facitis
3560 5783 3575 5820 :
3611 5769 3821 5834 faciatis

2236 5838 2389 5892 illud.
2414 5868 2483 5877 —
2512 5839 2599 5892 ll.
2632 5849 2724 5892 ut:
2759 5841 2776 5893 l
2804 5837 2956 5894 Deest
2983 5842 3036 5892 in
3069 5839 3284 5907 cod.)—
3311 5840 3396 5891 15.
3433 5842 3484 5891 in
3532 5839 3767 5892 adventu
3802 5855 3813 5888 :

2237 5910 2291 5962 in
2331 5909 2620 5966 adventum.
2653 5940 2721 5950 —
2755 5910 2840 5964 l7.
2875 5911 3274 5980 relinquimur:
3308 5911 3675 5981 relinquemur.
