4074 6328
275 375 404 433 1081
437 389 439 394 ·

897 488 1126 546 CAPUT
1165 488 1230 544 V.

347 561 487 616 Vers.
515 561 570 617 5.
601 560 764 640 dolor
784 561 846 640 in
874 581 886 613 :
918 561 1066 640 dolor
1097 571 1274 640 partus
1293 556 1853 640 in._-_-7..noct.e_dor-

267 631 513 714 miunt-et
535 632 626 702 qui
651 632 1082 714 1(Adduntur'in
1100 634 1339 714 _cod.)_—-
1363 630 1448 685 15.
1479 629 1560 714 eis
1585 627 1758 712 :jllis.
1783 659 1852 668 —

267 704 351 758 15.
387 703 574 760 Videte
602 723 613 758 :
644 703 1131 761 Et‘videte.—Ibid.
1153 705 1382 758 invicem
1415 719 1429 761 ξ
1462 703 1583 756 etin
1611 703 1848 755 invicem.

818 371 1214 432 VARIANTES
1249 369 1644 428 LECTIONES.
1675 398 1747 409 —
1779 367 2115 426 EPISTULA
2156 365 2364 425 PAULI
2404 367 2494 422 AD
2532 363 2938 424 TIMOTIIEUM

1882 489 1932 547 Α
1959 514 2031 524 ——
2054 484 2140 537 18.
2195 482 2340 554 agite
2371 499 2386 535 :
2420 491 2648 554 agentes.
2679 511 2750 554 έ-
2776 481 2867 537 25.
2900 495 2997 550 per
3045 481 3254 546 omnia;
3309 489 3371 537 ut
3400 498 3413 535 :
3471 485 3543 538 ad

3405 366 3546 425 1082

1965 552 2280 625 perfectum;
2315 565 2382 608 et.
2413 552 2484 594 θ
2510 552 2649 607 Ibid.
2683 553 2734 607 in
2763 555 2998 608 adventu
3032 569 3046 606 :
3081 554 3134 608 in
3171 555 3548 608 adventum.—

1958 628 2026 664 06
2074 627 2300 664 nniclnln
2337 626 2452 664 hmo
2485 644 2495 654 -
2533 626 2640 664 hair,
2661 625 2879 664 oni-lnln
2925 654 2996 664 ._
3024 624 3094 664 9R
3158 627 3321 664 Aman
3355 643 3366 655 ο
3402 628 3548 664 Aman

1959 628 2046 682 26.
2074 627 2302 694 epistola
2337 626 2452 679 haec
2485 644 2496 678 :
2532 626 2640 679 hac
2661 625 2900 697 epistola.
2925 654 2996 665 -—
3024 624 3115 680 28.
3151 627 3322 681 Amen
3355 628 3555 682 :Amen

1959 715 2076 752 cum
2106 697 2338 752 omnibus
2367 698 2527 752 vobis.

267 824 3524 853 Ἠ

854 895 1242 960 EPISTOLA
1288 893 1522 957 PAULI
1571 893 1678 953 AD
1722 889 2520 953 THESSALONICENSES
2566 890 2951 954 SECUNDA.

262 1001 654 1070 Argumentum
687 1000 741 1058 in
769 999 1066 1070 Epistolam
1096 998 1384 1054 secundam
1425 996 1496 1070 ad
1549 994 1843 1051 Thessalo-

617 1066 865 1129 nicensés
898 1091 910 1125 :
940 1073 959 1141 (
987 1071 1226 1125 Habetur
1251 1071 1305 1125 in
1337 1066 1482 1140 cod.)

909 1185 1137 1242 CAPUT
1174 1185 1216 1240 Ι.

333 1279 487 1335 Vers.
520 1281 572 1336 1.
629 1281 845 1336 Christo
879 1299 891 1334 :
941 1280 1143 1335 Christo
1190 1280 1427 1334 salutem.
1459 1307 1528 1318 —-
1549 1280 1603 1334 5.
1633 1293 1847 1346 semper

252 1352 363 1408 Deo
398 1371 412 1406 :
445 1352 554 1408 Deo
575 1369 790 1420 semper.
826 1381 898 1392 —
920 1350 1058 1406 Ibid.
1111 1351 1532 1419 uniuscujusque
1577 1361 1840 1404 vestrum:

250 1426 656 1497 uniuscujusque
700 1425 927 1497 omnium
966 1434 1206 1497 vestrum.
1234 1452 1306 1461 —
1337 1425 1388 1475 4.
1423 1421 1659 1497 vestris:
1694 1420 1842 1497 (Non

247 1506 319 1550 est
350 1495 403 1548 in
428 1493 580 1563 cod.)
603 1527 670 1535 —
706 1496 761 1551 5.
792 1511 958 1565 regno
995 1511 1011 1551 :
1057 1495 1109 1548 in
1143 1510 1318 1563 regno.
1361 1521 1431 1533 -—
1459 1493 1511 1548 6.
1549 1493 1845 1565 tribulatio-

251 1581 370 1621 nem
400 1584 414 1618 :
464 1563 874 1620 retributionem:
900 1596 970 1606 -ο
1006 1567 1058 1620 7.
1082 1566 1235 1621 vobis
1271 1583 1283 1619 :
1330 1581 1435 1618 vos.
1468 1594 1538 1604 —
1567 1563 1706 1618 Ibid.
1738 1563 1843 1616 Do-

247 1639 374 1692 mini
411 1656 425 1691 :
461 1635 672 1692 Christi.
703 1667 772 1678 —
803 1639 855 1692 8.
887 1639 988 1692 iis:
1021 1638 1075 1691 in
1106 1637 1209 1692 his.
1238 1666 1308 1677 -
1337 1636 1392 1689 9.
1425 1636 1642 1689 interitu
1675 1653 1686 1686 :
1719 1636 1841 1688 inte-

247 1711 428 1764 ritum.
459 1737 532 1750 —
563 1708 648 1763 12.
685 1712 855 1764 nostri
882 1719 937 1766 et
965 1709 1176 1763 Domini
1209 1725 1224 1765 :
1271 1718 1318 1762 et
1350 1705 1556 1761 Domini
1582 1708 1765 1760 nostri.

886 1800 1116 1858 CAPUT
1157 1802 1220 1857 ll.

1949 1002 2029 1046 tur
2058 994 2110 1046 in
2137 992 2282 1058 cod.)
2311 1023 2383 1033 —
2409 993 2624 1064 5.7Num
2659 1011 2669 1045 :
2706 991 2850 1046 Non.
2882 1020 2953 1064 5—-
2974 992 3029 1046 8.
3073 1006 3197 1064 eum
3228 1009 3239 1045 :
3278 990 3458 1064 (Deest
3484 993 3542 1047 in

1949 1065 2065 1135 cod.
2088 1063 2106 1130 )
2133 1095 2204 1103 —
2229 1065 2282 1119 9.
2309 1076 2364 1119 et
2388 1083 2401 1119 :
2430 1063 2578 1135 (Non
2605 1074 2676 1118 est
2706 1066 2761 1117 in
2792 1063 2934 1132 cod.)
2956 1093 3028 1102 —
3051 1062 3144 1135 15ἐ
3176 1077 3270 1117 vos
3290 1062 3311 1116 V:
3341 1081 3540 1135 nos.—

1951 1134 2037 1192 14.
2059 1139 2112 1190 in
2137 1151 2298 1206 quam
2327 1153 2340 1190 :
2368 1137 2421 1190 in
2440 1132 2652 1206 'qua.—
2677 1135 2764 1191 16.
2790 1147 2845 1190 et
2873 1135 3015 1191 Deus
3041 1153 3054 1190 :
3086 1132 3306 1206 (Desunt
3331 1133 3385 1190 in
3402 1135 3548 1206 cod.)

2579 1231 2810 1288 CAPUT
2850 1230 2936 1286 III.

2027 1325 2180 1380 Vers.
2219 1325 2268 1379 1.
2299 1325 2397 1381 Dei
2430 1346 2443 1381 :
2477 1325 2704 1380 Domini.
2729 1356 2796 1366 —
2823 1325 2873 1378 5.
2906 1334 3028 1380 cst:
3059 1324 3207 1393 (Non
3238 1325 3456 1379 habetur
3492 1327 3548 1381 in

1948 1400 2092 1462 cod.)
2116 1429 2186 1438 —
2228 1397 2369 1451 Ibid.
2424 1397 2804 1452 conﬁrmabit:
2847 1398 3189 1464 conﬁrmavit.
3218 1398 3364 1450 -—7.
3401 1413 3540 1467 quo-

1951 1469 2095 1523 niam
2130 1484 2236 1522 non
2276 1471 2500 1538 inquieti
2552 1469 2751 1524 fuimus
2802 1470 2943 1522 inter
2973 1483 3067 1521 vos
3101 1487 3112 1521 :
3148 1469 3450 1538 (Adduntur
3483 1470 3537 1522 in

1949 1540 2092 1604 cod.)
2121 1570 2191 1580 —
2218 1544 2271 1594 8.
2306 1541 2359 1594 in
2395 1541 2578 1595 labore
2609 1551 2664 1594 et
2695 1543 2743 1593 in
2777 1539 3084 1608 fatigatioiie
3120 1558 3132 1592 :
3165 1541 3219 1593 in
3265 1540 3404 1592 omni
3459 1541 3542 1595 la-

1951 1613 2069 1665 bore
2092 1623 2137 1665 et
2165 1612 2490 1682 fatigatione.
2514 1639 2579 1652 —-
2605 1611 2692 1666 11.
2725 1611 3062 1665 ambulantes
3119 1611 3356 1682 inquiete
3387 1628 3402 1662 :
3427 1627 3545 1664 am-

1949 1683 2130 1736 bulare
2158 1686 2208 1735 in
2241 1681 2482 1750 quietem.
2512 1713 2583 1723 —
2616 1682 2699 1736 12.
2752 1686 2804 1736 in
2860 1682 3090 1736 Domino
3118 1682 3243 1736 Jcsu
3276 1681 3493 1736 Christo
3526 1701 3540 1735 :

1948 1755 2001 1808 in
2055 1753 2259 1809 Christo
2306 1753 2453 1808 Jesu.
2487 1786 2556 1795 —
2586 1754 2670 1808 11.
2699 1763 2753 1809 et
2781 1769 2882 1808 ne:
2915 1761 2962 1806 et
3012 1770 3135 1806 non.
3168 1784 3236 1794 —
3276 1754 3364 1808 17.
3411 1760 3498 1807 est
3529 1770 3543 1806 :

1950 1825 2099 1897 (Non
2125 1827 2340 1879 habetur
2365 1828 2417 1878 in
2441 1826 2587 1897 cod.)
2616 1855 2678 1866 --
2720 1823 2859 1897 Ibid.
2894 1825 2968 1879 ita
2999 1841 3010 1878 :
3043 1825 3294 1897 (Additur
3324 1826 3376 1877 in
3405 1822 3552 1895 cod.)

322 1893 473 1950 Vers.
496 1895 554 1949 2.
582 1910 619 1950 α
640 1906 823 1952 vestro
845 1912 1029 1961 sensu,
1055 1913 1230 1967 neque
1251 1897 1566 1953 terreamini
1597 1896 1836 1969 (Addun-
1872 1882 1920 1942 Β
1947 1882 2018 1936 ‘—
2043 1896 2130 1950 18.
2166 1899 2335 1952 Amen
2365 1916 2378 1952 :
2417 1882 2595 1969 (Dees't
2634 1899 2686 1952 in
2726 1896 2872 1967 cod.)

1062 2068 1448 2130 EPISTOLA
1496 2066 1734 2129 PAULI
1778 2066 1886 2126 AD
1931 2063 2421 2126 TIMOTHEUM
2467 2065 2739 2125 PRIMA.

257 2175 644 2245 Argumentum
689 2171 741 2226 in
769 2171 998 2245 pr_i_mam
1028 2171 1326 2245 Epistulam
1356 2171 1423 2224 ad
1451 2167 1792 2223 Timotheum
1819 2181 1833 2220 :

808 2187 998 2225 rimam
1028 2187 1303 2240 Lplblulall

767 2187 1058 2312 ()Habetur
1081 2245 1133 2296 in
1157 2241 1303 2311 cod.)

883 2333 1112 2389 CAPUT
1153 2333 1195 2388 Ι.

333 2427 473 2483 Vers.
505 2431 559 2486 9.
590 2428 868 2493 Lexjusto
896 2444 908 2499 ς
935 2431 1082 2499 justo
1111 2428 1212 2480 lex.
1243 2456 1315 2499 -τ
1337 2425 1480 2499 Ibid.
1513 2435 1568 2499 et
1599 2427 1838 2499 matrici-

254 2499 669 2570 dis:(Adduntur
693 2503 744 2553 in
772 2497 1077 2568 cod.)-¥-l5.
1096 2499 1167 2552 lui
1195 2514 1208 2551 :
1235 2497 1622 2570 (Dees_t.)—1_5.
1649 2498 1791 2569 quod
1818 2517 1832 2553 :

248 2567 392 2642 quia.
423 2603 492 2612 —
518 2574 602 2628 18.
639 2572 753 2638 tibi,
772 2567 1058 2625 TimOthee
1087 2586 1100 2622 :
1132 2567 1344 2636 tibi,rﬁli
1373 2567 1652 2624 Timothee.

871 2683 1104 2740 CAPUT
1144 2683 1210 2739 ll.

327 2778 477 2833 Vers.
506 2778 559 2832 2.
584 2778 834 2834 castitate
867 2796 880 2831 :
913 2776 1023 2847 (Ita
1047 2777 1200 2830 modo
1229 2778 1436 2846 legitur,
1469 2778 1676 2831 mutatis
1718 2778 1834 2846 qui-

245 2849 462 2905 busdam
481 2851 680 2915 litteris,
705 2851 887 2921 quibus
906 2851 958 2902 in
990 2850 1140 2902 veteri
1165 2847 1670 2921 lectioneebaritate
1698 2849 1833 2921 vide-

240 2933 323 2976 tur
353 2933 604 2992 scriptum
636 2919 840 2992 fuisse.)
886 2951 955 2961 ——
983 2922 1037 2974 6.
1093 2921 1296 2992 cujus:
1342 2919 1490 2990 (Non
1513 2919 1728 2992 habetur
1780 2920 1833 2973 in

237 2994 386 3065 cod.)
412 2990 480 3035 -ὲ
509 2993 651 3047 Ibid.
680 2990 1055 3048 conﬁrmatum
1080 3001 1164 3046 est
1188 3007 1216 3065 :_
1235 2990 1456 3058 (Desunt
1497 2993 1549 3044 in
1593 2991 1736 3065 cod.)
1763 3021 1834 3031 —

239 3067 327 3120 11.
364 3063 892 3135 praevaricationem
922 3081 934 3116 ε
999 3063 1442 3132 ργιειάνὶεαιὶοηε.
1467 3093 1538 3102 —
1569 3064 1654 3118 15.
1713 3079 1834 3134 per—

235 3139 540 3193 manserint
567 3153 582 3190 :
613 3137 972 3207 permanserit.

858 3251 1087 3308 CAPUT
1135 3252 1218 3310 III.

302 3349 458 3405 Vers.
489 3351 545 3404 2.
575 3357 829 3404 ornatum
863 3346 1115 3418 pudicum
1148 3365 1159 3398 :
1201 3347 1444 3414 pudicum
1473 3356 1733 3399 ornatum.
1758 3376 1827 3386 —

231 3421 314 3476 12.
348 3421 582 3477 Diaconi
613 3438 627 3476 :
681 3415 958 3474 Diacones.
981 3447 1051 3458 —
1072 3415 1213 3471 Ibid.
1245 3420 1465 3484 prmsinl
1493 3434 1506 3469 :
1542 3427 1772 3485 prwsunt
1809 3436 1819 3470 :

222 3522 291 3533 —
322 3492 416 3548 15.
455 3493 652 3548 bonum
680 3491 780 3548 sibi
808 3509 822 3546 :
873 3490 973 3544 sibi
998 3491 1203 3544 bonum.
1228 3519 1300 3530 —
1325 3488 1411 3544 11.
1443 3504 1528 3543 me
1556 3488 1623 3541 ad
1658 3501 1708 3543 te
1739 3504 1828 3544 ve-

224 3566 344 3621 nire
374 3581 393 3618 :
425 3567 594 3619 venire
617 3583 694 3618 me
715 3565 782 3618 ad
810 3574 876 3618 te.

2549 2165 2780 2220 CAPUT
2829 2165 2916 2220 IV.

2025 2234 2273 2308 Vers._4.
2325 2245 2447 2290 est:
2493 2235 2666 2308 (Non
2699 2235 2914 2290 habetur
2959 2238 3014 2291 in
3061 2237 3176 2290 cod.
3205 2237 3314 2307 )—
3343 2238 3396 2292 7.
3447 2251 3544 2292 au-

1951 2316 2104 2378 tem:
2151 2305 2333 2378 (Deest
2375 2308 2427 2360 in
2473 2305 2621 2378 cod.)
2652 2338 2719 2348 -—
2765 2309 2852 2362 16.
2906 2308 3047 2363 insta
3105 2310 3158 2363 in
3206 2305 3366 2364 illis:
3409 2309 3546 2364 insta

1946 2377 2078 2432 illis.
2120 2408 2190 2418 —
2237 2377 2378 2431 Ibid.
2410 2394 2507 2434 eos
2544 2397 2557 2432 :
2599 2377 2745 2449 (Non
2794 2379 3009 2435 habetur
3036 2382 3089 2434 in
3119 2379 3264 2450 cod.)

2572 2470 2802 2528 CAPUT
2843 2471 2908 2525 V.

2031 2541 2176 2596 Vcrs.
2209 2542 2263 2597 5.
2287 2552 2468 2612 speret
2501 2561 2511 2592 τ
2559 2552 2828 2611 sperat.——
2856 2543 2992 2598 Ibid.
3048 2545 3212 2600 instet
3242 2563 3254 2598 :
3288 2546 3541 2600 instat.—

1953 2615 2005 2686 8.
2041 2616 2254 2683 negavit
2284 2632 2296 2666 :
2330 2614 2616 2686 denegavit.
2640 2614 2822 2686 —711.
2867 2616 3060 2670 fuerint
3095 2617 3146 2670 in
3179 2615 3396 2671 Christo
3427 2635 3534 2672 nu-

1950 2685 2080 2740 bere
2111 2687 2296 2738 volunt
2329 2703 2339 2737 :
2373 2685 2596 2754 fuerint;
2619 2686 2671 2738 in
2693 2685 2897 2739 Christo
2925 2686 3115 2741 nubere
3141 2689 3423 2742 rolunt.—
3445 2690 3534 2744 16.

1954 2757 2125 2811 ﬁdelis
2159 2756 2320 2811 habet
2351 2774 2364 2809 :
2421 2757 2587 2826 ﬁdelis
2637 2757 2714 2810 vel
2757 2760 2901 2825 siqua
2927 2757 3096 2827 ﬁdelis
3145 2761 3310 2814 habet.
3343 2791 3414 2800 —
3437 2761 3532 2816 20.

1941 2827 2234 2903 Peccantes
2270 2847 2296 2903 _:_
2344 2827 2670 2882 Peccantem.
2694 2856 2765 2868 --
2787 2827 2926 2903 Ibid.
2957 2840 3009 2882 et
3045 2829 3270 2903 :(Deest
3296 2833 3350 2886 in
3377 2832 3522 2903 cod.)

1938 2928 2009 2939 —
2033 2898 2123 2953 25.
2158 2901 2370 2954 modico
2399 2903 2524 2954 vino
2550 2919 2561 2955 :
2591 2904 2708 2953 vino
2731 2902 2950 2954 modico.
2978 2929 3050 2940 —-
3073 2899 3162 2955 21.
3194 2913 3377 2958 autem
3405 2898 3533 2959 sub-

1937 2980 2238 3042 sequuntur
2263 2989 2276 3024 :
2312 2981 2484 3026 autem
2512 2982 2559 3024 et
2589 2972 2987 3040 subsequuntur.

2542 3062 2772 3119 CAPUT
2812 3064 2902 3118 Vl.

2021 3134 2165 3190 Vers.
2195 3134 2251 3188 4.
2287 3145 2372 3209 est
2393 3151 2418 3209 A:
2445 3133 2594 3209 (Non
2615 3136 2830 3209 habetur
2848 3137 2904 3190 in
2931 3137 3159 3209 cod.)—
3185 3140 3240 3193 ες.
3262 3153 3388 3195 esse
3411 3141 3525 3208 pie-

1937 3215 2146 3278 tatem:
2181 3224 2288 3260 esse
2312 3205 2402 3260 Dei
2431 3207 2686 3278 culturam
2707 3217 2754 3260 et
2779 3208 3040 3278 pietatem.
3057 3205 3139 3250 ’-
3159 3211 3212 3266 6.
3238 3210 3334 3265 Est
3361 3227 3376 3267 :
3405 3205 3532 3265 Dis-

1938 3277 2140 3354 cede_ab
2171 3277 2543 3354 hujuscemodi.
2573 3289 2645 3354 est
2670 3294 2687 3330 :
2711 3277 3018 3354 (Adduntur
3049 3281 3233 3354 litteris
3267 3283 3523 3354 vetustis.)

1934 3379 2004 3387 —
2047 3349 2097 3401 7.
2127 3352 2268 3418 quod
2303 3367 2312 3401 :
2345 3351 2487 3418 quia.
2517 3378 2588 3389 —
2612 3349 2666 3405 9.
2709 3351 2917 3404 inutilia
2950 3363 3033 3405 :et
3079 3353 3302 3407 inutilia.
3333 3383 3402 3393 —
3431 3349 3519 3410 10'.

1934 3419 2154 3491 quidam
2193 3438 2206 3474 :
2237 3419 2528 3491 (Additum)
2559 3420 2734 3476 —16.
2764 3431 2819 3475 et
2848 3423 3058 3478 lucem:
3093 3423 3522 3480 lucem—Ibid.

1937 3490 2201 3564 inhabitat
2237 3490 2254 3543 :7
2295 3491 2555 3544 habitans.
2585 3522 2658 3564 -έ
2702 3495 2790 3547 17.
2831 3496 2943 3546 Deo
2970 3495 3092 3549 vivo
3137 3497 3255 3564 qui:
3300 3495 3528 3550 Domino

1933 3563 2043 3633 qui.
2075 3592 2147 3601 —
2172 3563 2256 3618 18.
2296 3564 2456 3617 bonis
2489 3563 2749 3632 operibus
2775 3580 2788 3618 :
2811 3566 3048 3635 operibus
3078 3563 3244 3623 bonis.

981 3752 1372 3816 EPISTOLA
1419 3753 1657 3814 PAULI
1699 3753 1806 3814 AD
1851 3753 2346 3817 TIMOTHEUM
2391 3756 2783 3821 SECUNDA.

281 3863 684 3931 Argumentum
735 3861 786 3914 in
841 3859 1161 3931 Epistulam
1195 3857 1691 3931 Paulirsegundam
1752 3858 1820 3912 ad

211 3927 568 3988 Timoibeum
613 3951 624 3984 :
662 3927 921 4002 (Habetur
946 3933 1003 3985 in
1032 3929 1174 4001 cod.)
1206 3960 1275 3970 —
1313 3928 1433 3982 Lin.
1472 3927 1523 3982 5.
1569 3930 1638 3982 ab
1689 3931 1822 3986 urbe

210 4002 391 4060 Roma
419 4022 429 4056 :
461 4021 493 4059 a
519 4003 808 4059 Laudocia.

878 4094 1104 4150 CAPUT
1145 4095 1184 4150 I.

255 4185 446 4245 'Vers.
481 4191 534 4244 3.
572 4189 615 4244 A
667 4188 1102 4256 progenitoribus
1146 4203 1160 4240 :
1196 4183 1442 4256 (Additur
1471 4185 1648 4256 a.)7-—
1680 4183 1818 4240 Ibid.

203 4263 351 4332 quod
393 4278 612 4331 :quam.
656 4255 724 4302 {—-
759 4255 810 4317 6.
853 4260 1119 4314 admoneo
1153 4277 1164 4312 :
1207 4255 1405 4332 moneo.
1445 4286 1513 4296 —-—
1555 4255 1693 4332 Ibid.
1723 4273 1820 4332 per

201 4327 613 4402 impasiti'onem
652 4351 662 4384 :
700 4343 744 4385 et
786 4333 1126 4402 impositione.
1172 4359 1241 4369 —
1284 4329 1336 4382 9.
1369 4345 1465 4382 sua
1501 4347 1512 4381 :
1547 4327 1726 4400 (Deest
1767 4331 1822 4385 in

203 4401 353 4476 cod.)
411 4431 478 4442 -—
523 4405 610 4456 15.
662 4403 798 4476 halm
831 4421 842 4454 :
879 4401 989 4476 (Ita
1024 4401 1237 4476 habebat
1268 4402 1620 4476 lectio__vetus;
1669 4402 1818 4456 modo

203 4406 353 4476 cod.)
411 4431 478 4442 ——
523 4405 610 4456 15.
662 4403 842 4455 halm:
904 4403 989 4454 Ita
1024 4403 1237 4454 habebat
1268 4403 1417 4454 lectio
1448 4412 1620 4464 vetus;
1669 4403 1818 4456 modo

201 4475 424 4532 habens
455 4403 904 4544 superscribiturA
941 4503 1013 4544 5—-
1047 4470 1182 4526 Ibid.
1222 4481 1275 4544 et
1315 4475 1367 4544 in
1399 4471 1736 4544 dilectione:
1770 4482 1819 4544 et

200 4547 505 4601 dilectione.
535 4575 605 4584 —
639 4545 722 4599 15.
753 4545 840 4611 qui
872 4545 924 4597 in
951 4543 1077 4596 Asia
1112 4560 1126 4597 :
1152 4543 1241 4614 qui
1262 4543 1407 4599 Asia.
1433 4573 1501 4582 —
1528 4544 1618 4597 18.
1651 4543 1813 4597 mini-

203 4619 446 4674 stravit:
481 4616 791 4670 ministravit
816 4617 964 4668 mihi.

843 4706 1074 4762 CAPUT
1117 4706 1180 4760 ll.

283 4802 437 4856 νει-δ.
491 4800 546 4856 6.
599 4799 879 4869 percipere
920 4815 934 4854 :
981 4799 1231 4868 accipere.
1276 4828 1345 4837 —
1385 4799 1439 4852 8.
1483 4798 1808 4852 Dominum:

199 4875 359 4944 (Non
390 4874 605 4926 habetur
635 4874 687 4927 in
718 4870 862 4941 cod.)
913 4901 984 4912 —
1025 4869 1111 4923 12.
1156 4872 1533 4944 negaverimus
1560 4887 1570 4921 :
1605 4871 1814 4944 negavi-

198 4940 340 5000 inus.
393 4976 462 4985 —
511 4947 592 4999 15.
647 4940 926 5012 permanet
956 4959 969 4995 :
1003 4951 1194 4995 manet.
1241 4971 1310 4981 —
1351 4940 1437 4994 1.1.
1478 4942 1812 5012 contendere

195 5016 390 5072 verbis
436 5019 500 5070 ad
545 5011 672 5070 nihil
707 5034 719 5069 :
761 5016 922 5068 verbis
971 5015 1275 5068 contendere
1310 5014 1363 5066 in
1408 5011 1557 5065 nihil.
1606 5043 1678 5052 —
1720 5013 1805 5067 16.

199 5088 498 5156 pI'OIICIUtll
545 5107 556 5141 :
601 5088 892 5154 proﬁcient.
935 5117 1005 5126 -—
1045 5087 1132 5138 18.
1173 5100 1294 5138 esse
1326 5101 1338 5137 :
1376 5083 1549 5152 (Deest
1583 5087 1635 5136 in
1665 5085 1805 5153 cod.)

194 5191 267 5200 —
300 5160 392 5214 19.
424 5169 565 5214 stat:
591 5162 748 5213 stetit.
780 5191 849 5201 ——
875 5159 1012 5212 Ibid.
1043 5157 1287 5212 discedat
1317 5173 1327 5206 :
1354 5157 1585 5209 discedit.
1615 5186 1685 5194 -——
1709 5157 1800 5210 20.

193 5235 249 5285 in
285 5233 551 5286 honorem
597 5250 608 5283 :
656 5240 773 5284 sunt
805 5232 856 5282 in
901 5233 1144 5283 honorem
1183 5226 1582 5293 sanctiﬁcatum.
1615 5258 1686 5268 —
1711 5230 1799 5282 21.

191 5303 580 5357 etimndaverit
615 5321 626 5355 :
664 5301 1003 5356 mandaverit.
1048 5330 1118 5340 ——
1155 5297 1243 5352 :22.
1274 5313 1323 5351 et
1358 5317 1370 5349 :
1414 5296 1560 5369 (Non
1587 5297 1798 5353 habetur

1926 3860 1979 3934 in
2005 3858 2151 3934 cod.)
2176 3891 2247 3900 ——
2271 3860 2606 3934 23.7veritati
2633 3880 2644 3914 :
2673 3860 2849 3934 (Deest
2869 3861 2923 3915 in
2953 3857 3098 3931 cod.)
3125 3890 3194 3900 —
3219 3857 3359 3914 Ibid.
3389 3859 3532 3914 Deus

1927 3931 2020 3986 det
2052 3933 2154 3986 illis
2191 3949 2204 3985 :
2247 3933 2334 3986 det
2363 3933 2470 3987 illis
2500 3931 2662 3986 Deus.

2543 4026 2773 4082 CAPUT
2813 4025 2902 4081 Ill.

2005 4117 2156 4172 Vers.
2187 4121 2242 4174 4.
2269 4131 2322 4176 et
2360 4137 2372 4174 ε
2419 4119 2642 4190 (Deest.)
2664 4151 2732 4162 —
2760 4121 2811 4175 8.
2838 4119 3107 4174 Mambres
3140 4137 3155 4174 :
3188 4117 3434 4174 Mamres.
3457 4150 3529 4160 —

1931 4188 2018 4242 11.
2047 4198 2101 4244 et
2127 4209 2137 4244 :
2165 4190 2476 4261 (Deest.)—
2495 4193 2578 4247 15.
2617 4188 2898 4261 proﬁcient
2923 4210 2934 4243 :
2960 4191 3255 4260 proﬁciunt.
3287 4221 3356 4230 -—
3381 4190 3523 4245 Ibid.

1929 4276 2168 4318 errorem
2196 4266 2473 4329 mittentes
2507 4283 2518 4317 :
2547 4279 2773 4317 errorem
2801 4265 2991 4317 multos
3022 4264 3291 4317 mittentes.

2530 4356 2760 4412 CAPUT
2795 4355 2882 4410 IV.

2001 4446 2148 4502 Vers.
2183 4450 2236 4503 1.
2278 4451 2405 4503 .lesu
2454 4447 2669 4504 Christo
2714 4467 2727 4505 :
2770 4449 2975 4503 Christo
3003 4450 3153 4503 .Iesu.
3191 4478 3261 4489 -——
3299 4447 3438 4502 Ibid.
3471 4460 3526 4504 et

1919 4532 2018 4586 per
2067 4519 2358 4572 adventum
2413 4538 2424 4572 :
2463 4531 2510 4573 et
2553 4523 2849 4574 adventum.
2903 4551 2974 4561 ——-
3014 4521 3068 4574 5.
3119 4519 3332 4573 sobrius
3358 4532 3518 4574 esto:

1921 4587 2144 4655 (Desunt
2189 4594 2242 4642 in
2293 4593 2441 4658 cod.)
2474 4621 2542 4630 —
2569 4594 2621 4644 8.
2654 4607 2852 4643 corona
2882 4591 3107 4655 justitim
3142 4592 3400 4660 :justitiw
3430 4607 3520 4644 co-

1840 4656 1894 4716 D
1919 4677 2069 4712 rona.
2109 4691 2177 4699 —
2212 4664 2294 4713 10.
2333 4656 2549 4729 reliquit
2581 4680 2592 4713 :
2627 4662 2913 4721 dereliquit.
2959 4692 3030 4701 —
3059 4656 3197 4714 Ibid'.
3228 4661 3522 4716 Thessalo-

1920 4734 2092 4785 nicam
2123 4749 2133 4782 :
2165 4734 2212 4784 in
2231 4731 2670 4786 Thessalonicam.
2691 4762 2761 4772 —
2781 4731 2920 4786 Ibid.
2947 4734 3210 4788 Galatiam
3237 4731 3515 4786 :Galliam.

1918 4828 1987 4842 ~—
2017 4801 2100 4856 15.
2130 4814 2303 4856 tecum
2338 4823 2351 4856 :
2386 4803 2537 4870 (Non
2569 4805 2715 4856 estin
2742 4805 2884 4866 cod.)
2917 4834 2985 4843 ——
3017 4803 3104 4857 14.
3136 4802 3324 4857 reddet
3356 4821 3368 4856 :
3401 4805 3520 4856 red-

1917 4873 2026 4946 dat.
2060 4903 2128 4912 —-
2159 4873 2242 4926 13$.
2293 4875 2461 4928 Valde
2501 4879 2643 4928 etaim
2681 4877 2873 4929 restitit
2907 4877 3086 4929 verbis
3114 4877 3312 4928 nostris
3346 4874 3520 4946 :(Ad—

1917 4945 2112 4997 duntur
2140 4946 2193 4998 in
2227 4948 2370 5015 cod.)
2405 4977 2475 4986 —
2501 4947 2588 5000 16.
2622 4949 2916 5012 imputetur
2947 4963 2958 4997 :
2993 4955 3275 5015 reputatur.
3321 4975 3391 4984 -ο
3425 4946 3511 5000 17.

1915 5027 2093 5088 autem
2127 5035 2137 5068 :
2169 5015 2347 5088 (Deest
2375 5019 2426 5071 in
2449 5020 2594 5080 cod.)
2630 5047 2699 5057 —-
2741 5017 2878 5088 Ibid_.
2908 5017 3230 5088 confortavit
3260 5035 3270 5067 :
3304 5019 3513 5088 confor-

1913 5086 2058 5140 tabit.
2116 5085 2187 5129 -έ
2222 5088 2310 5144 20.
2365 5089 2718 5155 Tropltimnm
2765 5108 2776 5141 :
2828 5085 3087 5141 Firmum.
3138 5085 3248 5158 (Ita
3295 5085 3512 5140 habebat

1915 5160 2062 5230 lectio
2083 5173 2251 5224 vetus;
2277 5163 2426 5213 modo
2456 5177 2571 5214 rero
2593 5161 2943 5228 'l‘ropbimum
2975 5157 3513 5230 superscribitur.)A-—

1911 5229 1999 5283 21.
2032 5231 2272 5284 Salutant
2309 5243 2359 5284 te
2400 5233 2637 5286 Eubulus
2665 5249 2678 5284 :
2720 5233 2929 5285 Salutat
2963 5242 3012 5285 te
3040 5228 3293 5284 'Eubolus.
3324 5259 3393 5270 —
3418 5228 3508 5284 22.

1912 5302 2188 5357 Vobiscum
2221 5321 2231 5353 :
2267 5303 2553 5356 nobiscum.

1269 5483 1659 5545 EPIS'I‘OLA
1708 5486 1940 5548 PAULI
1990 5489 2094 5548 AD
2139 5489 2418 5554 TITUM.

265 5588 660 5658 Argumentum
683 5589 735 5644 in
765 5589 1058 5660 Epistolam
1083 5588 1233 5643 Pauli
1255 5589 1320 5642 ad
1347 5586 1528 5642 Titum
1552 5603 1566 5641 :
1593 5586 1794 5658 (Habe-

186 5667 276 5714 tur
311 5661 370 5713 in
400 5660 543 5732 cod.)
849 5729 1077 5787 CAPUT
1117 5731 1133 5785 Ι

267 5843 422 5898 Vers.
457 5846 507 5899 1.
540 5845 827 5914 Apostolus
857 5854 1036 5900 autem
1065 5844 1190 5899 Iesu
1223 5845 1419 5898 Chrisu
1460 5861 1472 5899 :
1513 5845 1787 5914 Apostolus

183 5916 389 5972 Christi
417 5915 562 5972 Iesu.
590 5947 660 5958 ——
756 5919 996 5988 disposui
1029 5919 1123 5972 tibi
1155 5935 1167 5969 :
1199 5917 1285 5970 tibi
1313 5917 1564 5986 disposui.
1594 5946 1662 5956 —
1694 5917 1782 5973 10.

1905 5591 2278 5647 inohedientes
2314 5612 2326 5645 :
2359 5606 2407 5646 et
2436 5595 2801 5651 inobedientes.
2837 5627 2907 5637 -—
2946 5596 3032 5649 12.
3071 5595 3321 5666 proprius
3357 5595 3505 5664 ipso-

1893 5677 2014 5744 rum
2047 5666 2307 5745 prOpheta
2344 5683 2355 5718 :
2386 5665 2496 5737 (Ita
2526 5669 2740 5722 habebat
2775 5669 2921 5745 lectio
2952 5665 3122 5745 vetus;
3157 5667 3333 5723 modo.
3366 5684 3494 5739 pro-

1898 5739 2047 5802 prius
2075 5739 2312 5804 ipsorum
2344 5749 2519 5807 poeta.
2547 5739 2990 5810 superscribitur.)

2519 5833 2697 5889 CAPU
2720 5837 2746 5887 l'
2789 5835 2849 5888 ll.

1969 5918 2116 5975 Vers.
2169 5920 2218 5974 ll.
2269 5938 2395 5977 suos
2447 5942 2458 5976 :
2507 5923 2685 5995 (Deest
2732 5927 2786 5982 in
2828 5925 2971 5998 cod.)
3025 5959 3091 5967 —
3133 5927 3185 5984 5.
3231 5926 3488 5984 sobrias:
