4074 6328
606 371 743 431 1087
1280 371 1632 433 APPENDIX
1670 373 1767 430 AD
1806 372 2096 431 DIVINAM
2132 372 2646 433 BlBLlOTHECAM
2684 374 2747 434 S.
2787 374 3190 435 HIEBONYMI.
3740 375 3876 435 1088

614 487 1035 564 circumpositio,
1062 500 1169 564 aut
1208 491 1263 544 in
1290 488 1469 564 habitu
1495 489 1911 564 vestimentorum
1938 498 2189 564 ornatus;
2216 494 2271 554 Δ
2297 490 2582 564 tionibus;
2612 499 2671 564 et
2684 490 2843 564 sobrii
2872 492 2925 545 in
2952 492 3273 564 orationibus
3287 491 3573 564 vigilantes.
3603 519 3680 532 -
3698 488 3763 564 8.
3785 508 3879 547 an-

613 563 705 616 sed
726 562 837 634 ille.
862 560 1092 634 —-_Ibid.
1112 562 1464 634 absconditus
1496 571 1579 634 est
1602 561 1783 634 cordis
1806 561 2188 634 :_absconditus
2296 571 2403 617 tem
2438 579 2452 616 :
2484 561 2561 634 (Ν
2568 579 2633 616 on
2652 563 2871 634 habetur
2900 565 2952 619 in
2978 564 3123 632 cod.)
3145 595 3217 606 —
3244 560 3386 619 Ibid.
3417 561 3830 634 vobismetipsis
3859 581 3875 617 :

610 632 800 706 cordis:
824 663 897 673 —
926 630 1065 687 Ibid.
1109 633 1161 706 in
1193 640 1485 706 conspectu
1521 632 1653 688 Dei:
1684 640 1803 687 ante
1824 632 2009 706 Deum.
2033 662 2104 675 --
2129 636 2186 689 5.
2291 630 2646 706 vosmetipsos.
2673 664 2744 675 —
2783 633 2930 690 Ibid.
2971 630 3279 706 continuam
3332 650 3347 690 :
3394 636 3413 705 (
3428 634 3513 690 Ita
3532 633 3690 689 habet
3737 633 3878 689 lectio

610 713 701 759 et:
737 703 916 776 (Deest
962 706 1017 758 in
1067 702 1218 775 cod.)
1243 734 1312 743 —
1332 701 1481 757 ’I'oid.
1504 715 1793 773 sperantes
1825 704 2047 776 inDeo:
2076 720 2189 771 qua:
2292 717 2471 769 vetns;
2498 701 2686 759 modo:
2724 705 3094 774 perpetuam.)
3120 734 3193 747 —
3213 704 3349 760 Ibid.
3373 701 3548 772 operit
3576 724 3591 759 :
3623 707 3878 776 cooperit.

609 777 668 831 in
701 775 865 848 Deum
894 775 1180 848 sperabant.
1204 804 1286 848 A—
1316 776 1370 830 6.
1405 776 1706 848 sicntSara
1732 775 2058 832 obediebat:
2090 777 2190 830 sic-

610 856 667 901 ut
708 856 756 902 et
803 844 938 903 Sara
980 846 1362 916 obsequebatur.
1387 844 1625 901 —Ibid.
1665 848 1800 903 estis
1845 865 1858 900 :
1913 856 2091 901 estote.
2120 877 2191 887 —

611 917 753 975 Ibid.
794 919 1181 989 pertimentes:
1213 919 1467 989 timentes.
1490 948 1563 959 —
1601 919 1654 973 7.
1685 919 1968 973 inﬁrmiori
2000 934 2191 974 vascu-

614 993 668 1073 lo
696 1009 738 1073 εΔ
766 987 1187 1073 inferior'invaso.
1228 1019 1301 1030 —
1332 987 1468 1073 Ibid.
1521 991 1898 1073 impartientes
1938 1008 1954 1047 :
2001 991 2188 1073 imper-

616 1058 920 1119 tientesi—
956 1058 1099 1116 Ibid.
1133 1060 1391 1116 honorem
1434 1070 1687 1126 tanquam
1715 1071 1770 1118 et
1813 1058 2193 1117 colueredibus

612 1135 799 1206 gratia:
832 1133 995 1187 vitae:
1038 1132 1358 1206 (Adduntur
1384 1133 1439 1187 in
1466 1132 1583 1206 cod.
1612 1138 1629 1206 _)

616 1202 721 1261 lem
749 1205 841 1260 :‘in
865 1202 1065 1259 summa
1092 1214 1262 1259 autem
1286 1204 1379 1257 rei.
1410 1234 1482 1245 —
1501 1202 1642 1258 Ibid.
1668 1204 2024 1260 fraternitatis
2044 1220 2191 1259 ama-

615 1287 761 1333 tores
796 1292 812 1331 :
847 1276 1219 1347 fraternitatem
1250 1285 1499 1330 amantes.
1525 1304 1597 1316 ——
1622 1276 1675 1331 9.
1713 1292 1810 1329 nec
1843 1294 1857 1329 :
1885 1274 1981 1330 vel.
2004 1306 2077 1316 —
2101 1276 2187 1347 10.

614 1350 734 1404 dies
753 1346 938 1402 videre
962 1346 1132 1401 bonos
1166 1366 1178 1401 :
1212 1349 1353 1416 cupit
1378 1347 1546 1402 videre
1566 1347 1677 1402 dies
1700 1347 1873 1401 bonos.
1892 1378 1963 1391 ——
1994 1346 2192 1402 ILDe-

615 1420 781 1476 clinet
802 1434 833 1474 a
856 1418 998 1472 malo
1024 1437 1038 1472 ;
1065 1416 1299 1472 Declinet
1321 1428 1495 1475 autem
1516 1434 1549 1471 a
1578 1419 1741 1473 malo.
1768 1448 1838 1459 —
1862 1419 1950 1473 12.
1980 1420 2033 1473 in
2067 1433 2193 1488 pre-

615 1507 708 1546 ces
733 1508 746 1543 :
774 1490 842 1544 ad
870 1505 1061 1561 preces.
1087 1519 1161 1532 -—-
1190 1490 1276 1545 15.
1309 1499 1392 1545 est
1417 1492 1506 1559 qui
1531 1506 1546 1545 :
1595 1488 1828 1561 (Desunt
1859 1492 1913 1544 in
1938 1489 2093 1560 cod.)
2120 1518 2193 1561 έ-

618 1562 762 1617 Ibid.
808 1560 1039 1627 noceat,
1070 1562 1113 1615 si
1145 1561 1271 1615 boni
1302 1560 1647 1617 aemulatores
1678 1561 1956 1616 fueritis?:
1991 1560 2191 1616 nocebit

615 1636 662 1689 si
710 1633 948 1687 bonitatis
995 1642 1267 1704 sectatores
1311 1632 1577 1704 fueritis].
1600 1661 1673 1674 —
1700 1632 1789 1688 14.
1816 1632 1977 1688 beati.
2011 1632 2194 1687 Timo-

618 1720 734 1761 rem
760 1722 773 1758 :
804 1707 935 1775 beati
958 1704 1119 1759 eritis.
1150 1701 1367 1757 Melum.
1399 1733 1469 1744 —
1495 1701 1638 1758 Ibid.
1670 1714 1726 1760 et
1755 1720 1860 1775 non
1892 1722 1903 1756 :
1934 1720 2194 1775 neque.—

621 1778 709 1832 15.
738 1774 1221 1848 satisfactionem;
1252 1778 1657 1848 responsionem.
1699 1804 1770 1816 -—
1806 1774 1947 1831 Ibid.
1988 1776 2057 1830 de
2087 1790 2191 1848 ea:

620 1848 684 1903 de
713 1848 816 1916 ﬁde
840 1856 887 1901 et
913 1863 1020 1918 spe.
1048 1877 1119 1888 -
1140 1844 1279 1901 Ibid.
1314 1844 1411 1917 spe
1435 1863 1449 1919 ξ
1473 1847 1622 1919 (Non
1647 1860 1723 1902 est
1746 1850 1801 1901 in
1831 1847 1973 1918 rod.)
1999 1877 2071 1887 —
2098 1846 2188 1902 16.

1659 1163 1729 1175 -—
1758 1133 1811 1187 8.
1868 1134 1920 1186 in
1957 1133 2064 1188 ﬁde
2093 1147 2188 1186 au-

621 1891 681 1975 ἷιῖ
705 1891 1287 1988 ἑῖῖιῖιὶιό⁷’ἁειηίιίἰῦἰ
1314 1891 2072 1986 Ἕόιίῑὲ’ἷὸἰιῐιῖἶιᾶὀιίὖὶὶν(μή
2103 1891 2194 1972 ὲᾷᾇ
2221 1891 2271 1953 Β

620 1991 989 2045 lumnianlur:
1040 2007 1133 2044 nec
1176 1991 1312 2060 quod
1351 1988 1627 2044 detrahunt
1666 1991 1729 2044 de
1754 1991 1912 2053 vobis,
1948 2000 2198 2058 tanquam

624 2064 689 2117 de
720 2061 1169 2132 malefactoribus,
1190 2059 1601 2132 ’_confundantur
1634 2061 1965 2132 infamantes.
2008 2089 2082 2101 --
2109 2059 2196 2117 17.

622 2142 685 2190 ut
712 2130 888 2188 bene:
918 2133 1060 2186 bene.
1089 2161 1163 2173 —
1192 2130 1330 2186 Ibid.
1364 2132 1614 2187 voluntas
1639 2131 1735 2186 Dei
1763 2132 1929 2187 velit:
1966 2133 2084 2186 velit
2110 2146 2199 2184 vo-

620 2206 791 2260 luntas
823 2202 940 2258 Dei.
970 2232 1040 2243 —
1068 2202 1155 2258 18.
1200 2202 1437 2258 nostris:
1473 2202 1669 2273 (Deest
1693 2204 1749 2256 in
1775 2202 1919 2273 cod.)
1957 2232 2030 2245 -—
2057 2199 2196 2256 Ibid.

621 2277 886 2333 oberret:
929 2274 1175 2329 adducat.
1207 2304 1276 2315 -—
1306 2275 1393 2331 19.
1450 2275 1530 2328 his
1572 2273 1662 2345 qui
1702 2274 1756 2329 in
1793 2288 2014 2330 carcere
2047 2284 2199 2330 erant

620 2348 815 2418 spiritu
840 2346 1066 2402 veniens
1099 2365 1112 2399 :
1145 2348 1217 2401 eis
1242 2348 1332 2416 qui
1356 2348 1412 2401 in
1438 2362 1638 2400 carcere
1663 2346 1892 2400 conclusi
1917 2356 2062 2401 erant
2094 2345 2201 2418 spig

620 2415 861 2487 ritalibus
897 2419 1200 2473 adveniens.
1233 2415 1305 2458 (-
1330 2418 1423 2474 20.
1458 2418 1677 2488 quando
1709 2418 2066 2487 expectabant
2104 2415 2201 2473 Dei

622 2490 938 2562 patientiam
967 2507 981 2542 :
1014 2506 1177 2562 quam
1199 2498 1451 2559 spectaret
1480 2487 1595 2562 Dei
1612 2489 1879 2562 patientia.
1912 2488 2089 2544 -21.
2122 2489 2200 2542 la-

619 2559 693 2618 cit
719 2577 736 2618 :
762 2562 905 2633 fecit.
935 2591 1004 2603 —
1031 2559 1172 2616 Ibid.
1199 2562 1253 2616 in
1291 2563 1495 2616 Deum:
1526 2559 1596 2614 ad
1624 2560 1809 2617 Deum.

1225 2652 1452 2710 CAPUT
1492 2652 1582 2709 IV.

701 2748 843 2804 Vers.
871 2749 924 2804 1.
954 2762 1117 2819 passo
1151 2749 1204 2802 in
1245 2762 1459 2819 carne;
1485 2749 1537 2802 in
1568 2765 1723 2803 carne
1751 2765 1923 2819 passo.
1953 2777 2025 2790 -—-
2061 2746 2198 2803 Ibid.

620 2818 994 2891 cogitatione:
1027 2819 1281 2892 scientia.
1318 2818 1474 2892 —_2.
1509 2820 1807 2892 desyderiis
1859 2821 2136 2875 hominum
2187 2839 2198 2873 :

619 2890 883 2946 hominum
914 2890 1218 2962 desyderiis.
1267 2921 1338 2932 —-
1383 2890 1523 2946 Ibid.
1564 2890 1831 2962 voluntati
1863 2910 1877 2946 :
1914 2892 2198 2946 voluntate.

615 2994 686 3004 —
715 2962 764 3017 5.
798 2961 1051 3019 Gentium
1099 2981 1111 3023 ;
1157 2963 1440 3017 hominum.
1474 2993 1547 3004 —
1584 2961 1723 3017 Ibid.
1763 2963 1890 3018 his:
1929 2962 2118 3026 (Deest
2147 2967 2203 3017 in

614 3032 769 3119 cod.)
803 3065 877 3119 :—
904 3032 1045 3119 Ibid.
1075 3034 1129 3089 in
1161 3034 1387 3116 luxnriis
1410 3033 1819 3119 ,Jdesyderiis.
1847 3036 2162 3119 vinolentiis
2185 3053 2200 3090 :

612 3106 945 3169 libidinibus,
993 3115 1045 3160 et
1087 3107 1547 3177 concupiscentiis,
1591 3116 1641 3161 el
1669 3107 1931 3161 ebrietate.
1963 3135 2035 3151 σ-
2059 3108 2112 3163 ι.
2148 3106 2202 3162 in

614 3192 724 3247 quo
761 3177 1106 3232 admirantur
1143 3191 1249 3231 non
1285 3178 1739 3234 coincurrentibus
1780 3178 1934 3233 vobis
1965 3180 2018 3233 in
2048 3194 2198 3233 eam-

2289 805 2361 817 —
2386 776 2473 831 11.
2508 778 2786 832 ministrat
2815 796 2827 831 :
2873 779 3222 833 administrat.
3257 808 3329 818 —
3354 776 3496 832 Ibid.
3524 776 3883 833 administrat

2295 850 2436 903 Deus
2464 865 2477 900 :
2505 848 2833 903 administrat
2867 850 2915 904 ei
2958 849 3114 903 Deus.
3139 878 3212 891 —
3241 847 3380 903 Ibid.
3413 848 3709 917 imperium
3746 866 3760 900 :
3793 864 3885 919 po-

2295 929 2452 974 testas
2478 929 2524 973 et
2546 920 2724 975 virtus.
2748 949 2817 961 —
2835 919 2977 974 Ibid.
3003 935 3160 976 amen
3194 939 3207 974 :
3234 919 3409 976 (Deest
3432 921 3489 974 in
3515 921 3664 976 cod.)
3690 949 3768 960 —
3797 919 3881 976 12.

2298 992 2631 1063 peregrinari
2666 1009 2679 1044 :
2711 1007 3058 1063 expavescere.
3090 1022 3162 1033 —
3187 990 3334 1047 Ibid.
3367 992 3449 1061 Iit,
3472 990 3671 1063 quasi:
3707 992 3768 1057 ﬁt
3796 1007 3885 1046 no-

2296 1062 2383 1116 lite
2424 1078 2605 1133 pavere
2624 1103 2639 1128 ,
2677 1061 2846 1133 quasi.
2874 1093 2947 1105 —
2966 1062 3055 1119 14.
3088 1064 3245 1120 eritis
3274 1081 3290 1119 :
3319 1065 3459 1122 estis.
3491 1061 3564 1106 ἓ-
3591 1061 3747 1117 Ibid.
3773 1064 3886 1133 glo-

2293 1134 2392 1206 ria:
2425 1132 2629 1206 :(Norr
2647 1132 2806 1206 estin
2834 1134 2976 1206 cod.)
3006 1163 3076 1177 —
3102 1134 3246 1206 Ibid.
3276 1136 3628 1206 requiescet:
3658 1132 3887 1204 requies-

2294 1204 2361 1259 cit
2389 1206 2526 1274 quod
2569 1204 2633 1258 ob
2675 1205 2784 1260 illis
2813 1204 3019 1275 quidem
3058 1204 3418 1272 blaslematur,
3458 1223 3492 1260 a
3527 1205 3676 1260 vobis
3720 1215 3886 1260 autem

2294 1276 2687 1346 honoriﬁcatur.
2717 1306 2787 1319 —
2817 1277 2907 1333 15.
2942 1286 2999 1332 ut
3021 1278 3288 1333 homicida
3325 1296 3338 1331 :
3370 1293 3472 1345 qua
3497 1275 3884 1346 homicidas—

2297 1348 2384 1402 16.
2413 1345 2670 1421 siautem
2695 1358 2754 1402 ut
2780 1365 2795 1404 :
2826 1349 2871 1421 si
2897 1364 3016 1403 vero
3046 1350 3214 1421 quasi.
3248 1378 3320 1421 -—;
3352 1349 3443 1421 17.
3484 1361 3572 1403 est
3605 1357 3668 1403 ut
3685 1367 3722 1421 _:
3754 1345 3880 1421 (De.

2292 1432 2412 1491 sunt
2446 1419 2499 1472 in
2515 1418 2681 1491 cod.)
2719 1449 2791 1461 —
2839 1417 2980 1474 Ibid.
3030 1417 3253 1491 incipiat
3284 1420 3555 1488 judicium
3590 1435 3621 1472 a
3666 1417 3872 1474 docto:

2293 1489 2636 1561 inchoationis
2660 1489 2865 1561 ’judicii
2890 1493 2955 1545 de
2982 1489 3157 1546 domo;
3188 1522 3257 1532 —
3279 1490 3419 1547 Ibid.
3462 1492 3707 1561 primum
3741 1491 3872 1547 titti-

2295 1562 2445 1614 tium.
2468 1590 2538 1601 —
2568 1560 2710 1616 Ibid.
2742 1563 2972 1619 credunt
3002 1582 3016 1615 z
3051 1563 3400 1619 crediderunt.
3429 1560 3503 1604 4-
3533 1562 3628 1617 18.
3660 1562 3867 1616 saltabi-

2296 1641 2414 1699 tur;
2450 1634 2649 1704 impius
2673 1646 2729 1688 et
2759 1643 3019 1703 peccator
3058 1634 3148 1689 ubi
3180 1635 3487 1704 parebunt?
3518 1636 3704 1704 Itaque
3730 1651 3744 1683 :
3769 1633 3859 1704 sol-

2294 1719 2387 1758 vus
2425 1703 2483 1773 ﬁt
2510 1712 2749 1779 peccator
2769 1714 2816 1759 et
2844 1706 3035 1779 impius
3055 1705 3142 1760 ubi
3163 1703 3403 1779 parebit!
3427 1703 3686 1777 Ideoque.
3708 1735 3770 1746 —
3785 1703 3860 1761 l9.

2296 1775 2679 1832 commendent
2714 1794 2727 1831 :
2759 1778 3139 1853 commendant.

2909 1870 3140 1929 CAPUT
3179 1872 3245 1929 ν.

2383 1964 2529 2022 Vers.
2555 1967 2607 2040 1.
2638 1967 2731 2037 qui
2775 1983 2789 2023 :
2824 1964 2981 2040 (Non
3024 1967 3191 2040 estin
3235 1962 3494 2040 cod.)g—
3521 1962 3665 2040 Ibid.
3697 1964 3873 2040 gloria

2302 2036 2730 2109 communicatur
2757 2058 2768 2093 :
2799 2036 3078 2109 gloria.—
3101 2039 3155 2095 ὅ.
3188 2049 3247 2092 ut
3265 2036 3617 2109 dominantes
3647 2039 3699 2109 in
3719 2038 3874 2093 cleris

2302 2108 2399 2164 sed
2430 2108 2618 2181 forma:
2649 2111 2774 2181 lacti
2800 2108 2980 2179 gregis
3006 2125 3075 2164 ex
3117 2110 3319 2165 animo.
3354 2108 3519 2181 (vers.
3549 2108 3631 2181 4.)
3665 2108 3730 2164 Et
3757 2124 3874 2164 cum

2301 2179 2615 2249 apparuerit
2657 2180 2909 2251 princeps
2947 2192 3228 2249 pastorum
3253 2221 3267 2245 ,
3311 2179 3620 2251 percipietis
3654 2181 3874 2235 immar-

2301 2251 2602 2306 cessibilem
2639 2253 2831 2321 :quasi
2863 2252 3184 2322 dominantes
3220 2252 3274 2305 in
3305 2253 3528 2317 clerum,
3569 2252 3664 2306 sed
3701 2251 3867 2322 forma

2302 2322 2427 2394 facti
2448 2324 2587 2394 gregi
2614 2340 2679 2377 ex
2704 2324 2900 2377 animo.
2934 2321 3001 2378 Ut
3026 2340 3144 2377 cum
3173 2324 3472 2395 apparuerit
3489 2322 3863 2395 princepspas-

2303 2393 2472 2467 torum
2514 2393 2817 2467 percipiatis
2858 2394 3007 2449 illam
3040 2393 3283 2467 floridam
3312 2403 3362 2467 et
3391 2393 3869 2467 immucessibilem.

2301 2494 2375 2506 —
2412 2465 2465 2520 5.
2514 2465 2868 2521 humilitatem
2909 2463 3184 2536 insinuate
3213 2482 3226 2519 :
3258 2465 3482 2536 quietem
3522 2474 3570 2518 et
3618 2463 3877 2536 humilita-

2304 2545 2405 2590 tem
2434 2537 2595 2591 onimi
2618 2537 2838 2591 induite.
2866 2567 2936 2578 ——
2964 2535 3103 2592 Ibid.
3132 2545 3312 2592 autem
3354 2554 3367 2589 :
3417 2535 3608 2603 (Deest
3645 2536 3703 2590 in
3742 2535 3877 2603 cod.)

2302 2639 2375 2648 —
2400 2609 2451 2663 6.
2484 2610 2686 2676 potenti
2711 2624 2727 2663 :
2749 2610 2844 2663 illa
2863 2609 3238 2680 potentissima.
3260 2638 3331 2648 —
3356 2605 3874 2680 Ibid.visitationis:

2302 2679 2609 2734 uisitationis
2632 2697 2761 2734 sum.
2788 2677 2935 2737 -’8.
2962 2692 3015 2736 et
3049 2697 3063 2734 :
3092 2678 3272 2749 (Deest
3296 2680 3349 2732 in
3374 2678 3522 2750 cod.)
3542 2677 3691 2750 7—9.
3717 2679 3880 2733 scien-

2307 2761 2387 2806 tes
2419 2753 2664 2821 eamdem
2715 2753 3022 2821 passionem
3064 2751 3115 2805 ei
3144 2766 3280 2819 qua:
3310 2751 3363 2804 in
3391 2749 3604 2804 mundo
3631 2757 3747 2815 est,
3771 2762 3880 2803 ves-

2307 2833 2406 2877 trae
2432 2820 2760 2878 fraternitati
2788 2822 2904 2879 fieri
2935 2839 2952 2879 :
2979 2821 3112 2877 nihil
3141 2829 3368 2876 verentes
3390 2866 3404 2890 ,
3436 2823 3662 2875 scientes
3690 2823 3879 2874 easdent

2306 2895 2569 2963 passiones
2593 2896 2649 2948 in
2679 2895 2839 2959 omni,
2873 2910 2989 2965 quo:
3018 2903 3090 2965 est
3117 2894 3169 2947 in
3189 2893 3405 2965 mundo,
3433 2892 3765 2965 fraternitate
3786 2908 3879 2965 res:

2305 2975 2407 3029 tra,
2436 2966 2571 3036 ﬁeri.
2595 2993 2666 3006 —-
2689 2966 2775 3021 10.
2796 2963 3155 3034 conﬁrmabit,
3181 2964 3570 3036 solidabitque.
3601 2964 3758 3036 (vers.
3776 2963 3870 3036 11.)

2306 3036 2413 3101 Ipsi
2438 3034 2627 3107 ‘gloria
2671 3047 2725 3092 et
2770 3036 3098 3107 imperium:
3129 3045 3177 3089 et
3206 3034 3580 3107 consummabit
3623 3034 3870 3107 fundabit-

2303 3124 2432 3179 que;
2459 3104 2544 3162 cui
2571 3118 2643 3162 est
2667 3108 2828 3163 virtus
2851 3104 2901 3162 et
2928 3116 3172 3179 potestas.
3200 3104 3642 3179 ~123ﬁdelem
3672 3105 3875 3161 fratrem

2304 3176 2462 3235 vobis
2509 3197 2520 3231 :
2552 3179 2690 3233 vobis
2721 3176 2939 3250 ﬁdelem
2964 3180 3197 3250 fratrem.
3244 3208 3317 3218 —
3351 3177 3514 3250 Ibid._
3537 3176 3876 3250 obsecrans:

2294 929 2452 974 testas
2478 929 2524 973 et
2546 920 2724 975 virtus.
2748 949 2817 961 —
2835 919 2977 974 Ibid.
3003 935 3160 976 amen
3194 939 3213 992 :_
3234 919 3409 990 (Deest
3432 921 3489 974 in
3515 921 3664 992 cod.)

612 3250 734 3347 dem
759 3251 984 3304 luxnria:
1012 3249 1387 3331 conlusiOnem
1423 3268 1435 3302 :
1470 3251 1528 3347 in
1553 3250 1734 3347 qu'ibus
1763 3265 1903 3332 nunc
1931 3252 2197 3347 obstupes—
2224 3282 2271 3347 Ο
2308 3250 2601 3347 cgnsplans.
2624 3279 2696 3291 —-
2717 3248 3075 3347 l3..Eclcle_sia
3106 3260 3346 3347 qumpes‘t
3388 3250 3443 3333 in
3484 3248 3775 3347 Babylone
3800 3262 3884 3303 co-

611 3330 731 3375 cunt
757 3337 858 3376 non
879 3336 1187 3393 consurgere
1210 3337 1296 3393 vos
1318 3322 1372 3374 in
1406 3321 1582 3393 eadem
1609 3322 2192 3393 laxttriteconfusione.

608 3422 681 3435 —-—
709 3393 761 3449 6.
795 3394 1042 3447 homines
1071 3390 1090 3445 Ξ
1132 3390 1413 3448 hominem.
1447 3421 1520 3433 -—
1548 3392 1600 3447 7.
1643 3403 1698 3447 et
1743 3391 1960 3462 vigilate
1991 3392 2048 3447 in
2076 3408 2196 3449 ora-

2302 3323 2475 3394 electa
2508 3338 2522 3377 :
2554 3338 2671 3394 qua:
2697 3332 2774 3378 est
2804 3324 2858 3377 in
2891 3319 3159 3393 Babylone
3201 3319 3436 3376 Ecclesia
3482 3323 3794 3376 cumelecta.
3827 3348 3885 3362 -—

2304 3392 2391 3449 M.
2422 3392 2604 3449 Gratia
2640 3409 2654 3447 :
2682 3410 2806 3466 pax.

1475 3558 1865 3622 EPISTOLA
1908 3561 2143 3622 PETRI
2185 3561 2574 3625 APOSTOLI
2617 3562 3001 3626 SECUNDA.

604 3666 977 3737 Argumentum
1006 3664 1069 3737 in
1099 3662 1391 3726 Epistolam
1426 3663 1699 3737 secundum
1723 3661 1804 3737 _B_.
1852 3661 2000 3737 Petri
2061 3679 2192 3737 apo:-

673 3733 765 3793 toli
783 3779 798 3805 ,
826 3737 1014 3794 Simon
1041 3735 1232 3791 Petrus
1252 3780 1268 3806 ,
1301 3747 1398 3789 etc.
1445 3751 1463 3788 :
1516 3733 1686 3805 (Non
1711 3734 1925 3791 habetur
1957 3736 2014 3790 in
2043 3733 2188 3807 cod.)

1243 3823 1470 3882 CAPUT
1509 3824 1551 3881 Ι.

682 3923 833 3980 Vers.
866 3924 921 3978 1.
951 3922 1144 3978 Sortiti
1166 3931 1295 3976 sunt
1322 3920 1481 3975 iidem
1504 3920 1558 3974 in
1584 3919 1795 3987 justitia
1828 3938 1840 3973 :
1873 3920 2047 3990 adepti
2067 3928 2187 3975 sunt

609 3996 784 4120 gdem,
818 3995 1090 4066 iustitiam.
1118 3992 1261 4046 —-2.
1296 3992 1604 4061 cognitione
1633 4009 1645 4045 :
1677 3994 2082 4062 regeneratione.
2113 4021 2184 4033 -—

650 4107 663 4120 .
715 4066 987 4120 000m0d0
1036 4084 1049 4120 :
1097 4066 1247 4120 sicut.
1288 4090 1361 4105 --
1397 4061 1534 4116 Ibid.
1589 4062 1881 4120 pietatem.
1935 4064 2181 4119 donata:

650 4107 663 4121 .
715 4061 987 4137 quomodo
1036 4084 1049 4120 :
1097 4066 1247 4137 sicut.
1288 4090 1361 4105 --
1397 4061 1881 4137 Ibid._pietatem,
1935 4064 2181 4137 donata:

604 4133 847 4209 pietatem
875 4138 1154 4211 pertinent,
1178 4135 1394 4211 donata.
1435 4164 1493 4175 -—
1516 4133 1657 4190 Ibid.
1681 4134 2137 4211 quigvocavitnos
2168 4152 2182 4189 :

610 4204 729 4280 quia
755 4204 947 4263 vocavit
971 4225 1065 4261 nos
1093 4209 1168 4261 in.
1209 4236 1275 4246 —
1305 4204 1358 4258 4.
1399 4216 1512 4264 est.
1558 4208 1982 4280 corruptionem.
2015 4206 2182 4280 (vers.

609 4277 700 4350 5.)
728 4280 833 4333 Vos
860 4288 1038 4334 autem
1068 4293 1259 4350 curam
1290 4294 1305 4332 :
1338 4287 1411 4331 est
1450 4278 1872 4350 concupiscentia:
1900 4277 2189 4348 corruptio-

608 4347 746 4406 nem.
782 4350 887 4405 Sed
911 4360 959 4403 et
981 4366 1067 4403 vos
1105 4348 1503 4402 solicitudinem.
1540 4377 1610 4387 —
1629 4347 1767 4401 Ibid.
1798 4356 1973 4403 autem
2005 4366 2018 4400 :
2046 4364 2185 4402 vero.

612 4450 683 4462 -—-
709 4422 764 4477 6.
792 4421 1172 4475 abstinentiam
1212 4418 1265 4473 in
1308 4420 1636 4473 abstinentia
1676 4437 1688 4471 :
1729 4420 2093 4474 continentiam
2135 4420 2190 4473 in

616 4493 945 4548 continentia.
978 4520 1048 4532 —-
1086 4493 1139 4545 7.
1182 4501 1359 4546 autem
1394 4509 1407 4543 :
1436 4504 1575 4544 vero.
1604 4520 1676 4530 —
1707 4490 1762 4545 8.
1813 4491 1859 4546 si
1909 4491 2186 4545 vobiscum

617 4566 786 4620 assint
819 4582 834 4616 :
868 4580 985 4618 cum
1024 4562 1165 4618 vobis
1211 4573 1385 4632 prcsto
1424 4563 1549 4615 sint.
1575 4562 1753 4617 -11.
1789 4562 2042 4617 Domini:
2069 4561 2185 4617 Dei.

616 4665 686 4678 —
718 4637 802 4691 12.
839 4636 1086 4703 incipiam
1129 4649 1225 4689 vos
1261 4650 1476 4703 semper
1507 4648 1854 4689 commonere
1887 4633 1958 4689 de
1988 4634 2103 4697 his;
2135 4642 2190 4689 et
2216 4676 2269 4704 η
2291 4652 2429 4691 vare.
2463 4665 2536 4678 —-
2586 4634 2675 4690 10.
2729 4637 3165 4704 concupiscentia

2296 3665 2568 3750 elucescat
2600 3683 2613 3719 :
2650 3667 2895 3750 lucescat.
2940 3696 3011 3707 -—
3051 3664 3491 3750 20.hpt_-opheti‘_a
3535 3669 3831 3750 scripture
3873 3684 3888 3725 :

2293 3737 2588 3814 prophetia,
2617 3736 3017 3814 v_el_scripturte.
3042 3767 3113 3814 -ς
3134 3735 3277 3814 Ibid.
3303 3740 3500 3814 n0n_lit
3529 3735 3800 3814 :_indiget.
3821 3770 3886 3780 —

2289 3807 2381 3862 21.
2408 3808 2677 3881 inspirati,
2703 3807 2865 3864 locuti
2895 3820 3023 3864 sunt
3055 3830 3069 3865 :
3092 3811 3382 3882 inspirante
3407 3809 3571 3865 locuti
3593 3807 3723 3867 sunt
3745 3828 3879 3869 eunt.

2914 3899 3143 3957 CAPUT
3179 3901 3246 3958 Il.

2368 3991 2516 4048 Vere.
2567 3994 2617 4049 1.
2662 3992 3012 4049 introducent
3058 4011 3072 4047 :
3126 3993 3569 4049 subintroducent.
3620 4022 3697 4035 —-
3738 3993 3875 4050 Ibid.

2294 4066 2582 4121 Dominum
2632 4076 2867 4135 negant;
2918 4079 3084 4132 super
3123 4066 3385 4135 ducentes
3426 4084 3440 4120 :
3490 4063 3880 4121 Dominotorettt

2292 4134 3030 4207 obnegantesasuperducent.
3052 4166 3125 4177 —
3145 4134 3203 4197 4.
3228 4136 3551 4192 rodentibus
3576 4154 3592 4189 :
3619 4138 3874 4193 ruentibus

2294 4204 2519 4263 Catenis.
2540 4236 2611 4247 --
2634 4204 2777 4261 Ibid.
2808 4208 3134 4265 cruciandos
3166 4210 3219 4262 in
3253 4207 3521 4273 judicium
3553 4209 3818 4264 reservari
3843 4225 3859 4261 ;

2293 4280 2347 4334 in
2384 4278 2647 4349 judicium
2689 4280 2941 4334 reservari
2987 4279 3316 4334 cruciandos.
3345 4309 3417 4320 —
3438 4280 3495 4335 5.
3528 4280 3814 4349 impiorum
3847 4295 3864 4331 :

2293 4366 2452 4422 super
2497 4351 2700 4422 impios.
2728 4378 2801 4392 ——
2828 4351 2881 4404 7.
2912 4350 3109 4419 injuria
3154 4366 3216 4407 ac
3256 4351 3536 4407 luxuriosa
3588 4364 3870 4406 conversa-

2296 4421 2442 4476 tione
2468 4421 2667 4487 eripuit
2712 4440 2725 4474 :
2774 4422 3040 4487 impudica
3088 4423 3475 4477 conversatione
3504 4425 3663 4478 eruit.
3710 4452 3782 4464 —
3819 4422 3872 4478 8.

2293 4492 2553 4563 cperibus
2581 4508 2597 4547 :
2624 4493 2957 4562 factionibus.
2989 4523 3061 4535 —
3092 4494 3147 4550 9.
3193 4495 3498 4550 tentatione
3528 4514 3543 4550 :
3576 4496 3875 4550 tentotiotti-

2291 4562 2406 4619 bus.
2431 4593 2500 4606 —
2524 4562 2664 4619 Ibid.
2691 4578 2977 4620 reservare
2998 4564 3323 4621 crnciandos
3347 4567 3695 4621 :cruciandos
3718 4581 3878 4621 reser-

3220 4653 3235 4690 :
3268 4637 3784 4710 _concupiscentiom.
3806 4666 3875 4678 —

614 4676 831 4779 quidem
859 4676 1093 4762 scientes
1113 4714 1169 4760 et
1185 4676 1535 4779 coniiniiatos
1559 4720 1654 4758 vos
1678 4705 1741 4779 in
1775 4723 1787 4757 :
1820 4721 1922 4759 non
1949 4676 2187 4773 di/fetzarn
2214 4676 2269 4738 Β
2294 4676 2432 4762 Ibid.
2482 4716 2658 4762 sectas
2710 4724 2734 4779 :A
2772 4676 3214 4777 majegldle'mr—
3256 4676 3809 4765 Ibidfui'nii-zducere
3861 4726 3877 4761 :

615 4777 813 4851 semper
832 4793 1157 4851 commovere
1184 4792 1270 4851 vos
1295 4777 1500 4851 deliis;
1529 4785 1575 4829 et
1602 4778 1806 4845 quidem
1852 4780 2069 4831 scientes
2084 4820 2113 4851 ,Α
2141 4787 2191 4851 et

616 4847 973 4905 corroboratos
994 4850 1068 4902 in.
1098 4848 1274 4902 -15.
1312 4849 1658 4903 tabernaculo
1683 4865 1697 4901 :
1732 4862 1962 4916 corpore.
1994 4876 2067 4888 —
2095 4847 2184 4903 14.

616 4923 773 4977 velox
808 4933 892 4978 est
919 4921 1187 4987 depositio
1221 4919 1548 4973 tabernaculi
1583 4935 1597 4973 :
1626 4918 1944 4973 velocissima
1973 4919 2068 4973 erit
2090 4920 2187 4974 de-

524 4991 529 4999 ’
615 4996 802 5067 positio
830 4994 1077 5066 corporis.
1104 4992 1281 5067 -15.
1305 5003 1361 5045 et
1382 4993 1692 5067 frequenter
1723 4990 2046 5067 haberevos
2065 5001 2189 5059 post

615 5061 823 5121 obitum
852 5061 1032 5121 meum
1059 5077 1121 5118 ut
1145 5106 1159 5127 ,
1194 5064 1383 5117 horum
1416 5080 1429 5115 :
1462 5074 1517 5116 ut
1542 5064 1828 5132 frequenter
1853 5061 2037 5115 habere
2064 5079 2185 5132 pos-

612 5139 745 5205 sitis,
769 5139 926 5193 etiam
944 5145 1058 5209 post
1089 5136 1287 5209 obitum
1310 5150 1479 5188 meum
1498 5176 1512 5199 ,
1541 5135 1727 5209 inquo
1756 5132 1960 5209 horum.
1993 5163 2065 5209 έ-
2095 5134 2181 5189 16.

613 5202 862 5266 inductas
910 5202 1371 5261 :'commentitias.
1412 5234 1477 5248 -
1532 5202 1671 5257 Ibid:
1728 5205 2119 5275 praescientiam
2168 5226 2183 5262 :

613 5283 963 5356 prtrsentiam.
991 5307 1060 5356 —_-
1088 5278 1237 5356 Ibid_._
1263 5277 1409 5332 illius
1433 5276 1838 5356 magnitudinis.
1870 5277 2186 5356 (verm-i7.)

614 5348 901 5425 Accipiens
943 5351 1092 5425 enim
1134 5365 1162 5402 a
1204 5349 1316 5425 Deo
1357 5358 1508 5425 patre
1539 5355 1795 5425 honorem
1832 5358 1888 5402 et
1911 5348 2185 5425 gloriam,

613 5418 996 5493 voce'delapsa
1026 5421 1094 5475 ad
1124 5437 1246 5476 eum
1282 5420 1658 5490 hujuscemodi
1687 5434 1717 5472 a
1746 5418 2030 5488 magniﬁca
2066 5420 2181 5489 glo-

615 5500 716 5564 ria,
755 5496 850 5551 Hic
873 5506 955 5550 est
981 5493 1120 5548 ﬁlius
1145 5509 1294 5548 meus
1317 5494 1547 5547 dilectus
1579 5494 1630 5546 in
1657 5508 1764 5562 quo
1790 5493 1920 5548 mihi
1949 5493 2187 5561 compla-

609 5572 693 5625 cni
725 5587 738 5622 :
765 5570 932 5636 ipsius
958 5567 1343 5638 magnitudinis.
1383 5566 1593 5632 Accepit
1633 5565 1768 5620 enim
1806 5582 1839 5620 a
1885 5565 1991 5619 Deo
2036 5573 2180 5633 patre

609 5642 828 5711 gloriam
866 5650 914 5693 et
953 5638 1203 5711 honorent
1226 5655 1345 5693 voce
1387 5640 1561 5692 delata
1587 5639 1656 5693 ad
1680 5656 1795 5692 eum
1815 5679 1831 5704 ,
1884 5638 2181 5710 hujusmodi

607 5710 886 5782 magniﬁca
910 5711 1111 5783 gloria,
1156 5710 1257 5764 Hic
1285 5720 1361 5766 est
1385 5712 1695 5783 ﬁliusmeus
1721 5710 1939 5783 dilectus
1987 5712 2040 5766 in
2078 5726 2178 5783 quo

603 5781 724 5839 bene
759 5781 926 5837 sensi.
947 5810 1019 5865 τ-
1050 5782 1184 5836 Ibid.
1218 5781 1393 5853 ipsum
1424 5782 1608 5838 audite
1633 5782 1695 5909 ἦέ
1712 5781 1909 5838 Desunt
1942 5784 1995 5837 in
2026 5782 2176 5856 cod.)

603 5886 668 5898 —
698 5855 779 5909 l9.
834 5852 1127 5908 ﬁrmiorem
1164 5872 1178 5904 :
1210 5866 1426 5909 certum.
1462 5884 1531 5893 —
1575 5853 1655 5908 Ibi
1704 5896 1716 5908 .
1767 5854 2108 5909 attendentes
2160 5873 2173 5907 :

596 5886 668 5898 -——
698 5855 779 5911 l9.
834 5852 1127 5908 ﬁrmiorem
1164 5872 1178 5904 :
1210 5866 1426 5909 certum.
1462 5884 1531 5893 —
1575 5852 1716 5909 Ibid.
1767 5854 2108 5910 attendentes
2158 5852 2173 5907 Ξ

592 5927 935 5983 intendentes.
969 5953 1038 5964 -—
1067 5921 1207 5979 Ibid.
1258 5925 1552 5995 caliginoso
1588 5943 1601 5979 :
1640 5927 1887 5998 caligoso.
1936 5957 2005 5967 —
2035 5924 2176 5983 Ibid.

2292 4780 2483 4850 (Deest
2530 4779 2585 4832 in
2638 4777 2787 4848 cod.)
2814 4809 2885 4819 —
2905 4779 2993 4834 11.
3017 4795 3076 4834 se
3105 4780 3412 4837 execrabile
3447 4798 3461 4834 :
3492 4796 3551 4834 se
3581 4798 3617 4833 a
3653 4781 3878 4835 Domino

2291 4851 2594 4906 execrabile.
2623 4878 2694 4890 —
2723 4850 2810 4906 15.
2841 4850 3171 4918 voluptatem
3210 4851 3592 4908 existimantes
3612 4852 3722 4907 diei
3744 4852 3878 4906 deli-

2291 4925 2407 4995 cias
2445 4921 2907 4995 coinquinationis
2947 4931 3004 4978 et
3050 4922 3312 4995 macnlte:
3343 4921 3560 4995 deliciis
3590 4923 3882 4978 afﬂuentes

2293 4993 2347 5047 in
2379 5011 2393 5046 :
2423 4993 2773 5047 existimantes
2814 4994 3102 5061 voluptates
3147 4993 3365 5048 diurnas
3402 4993 3611 5049 delitias
3643 4995 3882 5061 coinqui-

2291 5066 2399 5137 nati
2428 5075 2477 5119 et
2504 5061 2855 5137 conmaculati
2890 5066 3078 5119 delitiis
3122 5066 3401 5137 affluentes
3421 5108 3438 5130 ,
3485 5076 3532 5121 et
3573 5067 3653 5120 in.
3686 5095 3759 5107 --
3784 5064 3877 5122 14.

2290 5135 2541 5190 adulterii
2579 5146 2633 5189 et
2676 5136 3015 5192 incessabilis
3051 5135 3255 5193 delicti.
3291 5137 3641 5193 Pellicieutes
3674 5156 3690 5192 :
3722 5137 3877 5191 adul-

2289 5210 2433 5262 teriis
2467 5216 2515 5261 et
2543 5206 2880 5262 indesinetttis
2912 5209 3116 5267 delicti,
3148 5208 3437 5264 illicientes.
3468 5237 3541 5271 —,-
3567 5208 3714 5263 Ibid.
3747 5222 3879 5264 ava-

2288 5278 2413 5334 ritia
2448 5296 2462 5332 :
2491 5279 2740 5351 avaritiae.
2770 5307 2843 5319 —
2868 5279 2957 5334 15.
2985 5294 3056 5351 ex
3074 5279 3247 5334 Bosor
3277 5277 3376 5351 qui
3416 5278 3877 5351 mercedemgini-

2288 5351 2510 5417 quitatis
2535 5350 2769 5422 atnavit,
2800 5351 2962 5422 (vers.
2994 5348 3096 5422 16)
3124 5348 3524 5421 correptionem
3550 5368 3564 5404 :
3587 5353 3689 5418 ﬁlii
3719 5349 3875 5415 Beat.

2325 5423 2378 5475 ui
2422 5420 2705 5475 mercedem
2753 5421 3023 5494 injustitia:
3069 5420 3753 5494 dilexit,’increpationem.
3806 5450 3879 5465 -—-

2325 5440 2378 5475 ut
2422 5440 2705 5475 nterceaem
2753 5440 3023 5491 "gustata:
3069 5440 3283 5485 auexit,
3322 5440 3753 5494 mcrepauonem.
3806 5450 3873 5465 -—-

2287 5440 2432 5549 (Ibid.
2458 5502 2663 5547 mutum
2691 5491 3142 5548 animalhominis
3172 5510 3184 5541 :
3217 5504 3413 5547 mutum
3450 5496 3507 5549 in
3534 5494 3784 5550 hominis.
3803 5522 3873 5534 --

2289 5566 2378 5622 18.
2415 5564 2733 5639 μειιὶςῑμηξή
2766 5564 3015 5639 illiciunt.
3049 5562 3311 5639 ——_AIbid.
3339 5564 3604 5635 eﬂ'ugiunt
3639 5565 3876 5639 πεπειρα-

2281 5634 2425 5693 runt.
2456 5668 2527 5678 —
2549 5636 2635 5691 19.
2662 5637 2767 5691 illis
2801 5654 2813 5689 :
2843 5637 2987 5694 aliis.
3019 5634 3249 5692 —Ibid.
3274 5639 3418 5694 servi
3450 5634 3561 5693 sint
3590 5655 3606 5694 :
3633 5634 3741 5693 sint
3770 5634 3875 5693 ser-

2281 5712 2352 5765 vi.
2378 5739 2447 5751 —
2474 5710 2614 5765 Ibid.
2636 5710 3002 5780 corruptionis
3030 5728 3041 5764 :
3071 5710 3285 5780 peccati.
3320 5708 3499 5765 —20.
3521 5710 3835 5778 cognitione
3854 5726 3872 5763 :

2280 5784 2619 5856 agnitionem.
2645 5810 2718 5823 —-
2746 5779 2884 5837 Ibid.
2921 5781 3003 5856 his
3033 5792 3144 5856 :Aet.
3169 5780 3354 5856 —2l_.
3383 5783 3453 5856 ab
3480 5796 3569 5856 eo
3590 5781 3737 5856 quod
3769 5782 3873 5856 illis

2282 5852 2538 5910 traditum
2568 5864 2653 5909 est
2696 5870 2709 5907 :
2753 5871 2785 5907 a
2815 5854 3007 5908 tradito
3033 5853 3147 5910 sibi.
3179 5881 3252 5907 -ξ
3277 5853 3369 5909 2.2.
3406 5854 3487 5910 eis
3515 5852 3651 5909 illud
3704 5874 3716 5906 :
3765 5855 3873 5910 illis

2282 5943 2386 5983 res.
2418 5956 2488 5968 ——
2517 5924 2657 5982 Ibid.
2678 5927 2773 5982 luti
2799 5943 2813 5981 :
2844 5926 2977 5981 ceni.
