4074 6328
196 312 330 371 1089

805 432 1033 489 CAPUT
1072 431 1155 488 111.

264 570 414 625 Vers.
444 574 494 627 1.
529 583 762 631 vestram
793 576 976 630 excito
1018 593 1030 627 :
1076 574 1241 629 excito
1281 579 1520 627 vestram.
1548 603 1616 613 —
1642 570 1696 626 2.
1740 587 1770 626 a

189 644 391 717 sanctis
432 648 709 717 prophetis
744 665 757 699 :
785 657 1081 701 sanctorum
1109 646 1500 717 prophetarum.
1532 673 1602 686 —-
1632 643 1771 698 Ibid.

188 714 491 769 Salvatnris
538 714 549 771 ὲ
604 718 891 773 Salvatoris
940 714 1122 773 nostri.
1169 747 1240 757 —
1288 719 1340 771 5.
1389 718 1779 785 concupiscen-

190 786 290 840 tias
326 805 337 839 :
373 790 733 843 conscientias.
761 821 831 830 —
856 790 909 844 4.
936 790 1179 845 dicentes
1213 808 1224 841 :
1259 799 1307 841 et
1347 789 1594 842 dicentes.
1624 818 1695 828 —
1717 786 1771 840 5.

184 857 493 914 consistens
527 879 539 913 :
565 863 923 915 constitutam.
948 891 1017 901 —
1044 860 1096 915 6.
1120 862 1282 930 periit
1308 878 1320 913 ε
1346 861 1583 932 deperiit.
1619 890 1689 899 -—
1718 860 1771 913 7.

186 932 451 1001 reservati
508 949 521 985 :
567 934 773 987 servati.
808 964 876 973 —-—
912 932 1049 985 Ibid.
1098 932 1389 1001 impiorum
1437 932 1713 985 hominum
1757 951 1769 983 ε

182 1000 453 1076 hominum
498 1004 795 1076 impiorum.
818 1035 889 1045 —
914 1004 966 1059 8.
998 1003 1101 1058 hoc
1135 1023 1146 1055 :
1178 1000 1340 1073 (Non
1385 1014 1457 1057 est
1507 1004 1560 1055 in
1604 1004 1719 1076 cad.
1742 1001 1771 1076 _)

179 1101 252 1145 -έ
274 1072 329 1145 9_.
355 1072 773 1142 promissionem
796 1090 979 1129 suam:
1003 1072 1313 1145 promissum
1339 1091 1515 1128 suum.
1540 1104 1610 1114 —
1631 1072 1772 1127 Ibid.

177 1143 403 1215 quidam
442 1148 759 1203 existimant
800 1165 811 1199 :
850 1143 1064 1213 quidam
1109 1147 1408 1200 tarditatem
1454 1145 1771 1200 existimant.

709 311 1105 373 VARIANTES
1141 309 1521 372 LECTIONES
1542 343 1612 354 -
1633 309 1973 373 EPISTULA
2008 306 2221 368 PRIMA
2259 306 2538 368 JOANNIS
2578 306 2934 367 APOSTOLI.

3323 305 3462 365 1090

1802 432 1853 495 Α
1879 458 1948 470 ——
1990 427 2131 482 Ibid.
2166 427 2377 495 aliquos
2409 446 2420 481 :
2453 429 2697 499 aliquem.
2730 458 2801 467 -—
2830 426 2918 481 10.
2957 424 3267 499 transient:
3294 434 3466 478 trans-

1879 508 2105 555 current.
2133 529 2203 540 --
2228 500 2369 553 Ibid.
2405 498 2548 554 terra
2580 510 2757 553 autem
2796 518 2806 550 :
2848 508 2893 553 et
2930 508 3087 551 terra.
3112 528 3184 537 —
3212 498 3298 552 11.
3329 500 3459 551 Cum

1879 573 2043 643 igitur
2069 571 2185 626 haec
2208 573 2384 627 omnia
2415 572 2757 626 dissolvenda
2799 571 2910 623 sint
2954 586 2968 622 :
3020 570 3113 623 Itis
3146 586 3265 642 ergo
3291 568 3464 643 omni-

1881 638 1973 697 bus
1996 646 2343 711 pereuntibus.
2367 674 2436 683 —
2468 644 2607 696 Ibid.
2642 658 2739 697 vos
2757 657 2878 696 eSse
2909 658 2923 695 :
2950 657 3058 694 esse
3076 656 3182 693 vos.
3202 638 3274 681 '——
3300 642 3383 694 12.
3410 638 3466 694 in

1880 716 2172 770 adventum
2206 733 2218 768 :
2250 718 2316 769 ad
2356 715 2701 784 prtesentiam.
2745 742 2814 753 ——
2860 711 2999 766 Ibid.
3049 726 3212 782 quem
3247 730 3272 784 :7
3292 728 3466 781 quam.

1882 818 1948 827 ——
1985 789 2070 841 15.
2102 786 2328 841 habitat.
2359 788 2527 855 (vers.
2556 784 2684 855 11.)
2717 785 2945 854 Propler
2971 786 3115 853 quod
3150 799 3164 835 :
3197 783 3469 855 inhabitat.

1885 859 2237 929 Quapmpter.
2272 888 2343 899 —
2371 853 2511 910 Ibid.
2554 853 3184 929 satdgiteJmmaculati
3218 864 3271 929 e_t
3299 853 3469 929 invio:

1888 924 1979 984 lati
2008 924 2073 983 vei
2107 924 2342 983 inveniri
2391 948 2402 981 :
2447 929 2573 981 satis
2610 924 2745 995 agite
2788 926 3113 980 immaculati
3152 935 3197 978 et
3244 924 3474 978 inviolati

1884 1001 2027 1072 apud
2070 1018 2189 1053 eum
2228 1002 2464 1067 reperiri.
2494 1029 2565 1040 ——
2592 1000 2677 1054 15.
2711 999 3049 1072 arbitremini
3082 1016 3093 1048 :
3127 996 3468 1072 arbitramini.

1884 1066 1954 1113 —'-
1978 1074 2065 1127 17.
2095 1066 2370 1127 custodite
2397 1090 2407 1124 :
2434 1082 2621 1125 cavete.
2656 1100 2729 1110 —
2755 1069 2894 1124 Ibid.
2942 1069 3178 1124 traducti
3208 1084 3225 1124 :
3250 1066 3475 1122 seducti.

1886 1175 1954 1184 —
1984 1146 2073 1209 18.
2109 1158 2251 1198 nunc
2285 1145 2335 1197 in
2365 1162 2378 1197 :
2404 1160 2542 1197 nunc
2563 1144 2708 1197 etin.

1064 1329 1456 1393 EPISTOLA
1496 1327 1826 1391 JOANNIS
1870 1326 2263 1390 APOSTOLI
2310 1327 2582 1388 PRIMA.

180 1450 563 1526 Argumentum
604 1452 660 1505 in
702 1450 989 1526 Epistolam
1020 1453 1242 1526 primam
1270 1452 1493 1526 Joannis
1514 1450 1769 1526 apostoli,

407 1523 697 1579 Rationem
725 1520 877 1580 verbi
896 1567 910 1592 ,
934 1520 1030 1579 etc;
1060 1540 1077 1577 :
1108 1523 1261 1598 (Non
1293 1520 1553 1593 habetur.)

828 1641 1054 1698 CAPUT
1095 1643 1135 1696 Ι.

266 1731 413 1787 Vers.
448 1732 500 1786 1.
532 1732 658 1787 Fuit
701 1751 712 1786 :
746 1744 876 1788 erat.
904 1765 976 1779 -ν
1011 1735 1066 1788 2.
1104 1744 1192 1790 est
1234 1753 1249 1791 :
1295 1747 1369 1789 est
1413 1737 1578 1791 nobis.
1625 1767 1686 1780 -—-
1724 1737 1775 1791 5.

179 1804 334 1879 quod
364 1802 612 1879 vidimus
641 1807 818 1879 :_quod
842 1822 983 1879 ergo
1022 1808 1268 1879 vidimus.
1304 1839 1373 1848 ——
1407 1809 1461 1863 4.
1493 1810 1774 1879 gaudentis
1804 1811 1851 1872 B

179 1888 232 1931 et
272 1893 285 1929 :
316 1876 473 1943 (Non
508 1885 628 1930 sunt
661 1877 717 1929 in
753 1876 907 1947 cod.)
932 1907 1001 1917 -—-
1033 1877 1173 1933 Ibid.
1201 1892 1443 1933 vestrum
1472 1876 1767 1936 :Vnostrum.

179 1977 259 1993 ιν-
287 1947 341 2002 6.
376 1948 630 2018 quoniam
664 1947 976 2003 societatem
1020 1950 1281 2005 habemus
1318 1969 1329 2003 :
1360 1968 1451 2005 nos
1480 1954 1773 2007 societatem

182 2019 394 2073 habere.
425 2048 495 2058 —
515 2018 658 2093 Ibid.
694 2022 975 2093 veritatem
1002 2039 1105 2076 non
1140 2021 1368 2077 facimus
1392 2039 1406 2079 :
1430 2040 1530 2076 non
1554 2025 1774 2093 facimus

180 2093 470 2145 veritatem.
500 2121 571 2132 -—
593 2091 645 2144 7.
671 2103 754 2145 est
784 2090 836 2144 in
872 2092 989 2145 luce
1028 2111 1039 2145 :
1078 2094 1129 2145 in
1156 2094 1268 2145 luce
1296 2104 1389 2147 est.
1423 2124 1493 2134 --
1523 2090 1662 2148 Ibid.
1708 2096 1775 2149 ad

183 2163 460 2216 invicem:
487 2179 603 2216 cum
636 2178 715 2216 eo.
745 2192 815 2202 ——
847 2161 988 2216 Ibid.
1024 2166 1280 2218 cinundat
1311 2181 1324 2219 :
1362 2166 1595 2219 mundat.
1628 2198 1697 2206 —
1718 2168 1771 2220 ξ).

184 2236 229 2287 si
264 2234 619 2288 conﬁteantur
653 2251 668 2289 :
705 2235 749 2287 si
775 2244 947 2307 autem
980 2237 1337 2301 conﬁteamur.
1369 2266 1437 2276 —
1466 2236 1606 2290 Ibid.
1653 2254 1777 2307 pec-

189 2316 314 2359 cata
340 2314 542 2368 nostra,
565 2314 620 2359 et
647 2305 903 2360 emundet
935 2324 945 2357 :
974 2317 1203 2374 peccata,
1225 2318 1271 2360 et
1298 2309 1560 2361 emundet.
1592 2305 1664 2349 -ξ
1685 2310 1774 2366 10.

189 2377 239 2429 si
273 2394 287 2427 ι
324 2377 473 2443 Quod
490 2378 552 2431 si.
580 2407 651 2417 —
677 2376 818 2430 Ibid.
844 2382 1187 2447 peccavimus
1214 2396 1228 2431 :
1262 2396 1551 2449 peccamus.

760 2518 767 2532 ·
817 2493 1044 2551 CAPUT
1084 2494 1146 2549 ll.

276 2585 428 2641 Vers.
460 2586 512 2641 5.
563 2586 914 2657 cognovimus
948 2606 959 2639 :
994 2588 1369 2658 cognoscimus.
1396 2617 1465 2629 -—
1496 2587 1637 2642 Ibid.
1681 2590 1779 2645 ob-

187 2672 480 2713 servemus
512 2676 525 2713 :
557 2676 834 2713 servemus.
865 2688 937 2699 —
966 2658 1018 2712 5.
1043 2660 1145 2725 Qui
1173 2669 1354 2715 autem
1389 2671 1569 2715 servat
1596 2679 1609 2714 :
1638 2660 1778 2715 Nam

185 2730 280 2800 qui
332 2730 574 2784 custodit.
615 2761 685 2769 —
727 2733 779 2785 6.
826 2731 943 2797 ipso
989 2749 1000 2783 :
1041 2746 1121 2783 eo.
1148 2760 1220 2770 —
1249 2733 1303 2789 7.
1340 2733 1649 2787 mandatum
1680 2749 1776 2787 no-

185 2817 317 2855 vum
370 2820 384 2856 :
430 2818 618 2855 novum
658 2804 983 2855 mandatum.
1015 2833 1084 2841 —
1110 2805 1163 2857 8.
1199 2819 1385 2857 verum
1428 2813 1511 2858 est
1544 2821 1559 2858 :
1594 2814 1665 2858 est
1698 2821 1781 2858 ve-

183 2890 329 2926 rum.
358 2902 430 2913 —
456 2872 599 2927 Ibid.
630 2874 816 2939 vobis;
846 2874 970 2943 quia
1002 2891 1015 2929 :
1041 2874 1188 2928 nobis
1209 2892 1226 2940 ;
1248 2875 1513 2943 quoniam.
1542 2905 1614 2917 —
1636 2875 1775 2930 Ibid.

182 2959 386 2999 verum
418 2948 597 2999 lumen
628 2945 838 2999 :lumen
875 2961 1068 2999 verum.
1101 2977 1172 2987 —
1196 2947 1281 3002 10.
1310 2948 1409 3012 Qui
1448 2968 1459 2999 :
1506 2947 1641 3002 Nam
1668 2950 1776 3018 qui.

184 3046 258 3057 —
416 3017 539 3093 quia
572 3035 583 3069 :
617 3018 885 3081 quoniam.
908 3048 981 3093 _-—
1006 3019 1073 3073 15
1094 3019 1473 3093 adulescentes
1507 3017 1777 3093 :juvenes.

183 3119 261 3159 τ-
306 3089 396 3144 11.
447 3089 711 3159 juvenes,
756 3089 1008 3157 quoniam
1046 3108 1056 3142 :
1090 3090 1465 3158 adolescentes,
1523 3089 1665 3159 quia.
1711 3123 1781 3133 ~—

185 3158 337 3214 Ibid.
369 3158 549 3215 manet
574 3161 628 3214 in
659 3160 812 3213 vobis
849 3176 863 3214 :
898 3162 953 3214 in
980 3162 1116 3216 vobis
1156 3172 1343 3217 manet.
1384 3193 1455 3203 -—-
1484 3158 1569 3217 16.
1599 3167 1780 3218 carnis

1875 1449 2113 1503 invicem.
2136 1479 2207 1488 —
2230 1446 2372 1502 Ibid.
2408 1448 2716 1503 mandatum
2744 1447 2900 1503 nobis
2926 1465 2939 1502 :
2969 1448 3113 1503 nobis
3142 1447 3464 1503 mandatum.

2547 1540 2775 1597 CAPUT
2823 1540 2910 1596 ιγ.

1966 1636 2109 1693 Vers.
2145 1639 2194 1692 1.
2227 1637 2372 1692 omni
2402 1637 2615 1708 spiritui
2654 1637 2879 1692 credere
2911 1655 2925 1691 τ
2954 1638 3161 1693 credere
3196 1640 3334 1691 omni
3361 1637 3468 1707 spi-

1887 1710 2032 1764 ritui.
2062 1740 2129 1749 —
2152 1709 2290 1764 Ibid.
2338 1711 2587 1765 exierunt
2638 1710 2688 1762 in
2738 1708 3041 1765 mundum:
3080 1711 3382 1777 prodierunt
3418 1711 3472 1762 in

1888 1780 2024 1834 hunc
2051 1784 2321 1835 mundum.
2348 1812 2419 1823 —-
2448 1784 2499 1836 5.
2535 1782 2602 1837 de
2629 1796 2734 1851 quo
2763 1798 2778 1833 :
2804 1798 2970 1848 quem.
3000 1784 3143 1836 -4.
3175 1797 3295 1835 eum
3322 1797 3337 1834 ε
3363 1797 3468 1833 eos.

1878 1883 1949 1893 —
1974 1853 2026 1907 5.
2061 1868 2155 1908 eos
2189 1854 2335 1907 audit
2372 1873 2382 1905 :
2418 1853 2563 1907 audit
2585 1869 2688 1906 eos.
2721 1882 2791 1892 -—
2815 1856 2866 1909 6.
2891 1853 2979 1922 qui
3002 1870 3106 1907 non
3135 1862 3218 1907 est
3241 1852 3466 1916 exDeo;

1876 1941 1981 1978 non
2011 1926 2163 1978 audit
2195 1940 2294 1978 nos
2332 1940 2346 1980 :
2374 1926 2459 1993 qui
2507 1940 2573 1979 ea:
2617 1924 2724 1978 Deo
2754 1942 2855 1978 non
2885 1937 2996 1989 est;
3025 1943 3123 1978 non
3158 1924 3306 1977 audit
3330 1942 3423 1977 nos
3447 1940 3467 1976 :

1879 1996 2009 2118 SSed
2040 1995 2307 2078 adduntur
2328 1995 2551 2079 iitcod.)
2582 2026 2651 2035 —
2763 2011 2860 2078 nos
2884 2015 2907 2075 _:
2934 1994 3114 2077 (Deest
3138 1993 3367 2078 incod.)
3401 2024 3468 2033 —-

1913 2067 2016 2118 bid.
2042 2084 2165 2118 uina
2201 2088 2212 2118 :
2243 2084 2505 2118 auomam.
2535 2096 2605 2106 -—
2626 2065 2768 2118 Ibid-
2801 2068 2996 2118 dtlitttt.
3026 2083 3092 2118 ex
3123 2084 3135 2118 :
3161 2067 3333 2118 dsltatt
3360 2067 3468 2118 fra-

1913 2067 2016 2119 bid.
2042 2071 2165 2135 quia
2201 2088 2212 2121 :
2243 2070 2505 2134 quoniam.
2533 2065 2605 2106 4—
2626 2065 2768 2124 Ibid.
2801 2068 2997 2136 diligit,
3026 2083 3092 2122 ex
3123 2084 3135 2119 :
3161 2067 3333 2137 diligit
3359 2067 3468 2136 fra-

1879 2147 2009 2191 trem
2039 2155 2213 2201 suum,
2248 2156 2329 2191 ex.
2373 2138 2548 2191 -12.
2595 2138 2649 2191 Si
2684 2156 2695 2190 :
2726 2138 2875 2205 Quod
2904 2140 2969 2191 si.
3009 2137 3196 2194 -15,
3237 2152 3469 2207 cognos-

1878 2212 2047 2263 cimus
2079 2227 2091 2262 :
2124 2208 2479 2277 intelligimus.
2510 2238 2580 2249 -—
2608 2208 2694 2261 15.
2729 2212 2980 2270 quoniam
3026 2230 3037 2262 :
3087 2210 3227 2281 quia.
3248 2237 3341 2281 Α-
3380 2207 3469 2261 16.

1879 2281 2242 2336 credidimus:
2277 2282 2551 2335 credimus.
2592 2310 2662 2320 -——
2708 2281 2792 2334 17.
2846 2278 3107 2336 Charitas
3138 2278 3459 2335 nobiscum:

1882 2350 2119 2405 Charitas
2150 2353 2244 2405 Dei
2286 2355 2337 2405 in
2366 2353 2530 2405 nobis.
2558 2382 2630 2393 —-
2665 2349 2804 2405 Ibid.
2846 2354 2967 2423 quia
2994 2354 3137 2408 sicut
3167 2352 3256 2406 ille
3278 2360 3382 2423 est,
3412 2358 3469 2405 et

1882 2436 1983 2476 nos
2009 2437 2193 2475 sumus
2227 2438 2243 2476 :
2294 2433 2350 2476 ut
2397 2424 2530 2477 sicut
2560 2424 2649 2477 ille
2685 2432 2780 2489 est,
2812 2421 2879 2478 eti
2901 2440 2991 2478 nos
3021 2426 3199 2478 simus.
3229 2453 3300 2463 ——
3325 2421 3416 2477 21.
3442 2436 3472 2475 a

1776 2494 1791 2499 ’
1883 2493 2133 2551 Deo:ab
2164 2512 2250 2551 eo.
2346 2512 2349 2517 ‘

2519 2564 2748 2621 CAPUT
2779 2564 2845 2621 V.

1960 2659 2109 2717 Vers.
2126 2662 2177 2716 1.
2204 2660 2365 2716 Jesus
2378 2670 2461 2717 est
2480 2660 2732 2716 Christus
2758 2658 2944 2714 :Jesus
2967 2658 3223 2714 Christus.
3242 2691 3310 2699 —
3329 2656 3470 2711 Ibid.

1882 2748 2004 2788 eum
2036 2737 2127 2803 qui
2164 2735 2384 2802 genuit;
2418 2732 2593 2802 diligit
2628 2742 2683 2785 et
2712 2748 2835 2787 eum
2869 2750 2880 2784 :
2933 2733 3257 2803 genitorem;
3300 2731 3472 2799 diligit

1882 2821 2017 2859 eum.
2045 2834 2117 2845 -—
2151 2804 2285 2857 Ibid.
2313 2816 2469 2859 natus
2496 2815 2578 2858 est
2607 2819 2673 2857 ex
2697 2819 2761 2856 eo
2786 2820 2800 2858 :
2834 2820 2896 2857 ea:
2921 2820 2981 2858 eo
3008 2815 3162 2858 natus
3192 2812 3287 2856 est.
3318 2832 3388 2842 —-
3416 2803 3469 2854 2.

1883 2886 2040 2931 natos
2090 2876 2219 2931 Dei:
2265 2892 2383 2931 cum
2432 2877 2595 2931 Deum
2626 2876 2935 2943 diligamus,
2977 2890 3032 2929 et
3077 2874 3327 2929 mandata
3359 2873 3476 2939 ejus

1882 2948 2178 3002 iaciamus:
2213 2948 2347 3007 ﬁlios
2382 2947 2498 3014 Dei;
2517 2964 2630 3001 cum
2672 2944 2837 3000 Deum
2864 2944 3480 3016 diligimus,ctman_data

1885 3023 1998 3091 ejus
2021 3036 2300 3073 seriamus.
2326 3048 2398 3059 ——
2426 3019 2478 3091 ἐξ.
2516 3029 2598 3072 est
2629 3018 2719 3087 qui
2747 3038 2760 3071 :
2791 3014 3065 3091 estautem
3088 3019 3195 3091 qui.
3230 3048 3299 3091 τ
3331 3014 3471 3091 Ibid.

1887 3087 2406 3161 duoniamzquia.——
2424 3088 2561 3145 Ibid.
2592 3100 2673 3143 est
2699 3092 2839 3143 ﬁlius
2872 3088 3007 3161 Dei?
3033 3108 3044 3143 :
3075 3087 3213 3161 filius
3245 3088 3341 3141 Dei
3362 3098 3432 3141 est
3454 3087 3479 3139 .9

1886 3193 1957 3205 -—-
1985 3169 2035 3217 ϋ.
2068 3160 2225 3217 Jesus
2262 3163 2510 3217 Christus
2546 3180 2557 3213 :
2588 3173 2634 3215 et
2665 3162 2907 3229 spiritum
2940 3160 3095 3214 Iesus
3128 3160 3385 3215 Christus.
3409 3189 3480 3198 -κ

184 3244 307 3305 est,
332 3243 389 3305 et
423 3250 435 3285 :
465 3232 668 3297 carnis,
700 3242 769 3305 et.
795 3260 863 3272 -—
886 3230 1028 3286 Ibid.
1053 3236 1333 3288 oculorum
1359 3252 1372 3287 :
1401 3236 1667 3288 oculorum
1688 3246 1780 3290 est.
1811 3205 1856 3270 Ο
1892 3234 2025 3288 Ibid.
2058 3250 2161 3288 non
2189 3236 2241 3289 in
2264 3250 2399 3305 aqua
2432 3253 2443 3288 :
2471 3243 2518 3288 et
2549 3250 2651 3305 non
2682 3205 2733 3286 iit
2760 3230 3135 3305 aquas—Ibid.
3169 3233 3475 3305 sanguine:

182 3333 261 3345 —
280 3304 429 3357 Ibid.
458 3320 526 3357 ex
551 3302 751 3358 mundo
779 3321 791 3353 :
816 3318 882 3357 ea:
909 3305 1003 3355 hoc
1034 3305 1247 3358 mundo.
1273 3336 1343 3346 —-
1367 3307 1453 3360 17.
1480 3317 1740 3361 mternum
1772 3326 1783 3359 :

186 3386 451 3429 internum
472 3416 486 3440 ,
531 3373 789 3445 quomodo
836 3373 975 3427 Deus
1019 3386 1185 3429 manet
1213 3377 1267 3429 in
1294 3388 1561 3431 (uernum.
1596 3408 1667 3417 —
1698 3379 1783 3433 18.

186 3461 345 3501 nunc
380 3446 705 3500 Antichristi
739 3462 751 3497 :
785 3462 923 3499 nunc
953 3456 1124 3499 autem
1170 3448 1494 3502 Antichristi.
1536 3480 1605 3489 —
1644 3448 1783 3502 Ibid.

184 3518 321 3588 quia
360 3536 371 3570 :
404 3520 672 3585 quoniam.
703 3547 773 3556 —
800 3518 890 3571 22.
925 3518 972 3571 is
1004 3536 1015 3569 :
1052 3517 1209 3587 (Non
1239 3530 1310 3573 est
1341 3521 1393 3572 in
1426 3522 1569 3590 cod.)
1602 3549 1672 3560 —
1696 3519 1783 3575 25.

186 3591 285 3660 qui
325 3592 619 3644 conlitetur
649 3607 661 3641 :
695 3591 779 3657 qui
817 3598 986 3641 autem
1015 3592 1305 3656 confitetur.
1340 3593 1523 3646 ~24.
1558 3595 1606 3645 in
1634 3594 1787 3645 vobis

186 3670 566 3743 permaneat:
590 3670 884 3743 permanet.
908 3661 959 3713 in
1010 3661 1165 3743 vobis.
1196 3693 1263 3701 —
1295 3661 1430 3716 Ibid.
1464 3664 1696 3717 audistis
1722 3664 1791 3717 ab

186 3731 358 3804 initio
392 3751 404 3784 :
435 3733 497 3785 ab
526 3733 677 3804 initio
694 3731 929 3785 audistis.
958 3762 1029 3774 —-
1056 3733 1146 3787 27.
1180 3744 1398 3789 maneat
1428 3753 1441 3786 :
1471 3744 1785 3804 permaneat.

186 3835 263 3844 —
282 3803 383 3860 29.
418 3812 475 3860 et
503 3820 515 3857 :
541 3802 730 3875 (Deest
762 3804 815 3857 in
843 3804 938 3857 cad
978 3804 997 3873 ἢ

821 3918 999 3976 CAPU
1018 3924 1040 3975 1
1088 3920 1177 3975 ill.

271 4012 431 4069 Vere.
481 4015 535 4068 1.
570 4012 778 4069 simus:
811 4030 1008 4067 sumus.
1042 4045 1113 4055 -——
1143 4013 1285 4068 Ibid.
1330 4014 1453 4085 quia
1498 4031 1605 4069 non
1639 4016 1789 4070 novit

195 4100 323 4141 eum
361 4105 373 4137 :
407 4086 531 4151 quia
562 4094 611 4138 et
646 4087 814 4154 ipsum
857 4089 1130 4156 ignoravit.
1164 4116 1234 4127 ——
1264 4086 1319 4139 2.
1363 4088 1493 4142 estis
1539 4107 1550 4139 :
1607 4097 1696 4141 est.
1723 4118 1793 4127 --

190 4158 247 4213 5.
291 4158 433 4212 hanc
462 4172 655 4229 spem;
686 4174 825 4229 spem
853 4157 1006 4212 hanc.
1050 4187 1119 4197 —-
1148 4160 1200 4213 5.
1229 4158 1379 4213 scitis
1400 4161 1524 4227 quia
1556 4199 1570 4219 ,
1604 4160 1793 4212 scimus

186 4232 474 4301 quoniam.
507 4258 575 4268 -—
608 4226 746 4301 Ibid.
788 4241 974 4283 nostra
1002 4247 1021 4301 ξ
1050 4229 1230 4297 (Deest
1260 4232 1313 4284 in
1340 4226 1483 4300 cod.)
1517 4260 1588 4272 —
1617 4232 1671 4285 8.
1704 4232 1792 4300 qui

183 4299 336 4356 facit
365 4318 378 4349 :
403 4302 489 4369 qui
527 4309 699 4354 autem
722 4300 865 4367 facit.
898 4329 969 4341 ——
991 4299 1131 4355 Ibid.
1165 4303 1431 4357 dissolvat
1466 4299 1477 4354 ὲ
1515 4302 1699 4356 solvat.
1723 4299 1796 4342 Ζ-

184 4373 293 4445 10.
343 4387 457 4445 non
499 4384 579 4445 es_t
616 4374 965 4445 justustnon
999 4374 1121 4443 facit
1144 4374 1423 4445 justitiam.
1460 4404 1529 4413 —
1563 4372 1700 4427 Ibid.
1729 4390 1794 4428 ex

184 4444 371 4517 Deo:
425 4443 486 4495 de
536 4442 667 4517 Deo.
698 4472 767 4483 ——
798 4443 884 4495 11.
918 4442 1201 4513 diligatis:
1245 4446 1540 4517 diligamus.
1590 4475 1661 4486 ——
1705 4446 1790 4499 12.

182 4514 335 4585 quid
368 4532 381 4567 :
411 4516 565 4580 quod.
605 4516 691 4569 15.
733 4529 830 4567 vos
860 4530 874 4565 :
910 4517 1210 4569 nom—~11.
1239 4514 1482 4569 translati
1517 4532 1700 4569 sumus
1724 4518 1792 4570 de

1890 3308 2140 3377 sanguine
2172 3315 2216 3360 et
2236 3302 2443 3375 spiritu.
2475 3336 2545 3345 —
2571 3302 2712 3358 Ibid.
2740 3306 2803 3359 Et
2829 3304 3050 3374 spiritus
3080 3315 3164 3359 est
3187 3304 3279 3373 qui
3308 3302 3483 3377 :_Spi-

1891 3374 2020 3431 ritus
2056 3386 2127 3431 est
2154 3374 2355 3447 qui.——
2388 3379 2441 3431 7.
2476 3377 2739 3444 Quoniam
2785 3384 2896 3447 tres
2936 3386 3061 3429 sunt
3102 3376 3190 3446 qui
3230 3374 3483 3447 testimo-

1893 3451 2038 3503 nium
2093 3446 2221 3501 dant
2278 3450 2329 3501 in
2386 3450 2526 3503 coelo
2582 3448 2775 3512 Pater,
2809 3446 3081 3511 Verbum,
3132 3456 3187 3502 et
3239 3446 3479 3515 Spiritus

1892 3533 2130 3586 sanctus,
2161 3531 2213 3573 et
2235 3520 2287 3572 hi
2313 3530 2424 3573 tres
2450 3536 2611 3572 unum
2642 3532 2784 3572 sunt.
2819 3519 2973 3586 (vers.
3004 3518 3084 3587 8.)
3111 3518 3178 3571 Et
3206 3528 3320 3571 tres
3343 3526 3473 3569 sunt

1892 3594 1981 3659 qui
2014 3592 2378 3645 tesnimonium
2408 3592 2536 3643 dant
2564 3592 2810 3651 interra;
2837 3590 3079 3657 spiritus,
3106 3605 3243 3656 aqua
3266 3600 3321 3641 et
3349 3604 3477 3640 san-

1893 3665 2031 3733 guis,
2064 3672 2117 3716 et
2148 3663 2199 3715 hi
2231 3674 2338 3716 tres
2357 3678 2521 3715 unum
2550 3673 2705 3715 sunt:
2738 3660 2873 3726 Quia
2890 3670 2991 3713 tres
3012 3661 3480 3733 suntquitestimof

1893 3729 2035 3787 nium
2064 3735 2185 3787 dant
2213 3736 2266 3787 in
2296 3744 2434 3787 terra
2472 3733 2719 3802 spiritus)
2752 3741 2797 3785 et
2830 3748 2984 3801 aqua,
3011 3741 3057 3784 et
3079 3736 3312 3800 sanguis;
3346 3741 3395 3782 et
3427 3729 3483 3782 hi

1894 3815 1997 3859 tres
2014 3821 2171 3858 unum
2213 3815 2331 3858 sunt
2366 3806 2420 3857 in
2452 3801 2650 3857 Christo
2671 3801 2821 3867 Iesu,
2855 3813 2956 3857 tres
2983 3814 3103 3856 sunt
3130 3802 3218 3871 qui
3250 3803 3481 3855 testium-

1894 3880 2036 3930 nium
2059 3877 2234 3929 dicunt
2256 3878 2306 3929 in
2330 3876 2475 3943 costa,
2506 3874 2686 3940 Pater,
2724 3873 2967 3941 Verbum,
3005 3882 3053 3927 et
3081 3870 3331 3941 Spiritus,
3357 3882 3402 3925 et
3425 3870 3480 3943 hi

1896 3958 1998 4001 tres
2044 3965 2204 4001 unum
2244 3957 2379 4001 sunt.
2435 3942 2580 4001 9—9.
2620 3948 2917 4016 quoniam:
2966 3944 3105 4014 quia.
3148 3975 3217 3985 ——
3268 3944 3356 3998 10.
3384 3942 3486 4009 Qui

1895 4020 2068 4075 credit
2102 4020 2153 4073 in
2189 4020 2354 4072 tilium
2397 4018 2495 4073 Dei
2525 4036 2534 4068 :
2570 4016 2732 4083 Quem
2779 4018 2916 4069 misit
2960 4016 3287 4071 Sulvatorent
3322 4029 3478 4082 super

1898 4100 2106 4151 terrant,
2132 4102 2176 4143 et
2203 4090 2340 4159 filius
2364 4090 2709 4143 testimonium
2732 4088 2982 4159 perhibuit
3010 4089 3062 4159 in
3092 4096 3229 4159 terra
3256 4086 3480 4156 scriptu-

1896 4179 1981 4217 ras
2026 4158 2335 4234 per/iciens;
2376 4172 2421 4214 et
2453 4178 2543 4214 nos
2571 4158 2918 4234 testimonium
2949 4158 3274 4234 perhibemus
3299 4198 3314 4220 ,
3333 4173 3479 4234 _qu_o-

1898 4228 2038 4286 niani
2067 4233 2287 4287 vidimus
2313 4248 2450 4292 eum,
2484 4244 2529 4286 et
2555 4232 2933 4284 annunciamus
2951 4228 3099 4283 vobis
3130 4240 3183 4281 ut
3220 4228 3483 4292 credatis;

1900 4315 1944 4359 et
1960 4305 2074 4359 ideo
2101 4306 2187 4375 qui
2208 4304 2365 4358 credit
2380 4306 2432 4358 in
2448 4303 2559 4372 ﬁlio
2587 4300 3073 4375 Dei.——-Ibid.quia
3102 4317 3206 4375 non
3237 4301 3411 4375 credit
3434 4300 3489 4375 in

1897 4372 2268 4431 testimonium
2299 4378 2578 4445 :quoniam
2607 4391 2707 4428 non
2730 4373 2891 4427 credit
2915 4375 2966 4426 in
2999 4372 3481 4445 testimonio.—1;2_.

1901 4450 2069 4501 tilium
2102 4468 2114 4500 :
2167 4442 2493 4516 filium'Dei.
2528 4477 2597 4486 —
2632 4446 2713 4501 15.
2765 4446 2946 4499 scribo
2975 4461 2989 4499 :
3042 4445 3248 4516 scripsi.
3294 4475 3361 4483 —-
3395 4442 3483 4497 15.

1900 4520 2023 4587 quia
2051 4536 2064 4573 :
2107 4514 2369 4588 quoniam.
2402 4547 2471 4557 -—
2504 4517 2587 4575 16.
2622 4518 2722 4583 Qui
2758 4536 2771 4569 :
2817 4517 3017 4584 Siquis.
3042 4544 3115 4555 —
3141 4514 3282 4588 Ibid.
3314 4525 3485 4583 petat,

185 4587 462 4665 mortead
488 4587 693 4665 vitam“:
722 4586 1051 4665 transivimus
1080 4588 1143 4640 de
1166 4596 1330 4665 morte
1352 4589 1403 4639 in
1429 4588 1678 4665 vit_am.—
1811 4606 1873 4665 .D
1900 4586 1954 4665 et
2006 4586 2219 4643 dabitur
2280 4591 2328 4642 ei
2391 4590 2505 4665 vita
2534 4630 2548 4651 ,
2619 4589 2819 4653 peccati
2897 4603 3002 4641 nun
3092 4587 3157 4640 ad
3202 4596 3489 4665 “mortem,

185 4659 510 4725 semetipso
543 4676 554 4709 :
600 4655 777 4728 (Deest
805 4660 856 4709 in
888 4658 1033 4724 cod.)
1061 4687 1131 4696 —
1160 4657 1246 4712 16.
1282 4660 1634 4727 cognovimus
1663 4660 1790 4711 cha-

182 4732 427 4785 ritatem
455 4730 547 4783 Dei
577 4745 591 4782 :
621 4729 973 4801 cognoscimus
1002 4729 1303 4783 charitatem
1332 4730 1518 4797 ipsius.
1545 4761 1614 4770 —
1646 4729 1785 4785 Ibid.

183 4801 448 4855 animam
489 4815 639 4854 suam
678 4800 775 4869 pro
822 4800 978 4855 nobis
1007 4819 1019 4855 :
1061 4817 1155 4869 pro
1185 4801 1331 4855 nobis
1360 4802 1591 4854 animam
1618 4819 1784 4855 suam.

180 4901 269 4914 -ο
307 4872 402 4925 17.
435 4871 642 4938 mundi,
678 4883 730 4925 et
763 4889 773 4923 :
801 4871 979 4924 mundi
1008 4871 1187 4943 hujus,
1212 4883 1365 4926 et.—
1392 4871 1530 4925 Ibid.
1563 4888 1789 4929 necesse

180 4944 416 4998 habere
447 4960 460 4972 ο
492 4958 654 5013 egere.
694 4974 764 4984 -——
795 4943 881 4997 18.
917 4958 1091 5013 neque
1124 4960 1137 4997 :
1171 4952 1368 4998 tantum
1400 4953 1465 4997 et.
1514 4974 1585 4985 -—
1620 4944 1709 4999 20.
1744 4947 1791 5000 si

181 5014 629 5088 reprehenderit
652 5016 728 5068 :si
747 5031 849 5088 non
873 5016 1275 5082 reprehenderit.
1293 5016 1469 5069 -21.
1495 5033 1600 5071 non
1628 5035 1640 5069 :
1662 5018 1793 5088 (Ad-

180 5087 485 5153 ditur.)—-
512 5084 651 5139 Ibid.
675 5085 1084 5155 reprehenderit
1109 5102 1206 5141 nos
1232 5105 1243 5139 :
1267 5105 1359 5141 nos
1383 5084 1789 5156 reprehenderit.

179 5188 270 5201 -—
296 5156 395 5212 22.
437 5158 688 5227 quiequid
728 5177 741 5211 :
794 5160 1257 5230 quodcumque.—
1282 5159 1374 5215 25.
1428 5162 1786 5215 alterutrum:

1899 4660 1993 4714 Est
2058 4671 2331 4728 peccatum
2386 4658 2452 4714 ad
2514 4670 2783 4712 mortem:
2853 4673 2958 4711 non
3033 4674 3131 4724 pro
3201 4657 3294 4712 illo
3367 4656 3491 4710 dico

1898 4742 1956 4785 ut
1984 4727 2135 4801 roget
2162 4734 2309 4801 quis:
2330 4740 2467 4802 petat
2494 4747 2585 4801 pro
2614 4748 2693 4794 eo,
2720 4739 2765 4783 et
2793 4730 2931 4782 dabit
2958 4730 3002 4783 ei
3026 4730 3181 4783 vitam
3206 4727 3367 4802 Deus,
3395 4728 3483 4780 sed

1897 4820 2000 4857 non
2024 4803 2104 4856 his
2126 4805 2212 4873 qui
2242 4801 2398 4873 usque
2424 4804 2492 4854 ad
2524 4813 2739 4855 mortem
2771 4810 3000 4868 peccant,
3035 4811 3107 4853 est
3138 4801 3274 4853 enim
3297 4815 3481 4873 pecca-

1895 4885 2001 4927 tum
2034 4871 2195 4944 usque
2214 4875 2280 4927 ad
2304 4871 2549 4935 mortem;
2578 4890 2681 4926 non
2710 4889 2801 4936 pro
2835 4873 2927 4924 illo
2950 4874 3066 4925 dico
3092 4884 3144 4944 ut
3162 4871 3486 4941 postulet.—

1894 4947 1981 5001 18.
2013 4943 2134 5015 quia
2169 4964 2181 4998 :
2210 4948 2478 5013 quoniam.
2504 4973 2571 4984 —-
2601 4945 2692 5000 20.
2725 4946 2903 5008 venit;
2935 4955 2987 4997 et
3034 4943 3212 4998 dedit:
3241 4945 3411 5008 venit;
3444 4950 3491 5015 et

1893 5014 2099 5071 carnem
2124 5017 2293 5071 induit
2324 5018 2485 5069 nostri
2515 5033 2690 5078 causa,
2724 5025 2767 5069 et
2796 5031 2974 5081 passus
3002 5023 3096 5079 est,
3123 5024 3167 5067 et
3213 5014 3493 5067 resurrexit

1893 5107 1925 5142 a
1954 5089 2202 5153 mortuis;
2229 5089 2504 5158 assumpsit
2538 5103 2651 5156 nos,
2677 5097 2721 5139 et
2739 5086 2915 5158 dedit.
2948 5115 3018 5127 ——
3041 5084 3179 5139 Ibid.
3212 5086 3322 5158 tirio
3350 5084 3489 5158 ejus.

1896 5161 1994 5216 Hic
2014 5180 2026 5214 :
2049 5161 2159 5229 filio
2179 5164 2290 5231 ejus
2310 5153 2436 5213 Iesu
2454 5153 2681 5213 Christo.
2703 5157 2825 5213 Hic.
2842 5158 3015 5213 -21.
3036 5158 3207 5211 Amen
3234 5153 3495 5227 :(Deest.)

1055 5341 1443 5404 EPISTULA
1485 5341 1814 5404 JOANNIS
1858 5341 2245 5405 APOSTOLI
2294 5341 2680 5404 SECUNDA.

177 5451 594 5520 Argumentum
616 5447 669 5500 in
693 5444 983 5520 Epistolam
998 5447 1279 5520 secundum
1302 5445 1523 5520 Joannis
1545 5446 1804 5518 Apostoli,

507 5517 849 5589 Usqueadeo,
894 5528 993 5571 etc.
1030 5536 1041 5570 :
1084 5518 1231 5591 (Non
1261 5518 1527 5590 habetur.)

745 5629 971 5688 CAPUT
1000 5631 1277 5691 UNICUM.

290 5723 451 5780 Vere.
484 5724 536 5779 1.
570 5722 783 5790 Senior,
818 5722 1017 5779 Electae
1064 5725 1302 5783 Domina:
1346 5738 1399 5785 et
1426 5728 1567 5785 natis
1599 5744 1614 5782 :
1644 5730 1809 5784 Joan-

181 5816 297 5857 nes
340 5796 513 5851 senior
529 5795 754 5871 __Electaz
770 5792 1034 5871 ﬂamina:
1062 5804 1108 5871 e_t
1130 5798 1277 5871 ﬁliis.
1310 5830 1381 5841 -—
1417 5803 1471 5855 2.
1502 5817 1622 5871 qua:
1655 5819 1669 5856 :
1699 5803 1807 5871 qui.

174 5873 351 5929 ...3.
386 5877 441 5926 et
460 5883 490 5925 a
518 5867 737 5925 Christo
762 5865 891 5925 Jesu
929 5866 1042 5924 tilio
1066 5865 1244 5928 Patris
1272 5887 1287 5925 :
1312 5881 1360 5928 et
1382 5890 1417 5928 a
1439 5865 1663 5929 Domino
1683 5865 1812 5930 Iesu

1910 5446 2114 5500 Christo
2155 5445 2264 5510 ﬁlio
2300 5442 2397 5498 Dei
2444 5443 2639 5500 Patris.
2664 5476 2735 5486 —-
2777 5446 2828 5500 5.
2868 5445 3182 5502 alterutrum
3225 5447 3503 5505 :invicem.

1911 5547 1983 5558 —-
2010 5517 2061 5569 7.
2116 5517 2406 5571 exierunt:
2459 5518 2778 5587 prodierunt.
2824 5548 2895 5558 -—
2925 5517 3061 5572 Ibid.
3116 5520 3373 5575 venisse:
3422 5539 3507 5576 ve-

1911 5590 2283 5662 nientem—9.
2308 5590 2510 5643 recedit
2538 5607 2551 5642 :
2578 5591 2759 5662 credit.
2784 5618 2853 5630 —-
2880 5587 3017 5643 Ibid.
3047 5591 3147 5655 Qui
3180 5609 3192 5643 :
3227 5590 3366 5644 Nam
3393 5593 3500 5662 qui.

1911 5690 1981 5701 ——
2006 5659 2146 5713 Ibid.
2184 5668 2239 5714 et
2281 5670 2483 5729 patrem
2518 5661 2766 5732 etililium
2793 5680 2803 5713 :
2834 5669 2879 5713 et
2921 5662 3086 5731 filium
3122 5673 3169 5715 et
3193 5659 3414 5732 patrem.
3436 5695 3505 5705 ——

1913 5733 2005 5805 12.
2038 5732 2247 5805 plura;
2271 5733 2539 5805 multa.—
2561 5731 2698 5805 Ibid.
2743 5732 2977 5805 futurum
3008 5732 3147 5805 apud
3182 5731 3201 5786 έ
3240 5745 3506 5790 venturum

2129 5800 2268 5859 Ibid.
2292 5803 2512 5875 plenum
2541 5804 2609 5859 sit
2635 5822 2649 5859 :
2686 5805 2752 5859 sit
2788 5802 3018 5873 plenum.
3042 5800 3111 5848 Ζ-
3136 5806 3224 5862 15.
3257 5806 3455 5864 Electa:
3488 5824 3502 5862 :

2060 5893 2113 5932 a.

2042 5887 2113 5932 ta.
