3958 6212
358 390 1409 401 “um—“MM?”
1432 395 1523 399 V7-—
1560 396 2051 402 ‘_-_....-...__._--.._
2072 398 2143 402 φρ
2206 400 2229 401 η
2266 398 2363 404 ...ν
2397 398 3051 407 -κμΗ-ν-ν-...νην-μι.
3072 404 3111 407 ς,
3162 403 3231 409 .m.
3350 407 3361 410 μ

782 626 1236 784 VITA
1325 630 1479 784 s.
1589 630 2284 787 BASlLll
2379 552 2987 795 MAGNI

1370 899 1887 956 ARCIIIEPISCOPI
1923 902 2399 957 ΟίΕὸΛΠΙΕΝΞΙδ
2421 910 2459 956 ·.

338 1282 746 1360 PrOpositum
777 1278 932 1339 mihi
972 1282 1065 1338 est
1094 1277 1158 1335 in
1194 1276 1307 1337 hac
1362 1277 1851 1354 pertractatione
1888 1278 2039 1353 quid
2071 1280 2340 1355 gesserit
2393 1288 2453 1340 et
2498 1281 2822 1359 scripserit
2862 1284 2921 1343 S.
2968 1284 3269 1361 Basilius,
3299 1288 3516 1350 obser-

270 1399 401 1452 vato
432 1403 632 1467 quam
677 1381 1153 1446 accuratissime
1186 1385 1406 1457 potero
1453 1384 1809 1463 temporum
1852 1380 2102 1453 ordine,
2140 1398 2480 1458 exponere.
2503 1382 2768 1444 Ordinis
2801 1385 2970 1446 enim
3002 1388 3064 1447 in
3101 1387 3289 1448 rebus
3323 1390 3517 1467 gestis

270 1486 637 1553 enarrandis
672 1489 841 1543 tanta
878 1480 1074 1541 virtus
1106 1484 1224 1549 est,
1258 1487 1325 1538 ut
1359 1492 1485 1538 non
1541 1478 1748 1538 solum
1782 1476 2044 1540 facilius
2092 1480 2304 1539 animo
2344 1481 2796 1557 percipiantur,
2836 1484 2988 1545 dum
3022 1502 3213 1547 suum
3244 1492 3516 1567 quasque

268 1589 465 1651 locum
499 1585 805 1646 decenter
837 1583 1078 1647 tenent,
1106 1574 1218 1637 sed
1258 1575 1446 1635 etiam
1486 1575 2045 1653 preliiplurimum
2094 1578 2346 1639 accedat
2380 1586 2490 1640 aut
2520 1581 2808 1656 decedat,
2848 1591 3033 1661 prout
3072 1594 3216 1663 apte
3253 1603 3518 1648 secusve

267 1690 672 1752 collocantur.
716 1682 1030 1745 Permulta
1057 1686 1229 1753 sunt,
1265 1695 1546 1757 quorum
1576 1681 1833 1741 consilii
1868 1681 2026 1742 ratio
2066 1683 2321 1760 penitus
2356 1684 2595 1758 latebit,
2636 1686 2689 1748 si
2734 1706 2768 1749 a
2794 1705 2912 1750 suo
2948 1689 3335 1751 divellantur
3363 1698 3521 1751 tem-

268 1810 446 1871 pore;
477 1792 605 1854 alia
646 1790 898 1852 laudem
942 1788 1130 1862 longe
1181 1784 1543 1858 exiliorem,
1582 1785 1890 1847 nonnulla
1944 1786 2132 1848 etiam
2173 1788 2598 1852 difﬁciliorem
2642 1792 2967 1855 habebunt
3006 1797 3515 1857 excusationem.

267 1893 423 1966 Quin
455 1892 653 1955 etiam
686 1897 852 1950 recte
884 1888 1044 1949 facta
1077 1885 1203 1947 vim
1234 1891 1296 1946 et
1337 1891 1631 1945 naturam
1683 1884 2005 1959 amittunt,
2041 1903 2110 1946 ac
2151 1887 2417 1948 virtutes
2467 1904 2930 1970 nonnunquam
2972 1892 3403 1967 invertuntur,
3466 1895 3517 1953 si

268 1992 402 2070 quis
432 1999 707 2053 eventus
744 1990 884 2051 loco
921 2005 1044 2051 non
1080 2002 1199 2048 suo
1240 1992 1557 2047 narretur.
1590 1984 1878 2046 Charitas
1923 1985 2170 2060 Basilii,
2203 1988 2317 2067 qui
2358 1990 2811 2065 patrimonium
2847 1998 2906 2053 et
2958 1992 3145 2054 initio
3186 1993 3521 2055 monastici

267 2096 557 2169 instituti,
597 2103 660 2157 et
689 2095 911 2155 decem
953 2098 1094 2171 post
1121 2091 1330 2164 annis,
1367 2089 1541 2168 gravi
1576 2096 1840 2166 urgente
1884 2089 2075 2163 fame,
2107 2091 2457 2165 distribuit,
2519 2110 2785 2170 magnus
2822 2111 2963 2157 esse
3010 2113 3227 2157 naevus
3272 2095 3524 2158 videtur

268 2195 326 2253 in
357 2210 583 2255 severo
616 2193 1005 2270 paupertatis
1040 2189 1438 2267 legislatore,
1475 2204 1753 2265 eumque
1786 2205 2077 2267 arguere,
2130 2193 2301 2269 quod
2336 2208 2465 2254 non
2488 2193 2699 2255 statim
2740 2211 2809 2256 se
2838 2197 3138 2258 omnibus
3171 2197 3363 2260 rebus
3396 2213 3520 2257 nu-

269 2293 517 2354 daverit.
558 2293 685 2354 Sed
716 2292 774 2352 si
810 2298 1075 2351 matrem
1111 2286 1489 2349 Emmeliam
1525 2296 1850 2364 grassante
1900 2288 2006 2350 illa
2037 2288 2207 2351 fame
2243 2292 2484 2353 obiisse
2515 2294 3010 2369 demonstretur,
3039 2302 3290 2372 accepta
3342 2294 3522 2356 illius

271 2401 455 2453 morte
486 2393 853 2462 haereditas,
888 2400 955 2451 ut
990 2406 1126 2451 mos
1160 2396 1292 2451 erat
1332 2397 1688 2467 temporum
1731 2389 2019 2462 illorum,
2058 2397 2121 2451 et
2157 2392 2367 2453 statim
2402 2394 2465 2453 in
2512 2412 2820 2474 pauperes
2856 2398 3083 2472 effusa,
3151 2405 3516 2476 promptum

269 2493 468 2554 Basilii
496 2493 577 2553 ad
617 2494 832 2554 omnia
865 2490 1257 2569 projicienda
1303 2489 1586 2551 animum
1618 2490 1916 2552 declarat.

338 2603 466 2662 Hoc
495 2618 704 2662 unum
739 2600 818 2660 de
869 2598 1087 2658 multis
1119 2598 1483 2674 exemplum
1518 2594 1742 2670 affero,
1783 2603 1850 2657 ut
1882 2597 2208 2659 neminem
2247 2599 2560 2660 deterreat
2605 2600 2855 2677 legendi
2890 2608 2948 2662 et
2976 2603 3402 2680 investigandi
3436 2603 3522 2664 Ia-

271 2703 393 2766 bor.
423 2706 731 2784 Suscepta
762 2704 933 2766 enim
973 2702 1161 2778 hujus
1192 2701 1336 2762 vitae
1374 2701 1731 2763 scribendae
1769 2700 1951 2774 ratio,
1979 2708 2309 2781 pr0pterea
2334 2703 2509 2780 quod
2540 2703 2606 2763 in
2635 2708 2928 2767 obscuris
2963 2706 3152 2769 rebus
3195 2708 3519 2786 explican-

270 2802 359 2863 dis
406 2821 570 2883 szepe
630 2812 944 2874 versatur,
1004 2819 1127 2864 non
1162 2808 1329 2861 tanta
1364 2802 1684 2877 voluptate
1720 2800 1782 2860 in
1839 2799 2112 2877 legendo
2164 2801 2421 2872 retinet,
2472 2811 2709 2880 quanta
2743 2803 2939 2865 libera
2972 2810 3032 2865 et
3074 2806 3215 2866 sine
3249 2806 3517 2867 salebris

274 2905 461 2965 fluens
491 2905 798 2966 narratio.
834 2904 973 2964 Non
996 2910 1228 2971 tamen,
1267 2908 1333 2962 ut
1369 2900 1670 2979 equidem
1720 2900 1973 2978 Opinor,
2008 2900 2289 2963 ofﬁcient
2329 2902 2616 2965 obscura)
2640 2904 3061 2983 difﬁcilesque
3099 2906 3520 2982 qumstiones,

270 3005 329 3067 in
358 3010 589 3088 quibus
624 3009 946 3069 interdum
982 3008 1397 3081 morabimur,
1432 3005 1782 3084 quominus
1814 3022 2112 3080 germana
2143 3006 2357 3067 Basilii
2390 3007 2632 3085 efﬁgies
2664 3017 2807 3070 ante
2838 3010 3062 3071 oculos
3095 3010 3345 3086 depicta
3380 3026 3519 3067 ver-

274 3119 454 3173 setur.
484 3111 851 3189 Unicuique
883 3110 946 3169 in
999 3118 1294 3187 promptu
1353 3108 1473 3170 erit
1506 3105 1743 3169 eximia
1783 3107 1888 3167 illa
1938 3107 2164 3185 pietas,
2215 3116 2304 3168 tot
2363 3118 2601 3171 naturae
2634 3110 2825 3185 dona,
2876 3118 2963 3172 tot
2995 3110 3298 3171 doctrinm
3331 3125 3519 3169 orna-

272 3223 462 3282 menta
494 3217 560 3277 in
597 3215 856 3277 latebris
893 3215 1244 3276 recondens
1279 3231 1293 3270 :
1330 3229 1579 3283 summa
1612 3210 1883 3273 charitas
1911 3229 1991 3274 ne
2020 3213 2081 3273 in
2118 3213 2467 3277 solitudine
2491 3216 2753 3295 quidem
2793 3216 3133 3277 discedens
3167 3214 3244 3275 ab
3269 3231 3519 3292 augen-

275 3318 362 3378 dis
400 3316 701 3378 Ecclesite
740 3314 1148 3384 utilitatibus,
1200 3312 1265 3371 in
1303 3310 1658 3372 sacerdotio
1710 3316 1921 3371 autem
1960 3312 2128 3374 inter
2160 3320 2503 3390 perpetuos
2537 3321 2598 3376 et
2635 3330 2858 3391 graves
2916 3316 3172 3377 morbos
3227 3332 3353 3376 non
3404 3315 3516 3376 uni

276 3421 577 3493 Ecclesiae,
608 3420 721 3480 sed
756 3415 1045 3495 pluribus
1085 3413 1229 3475 aliis
1255 3412 1580 3492 regendis,
1620 3414 1747 3471 imo
1782 3412 2187 3490 paciﬁcandis
2224 3416 2420 3475 totius
2472 3417 2650 3483 orbis
2684 3416 2990 3478 Ecclesiis
3047 3417 3329 3479 intenta:
3368 3435 3509 3478 am-

280 3538 404 3583 mus
430 3522 494 3581 in
524 3516 927 3598 amplissimo
958 3516 1155 3591 gradu
1186 3521 1245 3574 et
1269 3529 1520 3573 summa
1556 3511 1739 3571 famae
1769 3512 2137 3574 celebritate
2159 3513 2690 3589 demississimus,
2727 3517 2789 3577 in
2822 3516 3229 3579 defendendo
3269 3519 3519 3595 episco-

280 3628 440 3694 patus
468 3617 619 3694 jure
669 3630 935 3690 magnus
966 3619 1028 3674 et
1058 3609 1382 3681 sublimis,
1431 3609 1499 3669 in
1534 3608 1817 3670 colendis
1851 3611 2153 3672 amicitiis
2185 3614 2361 3673 omni
2400 3614 2796 3677 humanitate
2824 3618 3171 3697 expolitus,
3204 3618 3406 3681 facilis
3433 3621 3510 3681 ad

276 3718 697 3796 deponendam
729 3713 1185 3784 offensionem,
1228 3726 1610 3789 semperque
1636 3710 1708 3769 ad
1748 3711 2087 3788 placandos
2123 3711 2419 3775 homines
2461 3732 2591 3778 non
2641 3717 2884 3780 amicos
2917 3722 3407 3797 paratissimus:
3445 3724 3511 3785 in

277 3817 526 3895 propriis
557 3812 973 3876 contumeliis
1031 3827 1280 3874 summa
1321 3810 1546 3873 lenitas
1596 3817 1657 3872 et
1708 3812 2157 3883 mansuetudo,
2210 3814 2564 3877 teterrimas
2597 3816 2949 3881 calumnias
3001 3826 3061 3882 et
3116 3839 3372 3900 sparsos
3407 3843 3517 3900 per

277 3923 459 3977 totum
490 3918 709 3977 orbem
763 3912 1040 3974 famosos
1080 3911 1330 3974 libellos
1382 3910 1644 3973 silentio
1693 3929 1802 3989 per
1857 3919 1983 3975 tres
2023 3930 2227 3977 annos
2265 3915 2646 3994 perferens:
2701 3920 2769 3980 in
2816 3918 3240 3984 defendendis
3299 3931 3509 3985 autem

276 4019 487 4081 Christi
524 4018 782 4098 injuriis
813 4016 1010 4079 animi
1043 4016 1349 4080 fortitudo
1402 4022 1461 4078 et
1495 4017 1875 4089 constantia,
1906 4019 2114 4097 {quam
2150 4036 2279 4080 non
2328 4020 2562 4093 exsilii,
2600 4037 2731 4084 non
2779 4024 3001 4085 mortis
3038 4025 3340 4103 pericula,
3378 4043 3505 4088 non

281 4124 453 4186 ullius
489 4123 822 4203 potestatis
854 4129 1063 4184 metus
1094 4140 1126 4183 a
1162 4122 1429 4184 veritate
1466 4120 1667 4198 palam
1704 4129 1763 4183 ct
1790 4132 2008 4200 aperte
2042 4127 2443 4202 prtedicanda
2479 4129 2951 4193 deterruerunt.

773 4447 998 4504 CAPUT
1028 4445 1315 4503 PRIMUM.
1864 4451 1910 4505 Α
1941 4447 2082 4500 velut
2109 4462 2173 4499 ex
2212 4448 2512 4514 composito
2562 4448 2815 4502 coivisse.
2865 4448 2979 4516 Ipse
3011 4449 3239 4504 Basilius
3265 4464 3369 4503 non
3402 4452 3504 4505 ob-

338 4555 373 4609 ι,
400 4557 455 4612 δ,
478 4558 703 4611 Basilius
720 4558 974 4612 amarem
999 4559 1249 4612 nam-mn
1278 4556 1343 4613 ιι.
1375 4556 1533 4625 (dque
1558 4557 1697 4608 circa
1721 4573 1816 4607 (ιη-
1936 4553 2092 4591 scure
2142 4538 2378 4591 declarat
2404 4548 2587 4591 natum
2622 4554 2680 4592 se
2711 4555 2831 4592 esse
2884 4540 3145 4594 Cmsarete
3181 4541 3232 4593 in
3290 4541 3503 4595 humilia

334 4643 445 4679 nam
491 4628 737 4701 529._|II.
770 4629 841 4701 De
863 4628 1025 4701 itfius_
1054 4630 1186 4701 abis.
1223 4626 1308 4701 IV.
1342 4628 1412 4701 De
1450 4638 1593 4701 putre
1617 4625 1817 4701 [insilio
1932 4629 1984 4680 in
2019 4626 2272 4681 Gordium
2302 4640 2605 4701 martyrem,
2650 4646 2702 4681 ι).
2748 4629 2802 4683 2.
2837 4630 3077 4684 Patriam
3129 4646 3281 4685 suam
3320 4632 3372 4685 in
3398 4638 3499 4699 epi-

335 4707 379 4749 et
404 4708 563 4751 matre
602 4698 878 4789 finmzelia.
903 4698 1175 4789 V.'Basilii
1206 4700 1298 4750 sub
1329 4697 1448 4789 av‘irq
1482 4695 1721 4789 illacrina
1754 4714 1813 4746 ac

342 4767 507 4789 .l_:-_.l_
544 4786 595 4789 ,μ
620 4785 630 4789 -
666 4778 807 4789 ,._n_-_
830 4771 971 4789 _...-...'
1000 4769 1040 4789 Ξ,
1078 4767 1327 4789 ξι.-.ξι..ιέ,
1548 4764 1811 4789 '...-....,...-..

1940 4720 2084 4773 stolis
2118 4718 2183 4771 76
2237 4730 2289 4772 et
2328 4718 2395 4771 96
2430 4695 2661 4787 appellat
2707 4722 3123 4789 Cappadociam.
3169 4721 3274 4776 Sed
3326 4695 3503 4776 tamen

337 4767 508 4819 deinde
538 4768 631 4819 sub
661 4778 808 4831 patre
827 4767 1041 4833 puerilis
1076 4767 1349 4819 institutio.
1384 4764 1473 4819 VI.
1518 4764 1813 4817 Cwsaream

337 4810 1053 4900 ξςρςᾶάδξλ,δηλίῖίξδῖέ’ὦ
1078 4810 1815 4900 ’ςεῃξέξί·ῖίἠέ,ῖᾶ,.,ῖ,;ῖς··ί“ᾱτῖιῖέ
1935 4810 2089 4900 hujus
2124 4810 2355 4863 nominis
2384 4812 2639 4866 honorem
2676 4813 2774 4880 ipsi
2817 4813 2978 4865 etiam
3020 4812 3191 4868 Ponto
3218 4813 3412 4867 defert.
3439 4815 3504 4866 n-

339 4899 499 4957 multis
521 4908 779 4958 rationum
809 4918 1077 4959 momean
1098 4907 1368 4973 probatur.
1730 4899 1736 4900 “
1931 4899 2035 4953 lius
2065 4910 2213 4968 pater
2258 4900 2510 4965 Basilius,
2548 4903 2652 4956 etsi
2706 4917 2845 4970 saepe
2900 4903 2949 4956 in
2986 4902 3383 4974 Cappadociam
3415 4922 3503 4960 ve-

342 4992 378 5046 I.
403 4994 651 5048 Sanctum
673 4995 1198 5050 BasiliumCtesarezn
1221 4994 1825 5061 inCappadociauatmn
1930 4992 2130 5058 niebat,
2170 4994 2494 5062 praecipuum
2523 5003 2700 5047 tamen
2742 4995 2791 5047 in
2829 4993 2996 5049 Ponto
3027 4996 3354 5051 domicilium
3387 5000 3499 5053 col-

280 5095 381 5136 esse
416 5084 667 5138 discimus
693 5090 923 5139 maxime
947 5102 1013 5139 ex
1042 5084 1303 5154 Gregorio
1334 5084 1706 5148 Nazianzenn,
1730 5084 1825 5150 qui
1930 5083 2232 5151 locaverat;
2257 5086 2520 5153 siquidem
2548 5086 2791 5141 Macrine
2823 5088 3061 5142 moriens
3094 5090 3167 5143 ait
3200 5092 3339 5159 apud
3365 5091 3499 5146 Gre-

280 5187 382 5224 cum
410 5176 717 5229 nominatim
750 5178 824 5246 (α)
858 5177 1221 5245 Cappadocem
1274 5177 1531 5246 appellat,
1571 5190 1739 5244 seque
1770 5186 1824 5229 et
1930 5175 2139 5243 gorium
2170 5175 2472 5245 Nyssenum
2518 5177 2588 5245 (ο)
2622 5179 2790 5245 patris
2823 5180 2903 5233 sui
2948 5178 3149 5232 famam
3179 5190 3333 5233 extra
3366 5180 3504 5234 Pon-

281 5262 506 5317 Basilium
545 5267 673 5318 dicit
697 5264 792 5337 (ὁ),
822 5283 941 5318 cum
966 5281 1032 5320 ex
1070 5268 1253 5321 eadem
1283 5268 1453 5336 patria
1485 5268 1534 5320 in
1582 5267 1824 5319 diversas
1932 5276 2044 5320 tum
2063 5266 2308 5321 diffusam
2339 5282 2442 5319 non
2477 5266 2662 5329 fuisse,
2690 5269 2929 5338 satisque
2958 5269 3030 5322 illi
3063 5269 3229 5325 fuisse
3253 5271 3303 5324 in
3332 5272 3501 5339 patria

283 5352 500 5417 regiones
547 5357 784 5411 discendi
819 5374 978 5411 causa
1028 5360 1310 5422 abiissent,
1350 5376 1547 5413 rursus
1590 5360 1823 5412 Athenis
1932 5357 2095 5410 decus
2150 5358 2381 5425 assequi.
2455 5357 2630 5411 Basilii
2704 5357 2869 5411 frater
2926 5360 3218 5427 Gregorius
3272 5363 3499 5427 putrium

346 5530 411 5599 (α)
443 5533 562 5588 Naz.
588 5550 675 5605 ep.
709 5536 762 5590 6.
1307 5541 1377 5610 (ὑ)
1409 5540 1610 5593 oti-.20.
2004 5540 2072 5609 (ε)
2112 5539 2217 5592 Vit.
2244 5540 2301 5592 s.
2339 5539 2531 5603 Macr.,
2558 5541 2676 5593 t92.

290 5670 768 5798 wgggtgfegqmno
792 5677 1057 5726 Prudentia
1086 5677 1294 5737 Marano,
1320 5683 1423 5742 qui,
1450 5682 1643 5729 Juliano
1668 5682 1902 5732 Garncrio
1922 5682 2019 5743 jam
2046 5694 2168 5729 anno
2196 5681 2331 5741 1723,
2352 5682 2637 5742 dieSJunii,
2665 5682 2913 5743 defuncto,
2939 5682 3174 5731 editionis
3197 5682 3503 5731 absolvendas

564 5824 829 5884 Ρηιιοι..
880 5824 996 5883 (ὲκ.
1048 5824 1280 5884 XXIX.

3126 5848 3159 5885 α

1617 6080 1731 6125 4d;

1747 6032 1788 6048 ι.

1747 6066 1785 6093 Ἲι

1771 6094 1787 6121 ιθ

1738 6119 1771 6130 ..ο
