3958 6212
487 364 540 405 vt
1838 349 2209 409 PBOLEGOM
2216 350 2349 406 ENA
2362 391 2376 406 .

486 471 729 542 agnoscit
778 469 1027 537 Pontum,
1076 471 1203 527 ibid.
1236 486 1289 540 p.
1338 471 1462 530 182.
1492 471 1690 527 Narrat
1716 473 1947 529 Basilius
1986 475 2039 529 in
2074 480 2121 538 Α
2153 476 2436 547 aliquanto
2467 474 2569 529 fuit
2597 474 2860 545 Gregorio
2896 473 3245 530 Nazianzcno
3292 471 3385 545 (c),
3412 469 3656 541 quicum
3689 466 3750 521 in

485 563 645 632 epist.
671 563 731 617 51
766 576 825 618 se
852 577 971 618 cum
1010 563 1191 619 multis
1225 564 1277 618 in
1323 564 1498 634 patria
1532 562 1700 618 Deum
1733 565 2051 627 timentibus

483 652 842 708 insolabiliter
885 652 1141 719 doluisse,
1195 654 1334 724 quod
1376 653 1602 709 Dianius
1631 654 1874 710 formulas
1906 656 2050 711 Con-

484 744 827 814 stantinopoli
857 744 1032 801 allatee
1054 746 1496 816 subscripsisset:
1528 750 1755 815 patriam
1777 747 2052 816 appellans

483 834 636 891 Ponti
663 836 1002 892 solitudinem
1034 837 1086 891 in
1117 853 1223 908 qua
1253 847 1380 895 tunc
1414 838 1781 894 delitescebat.
1812 839 2052 909 Curaque

482 926 771 998 aliquando
822 942 943 983 sese
992 943 1057 983 ex
1112 928 1218 984 hac
1268 928 1560 985 solitudine
1610 932 1677 984 ad
1729 929 2049 1001 Gregorium

477 1017 880 1073 Nazianzennm
932 1018 1248 1073 contulisset
1295 1029 1349 1074 et
1381 1022 1519 1089 apud
1573 1037 1696 1075 eum
1727 1031 2050 1087 moraretur,

483 1107 566 1160 sui
602 1106 750 1161 illum
802 1106 1000 1162 fratres
1047 1109 1330 1163 amicitiam
1382 1119 1430 1164 et
1456 1101 1680 1180 patriam
1737 1128 2050 1167 commemo-

481 1208 654 1254 rantes
684 1199 782 1270 (a),
810 1200 971 1254 veluti
1001 1199 1289 1271 profugum
1330 1203 1615 1272 quemdam
1664 1216 1922 1259 revocare
1956 1219 2050 1260 co-

487 1291 597 1346 nati
627 1300 772 1346 sunt.
804 1291 1158 1362 Praepositum
1180 1294 1464 1360 quemdam
1497 1309 1757 1362 pagorum
1792 1294 1847 1349 in
1880 1293 2052 1352 Ponto

482 1382 714 1453 appellat
745 1385 934 1453 patria:
959 1384 1325 1453 prtepositum,
1356 1386 1408 1438 in
1437 1386 1598 1454 epist.
1624 1385 1714 1440 87.
2030 1398 2031 1401 ‘

552 1472 679 1529 Haec
715 1475 1018 1529 testimonia
1055 1475 1106 1528 in
1150 1476 1380 1544 speciem
1412 1477 1704 1545 pugnantia
1733 1478 1777 1532 si
1827 1478 1968 1533 inter
1991 1493 2052 1535 se
2094 1506 2099 1509 τ

481 1564 848 1629 conferantur,
909 1565 1025 1635 plus
1080 1566 1329 1636 equidem
1395 1564 1656 1637 Gregorio
1709 1563 2049 1623 Naaianzeno

485 1658 740 1723 tribuam,
788 1658 880 1726 qui
919 1655 1178 1711 Basilium
1213 1656 1582 1726 Cappadocem
1614 1656 1867 1727 appellat,
1898 1666 2050 1713 ante-

481 1762 642 1817 quam
667 1747 772 1802 ulla
797 1747 844 1802 ei
863 1749 1205 1803 necessitudo
1229 1761 1349 1801 cum
1375 1746 1711 1816 Cappadocia
1745 1748 2047 1804 intercede-

2156 566 2328 622 lucem
2360 577 2515 637 patre
2536 566 2791 637 episcopo
2820 565 2996 622 editus
3020 566 3112 632 sit,
3142 566 3305 622 citius
3335 562 3483 618 nasci
3512 576 3621 616 non
3649 573 3755 627 po-

2157 657 2257 711 tuit
2285 673 2426 713 anno
2450 656 2577 722 528,
2602 671 2710 725 quo
2739 656 2909 727 ipsius
2934 665 3089 726 pater
3111 656 3394 711 ordinatus
3425 660 3530 717 est,
3554 656 3755 718 utpote

2155 760 2395 805 mortuus
2422 765 2563 805 anno
2593 749 2699 804 575
2723 760 2955 805 exeunte
2990 757 3083 803 aut
3116 749 3336 803 ineunte
3363 744 3492 808 δη,
3534 740 3751 797 επιετίσ-

2155 842 2221 896 tis
2243 841 2297 895 in
2335 842 2647 909 episcopatu
2695 839 3056 908 quadraginta
3112 839 3354 908 quinque
3385 834 3565 888 annis.
3614 827 3751 885 Jam

2152 948 2280 989 vero
2325 932 2647 1004 Gregorium
2704 935 2756 987 in
2801 932 3116 1002 episcopatu
3156 930 3327 999 patris
3361 937 3545 982 natum
3593 936 3747 986 esse,

2150 1026 2249 1081 etsi
2276 1026 2472 1079 mirum
2508 1025 2561 1079 id
2591 1033 2648 1080 et
2669 1039 2889 1090 prorsus
2917 1023 3198 1079 insolitum
3221 1021 3454 1086 videtur,
3487 1034 3587 1073 nec
3612 1032 3751 1073 cum

2154 1118 2362 1188 legibus
2398 1116 2792 1172 ecclesiasticis
2825 1117 2979 1171 valde
3011 1128 3329 1178 consonum,
3365 1112 3512 1168 clare
3553 1119 3750 1165 tamen

2149 1208 2475 1279 perspicitur
2502 1223 2570 1263 ex
2607 1208 2691 1264 his
2715 1207 2964 1278 Gregorii
2991 1206 3058 1262 ad
3088 1206 3256 1261 filium
3293 1203 3472 1261 verbis
3498 1202 3576 1272 (ά)
3614 1217 3629 1253 :

2291 1320 2456 1375 Οὔπω
2475 1321 2725 1392 τοσοῦτον
2752 1321 3172 1392 ὲκμεμέτρηκας
3195 1318 3328 1389 βίον,

2302 1395 2464 1456 Ὅσος
2488 1391 2670 1464 διῆλθε
2696 1390 3039 1462 θυσιῶνὲμόὶ
3060 1390 3281 1461 χρόνος.

2311 1483 2561 1539 Nondum
2592 1493 2662 1537 tot
2695 1500 2860 1537 annos
2891 1485 2996 1538 vita
3020 1482 3276 1552 percurrit
3300 1490 3417 1552 tua,

2297 1554 2434 1620 Quot
2457 1556 2528 1607 mi
2562 1556 2616 1608 in
2643 1555 2808 1608 sacris
2835 1563 2956 1607 sunt
2964 1549 3081 1623 jam
3110 1551 3307 1621 peracti
3335 1549 3575 1605 victimis.

2146 1663 2372 1720 Frustra
2426 1663 2669 1735 Gregorii
2696 1671 2847 1719 ortus
2869 1664 2936 1719 ad
2967 1664 3168 1734 primos
3194 1663 3538 1731 episcopatus
3587 1671 3749 1711 men-

2154 1772 2243 1813 ses
2291 1755 2587 1813 referatur.
2627 1755 2707 1812 Ne
2748 1757 2828 1812 sic
2863 1757 3083 1828 quidem
3123 1754 3410 1812 difficultas
3434 1752 3745 1812 minuetur,

481 1850 586 1903 rel.
617 1847 815 1908 Ρνῖθῑθτ
847 1853 965 1893 eam
995 1852 1156 1908 quam
1188 1850 1380 1893 natura
1409 1839 1759 1895 εοιιΠανεΓθιο
1803 1821 2050 1895 Νδιιάυιη
2086 1826 2129 1882 Β
2155 1864 2276 1905 cum
2301 1849 2597 1906 Caesarium
2635 1849 2856 1905 fratrem
2877 1821 3178 1919 Gregorius
3205 1847 3452 1903 habuerit
3474 1852 3602 1899 natu
3635 1843 3748 1896 mi-

478 1931 623 1986 enim
653 1930 935 2000 episcopus
959 1940 1079 1984 erat
1108 1940 1203 1984 aut
1228 1931 1535 2002 presbyter.
1569 1930 1791 1986 Litteris
1832 1933 2050 2002 quidem

477 2022 738 2078 Caesarea:
764 2035 985 2091 operam
1018 2022 1273 2089 dederat;
1302 2023 1397 2077 sed
1429 2023 1480 2077 id
1507 2022 1641 2077 tanti
1670 2038 1777 2079 non
1801 2034 1939 2091 erat,
1958 2039 2054 2079 cur

477 2111 767 2181 Cappadox
796 2111 1100 2166 diceretur:
1135 2112 1256 2167 alia:
1280 2113 1425 2167 enim
1461 2112 1626 2168 urbes
1654 2114 1767 2183 pari
1801 2112 2053 2184 jure’Ba-

460 2203 656 2257 silium
688 2204 789 2257 sibi
822 2203 1208 2258 vindicassent.
1237 2202 1395 2259 Aliud
1429 2217 1558 2271 ergo
1602 2219 1780 2260 causae
1811 2219 1918 2259 non
1971 2206 2052 2260 vi-

460 2292 636 2346 ‘detur
673 2292 944 2348 exstitisse
982 2305 1079 2346 cur
1106 2290 1397 2363 Cappadox
1437 2292 1733 2359 diceretur,
1773 2294 1874 2349 nisi
1909 2296 2052 2365 quod

476 2382 738 2437 Caesareas
766 2383 820 2435 in
857 2381 1030 2436 hicem
1061 2381 1242 2437 editus
1278 2381 1475 2437 fuerat.
1502 2384 1572 2437 At
1601 2383 1810 2441 facilius
1832 2393 1916 2441 est
1954 2399 2051 2438 ex-

474 2468 679 2536 plicare
699 2483 796 2523 cur
819 2467 1049 2525 Pontum
1070 2470 1296 2539 patriam
1322 2471 1551 2541 appellet
1580 2471 1829 2537 Basilius,
1863 2488 2052 2543 quam-

473 2558 561 2614 wis
586 2568 744 2613 natus
765 2559 819 2612 in
858 2560 961 2614 hac
991 2560 1210 2630 regione
1236 2574 1343 2616 non
1368 2560 1581 2618 fuisset.
1611 2561 1739 2619 Haec
1774 2564 1920 2618 enim
1953 2579 2054 2635 pa-

478 2652 582 2706 tria
606 2651 850 2720 parentis
877 2661 932 2707 et
973 2667 1197 2709 avorum
1228 2673 1242 2709 :
1284 2654 1357 2710 ibi
1406 2666 1557 2725 pater
1585 2655 1918 2712 domicilium
1951 2658 2048 2713 ha-

483 2746 724 2800 buerat:
763 2744 832 2800 ibi
858 2746 971 2801 nati
1014 2745 1229 2803 fuerant
1254 2746 1440 2803 Basilii
1466 2747 1710 2804 fratres:
1760 2751 1831 2806 ibi
1858 2751 2053 2807 nutrici

477 2834 703 2888 traditus
722 2835 982 2892 alendus:
1012 2837 1084 2892 ibi
1120 2838 1295 2909 prima
1328 2839 1472 2895 illius
1504 2849 1558 2895 et
1580 2840 1794 2906 pietatis
1829 2851 1883 2896 et
1910 2842 2056 2899 litte-

476 2942 663 2982 rarum
707 2929 958 2985 tirocinia
993 2947 1006 2982 :
1049 2931 1123 2986 ibi
1169 2931 1366 2987 dilecta
1414 2932 1670 2999 solitudo,
1699 2933 1753 2987 in
1781 2947 1944 3002 quam
1994 2950 2055 2991 se

474 3032 777 3092 receperat.
806 3021 909 3077 Tot
934 3037 1062 3094 ergo
1084 3024 1394 3079 nominibus
1422 3024 1547 3079 huic
1580 3024 1699 3080 loco
1731 3025 2050 3093 obstrictus,

476 3129 583 3168 non
611 3114 883 3170 immerito
913 3114 1063 3169 illum
1091 3115 1265 3169 instar
1287 3116 1474 3184 patriae
1510 3116 1765 3172 habebat.
1797 3115 1889 3172 Sic
1914 3116 2050 3173 Gre-

477 3204 662 3274 gorius
688 3204 965 3275 Nyssenus
998 3205 1200 3271 locum,
1252 3206 1306 3261 in
1359 3220 1465 3276 quo
1499 3207 1857 3278 quadraginta
1899 3223 2047 3263 mar-
2076 3185 2120 3243 ε

476 3310 623 3373 tyres
669 3302 815 3372 passi
860 3302 1094 3369 fuerant,
1137 3302 1363 3373 patriam
1400 3318 1551 3358 suam
1575 3317 1698 3359 esse
1721 3304 1873 3371 dicit,
1922 3304 2049 3374 quia

473 3400 687 3462 patrum
720 3407 940 3448 suorum
988 3394 1164 3462 patria
1189 3403 1332 3460 erat,
1361 3400 1492 3449 tam.
1524 3393 1615 3460 Ill,
1648 3410 1703 3464 p.
1735 3394 1862 3450 500.
1904 3395 2050 3449 Idem

475 3486 530 3538 in
553 3484 797 3539 oratione
824 3485 879 3540 in
898 3485 958 3541 S.
993 3485 1342 3553 Theodorum,
1371 3502 1424 3556 p.
1447 3486 1571 3553 585,
1598 3487 1885 3544 Atnaseam
1910 3487 2052 3542 illius

474 3574 700 3644 patriam
720 3586 896 3641 vocat,
915 3577 1059 3646 quia,
1082 3578 1350 3647 martyris,
1370 3579 1565 3649 inquit,
1595 3581 1772 3648 patria
1803 3579 1948 3635 locus
1972 3588 2050 3634 est

487 3667 768 3735 passionis.
793 3667 931 3734 Quin
960 3670 1124 3724 etiam
1148 3671 1263 3740 ipse
1282 3670 1513 3727 Basilius
1542 3672 1852 3727 Armeniam
1869 3672 2053 3742 appel-

476 3756 553 3812 lat
587 3760 813 3828 patriam
852 3760 904 3815 in
937 3763 1097 3832 epist.
1137 3762 1264 3832 223,
1295 3779 1350 3818 n.
1387 3764 1441 3830 5,
1475 3766 1562 3819 ubi
1598 3766 1675 3820 ait
1706 3780 1766 3821 se
1788 3782 1855 3820 ex
1885 3765 2052 3821 variis

472 3852 997 3923 peregrinationibus
1060 3856 1375 3911 redeuntem
1433 3857 1708 3913 invenisse
1767 3857 1822 3912 in
1878 3857 2052 3927 patria

474 3945 784 4010 nonnullos,
830 3947 919 4015 qui
976 3947 1140 4001 vitam
1199 3948 1550 4002 monasticam
1606 3946 2047 4018 profitebantur:

472 4036 670 4106 quibus
693 4036 870 4092 verbis
895 4037 1246 4093 Eustathium
1277 4038 1634 4094 Sebastenum
1657 4038 1925 4109 designat.
1954 4038 2052 4092 Mi-

472 4143 593 4182 rum
621 4137 802 4184 autem
834 4143 939 4184 non
969 4140 1053 4185 est
1082 4129 1338 4186 Basilimn
1380 4129 1642 4186 Caesarea:
1672 4139 1858 4185 natum
1907 4145 2046 4200 esse,

472 4220 720 4293 quamvis
760 4223 928 4291 ipsius
959 4232 1109 4292 pater
1133 4222 1398 4293 praecipue
1433 4222 1487 4276 in
1511 4220 1686 4277 Ponto
1714 4222 2049 4277 domicilium

473 4319 739 4375 habuerit.
759 4315 963 4386 Amplae
978 4314 1553 4384 enim'possessiones,
1586 4328 1722 4383 quas
1752 4314 1807 4368 in
1841 4312 2051 4384 Cappa-

476 4411 627 4466 docia
655 4410 908 4476 habebat,
953 4422 1097 4478 saepe
1127 4407 1285 4462 illum
1334 4405 1637 4462 Caesaream
1685 4414 1966 4460 traxerunt
1996 4414 2050 4460 et

474 4503 564 4557 diu
594 4503 647 4557 in
674 4503 775 4557 hac
805 4502 939 4556 urbe
982 4499 1358 4566 detinuerunt,
1403 4500 1539 4556 adeo
1569 4508 1628 4552 ut
1665 4496 1809 4553 illius
1837 4506 1894 4553 et
1921 4496 2047 4551 Em»

473 4594 648 4649 melia:
675 4593 930 4663 prmclare
988 4590 1133 4645 facta
1180 4590 1480 4662 Gregorius
1529 4591 1672 4646 inter
1715 4588 1945 4645 Pontum
1993 4597 2049 4644 et

472 4684 870 4753 Cappadociam
901 4682 1071 4737 divisa
1100 4681 1264 4738 fuisse
1296 4692 1523 4738 testetur
1555 4681 1657 4754 (b).

474 4832 481 4835 _
543 4773 610 4829 Il.
666 4774 833 4830 Natus
871 4783 955 4831 est
994 4773 1227 4828 Basilius
1274 4776 1418 4830 circa
1457 4788 1656 4828 annum
1708 4772 1840 4837 ⁸529,
1882 4771 2050 4841 idque

473 4868 607 4922 satis
626 4868 855 4935 quadrat
883 4883 1007 4922 cum
1041 4867 1184 4922 illius
1208 4867 1514 4922 litterarum
1543 4864 1761 4929 studiis,
1792 4878 1911 4933 quae
1950 4877 2049 4918 an-

473 4971 544 5011 no
568 4955 673 5011 555
695 4966 925 5010 exeunte
951 4957 1192 5013 absoluta
1227 4957 1464 5013 fuerunt.
1501 4955 1616 5013 Non
1652 4956 1796 5010 enim
1847 4954 2050 5024 patitur

470 5046 670 5101 eximia
697 5045 840 5100 illius
884 5047 1082 5116 ingenii
1118 5049 1283 5114 acies,
1310 5063 1431 5119 quae
1479 5057 1689 5103 mature
1749 5046 2050 5115 disciplinis

473 5137 784 5193 liberalibus
805 5139 969 5206 coepit
997 5139 1190 5211 excoli,
1214 5150 1275 5195 ut
1301 5155 1446 5206 eum,
1471 5155 1593 5195 cum
1618 5138 2047 5205 rediitAthenis,

471 5244 642 5283 annos
669 5239 851 5282 natum
887 5228 1055 5285 fuisse
1080 5230 1361 5302 plusquam
1392 5232 1583 5303 viginti
1604 5244 1814 5301 septem
1855 5230 2051 5285 existi-

473 5334 699 5375 memus.
720 5320 826 5375 Sed
858 5320 962 5375 alia
982 5321 1166 5377 subest
1196 5322 1349 5394 longe
1378 5324 1603 5395 gravior
1630 5324 1793 5381 ratio.
1846 5320 2047 5379 Junior

542 5494 618 5571 (ᾳ)
652 5494 749 5571 ΕΡ.
773 5495 834 5571 s,
862 5497 993 5566 n.1,
1021 5497 1192 5569 p.80.
1220 5564 1226 5571 ,

543 5564 619 5635 (ὁ)
644 5565 737 5635 Or.
769 5564 858 5621 20.

544 5632 614 5704 (c)
652 5634 780 5688 Naz.
812 5654 898 5704 ep.
926 5638 1015 5692 35.

544 5707 619 5768 (ιι)
651 5705 774 5766 Nat.
810 5706 882 5760 De
905 5715 1007 5763 vita

544 5707 619 5769 (ιι)
651 5707 774 5766 Nat.
810 5707 882 5760 De
905 5715 1007 5763 vita
1039 5724 1156 5764 sua.

544 5770 612 5846 (ξ’)
645 5774 738 5844 Ep.
776 5778 899 5831 ib").

2155 1954 2363 1996 norem.
2396 1940 2665 1996 Baronius
2685 1941 3154 2012 exaggerationem
3180 1939 3233 1992 in
3268 1936 3447 1992 verbis
3480 1933 3742 2003 Gregorii

2158 2029 2498 2099 suspicatur;
2539 2030 2636 2084 sed
2662 2030 2780 2085 sine
2813 2029 2919 2084 ulla
2944 2043 3168 2098 prorsus
3201 2027 3431 2082 ratione.
3459 2023 3742 2094 Papebro-

2154 2120 2308 2175 chius
2342 2135 2440 2190 pro
2479 2119 2681 2174 θυσιῶν
2710 2120 2993 2190 legendum
3021 2118 3240 2187 conjicit
3261 2116 3493 2188 ἐτησίων
3528 2124 3622 2169 aut
3652 2113 3746 2176 δίς

2158 2211 2251 2266 ἰὼν
2280 2213 2403 2283 ἐμοὶ
2424 2212 2635 2284 χρόνος.
2667 2212 2773 2267 Sed
2799 2214 2970 2266 satius
3002 2219 3086 2266 est
3123 2225 3244 2265 cum
3276 2207 3623 2263 Tillemontio
3655 2205 3744 2258 fa-

2154 2303 2253 2357 teri
2297 2303 2466 2374 legem
2518 2303 2953 2359 ecclesiasticam
2994 2302 3060 2357 de
3087 2300 3420 2357 continentia
3459 2298 3746 2368 episcopo-

2155 2411 2275 2450 rum
2307 2396 2544 2451 uondum
2575 2395 2628 2449 in
2652 2397 2906 2450 omnibus
2933 2394 3152 2449 omnino
3185 2392 3445 2448 Ecclesiis
3478 2390 3742 2461 viguisse,

2155 2502 2316 2557 quam
2342 2487 2744 2557 apertissimum
2774 2486 2949 2540 locum
2983 2484 3251 2555 ejusmodi
3284 2481 3614 2550 conjecturis
3654 2489 3746 2534 at-

2158 2588 2390 2636 tentare.
2429 2577 2771 2633 Prebabilior
2801 2584 2944 2632 esset
2989 2574 3317 2631 difﬁcultatis
3358 2571 3627 2629 solvendae
3650 2586 3745 2624 ra-

2157 2671 2250 2733 tio,
2276 2671 2324 2726 si
2352 2668 2670 2738 Gregorius,
2716 2668 2814 2741 qui
2855 2683 2999 2724 anno
3034 2667 3141 2723 525
3186 2668 3496 2738 baptizatus
3523 2674 3628 2731 est,
3682 2672 3746 2718 et

2156 2767 2300 2819 inter
2346 2764 2709 2819 sacerdotium
2752 2775 2818 2817 ac
2873 2759 3147 2831 baptisma
3205 2757 3423 2827 aliquod
3475 2757 3743 2825 temporis

2154 2855 2388 2925 spatium
2421 2853 2768 2925 interposuit,
2802 2852 2855 2908 in
2876 2851 3180 2924 presbyteri
3216 2849 3385 2919 gradu
3409 2847 3515 2903 dici
3550 2854 3742 2917 posset

2156 2947 2468 3017 aliquandiu
2505 2947 2871 3011 ministrasse,
2893 2952 2950 3000 et
2975 2944 3042 2999 ad
3077 2944 3217 2998 hanc
3245 2940 3563 3011 dignitatem
3593 2954 3743 2993 anno

2156 3038 2261 3094 527
2295 3039 2628 3108 pervenisse.
2662 3038 2769 3093 Sed
2812 3037 2974 3109 hujus
3007 3037 3084 3091 rei
3127 3035 3329 3091 nullum
3365 3041 3543 3089 exstat
3573 3032 3743 3086 vesti-

2154 3129 2324 3201 gium.
2385 3128 2545 3183 Plura
2602 3130 2725 3183 vide
2763 3129 2904 3198 apud
2953 3127 3381 3193 Tillemontium,
3426 3133 3538 3179 not.
3591 3122 3649 3185 4,
3681 3121 3741 3175 in

2154 3219 2308 3291 Greg.
2336 3218 2478 3274 Naz.
2502 3219 2730 3275 Basilius
2751 3234 2900 3292 ergo,
2940 3218 3034 3289 qui
3066 3217 3344 3287 aliquanto
3377 3224 3500 3285 post
3526 3212 3741 3284 Grego-

2154 3312 2294 3367 rium
2344 3311 2398 3366 in
2452 3313 2626 3366 lucem
2670 3311 2848 3367 editus
2875 3318 2981 3375 est,
3021 3309 3169 3365 circa
3199 3324 3403 3364 annum
3431 3307 3538 3363 529
3578 3313 3740 3359 natus

2152 3404 2403 3469 videtur;
2450 3413 2507 3458 et
2551 3417 2674 3457 cum
2708 3416 2892 3458 senem
2919 3417 2978 3457 se
3022 3415 3145 3457 esse
3172 3401 3305 3457 dicit
3331 3399 3405 3471 (ε)
3438 3414 3580 3454 anno
3603 3397 3736 3462 574,

2154 3496 2205 3549 id
2238 3509 2347 3550 non
2382 3504 2489 3550 tam
2525 3494 2668 3549 illius
2701 3494 2859 3550 annis
2888 3494 3239 3549 tribuendum
3266 3507 3427 3563 quam
3456 3500 3739 3562 perpetuae

2154 3588 2369 3643 cuidam
2403 3588 2730 3654 infirmitati,
2756 3602 2879 3658 quae
2897 3587 2966 3642 ab
2990 3586 3211 3643 ineunte
3240 3595 3397 3641 aetate
3424 3584 3646 3653 incepit,
3671 3598 3738 3638 ac

2154 3690 2339 3750 postea
2379 3681 2710 3750 paenitentia:
2747 3690 2802 3736 et
2848 3680 3138 3736 sacerdotii
3175 3678 3450 3734 laboribus
3483 3686 3541 3732 et
3579 3676 3737 3731 novis

2154 3771 2660 3841 supervenientibus
2693 3769 2896 3826 morbis
2951 3771 3033 3828 sic
3089 3768 3352 3833 accrevit,
3398 3776 3457 3823 ut
3509 3769 3567 3823 in
3618 3769 3739 3838 ipso

2152 3863 2326 3917 atatis
2341 3863 2534 3918 robore
2553 3877 2718 3917 senex
2741 3862 3015 3918 videretur
3034 3860 3128 3934 (ι’),
3150 3874 3215 3917 ac
3240 3851 3492 3916 dentibus
3514 3871 3738 3915 careret

2153 3966 2327 4006 annos
2364 3962 2522 4006 natus
2551 3951 2640 4006 46..

2224 4040 2314 4098 llI.
2335 4041 2630 4097 Paternum
2668 4055 2837 4112 genus
2872 4040 3106 4097 Basilius
3132 4054 3169 4096 e
3193 4039 3389 4106 Ponto,
3415 4048 3476 4095 ut
3501 4048 3738 4095 testatur

2151 4132 2441 4203 Gregorius
2469 4131 2850 4188 Nazianzenus
2884 4130 2981 4203 (g),
3014 4141 3318 4187 maternum
3361 4146 3426 4187 ex
3450 4130 3735 4201 Cappado-

2150 4224 2237 4280 cia
2266 4225 2511 4281 ducebat.
2555 4223 2873 4295 Quanquam
2912 4205 3210 4295 Gregorius
3251 4224 3549 4295 Nyssenus,
3598 4237 3720 4278 cum

2150 4317 2506 4386 quadraginta
2543 4325 2811 4388 martyres
2848 4317 2902 4372 in
2931 4331 2996 4372 eo
3018 4315 3135 4371 loco
3164 4316 3430 4381 laudaret,
3467 4314 3556 4370 ubi
3586 4314 3733 4384 passi

2150 4407 2386 4471 fuerant,
2424 4407 2479 4463 id
2502 4418 2583 4464 est
2608 4407 2870 4463 Sebastia:
2901 4407 2952 4462 in
2985 4407 3269 4471 Armenia,
3294 4407 3436 4460 hanc
3466 4404 3731 4474 majorum

2080 4540 2128 4598 υ
2152 4514 2372 4554 suorum
2411 4499 2642 4569 patriam
2694 4513 2817 4555 esse
2855 4508 3151 4563 asseverat,
3185 4499 3301 4554 sive
3332 4497 3459 4567 quia
3508 4496 3634 4551 inde
3677 4495 3731 4549 iu

2156 4591 2384 4646 Pontum
2439 4602 2532 4645 aut
2578 4591 2974 4661 Cappadociam
3031 4591 3385 4654 transierant,
3440 4589 3554 4645 sive
3605 4589 3729 4657 quia

2155 4683 2281 4737 olim
2317 4683 2560 4737 Sebastia
2591 4683 2947 4753 Cappadocia:
2972 4682 3233 4736 attributa
3266 4691 3406 4735 erat.

2231 4773 2357 4827 Erat
2386 4783 2565 4827 autem
2597 4783 2885 4843 utrumque
2914 4773 3044 4827 illud
3074 4788 3244 4841 genus
3270 4771 3611 4833 militaribus,
3638 4784 3733 4838 pa-

2157 4863 2342 4917 latinis
2370 4872 2427 4916 et
2458 4862 2875 4931 municipalibus
2900 4862 3251 4932 dignitatibus
3287 4860 3519 4928 insigne,
3559 4874 3622 4913 ac
3650 4861 3735 4912 di-

2156 4952 2305 5009 vitiis
2345 4963 2400 5008 et
2432 4952 2652 5023 Opibus,
2701 4960 2756 5008 et
2799 4952 3029 5007 excelsis
3061 4951 3268 5006 thronis
3311 4966 3375 5005 ac
3415 4952 3730 5019 eloquentia:

2153 5044 2302 5099 fama
2333 5045 2540 5100 clarum
2569 5043 2683 5117 (Ιι);
2733 5045 2827 5100 sed
2866 5043 3070 5113 pietate
3117 5058 3182 5098 ac
3229 5042 3501 5113 religionis
3532 5041 3727 5107 studio,

2158 5145 2215 5190 et
2244 5138 2403 5191 rebus
2449 5149 2547 5204 pro
2596 5135 2810 5190 Christo
2861 5133 3076 5190 fortiter
3102 5133 3270 5203 gestis
3308 5133 3468 5201 longe
3513 5132 3727 5187 clarius.

2156 5225 2295 5281 Nam
2324 5237 2598 5281 maternus
2618 5225 2800 5281 Basilii
2826 5241 2958 5282 avus
2989 5228 3096 5280 vita
3132 5235 3187 5280 et
3224 5225 3380 5279 bonis
3406 5239 3501 5293 pro
3517 5224 3729 5279 Christo

2158 5317 2419 5391 spoliatus
2441 5317 2509 5371 ab
2540 5317 2867 5386 imperatore
2886 5317 3064 5374 fuerat
3099 5317 3184 5388 (ἰ).
3218 5314 3319 5371 Avi
3346 5325 3525 5371 autem
3556 5324 3729 5386 pater-

2245 5494 2286 5564 ι)
2321 5493 2421 5563 Ερ.
2454 5493 2584 5564 232.

2244 5563 2274 5632 g
2319 5564 2412 5619 Or.
2442 5563 2537 5619 20.

2245 5565 2299 5713 ὦ
2328 5633 2468 5713 sua.
2525 5703 2537 5713 .

2227 5702 2287 5775 (ὁ)
2327 5702 2485 5776 Nyss.
2525 5703 2630 5760 Vit.
2662 5705 2720 5761 S.
2756 5703 2925 5759 Macr.
2959 5715 3088 5761 tom.
3117 5703 3185 5771 ll,
3221 5720 3274 5777 p.
3312 5704 3432 5760 191.

3380 5924 3523 5937 τριημ
3536 5921 3651 5933 μιῆς-ου
3663 5914 3761 5927 Μ
