3958 6212
1650 430 1809 489 VITA
1848 431 1903 486 s.
1945 424 2204 483 BAS‘lLll.
3484 445 3556 483 νη

314 538 366 592 ni
391 547 549 594 erant
576 534 877 610 aliquidem
902 553 967 594 au
982 541 1161 595 omnia
1191 556 1287 611 pro
1314 540 1533 597 Christo
1563 541 1881 611 perferenda
1914 547 1958 601 Α
1988 509 2386 606 persecutionis
2423 539 2753 603 decertasse,
2790 539 3014 610 ejusque
3040 548 3091 593 et
3124 538 3301 593 mariti
3328 538 3466 593 bona
3491 543 3562 595 ol-

317 632 675 698 paratissimi;
709 631 807 685 sed
832 647 953 684 cum
998 632 1369 688 meminissent
1393 632 1710 702 Gregorium
1739 633 1886 686 Neo-

314 722 686 775 czcsariensem
722 723 775 780 in
811 723 1189 790 persecutione
1226 723 1375 777 Decii
1420 721 1713 792 (retinebat
1744 725 1884 775 enim

316 814 551 866 Ma-crirra
589 814 731 868 illius
766 815 1082 869 documenta
1111 813 1208 887 (α),
1246 831 1576 883 quaacunque
1619 815 1685 867 ad
1718 815 1887 882 ipsam

315 904 589 956 memoriae
610 904 754 957 serie
795 906 1176 971 pervenerant)
1214 915 1265 958 et
1295 903 1497 973 fugisse
1523 913 1577 957 et
1611 904 1677 956 ad
1709 901 1886 971 fugam

314 995 444 1046 alios
487 995 831 1048 adhortatum
876 1010 1035 1061 esse;
1072 1004 1389 1064 receperunt
1432 1012 1488 1049 se
1520 996 1571 1048 in
1601 995 1887 1063 quamdam

312 1083 661 1139 Ponticarum
710 1088 969 1141 montium
1026 1088 1214 1141 silvam
1257 1087 1354 1157 (ὁ),
1405 1088 1592 1155 paucis
1635 1085 1889 1139 adhibitis

316 1178 449 1243 fuga:
470 1178 702 1231 consciis
730 1188 782 1232 et
810 1179 987 1233 victus
1038 1180 1325 1234 ministris.
1351 1181 1408 1234 ln
1444 1179 1546 1233 hoc
1581 1180 1774 1233 exsilio
1803 1194 1890 1232 se-

315 1277 454 1333 ptem
487 1283 662 1322 annos
689 1280 745 1321 et
784 1270 1058 1337 aliquanto
1092 1271 1323 1339 amplius
1356 1271 1455 1324 sub
1497 1269 1587 1324 dio
1616 1272 1887 1332 vixerunt,

316 1356 527 1423 pluviis,
552 1358 831 1427 algoribus
856 1369 911 1413 et
928 1359 1218 1428 frigoribus
1245 1360 1494 1429 expositi,
1529 1361 1597 1413 ab
1632 1360 1885 1414 omnibus

313 1450 793 1515 viuecommodis,
832 1450 898 1505 ab
925 1452 1115 1506 amicis
1144 1462 1198 1507 et
1238 1454 1379 1506 omni
1412 1452 1690 1506 hominum
1716 1452 1889 1506 socie-

317 1550 420 1595 tate
451 1543 672 1598 remOti.
735 1543 843 1597 Sed
883 1544 1136 1598 Christus
1180 1544 1231 1596 in
1260 1559 1445 1599 eorum
1475 1542 1727 1597 solatium
1762 1559 1890 1597 con-

314 1648 464 1686 cessa
495 1633 629 1687 olim
682 1636 941 1689 lsraelitis
976 1634 1238 1689 miracula
1292 1636 1589 1689 renovavit.
1649 1636 1888 1701 Quodam

315 1725 455 1779 enim
480 1726 568 1779 die
593 1726 868 1782 subiiteos
890 1727 1135 1782 lautioris
1161 1744 1358 1782 mensa:
1384 1728 1740 1793 desiderium;
1766 1744 1890 1781 nam

318 1819 645 1873 diuturnitas
673 1822 931 1890 temporis
958 1819 1236 1875 fastidium
1272 1822 1530 1875 attulerat
1558 1822 1890 1875 necessario-

318 1924 430 1961 rum
476 1911 749 1969 ciborum.
805 1917 875 1965 At
926 1928 1265 1982 nequaquam
1324 1916 1765 1978 mussitaverunt,
1831 1924 1890 1967 ut

317 1999 602 2065 lsra‘elitm;
642 2005 737 2057 sed
765 2017 794 2055 a
819 2002 950 2065 Deo,
974 2018 1183 2057 summa
1214 2003 1354 2057 illius
1384 2005 1634 2073 potentia:
1668 2004 1883 2069 ﬁducia,

316 2092 622 2145 suaviorem
646 2094 825 2147 cibum
854 2095 1211 2164 postularunt,
1240 2095 1323 2150 vel
1363 2111 1430 2149 ex
1461 2096 1649 2149 avibus
1675 2097 1727 2149 in
1760 2111 1889 2150 acre

315 2183 685 2248 volitantibus,
719 2185 801 2237 vel
824 2199 854 2238 e
882 2184 1033 2252 feris,
1067 2200 1184 2254 qure
1222 2186 1271 2238 in
1311 2186 1581 2240 montibus
1610 2186 1882 2240 errabant.

316 2270 409 2327 Vix
436 2274 601 2328 locuti
633 2286 806 2336 erant,
857 2291 976 2330 cum
1014 2292 1198 2332 eorum
1233 2277 1456 2345 pedibus
1485 2276 1682 2331 accidit
1722 2278 1888 2333 obso-

318 2371 456 2421 nium
483 2380 680 2439 sponte
705 2371 966 2434 oblatum,
994 2372 1142 2425 cervi
1181 2371 1328 2424 mirae
1365 2370 1768 2440 magnitudinis,
1801 2386 1888 2425 re-

317 2472 467 2527 pente
494 2476 524 2513 e
559 2462 783 2516 tumulis
806 2472 1149 2531 apparentes,
1183 2478 1247 2516 ac
1275 2462 1627 2516 innuentibus
1658 2476 1776 2516 sese
1799 2463 1891 2516 de-

317 2553 519 2615 dentes,
546 2567 612 2606 ex
644 2553 841 2621 quibus
860 2564 1117 2622 quantum
1145 2553 1391 2607 voluntas
1420 2552 1624 2608 ferebat
1647 2554 1889 2608 detinue—

318 2654 457 2708 runt,
498 2645 645 2713 quod
685 2654 963 2712 supererat
1001 2645 1051 2697 in
1096 2644 1259 2697 silvas
1300 2643 1364 2697 ad
1398 2644 1539 2696 aliud
1583 2645 1887 2697 convivium

319 2736 659 2789 dimiserunt.
690 2736 768 2789 Ex
810 2737 891 2789 his
919 2735 1163 2806 Gregorii
1196 2736 1526 2790 Nazianzeni
1565 2736 1744 2789 verbis
1770 2752 1890 2803 per-

319 2828 541 2895 Spicitur
573 2844 682 2881 non
719 2828 878 2882 unius
918 2828 1021 2881 diei
1061 2828 1241 2881 cibum
1290 2829 1393 2882 hoc
1426 2827 1684 2881 miraculo
1711 2829 1890 2896 provi—

320 2934 432 2971 sum
467 2920 548 2973 eis
596 2918 797 2981 fuisse;
830 2918 922 2971 sed
964 2920 1029 2972 ad
1057 2928 1261 2988 septem
1300 2919 1473 2973 exsilii
1503 2934 1675 2973 annos
1715 2919 1891 2971 minus

314 3010 600 3063 commode
628 3009 945 3061 miraCulum
984 3009 1226 3063 extendit
1260 3008 1678 3075 Papebrocliius.

387 3100 508 3154 Haec
546 3112 732 3154 autem
777 3100 1070 3170 contigisse
1105 3110 1289 3153 narrat
1320 3100 1616 3170 Gregorius
1652 3101 1705 3152 in
1742 3108 1886 3151 atro-

1991 631 2192 686 Christi
2216 630 2609 685 confessionem
2633 630 2799 685 fuisse
2828 630 3118 698 publicata.

2061 722 2211 776 Hanc
2251 721 2655 775 dimicationem
2714 722 2989 776 existimat
3036 720 3418 774 'l'illemontius
3476 721 3555 772 vel

1991 814 2089 868 sub
2130 812 2419 867 Maximino
2450 813 2816 867 collocandam
2845 828 2986 879 esse,
3006 814 3094 882 qui
3125 814 3557 882 persecutionem

1994 902 2382 972 redintegravit
2412 918 2553 957 anno
2575 902 2703 965 511,
2736 902 2925 971 paucis
2949 910 3070 971 post
3095 900 3296 955 Galerii
3328 911 3558 953 mortem

1992 998 2287 1061 mensibus,
2313 997 2394 1051 vel
2418 996 2517 1051 sub
2543 996 2749 1052 Licinio
2783 998 2877 1065 qui
2917 1005 3231 1065 persecutus
3261 1003 3343 1049 est
3371 992 3560 1047 Eccle-

1991 1088 2123 1141 siam
2158 1104 2299 1143 anno
2328 1088 2451 1156 320,
2490 1104 2558 1143 ac
2592 1088 2827 1143 maxime
2876 1092 2928 1143 in
2978 1089 3148 1143 Ponto
3181 1086 3556 1143 crudelitatem

1992 1196 2143 1235 suam
2195 1181 2462 1235 exercuit.
2498 1180 2614 1247 Quo
2662 1180 2879 1235 nomine
2925 1180 3222 1249 appellatus
3270 1180 3435 1234 fuerit
3467 1194 3561 1248 pa-

1992 1282 2177 1326 ternus
2227 1270 2317 1324 ille
2373 1286 2505 1325 avus
2564 1270 2778 1337 Basilii,
2828 1272 3123 1327 nescimus.
3170 1273 3318 1325 Aviae
3364 1284 3558 1323 nomen

1990 1362 2243 1417 Macrine:
2268 1361 2387 1426 fuit,
2421 1378 2541 1432 qua:
2570 1378 2692 1417 cum
2722 1362 2981 1418 Basiliuru
3011 1362 3272 1417 infantem
3309 1360 3559 1415 informa-

1990 1454 2126 1507 verit
2168 1463 2223 1508 et
2277 1452 2611 1520 instituerit,
2645 1455 2857 1509 videtur
2917 1469 3089 1523 usque
3130 1455 3197 1508 ad
3226 1468 3428 1507 annum
3455 1452 3561 1506 3w

1990 1545 2205 1601 vixisse.

2058 1635 2146 1691 Ν.
2181 1636 2385 1693 ﬂorum
2439 1638 2581 1693 ﬁlius
2624 1638 2856 1693 Basilius
2884 1678 2900 1702 ,
2943 1638 3115 1693 nostri
3170 1635 3353 1691 Basilii
3384 1643 3557 1703 pater,

1992 1729 2217 1785 eximias
2242 1730 2471 1786 virtutes
2497 1746 2619 1785 cum
2648 1730 2858 1801 magnis
2879 1728 3199 1783 eruditionis
3224 1737 3278 1781 et
3299 1727 3558 1795 eloquen-

1996 1819 2081 1873 tia:
2104 1822 2437 1876 ornamentis
2467 1822 2766 1891 conjunxit.
2788 1821 3048 1876 Inclaruit
3078 1821 3223 1877 enim
3255 1820 3307 1873 in
3330 1819 3447 1873 foro
3465 1817 3556 1887 (ε),

1992 1924 2046 1970 et
2077 1913 2439 1983 eloquentiam
2491 1928 2701 1967 summa
2736 1912 3051 1967 celebritate
3079 1912 3131 1965 in
3157 1911 3327 1965 Ponto
3352 1909 3556 1965 docuit.

1990 2008 2096 2063 Sed
2120 2022 2328 2062 morum
2355 2007 2642 2061 sanctitate
2678 2006 2873 2061 clarior
2900 2005 3126 2067 exstitit,
3158 2006 3233 2059 ita
3265 2014 3320 2058 ut
3344 2003 3550 2073 primas

1988 2101 2037 2156 ei
2070 2101 2122 2154 in
2149 2100 2248 2153 hoc
2271 2111 2469 2169 genere
2498 2098 2645 2152 solus
2675 2097 2818 2151 titius
2859 2095 3086 2150 Basilius
3111 2094 3373 2163 eripuisse
3402 2092 3554 2144 vide-

1991 2200 2139 2247 retur
2160 2191 2257 2262 (f).
2284 2190 2456 2259 llujus
2476 2189 2609 2245 ﬁdes
2637 2188 2898 2243 miracula
2942 2186 3273 2257 impetravit,
3305 2194 3364 2238 ut
3398 2182 3559 2237 modo

1989 2283 2312 2338 videbimus.
2344 2279 2397 2335 ls
2431 2282 2485 2335 in
2526 2280 2933 2334 matrimonium
2956 2280 3108 2333 duxit
3132 2291 3315 2346 parem
3342 2276 3559 2346 generis

1988 2385 2043 2428 et
2069 2374 2329 2429 virtutum
2378 2373 2665 2441 splendore
2712 2371 2972 2427 feminam
2994 2412 3011 2437 ,
3045 2369 3359 2427 Emmeliam
3391 2407 3407 2431 ,
3440 2382 3560 2436 qua:

1992 2470 2043 2523 id
2081 2469 2221 2523 inter
2254 2466 2660 2531 mulieresJuit,
2689 2465 2831 2534 quod
2866 2464 3099 2521 Basilius
3135 2463 3278 2518 ﬁlius
3308 2463 3450 2517 inter
3477 2461 3556 2514 vi-

1991 2575 2101 2622 ros,
2135 2567 2273 2613 teste
2302 2555 2642 2611 Nazianzeno
2673 2555 2769 2625 (g).
2808 2555 2932 2610 Haec
2954 2555 3184 2610 libenter
3212 2551 3559 2607 matrimonio

1992 2648 2353 2718 virginitatem
2386 2648 2726 2715 praetulisset.
2766 2648 2871 2701 Sed
2897 2655 2951 2701 et
2987 2656 3161 2716 patre,
3190 2660 3348 2714 quem
3382 2646 3555 2711 impe-

1992 2747 2137 2791 rator
2170 2738 2280 2789 vita
2330 2745 2386 2789 et
2441 2736 2597 2789 bonis
2630 2735 2993 2804 spoliaverat,
3026 2744 3083 2789 et
3128 2744 3301 2787 matre
3353 2734 3404 2786 in
3440 2733 3557 2800 ipso

1992 2827 2168 2883 aetatis
2195 2826 2329 2882 ﬂore
2360 2826 2572 2889 orbata,
2606 2835 2662 2878 ut
2696 2825 2892 2879 vitaret
2930 2824 3165 2893 pericula
3196 2824 3263 2878 ob
3288 2838 3552 2878 summam

1992 2928 2325 2975 venustatem
2361 2918 2697 2973 imminentia
2722 2916 2964 2988 (plurimi
3003 2916 3146 2970 enim
3178 2914 3318 2969 illius
3343 2913 3558 2984 nuptias

1988 3011 2289 3075 ambibant,
2318 3008 2559 3064 nonnulli
2598 3008 2761 3062 etiam
2791 3018 3002 3076 raptum
3034 3006 3283 3061 meditari
3311 3005 3561 3059 videban-

1993 3114 2122 3172 tur),
2174 3103 2241 3157 ad
2274 3102 2602 3157 matrimonii
2634 3111 2846 3169 portum
2882 3099 3155 3167 confugit,
3189 3113 3251 3153 ac
3277 3099 3394 3152 viro
3441 3112 3557 3152 mo-

320 3195 533 3248 cissima
601 3195 843 3248 omnium
901 3194 1240 3260 maximeque
1296 3192 1562 3247 horrenda
1606 3191 1883 3245 Maximini
1915 3227 1960 3287 C
1994 3212 2110 3251 mm
2140 3196 2407 3265 gravitate
2458 3201 2700 3262 spectato
2739 3191 2905 3245 Vitam
2958 3205 3109 3244 suam
3154 3190 3558 3245 custodiendam

320 3286 716 3351 persecutione,
747 3283 837 3351 qui
884 3298 1007 3337 cum
1047 3292 1168 3353 post
1203 3283 1383 3351 plures
1425 3282 1579 3345 alios,
1606 3282 1694 3351 qui
1730 3282 1885 3351 paulo

321 3386 439 3430 ante
477 3376 695 3429 fuerant
726 3415 740 3438 ,
778 3374 1105 3443 ingruisset,
1160 3373 1371 3427 laudem
1402 3374 1481 3426 eis
1536 3373 1890 3427 humanitatis

322 3481 409 3519 sua
438 3467 771 3521 crudelitate
819 3464 1147 3518 conciliavit.
1200 3463 1293 3518 llis
1322 3463 1600 3518 coloribus
1628 3462 1774 3516 clare
1800 3462 1891 3515 de-

323 3559 555 3627 pingitur
590 3557 922 3611 Maximinus
946 3556 1235 3622 secundus,
1269 3555 1491 3608 minime
1518 3569 1664 3619 vero,
1699 3563 1756 3607 ut
1784 3552 1892 3607 Pa-

324 3649 645 3716 pebrochius
680 3650 936 3717 Opinatus
961 3658 1044 3702 est
1076 3689 1091 3714 ,
1124 3646 1450 3700 Maximinus
1479 3646 1706 3714 primus,
1737 3646 1892 3713 cujus

323 3739 630 3805 persecutio
661 3754 763 3793 nec
798 3740 1037 3793 omnium
1088 3737 1460 3792 crudelissima
1510 3736 1718 3789 exstitit
1747 3776 1763 3800 ,
1796 3750 1893 3789 nec

323 3842 411 3891 per
433 3839 641 3897 septem
670 3843 877 3893 annos;
913 3844 1011 3881 nec
1043 3828 1176 3881 alias
1205 3808 1615 3896 persecutiones
1650 3826 1895 3895 proxime

318 3926 606 3975 sabsecuta
632 3933 749 3986 est;
787 3930 1140 3989 praecesserat
1175 3920 1316 3973 enim
1355 3932 1458 3987 pax
1495 3917 1685 3985 viginti
1737 3917 1895 3985 quin-

323 4025 422 4077 que
448 4026 740 4065 annorum.
775 4010 883 4064 Sed
930 4026 1050 4064 cum
1096 4008 1425 4061 Maximinus
1468 4007 1737 4060 secundus
1792 4023 1895 4058 non

327 4102 629 4169 regnaverit
659 4103 711 4155 in
742 4102 915 4155 Ponto
941 4112 995 4154 et
1020 4101 1145 4153 Asia
1202 4099 1405 4152 Minore
1430 4138 1444 4161 ,
1470 4098 1568 4151 nisi
1600 4113 1741 4151 anno
1770 4098 1895 4159 511,

322 4203 438 4259 post
463 4204 699 4249 mortem
731 4193 967 4258 Galerii;
1022 4191 1284 4246 Baronius
1314 4192 1383 4262 (ε)
1432 4202 1486 4245 et
1517 4190 1894 4243 Tillemontius

324 4284 636 4337 existimant
676 4285 779 4336 hoc
807 4284 1123 4338 miraculum
1152 4293 1408 4350 regnante
1441 4282 1529 4335 illo
1565 4282 1616 4333 in
1655 4279 1893 4349 [Egypto

325 4381 375 4425 et
426 4373 587 4443 Syria
619 4374 950 4439 contigisse,
1006 4388 1069 4426 ac
1122 4388 1351 4441 proavos
1404 4372 1588 4427 Basilii
1626 4390 1767 4427 anno
1791 4372 1895 4426 564

327 4465 647 4528 secessisse,
694 4474 746 4516 et
774 4478 943 4532 usque
980 4466 1046 4519 ad
1086 4481 1284 4517 annum
1316 4465 1417 4518 511
1467 4466 1760 4520 delituisse.
1815 4465 1895 4518 Ex

1991 3285 2281 3343 commisit.
2326 3282 2383 3337 ln
2440 3282 2541 3335 hoc
2596 3280 2982 3343 matrimonio,
3039 3278 3180 3347 quod
3216 3294 3322 3333 non
3377 3278 3556 3332 minus

1992 3378 2208 3432 virtutis
2243 3391 2403 3446 quam
2462 3387 2748 3443 corporum
2805 3382 2923 3425 erat
2952 3411 2967 3436 ,
3014 3370 3210 3425 enituit
3254 3386 3555 3441 pauperum

1993 3468 2309 3524 alendorum
2348 3474 2402 3520 et
2455 3466 2728 3533 hospitum
2777 3462 3218 3532 excipiendorum
3270 3462 3555 3526 studium,

1994 3560 2187 3615 anima:
2215 3559 2460 3628 purgatio
2492 3572 2587 3627 per
2630 3555 3057 3620 continentiam,
3088 3554 3348 3609 bonorum
3380 3554 3560 3623 portio

1997 3655 2107 3710 Deo
2134 3662 2471 3713 consecrata,
2517 3665 2639 3718 qua:
2663 3662 2750 3702 res
2779 3647 2966 3716 paucis
2997 3655 3127 3701 tunc
3172 3646 3434 3714 exemplis
3462 3662 3557 3700 co—

1995 3728 2143 3814 gnita
2171 3750 2325 3804 erat,
2358 3741 2484 3808 quia
2533 3738 2634 3792 sub
2687 3735 3105 3805 imperatoribus
3153 3736 3385 3791 ethnicis
3439 3746 3557 3792 tuta

1997 3852 2102 3890 non
2130 3834 2321 3888 fuisset
2342 3829 2602 3885 Ecclesiis
2634 3829 2955 3899 praediorum
2983 3829 3271 3896 possessio.
3314 3827 3439 3883 Haec
3466 3846 3564 3883 au-

1998 3938 2104 3979 tem
2134 3924 2186 3978 in
2210 3922 2480 3975 Ecclesias
2506 3929 2560 3972 et
2591 3934 2856 3988 pauperes
2900 3919 3197 3974 liberalitas
3223 3934 3560 3990 nequaquam

1994 4030 2182 4069 eorum
2236 4013 2451 4068 divitias
2480 4011 2840 4073 comminuit,
2887 4011 2981 4065 sed
3037 4011 3217 4079 potius
3272 4012 3377 4068 ﬁde
3427 4013 3565 4067 adeo

1998 4104 2377 4173 multiplicavit
2406 4143 2420 4167 ,
2456 4114 2513 4158 ut
2537 4103 2904 4170 amplissimas
2942 4106 2998 4156 .in
3046 4104 3219 4158 tribus
3269 4105 3561 4173 provinciis

1982 4180 2363 4259 possessiones
2391 4194 2675 4247 haberent.
2712 4192 2865 4259 Quod
2887 4208 2952 4247 eo
2971 4194 3271 4250 mirabilius
3298 4205 3405 4260 est,
3421 4199 3560 4265 quod

1999 4286 2274 4340 Emmelia:
2324 4287 2516 4355 patris,
2554 4284 2741 4338 Basilii
2767 4295 3051 4353 parentum
3096 4286 3237 4339 bona
3289 4287 3561 4355 publicata

2002 4378 2236 4431 fuerant.
2288 4378 2427 4443 Quin
2455 4379 2620 4431 etiarn
2652 4392 2836 4430 eorum
2871 4391 2929 4430 re
2964 4376 3221 4430 familiari
3258 4377 3309 4430 in
3365 4392 3557 4431 novem

2002 4454 2184 4538 partes
2212 4486 2309 4540 pro
2337 4471 2567 4524 ﬁliorum
2624 4483 2850 4524 numero
2882 4469 3051 4523 divisa
3078 4508 3092 4533 ,
3124 4468 3349 4534 singula:
3374 4480 3563 4539 partes

328 4554 407 4607 his
439 4568 625 4608 autem
661 4556 883 4610 latebris
934 4559 1262 4625 prodeuntes
1294 4573 1435 4610 anno
1468 4558 1593 4621 511,
1619 4569 1733 4626 post
1772 4559 1893 4610 data
1930 4576 1971 4627 ο
2002 4570 2252 4628 paternas
2273 4573 2401 4626 opes
2428 4569 2774 4626 superarunt.

326 4661 356 4697 a
382 4645 599 4700 Galerio
631 4648 682 4700 in
710 4650 934 4714 gratiam
963 4648 1394 4702 Christianorum
1424 4649 1620 4713 edicta,
1647 4651 1896 4718 graviora

328 4735 575 4806 deinceps
620 4738 872 4789 videntur
926 4738 1157 4792 subiisse
1212 4739 1530 4793 certamina.
1597 4738 1687 4791 Ait
1750 4739 1892 4793 enim

326 4824 617 4895 Gregorius
670 4827 1041 4883 Nazianzenus
1086 4845 1180 4884 eos
1232 4830 1299 4883 ad
1360 4831 1727 4883 dimicandum
1776 4831 1894 4884 ala-

330 4920 526 4975 criores
554 4920 726 4973 factos
753 4936 872 4974 esse
908 4921 1007 4974 hoc
1038 4919 1301 4974 miraculo
1321 4961 1335 4982 ,
1368 4924 1506 4987 quod
1553 4922 1631 4975 eis
1663 4922 1806 4974 hunc
1842 4922 1894 4974 in

329 5027 477 5066 usum
516 5032 545 5067 a
582 5012 695 5067 Deo
724 5028 1036 5065 concessum
1063 5014 1255 5067 fuerat.
1288 5013 1424 5067 Hinc
1455 5014 1615 5066 etiam
1658 5016 1735 5083 (p.
1765 5014 1890 5083 519)

331 5117 417 5155 eos
447 5116 697 5157 recenset
728 5105 865 5156 inter
890 5102 1213 5157 fortissimos
1248 5104 1509 5168 athletas,
1534 5105 1621 5173 qui
1655 5121 1774 5158 cum
1806 5120 1894 5172 pe-

334 5208 395 5245 ne
436 5209 606 5263 usque
657 5195 723 5247 ad
771 5207 999 5248 mortem
1033 5195 1447 5258 deccrtassent,
1500 5195 1738 5248 victoria:
1787 5212 1896 5249 suae

337 5287 638 5351 superstites
697 5285 773 5355 (ά)
821 5285 1053 5339 fuerunt.
1117 5285 1391 5352 Nyssenns
1442 5302 1569 5339 vero
1618 5289 1897 5353 conceptis

336 5378 504 5432 Verbis
541 5379 617 5430 ait
650 5376 941 5431 Macrinam
969 5378 1023 5430 itt
1062 5380 1365 5431 conﬁtendo
1390 5378 1608 5432 Christo
1651 5390 1893 5445 tempore

403 5552 473 5621 (α)
512 5554 670 5608 Basil.
706 5571 788 5621 ep.
822 5554 952 5618 201,
990 5572 1042 5609 n.
1076 5555 1128 5609 6.

402 5626 472 5692 (ὁ)
497 5624 622 5679 Naz.
643 5642 723 5678 0r.
754 5625 843 5677 ‘20.

404 5700 473 5763 (ε)
510 5697 582 5763 Ad
618 5710 706 5746 an.
745 5694 869 5747 5114.

406 5762 477 5827 tu,
510 5762 612 5817 γει.
648 5763 817 5816 Jlucr.
851 5784 899 5831 ι).
935 5766 1053 5828 trs,
1100 5765 1219 5818 tat.

411 5838 477 5902 te)
502 5832 652 5902 Mss.
698 5831 801 5888 Vit.
828 5833 994 5888 Macr.
1029 5852 1079 5904 p.
1112 5834 1234 5890 592.

2076 4651 2183 4705 Sed
2219 4651 2488 4718 praecipua
2516 4648 2698 4703 Basilii
2725 4658 2777 4703 et
2813 4649 3086 4704 Emmelite
3135 4651 3327 4720 gloria,
3392 4654 3569 4722 proles

2005 4742 2232 4795 exstitit.
2280 4741 2475 4794 Decem
2526 4740 2725 4795 liberos
2780 4754 3135 4807 susceperunt
3182 4742 3282 4814 (Ir),
3338 4760 3565 4813 quorum

2006 4843 2115 4887 tres
2143 4832 2382 4901 episcopi
2430 4846 2639 4887 sununa
2673 4831 2981 4885 sanctitatis
3011 4842 3065 4885 et
3098 4835 3358 4889 doctrina:
3409 4837 3568 4891 laude

2002 4924 2315 4979 floruerunt.
2349 4923 2496 4978 Unus
2528 4923 2726 4992 aliquis
2774 4939 2839 4976 ex
2874 4922 2957 4976 his
2997 4923 3184 4978 liberis
3216 4925 3427 4980 videtur
3473 4931 3568 4981 ad-

2004 5020 2219 5075 modum
2252 5020 2428 5074 infans
2458 5029 2705 5073 mortuus
2744 5036 2756 5070 :
2794 5018 3057 5086 siquidem
3111 5019 3345 5073 obeunte
3375 5022 3570 5074 marito

2005 5113 2262 5167 Emmelia
2293 5123 2523 5180 quatuor
2552 5112 2787 5167 ﬁliorum
2836 5121 2890 5165 et
2921 5112 3157 5181 quinque
3194 5112 3425 5167 ﬁliarum
3457 5130 3569 5165 ma-

2002 5214 2084 5258 ter
2117 5214 2234 5260 erat
2264 5205 2352 5272 (ἱ),
2396 5218 2692 5273 eorumque
2725 5205 2861 5257 bona
2886 5204 2939 5257 in
2978 5220 3169 5258 novem
3196 5213 3376 5272 partes
3400 5204 3566 5257 divisa

2000 5301 2145 5348 sunt.
2175 5292 2425 5348 Omnium
2475 5303 2604 5347 natu
2654 5295 2886 5348 maxima
2918 5295 3017 5348 fuit
3055 5294 3112 5348 S.
3160 5292 3418 5349 Macrina.
3451 5293 3570 5346 Pri-

2003 5400 2121 5439 mus
2170 5385 2397 5439 ﬁliorum
2433 5384 2489 5439 S.
2534 5384 2782 5450 Basilius,
2836 5386 3105 5439 secundus
3138 5382 3459 5439 Naucratius
3502 5387 3570 5440 du

2081 5558 2147 5627 (Γ)
2174 5560 2305 5614 Naz.
2329 5577 2408 5614 or.
2433 5561 2524 5613 ‘20.

2079 5632 2151 5699 (ῃ)
2179 5629 2311 5687 Ibid.

2077 5702 2149 5769 (lt)
2185 5702 2332 5769 Nyss.
2388 5700 2486 5751 Vit.
2524 5700 2714 5766 Macn,
2750 5701 2868 5754 186.

2074 5769 2599 5841 tt)lbtd.‘181,i91.
2684 5780 2694 5788 ·
