3958 6212
435 393 529 433 vItI
1825 367 2189 424 PROLEGOM
2200 367 2353 423 ENA.

436 513 542 565 quo
593 492 728 549 infra
775 491 1030 547 nonnulla
1074 489 1341 554 dicentur,
1375 489 1566 542 tertius
1613 489 1673 542 S.
1703 487 1998 558 Gregorius
2029 491 2070 546 Α
2103 485 2464 542 Neoctesarcze
2490 486 2684 541 vixisse
2715 496 3034 555 argumento
3067 497 3171 554 est,
3219 489 3362 557 quod
3389 505 3448 546 se
3505 494 3698 564 magi-

435 586 730 657 Nyssenus.
769 585 1020 640 Omnium
1073 591 1382 650 postremus
1433 579 1536 633 fuit
1575 580 1633 634 S.
1670 578 1864 633 Petrus
1899 577 1996 632 Se-

438 673 714 736 bastcnus,
739 671 826 739 qui
849 670 1030 724 statim
1061 677 1224 737 atque
1261 669 1310 722 in
1338 669 1512 722 lucem
1546 668 1725 722 editus
1764 676 1869 732 est,
1899 682 1997 735 pa-

441 773 574 816 trem
603 761 798 815 amisit.
829 760 1070 827 Quatuor
1117 760 1251 814 filias
1304 759 1603 815 honorifice
1633 759 2000 814 collocaverat

441 852 497 911 S.
529 851 810 916 Emmelia,
841 851 995 920 paulo
1023 861 1309 920 antequam
1337 850 1567 905 Basilius
1592 849 1822 904 Athenis
1857 848 2004 903 redi-

441 953 540 996 ret.
570 941 767 995 [larum
799 957 862 996 ex
900 941 1406 1012 aliqua'progenita:
1468 941 1686 995 fuerunt
1719 940 1822 994 illa:
1857 939 2006 995 Basi-

445 1033 503 1086 lii
557 1034 757 1088 sororis
824 1033 943 1088 tilire
968 1075 982 1100 ,
1038 1047 1174 1103 quas
1208 1033 1544 1088 Gaudentius
1574 1031 1649 1103 (a)
1684 1032 2006 1088 Caesariensi

442 1127 770 1181 monasterio
816 1126 1093 1194 praefuisse
1124 1134 1373 1181 testatur.
1406 1124 1550 1180 inter
1577 1124 2007 1195 consanguineos

441 1218 621 1273 Basilii
657 1219 859 1274 eminet
916 1219 1162 1287 inprimis
1207 1227 1434 1287 patruus
1469 1215 1585 1286 ejus
1617 1217 1916 1287 Gregorius
1952 1217 2005 1271 in

441 1310 779 1380 Cappadocia
840 1311 1125 1378 episcopus
1153 1349 1168 1373 ,
1204 1310 1294 1378 qui
1347 1325 1469 1364 cum
1511 1310 1612 1378 ipsi
1658 1323 1720 1363 ac
1745 1307 2006 1362 fratribus

441 1403 684 1471 parentis
717 1402 833 1458 loco
855 1404 1170 1466 exstitisset,
1197 1413 1382 1473 postea
1417 1417 1537 1457 cum
1583 1401 1831 1471 pluribus
1885 1401 2007 1454 aliis

441 1491 791 1562 Cappadociae
823 1494 1088 1563 episcopis
1134 1492 1247 1561 ejus
1294 1492 1621 1548 ordinationi
1670 1491 2002 1545 intercessit.

439 1585 711 1657 Cognatos
765 1585 995 1641 Basilius
1049 1585 1237 1640 habuit
1283 1583 1562 1638 Atarbium
1614 1581 2010 1638 Neoczesarien-

443 1692 578 1743 sem,
638 1675 902 1732 Soranum
933 1675 1174 1746 Scythici
1231 1674 1415 1730 limitis
1442 1675 1654 1737 ducem,
1687 1686 1740 1726 et
1792 1671 2008 1726 Poeme-

442 1769 612 1833 nium,
643 1783 801 1838 quem
829 1767 1092 1823 Satalcnsi
1125 1765 1377 1821 Ecclesiae
1401 1766 1710 1835 episcopum
1745 1764 1890 1819 dedit
1909 1763 2006 1835 (b),

2105 587 2250 632 stros
2278 578 2657 648 mysteriorum
2688 589 2740 631 et
2764 589 2944 646 patres
2969 579 3276 647 Spirituales
3306 582 3557 638 habuisse
3588 586 3686 640 di-

2105 668 2177 722 cit
2212 667 2308 738 (g),
2341 667 2675 736 Gregorium,
2726 684 2987 720 sumntum
3035 668 3186 722 illum
3222 671 3387 724 virum
3421 683 3470 725 et
3513 686 3684 744 quol-

2105 769 2227 831 quot
2257 770 2372 830 post
2405 777 2524 814 eum
2556 759 2670 813 sedi
2693 761 2975 829 episcopali
3006 763 3360 828 succedentes,
3391 764 3527 817 alius
3557 776 3684 831 post

2105 853 2266 905 alium
2294 851 2449 906 veluti
2476 851 2641 904 stellte
2674 850 2917 921 quwdam
2947 853 3260 915 exorientes,
3297 855 3481 907 iisdem
3518 856 3687 908 vesti-

2106 947 2203 1015 giis
2243 945 2564 999 institerunt.
2603 943 2746 998 Inter
2779 945 2878 999 hos
2911 943 3161 1014 Gregorii
3196 959 3540 1002 successores
3569 961 3684 1000 nu—

2106 1047 2280 1094 merat
2310 1038 2451 1092 haud
2482 1037 2643 1092 dubie
2675 1036 2978 1091 Musonium
3008 1077 3024 1102 ,
3059 1038 3566 1107 praestantissimum
3597 1039 3687 1090 vi—

2109 1143 2268 1192 rum,
2303 1127 2389 1183 cui
2449 1127 2608 1199 longe
2665 1129 2946 1183 dissimilis
2993 1131 3252 1185 Atarbius
3307 1139 3683 1186 successerat.

2108 1219 2276 1275 Porro
2327 1231 2551 1275 creteros
2597 1221 2818 1288 quidem
2875 1221 3156 1290 episcopos
3212 1221 3688 1278 Neocazsarienses

2109 1312 2229 1366 avia
2272 1320 2530 1366 narrante
2561 1313 2812 1380 cognovit
2838 1312 3108 1377 Basilius;
3154 1322 3209 1366 at
3237 1314 3539 1370 Musonium
3577 1330 3685 1384 per

2109 1416 2168 1456 se
2198 1402 2312 1472 ipse
2337 1416 2470 1470 puer
2494 1403 2706 1456 videtur
2736 1402 2990 1456 audiisse.
3022 1401 3072 1458 ls
3098 1405 3241 1458 enim
3272 1421 3396 1460 cum
3425 1414 3688 1460 mortuus

2108 1493 2178 1548 sit
2210 1507 2352 1546 anno
2372 1492 2478 1548 ’568
2507 1501 2600 1548 aut
2635 1492 2763 1557 569,
2811 1507 2912 1548 non
2941 1495 3224 1549 admodum
3256 1509 3444 1562 senex,
3475 1497 3682 1551 docere

2110 1599 2218 1640 non
2249 1584 2422 1654 potuit
2454 1582 2751 1638 Macrinam
2779 1622 2794 1648 ,
2821 1598 2940 1652 quae
2979 1583 3032 1639 in
3058 1584 3163 1639 alia
3193 1585 3416 1640 dioecesi
3447 1585 3686 1654 degebat

2111 1692 2215 1731 non
2239 1675 2409 1730 multo
2441 1683 2564 1745 post
2593 1690 2792 1729 annum
2831 1674 2956 1741 550,
2983 1691 3174 1745 nempe
3204 1676 3258 1731 in
3289 1677 3382 1732 illo
3411 1691 3552 1747 pago
3584 1677 3681 1730 ubi

2111 1763 2366 1818 Basilium
2397 1763 2667 1818 educavit.

442 1832 757 1927 Palladiam,
790 1875 947 1929 quam
984 1870 1093 1913 tum
1131 1859 1199 1913 ob
1229 1832 1476 1929 egregios
1529 1832 1728 1922 mores,
1762 1866 1872 1909 tum
1918 1832 2002 1909 ob
2040 1832 2081 1886 Β
2182 1855 2497 1909 Translatus
2527 1852 2930 1908 Neocmsaream
2966 1854 3199 1910 Basilius
3227 1856 3434 1910 invenit
3469 1857 3521 1910 in
3549 1855 3683 1910 Em-

442 1949 962 2020 consanguinitatem
997 1949 1052 2002 in
1115 1949 1304 2002 matris
1360 1947 1476 2002 loco
1512 1946 1878 2011 reverebatur,
1947 1955 2008 2000 ut

441 2042 558 2108 ipse
590 2050 818 2094 testatur
847 2040 898 2094 in
923 2041 1079 2108 epist.
1111 2039 1237 2093 157.

515 2130 576 2185 ν.
614 2132 707 2186 llis
743 2141 892 2186 ortus
914 2131 1226 2200 parentibus
1250 2127 1498 2192 Basilius,
1528 2141 1686 2197 quem
1719 2126 2008 2196 Gregorius

443 2225 612 2278 frater
636 2237 755 2277 cum
782 2222 1031 2275 Samuele
1067 2222 1118 2273 in
1147 2235 1210 2275 eo
1241 2227 1518 2288 comparat
1545 2216 1641 2289 (c),
1667 2218 1809 2288 quod
1837 2225 1894 2270 ut
1921 2216 2009 2269 ille

447 2316 657 2378 matris,
691 2315 760 2367 ita
788 2315 888 2366 iste
910 2311 1080 2382 patris
1120 2312 1369 2380 precibus
1395 2325 1424 2364 a
1456 2309 1564 2364 Deo
1586 2323 1873 2365 concessus
1899 2308 2010 2362 fue-

450 2407 536 2458 rit.
575 2405 771 2459 Eadem
799 2405 965 2474 patris
993 2402 1098 2456 llde
1126 2417 1194 2456 ex
1241 2400 1421 2454 lethali
1466 2401 1652 2455 morbo
1680 2401 1860 2454 infans
1887 2414 2008 2454 ere-

443 2507 569 2565 ptus
613 2506 728 2563 est;
781 2511 902 2549 cum
943 2494 1192 2548 Christus
1241 2492 1381 2561 patri
1414 2492 1466 2546 in
1507 2492 1712 2547 somnis
1735 2492 1880 2546 visus
1927 2489 2006 2544 di~

450 2591 619 2643 sisset
649 2628 662 2651 ,
693 2586 900 2640 utolim
939 2584 1123 2653 regulo
1173 2583 1549 2653 Capharnaita:
1573 2623 1589 2647 ,
1651 2580 1810 2646 Vade,
1856 2581 2002 2651 [ilius

443 2692 562 2734 tuus
591 2679 732 2732 vivit.
768 2675 954 2747 Reguli
989 2675 1146 2729 fidem
1182 2674 1425 2729 imitatus
1472 2673 1703 2728 Basilius
1731 2673 1898 2727 filium
1925 2674 2007 2727 in-

443 2772 704 2825 columem
739 2770 955 2836 recepit.
984 2765 1100 2822 Non
1131 2767 1184 2820 in
1205 2765 1545 2836 Cappadocia
1569 2765 1802 2819 nutritus
1844 2763 2003 2818 Basi—

443 2863 543 2915 lius
575 2862 650 2930 ld)
673 2902 687 2924 ,
727 2861 820 2916 sed
872 2861 924 2914 in
981 2859 1214 2929 quodam
1243 2873 1380 2930 pago
1415 2899 1430 2925 ,
1460 2872 1620 2928 quem
1649 2865 1900 2926 parentes
1953 2859 2007 2910 in

441 2953 610 3007 Ponto
633 2952 996 3022 possidebant.
1039 2949 1304 3021 Regenda:
1333 2949 1570 3004 infantia:
1607 2949 1792 3004 Basilii
1819 2962 2007 3002 curam

442 3046 677 3114 suscepit
703 3045 1048 3099 ornatissima
1071 3041 1293 3106 femina,
1326 3042 1444 3096 avia
1479 3041 1743 3107 Macrino,
1768 3057 1832 3096 ac
1859 3050 2009 3096 tene-

2113 1947 2271 2001 nrelia
2305 1954 2476 2000 matre
2499 1946 2726 1999 alteram
2754 1945 3070 2000 Macrinam.
3106 1946 3239 2001 Nam
3289 1947 3356 2002 ab
3376 1963 3438 2001 ea
3464 1963 3683 2017 quoque

2110 2040 2430 2095 catholicam
2487 2041 2784 2094 doctrinam
2844 2041 3118 2108 accepisse
3165 2054 3226 2096 se
3275 2040 3536 2108 gloriatur
3578 2041 3680 2110 (h).

2110 2133 2229 2202 Ipse
2255 2133 2418 2186 etiam
2448 2143 2604 2201 pater
2634 2148 2856 2201 operam
2895 2147 3048 2185 suam
3080 2132 3404 2203 adjungebat
3437 2133 3592 2187 uxori
3621 2135 3676 2187 in

2113 2225 2442 2279 instituendo
2465 2225 2531 2278 ad
2566 2225 2820 2293 pietatem
2851 2225 2959 2280 lilio
3008 2223 3105 2296 (i);
3135 2224 3229 2280 sed
3258 2223 3401 2280 illius
3437 2225 3680 2279 animum

2111 2316 2422 2371 liberalibus
2451 2317 2749 2386 disciplinis
2785 2317 3026 2371 imbuere
3058 2318 3334 2385 proprium
3365 2332 3522 2371 suum
3560 2333 3676 2371 mu-

2110 2424 2210 2462 nus
2247 2422 2367 2462 essc
2400 2409 2648 2472 ducebat,
2677 2409 2756 2460 vir
2787 2421 3013 2476 utraque
3041 2406 3200 2463 laude
3257 2407 3311 2461 in
3368 2405 3545 2461 Ponto
3574 2423 3675 2461 ex-

2109 2499 2327 2563 cellens,
2366 2508 2420 2553 et
2449 2498 2648 2568 pietate
2698 2508 2752 2552 et
2789 2499 3114 2566 eloquentia.
3150 2499 3261 2554 Sub
3324 2509 3476 2554 tanto
3508 2499 3684 2568 magi-

2114 2603 2228 2647 stro
2281 2591 2506 2646 mirifice
2553 2591 2783 2660 profecit
2822 2592 3084 2658 Basilius;
3118 2593 3210 2647 sed
3241 2608 3362 2648 cum
3401 2609 3523 2648 eum
3561 2593 3684 2648 nul-

2109 2685 2215 2739 lius
2244 2684 2320 2738 rei
2360 2692 2637 2754 expertem
2691 2697 2811 2738 esse
2837 2692 3129 2751 oporteret.
3157 2693 3217 2738 ut
3253 2685 3332 2738 ait
3378 2683 3682 2754 Gregorius

2109 2773 2512 2839 Nazianzenus,
2566 2774 2619 2828 in
2679 2774 2815 2830 alias
2847 2775 3151 2844 provincias
3192 2775 3445 2839 mittitur,
3478 2785 3538 2828 ut
3566 2773 3683 2826 vcl-

2112 2876 2168 2920 ut
2201 2881 2330 2935 apes
2360 2881 2424 2920 ex
2452 2866 2618 2920 variis
2651 2865 2892 2929 floribus,
2940 2867 3020 2921 sic
3044 2866 3156 2936 ipse
3179 2880 3244 2919 ex
3279 2865 3446 2920 variis
3504 2865 3676 2936 niagio

2111 2958 2241 3014 stris
2263 2957 2541 3012 utilissima
2576 2972 2802 3026 quaeque
2833 2958 3150 3026 perciperet.
3174 2955 3308 3011 Hinc
3339 2970 3460 3010 eum
3495 2954 3681 3009 Ctesa-

2112 3065 2222 3113 rea,
2243 3065 2308 3104 ac
2331 3050 2523 3104 deinde
2548 3049 3062 3120 Constantinopolis,
3099 3058 3154 3104 et
3207 3048 3420 3102 tandem
3449 3048 3678 3103 Athena:

442 3152 515 3191 rae
561 3136 726 3190 menti
781 3148 928 3189 same
983 3132 1240 3188 doctrinae
1293 3133 1500 3189 semina
1553 3132 1844 3196 mandavit,
1887 3147 2007 3202 quae
2035 3170 2084 3234 Ο
2115 3143 2438 3197 habuerunt,

444 3229 586 3282 nulla
614 3242 848 3296 unquam
875 3234 1173 3295 temporum
1201 3225 1571 3281 vicissitudine
1591 3225 2006 3291 immutata,sed

443 3329 596 3374 aucta
621 3333 833 3387 semper
854 3327 908 3374 et
935 3317 1151 3373 exculta
1185 3317 1628 3387 praeclarissimas
1669 3315 1880 3372 fructus
1908 3331 2006 3370 ex-

447 3414 700 3468 tulerunt.
749 3411 1035 3482 Permagni
1070 3413 1332 3466 intererat
1361 3411 1439 3465 sic
1471 3409 1677 3465 institui
1716 3407 2005 3474 Basilium,

444 3522 549 3561 non
601 3507 772 3561 solum
807 3515 866 3559 ut
913 3506 1194 3559 veritatem
1239 3514 1448 3558 mature
1474 3501 1809 3558 combiberet
1839 3541 1855 3564 ,
1910 3499 2008 3556 sed

443 3597 603 3651 etiam
653 3605 714 3651 ut
756 3596 1042 3651 calumniis
1100 3595 1440 3650 inimicorum
1465 3601 1798 3649 occurreret.
1835 3591 2008 3659 Quid-

447 3686 575 3755 quid
607 3687 750 3740 enim
780 3701 810 3739 a
835 3686 1172 3741 sanctissima
1220 3684 1308 3738 illa
1349 3682 1574 3738 muliere
1614 3691 1917 3753 acceperat,
1975 3696 2006 3736 a

444 3777 704 3847 Gregorio
734 3775 1150 3832 Neoctesariensi
1203 3775 1479 3844 accepisse
1508 3772 1812 3836 videbatur,
1847 3785 2006 3841 quem

443 3869 532 3923 illa
557 3869 636 3925 sic
657 3867 889 3932 colebat,
927 3875 982 3921 ut
1006 3866 1187 3921 omnia
1238 3863 1381 3918 illius
1427 3863 1613 3927 verba,
1665 3875 2007 3930 quaecunque

445 3960 512 4014 ad
535 3959 705 4028 ipsam
730 3958 869 4013 serie
907 3955 1179 4012 memoriae
1207 3962 1590 4024 pervenerant,
1626 3961 1886 4005 accurate
1916 3965 2003 4005 re-

445 4051 642 4105 tiueret
681 4049 773 4120 (e).
807 4045 902 4102 llis
948 4062 1006 4101 se
1059 4046 1290 4100 Basilius
1318 4044 1385 4098 ab
1416 4057 1479 4098 ea
1538 4042 1800 4096 imbutum
1843 4039 2011 4094 fuisse

445 4149 678 4197 testatur
723 4141 776 4194 in
813 4139 968 4209 epist.
999 4137 1124 4201 204,
1153 4143 1207 4191 et
1235 4135 1338 4190 hoc
1399 4134 1503 4189 telo
1539 4131 1753 4202 repellit
1802 4133 2012 4188 inustas

449 4234 570 4290 fidei
606 4247 717 4289 sua:
753 4230 1174 4286 criminationes.
1211 4227 1303 4283 Sic
1329 4227 1490 4282 etiam
1519 4227 1570 4278 in
1624 4239 1707 4295 ep.
1737 4223 1844 4279 225
1878 4233 1933 4278 et
1957 4224 2010 4278 in

451 4325 714 4397 pretemio
775 4321 1078 4376 Moralium.
1130 4319 1361 4374 Haeresis
1411 4319 1610 4372 Ariana
1641 4359 1655 4382 ,
1711 4334 1829 4387 qua:
1889 4328 2013 4372 tunc

448 4417 814 4489 grassabatur,
842 4428 1028 4468 curam
1064 4410 1335 4480 injiciebat
1362 4410 1646 4466 catholicis
1673 4410 2005 4478 parentibus,

444 4517 502 4563 ut
540 4515 747 4563 mature
777 4505 1006 4559 filiorum
1046 4504 1253 4558 animos
1278 4502 1691 4558 communirent.

514 4601 592 4656 Eo
629 4608 807 4655 autem
859 4595 1154 4650 mirabilius
1197 4593 1379 4648 Basilii
1417 4594 1470 4649 in
1510 4594 1592 4648 his
1647 4593 2009 4663 percipiendis

445 4693 780 4749 documentis
825 4703 1052 4746 acumen
1104 4695 1159 4743 et
1216 4687 1269 4740 in
1315 4686 1614 4741 retinendis
1670 4687 2012 4750 constantia,

445 4786 585 4856 quod
609 4787 709 4841 sub
742 4783 862 4837 avia
896 4783 1034 4836 ultra
1082 4789 1323 4834 teneram
1376 4765 1662 4832 infantiam
1717 4793 1820 4832 non
1887 4776 2007 4829 fuit.

447 4877 580 4931 Nam
612 4875 698 4930 ubi
727 4875 956 4942 primum
994 4871 1188 4926 litteris
1209 4869 1513 4925 ediscendis
1540 4869 1769 4924 idoneus
1798 4867 1916 4933 fuit,
1943 4883 2007 4920 ex

447 4968 579 5022 aviae
607 4967 855 5021 manibus
884 4965 951 5018 ad
997 4964 1167 5032 patris
1214 4961 1551 5031 disciplinam
1598 4961 1864 5024 transiit,
1915 4961 2007 5028 qui

445 5057 773 5114 rhetoricam
802 5070 995 5123 magna
1023 5053 1335 5110 celebritate
1365 5053 1417 5107 in
1449 5051 1624 5106 Ponto
1661 5051 1889 5106 docebat
1915 5050 2005 5120 (ι’),

444 5163 620 5218 neque
657 5148 759 5201 hoc
800 5159 994 5199 munus
1021 5144 1074 5197 in
1114 5158 1250 5214 pago
1277 5183 1291 5208 ,
1329 5142 1419 5196 ubi
1451 5142 1710 5195 educatus
1751 5139 2008 5204 Basilius,

446 5254 635 5310 gerere
666 5237 860 5308 potuit,
888 5235 982 5290 sed
1013 5235 1067 5288 in
1106 5229 1300 5306 magna
1335 5234 1513 5302 aliqua
1545 5233 1705 5297 urbe,
1733 5241 1915 5301 atque,
1955 5241 2011 5285 ut

448 5327 734 5385 verisimile
781 5335 908 5394 est,
940 5325 1323 5381 Neocresarcae.
1378 5326 1636 5381 Basilium
1689 5324 2007 5394 aliquandiu

518 5507 593 5578 (a)
616 5507 811 5562 llomil.
839 5507 924 5562 l7.

515 5575 590 5648 (ιι)
618 5579 721 5648 lip.
753 5577 873 5640 155,
904 5575 1178 5648 105,102.

517 5645 584 5716 (ε)
610 5645 763 5716 Nyss.
802 5648 870 5700 De
895 5645 1058 5716 Basil.
1091 5661 1140 5712 p.
1172 5646 1301 5699 ‘292.

514 5715 592 5786 (tl)
624 5715 714 5784 Ep.
746 5717 810 5769 37
833 5715 1029 5776 etilli,
1069 5733 1118 5768 ιι.
1153 5720 1197 5768 l.

519 5795 588 5856 te)
623 5787 716 5855 Ep.
753 5787 876 5852 204,
916 5802 968 5838 ιι.
1003 5787 1053 5837 l5.

2185 3231 2272 3286 Vl.
2296 3231 2400 3286 Sed
2431 3241 2549 3284 utra
2577 3230 2830 3285 Basilium
2864 3230 3112 3286 habuerit
3139 3230 3406 3296 Caesarea,
3433 3245 3551 3300 qua:
3574 3232 3682 3287 sita

2113 3331 2194 3378 cst
2217 3325 2268 3377 in
2296 3322 2650 3391 Cappadocia,
2676 3335 2742 3374 an
2771 3335 2890 3390 quae
2922 3321 2974 3376 in
3001 3321 3306 3387 PalmStina,
3333 3336 3527 3392 magna
3553 3337 3682 3376 sen-

2116 3417 2402 3469 tentiarum
2430 3413 2690 3468 varietate
2727 3413 3040 3483 ambigitur.
3089 3412 3269 3468 Multis
3313 3414 3558 3482 partibus
3589 3414 3677 3469 vi-

2114 3507 2268 3559 detur
2297 3503 2629 3575 praeferenda
2679 3519 2866 3560 eorum
2910 3505 3114 3572 opinio,
3143 3505 3233 3566 qui
3264 3505 3520 3560 Basilium
3564 3506 3685 3562 Cae-

2115 3610 2282 3649 sareae
2313 3595 2365 3648 in
2389 3595 2724 3664 Cappadocia
2759 3595 2958 3650 litteris
2985 3610 3205 3665 operam
3233 3598 3444 3652 dedisse
3467 3597 3678 3651 volunt.

2117 3687 2169 3740 l°
2207 3685 2436 3741 Basilius
2459 3695 2608 3756 optat
2642 3687 2694 3740 in
2722 3689 2881 3756 epist.
2908 3686 2975 3741 64
3025 3695 3083 3740 ut
3109 3684 3430 3758 Hesychius,
3461 3688 3678 3757 quicum

2114 3793 2174 3834 se
2205 3779 2386 3834 multis
2409 3779 2572 3834 rebus
2623 3779 2691 3832 ab
2741 3779 2896 3833 initio
2937 3778 3284 3846 conjunctum
3332 3780 3497 3836 fuisse
3521 3782 3679 3845 dicit,

2121 3870 2409 3939 aliquando
2439 3871 2506 3924 ad
2541 3856 2794 3938 antiquos
2828 3871 3110 3940 utriusque
3138 3871 3282 3926 lares
3327 3887 3386 3926 se
3412 3871 3677 3926 conferat.

2114 3958 2409 4028 Antiquum
2433 3958 2563 4012 illud
2585 3956 2772 4011 Basilii
2803 3967 2858 4012 et
2883 3957 3133 4028 llesychii
3158 3958 3486 4013 domicilium
3533 3960 3680 4013 aliud

2115 4065 2234 4105 esse
2256 4066 2359 4105 non
2407 4059 2582 4120 p01est
2620 4066 2781 4117 quam
2817 4050 3088 4114 Caesarea,
3123 4050 3262 4104 unde
3291 4050 3558 4105 scribebat
3581 4050 3684 4103 Ba-

2115 4140 2268 4194 silius
2297 4179 2312 4203 ,
2352 4155 2452 4196 nec
2486 4140 2628 4194 aliud
2677 4151 2887 4208 tempus
2912 4140 3174 4210 assignari
3211 4149 3406 4210 potest,
3429 4156 3535 4208 quo
3564 4156 3684 4194 sese

2115 4231 2376 4286 Ctesareae
2398 4231 2668 4290 noverint.
2697 4229 2799 4284 nisi
2833 4245 2952 4284 cum
2986 4239 3212 4300 uterque
3237 4231 3431 4285 litteris
3459 4246 3680 4300 operam

2117 4325 2180 4379 da
2190 4332 2286 4377 ret.

2182 4416 2244 4469 2“
2294 4415 2488 4468 Narrat
2514 4413 2810 4484 Gregorius
2854 4412 3230 4474 Nazianzenus
3263 4413 3332 4486 (j)
3357 4429 3416 4468 se
3454 4423 3505 4467 et
3535 4412 3679 4466 Βιιςὶι

2045 4510 2088 4569 ι)
2118 4508 2266 4570 lium,
2294 4505 2452 4559 veluti
2473 4505 2681 4572 ﬂuxum
2709 4505 2982 4574 quemdam
3013 4504 3271 4572 ﬂuminis,
3299 4519 3363 4556 ex
3386 4502 3562 4556 eodem
3584 4522 3649 4568 pa
3670 4532 3683 4544 -

2114 4600 2227 4652 tria
2265 4599 2406 4668 [ante
2438 4598 2492 4649 in
2538 4596 2770 4649 diversas
2819 4596 3054 4664 regiones
3103 4595 3360 4652 doctrina:
3401 4595 3684 4663 cupiditate

2115 4689 2393 4748 dissectos,
2424 4701 2629 4748 rursus,
2666 4685 2800 4738 velut
2849 4699 2912 4737 ex
2941 4684 3224 4749 composito
3251 4724 3266 4750 ,
3301 4681 3412 4736 Deo
3449 4681 3682 4735 videlicet

2117 4782 2193 4832 ita
2231 4777 2524 4845 impellente
2556 4815 2570 4841 ,
2609 4775 2826 4828 Athenis
2882 4774 3118 4826 coivisse.
3167 4771 3403 4842 Uterque
3454 4786 3584 4841 ergo
3629 4774 3682 4825 in

2115 4871 2454 4940 Cappadocia
2483 4867 2800 4936 coniunctus
2841 4866 3043 4928 fuerat,
3087 4875 3312 4932 uterque
3340 4865 3463 4918 inde
3495 4866 3546 4917 in
3589 4878 3683 4914 va.

2117 4963 2224 5015 rias
2255 4961 2502 5028 regiones
2533 4957 2830 5028 profectus.
2884 4972 2989 5010 non
3033 4957 3170 5010 alter
3200 4971 3229 5010 e
3258 4955 3454 5019 Ponto,
3493 4954 3631 5009 alter
3655 4974 3684 5007 e

2111 5049 2469 5120 Cappadocia.
2525 5049 2700 5118 Atque
2753 5047 2804 5101 id
2859 5048 3213 5101 confirmatur
3267 5056 3376 5101 tum
3434 5045 3682 5115 Gregorii

2113 5141 2416 5213 presbyteri
2441 5137 2770 5199 testimonio,
2807 5139 2894 5205 qui
2933 5136 3254 5206 Gregorimn
3280 5134 3680 5189 Nazianzenum

2115 5241 2397 5294 utramque
2419 5228 2724 5284 Caesaream
2757 5227 3058 5280 studiorum
3079 5242 3239 5280 causa
3270 5215 3490 5294 petiisse
3516 5235 3684 5280 testa—

2116 5332 2240 5388 tur;
2273 5332 2384 5376 tum
2411 5319 2581 5391 ipsius
2607 5318 2768 5373 etiam
2799 5317 3045 5389 Gregorii
3077 5317 3430 5383 Nazianzeni,
3460 5317 3550 5388 qui
3581 5315 3684 5370 Ba-

2183 5499 2249 5570 (Ῑ)
2285 5497 2527 5570 Nai-Oli.
2565 5497 2671 5564 20;
2699 5497 2853 5570 Nyss.
2897 5497 2996 5552 Vit.
3034 5494 3228 5561 Mam,
3267 5493 3388 5550 I92.

2183 5567 2257 5639 (ἀ)
2300 5571 2394 5636 Ep.
2420 5567 2544 5639 204.
2588 5586 2642 5621 ιι.
2681 5570 2735 5623 ‘2.

2181 5638 2258 5709 (lt)
2286 5639 2381 5707 Ep.
2411 5638 2539 5705 225,
2575 5655 2627 5691 n.
2661 5639 2711 5693 3.

2185 5709 2246 5777 (i)
2274 5709 2398 5760 Naz.
2433 5723 2515 5766 or.
2559 5709 2641 5764 20.

2186 5780 2247 5850 (ί)
2279 5781 2369 5832 υτ.
2405 5778 2493 5835 ae.
