3958 6212
1644 358 1800 414 VITA
1841 360 1898 410 S.
1942 354 2202 408 BASlLll.
3489 354 3543 395 lx

306 487 497 540 silium
540 481 636 539 sibi
693 480 910 552 plenius
961 479 1191 535 Athenis
1222 480 1504 550 cognitum
1533 480 1697 535 fuisse
1723 479 1873 539 dicit,
1906 479 1946 532 A
1981 473 2297 526 clterrimam
2329 471 2531 537 ipsique
2555 467 2779 520 maxime
2820 462 3084 532 Propriam
3111 457 3543 552 etit’uefil-rNﬂ'tf

306 589 437 625 cum
471 581 616 626 antea
641 569 851 640 ignotus
879 583 984 624 non
1011 570 1217 625 fuisset.
1255 569 1386 626 Sese
1410 583 1586 625 autem
1615 570 1740 625 alibi
1769 584 1871 624 non

304 665 559 716 videnlur
585 662 818 726 norisse,
846 677 1010 731 quam
1035 664 1087 716 in
1118 662 1481 733 Cappadocia.

378 757 443 809 5⁸
474 756 663 810 Scribit
698 753 933 810 Basilius
956 757 1006 808 in
1038 756 1198 824 epist.
1226 757 1289 810 51
1324 771 1383 810 se
1430 772 1458 809 a
1495 756 1668 824 prima
1719 763 1876 809 aetate

302 849 568 901 nutritum
602 847 770 902 fuisse
794 847 850 901 in
881 863 1065 903 amore
1093 849 1265 902 Dianii
1296 849 1533 918 episcopi
1578 848 1870 903 Caesarien-

301 939 422 999 sis,
462 947 513 991 et
563 938 937 992 considerasse
982 952 1145 1005 quam
1201 947 1349 992 esset
1387 937 1473 991 ille
1511 937 1593 991 vir
1652 948 1872 1008 aspectu

301 1028 655 1094 venerabilis,
685 1038 741 1086 et
787 1038 1073 1099 postquam
1119 1029 1288 1084 adfuit
1334 1029 1494 1092 ratio,
1529 1029 1676 1083 illum
1707 1031 1871 1085 etiam

300 1135 370 1174 ex
404 1121 752 1177 interioribus
783 1122 942 1178 bonis
976 1123 1296 1191 cognovisse
1317 1162 1331 1182 ,
1364 1122 1614 1189 illiusque
1637 1122 1878 1177 delecta-

301 1219 424 1266 tum
452 1213 848 1272 consuetudine.
903 1214 996 1267 Ἐκ
1032 1214 1255 1285 πρώτης
1281 1214 1497 1285 ἡλικίας
1531 1215 1873 1284 συνετράφην

299 1301 382 1373 τῷ
407 1304 532 1373 περὶ
563 1303 725 1357 αὐτὸν
755 1290 1032 1375 φίλτρῳξ..
1066 1305 1189 1358 ἐπεὶ
1211 1306 1265 1358 δέ
1305 1324 1392 1376 μοι
1418 1306 1602 1360 λοιπὸν
1628 1308 1722 1360 καὶ
1740 1309 1767 1360 ὁ
1791 1307 1877 1358 λό-

300 1409 402 1460 γος
431 1395 629 1466 παρῆν,
659 1394 784 1448 τότε
817 1395 883 1466 δὴ
908 1396 1001 1447 καὶ
1026 1396 1135 1448 ἀπὸ
1171 1397 1278 1448 τῶν
1310 1397 1410 1466 τῆς
1437 1395 1615 1466 ψυχῆς
1654 1395 1874 1464 ἀγαθῶν

298 1485 470 1540 αὐτὸν
520 1487 891 1555 ἐπεγίνωσκον
937 1488 1029 1540 καὶ
1075 1487 1291 1561 ἔχαιρον
1351 1488 1513 1541 αὐτοῦ
1569 1491 1634 1559 τῇ
1689 1505 1875 1542 συνου-

303 1576 422 1646 σίᾳ.
457 1575 527 1630 Ex
561 1577 648 1631 bis
682 1577 877 1647 colligo
901 1578 1154 1633 Basilium
1189 1578 1450 1633 Caesarea:
1478 1578 1872 1633 adolescentem

307 1666 558 1736 pluribus
593 1667 751 1723 annis
783 1679 1170 1723 commoratum
1196 1670 1384 1732 fuisse,
1416 1668 1606 1738 ibique
1626 1669 1761 1725 satis
1783 1669 1873 1722 diu

301 1756 609 1822 educatum,
638 1764 700 1809 ut
728 1764 913 1825 posset
942 1772 1000 1811 se
1048 1759 1098 1810 in
1130 1757 1362 1811 amando
1400 1757 1588 1812 Dianio
1611 1767 1665 1812 et
1696 1759 1874 1812 consi-

1979 583 2096 619 cnm
2131 564 2248 617 alia:
2272 563 2504 615 civitates
2537 559 2655 612 aliis
2697 555 3037 617 ornamentis,
3075 551 3151 604 vel
3189 550 3441 616 antiquis,
3469 548 3544 600 rel

1980 657 2124 710 noris
2154 654 2472 724 glorientur,
2505 658 2681 717 prout,
2710 647 2914 715 opinor,
2946 642 3022 696 rel
3061 641 3297 695 historiis
3325 681 3337 698 ,
3363 639 3438 691 vel
3467 653 3545 689 re-

1981 747 2073 799 bus
2125 742 2436 814 quibusdam
2486 737 2711 794 visendis
2743 745 2945 787 ornata:
2973 740 3092 784 sunt
3122 744 3138 782 :
3177 729 3308 782 hanc
3337 736 3542 786 contra,

1979 846 2033 889 ut
2057 851 2206 887 arma
2230 832 2309 886 vel
2342 829 2626 900 tragoedias
2657 835 2794 879 nota:
2835 823 3077 893 quwdam
3101 829 3253 886 atque
3286 817 3540 886 insignia,

1976 928 2051 981 sic
2093 926 2389 979 litterarum
2442 919 2612 990 gloria
2656 914 2896 971 nobilitat
2962 912 3316 976 illustremque
3350 905 3540 960 reddit.

2048 1017 2188 1072 Nihil
2212 1025 2296 1072 est
2334 1014 2419 1068 his
2449 1013 2502 1066 in
2530 1010 2711 1065 verbis
2744 1007 2887 1076 quod
2913 1020 3015 1058 non
3041 1002 3301 1058 Caesarem
3333 996 3545 1068 Cappa-

1984 1113 2177 1167 docum
2210 1108 2412 1179 optime
2441 1111 2731 1175 congruat;
2764 1096 3016 1154 nonnulla
3061 1095 3114 1149 in
3165 1093 3387 1146 alteram
3426 1087 3546 1143 Gm-

1979 1216 2188 1256 saream
2222 1201 2399 1267 inepte
2446 1209 2670 1263 prorsus
2723 1207 2786 1246 ac
2830 1189 3091 1244 inurbane
3143 1185 3282 1238 dicta
3337 1189 3540 1237 essent.

1981 1295 2128 1350 Satis
2163 1302 2283 1359 apte
2325 1287 2619 1358 Gregorius
2649 1285 2858 1344 urbem,
2888 1283 2936 1334 in
2981 1295 3086 1347 qua
3127 1277 3442 1346 lomtebatur
3489 1282 3544 1325 ct

1977 1399 2107 1437 voce
2121 1391 2175 1436 et
2201 1395 2357 1434 manu
2380 1377 2668 1445 designans
2687 1373 2918 1432 dicebat,
2960 1369 3131 1434 Hunc,
3165 1370 3398 1436 inquam,
3421 1364 3544 1415 illu-

1979 1483 2133 1525 strem
2173 1470 2453 1523 civitatem.
2476 1464 2593 1521 Non
2634 1458 3181 1533 putatTilIemontius
3203 1457 3340 1510 hanc
3365 1455 3543 1509 Caesaa

1979 1577 2124 1616 ream
2149 1576 2176 1615 a
2199 1559 2391 1615 studiis
2423 1557 2725 1612 litterarum
2757 1594 2770 1619 ,
2802 1565 2860 1607 ut
2906 1567 2934 1606 a
2964 1549 3234 1621 praecipuo
3264 1547 3410 1600 urbis
3447 1560 3536 1599 ore

1979 1662 2257 1717 namento,
2290 1649 2499 1704 laudari
2548 1647 2818 1702 debuisse.
2867 1645 2972 1700 Sed
3007 1653 3064 1696 ut
3097 1642 3346 1697 omittam
3381 1638 3545 1691 Euse-

1980 1746 2147 1809 bium,
2176 1746 2268 1814 qui
2301 1744 2653 1814 Cappadocia:
2675 1741 2935 1813 prmsnles
2959 1740 3204 1795 doctrina
3238 1738 3380 1790 inter
3404 1732 3540 1786 alios

301 1848 541 1901 deranda
568 1848 716 1902 illius
744 1850 857 1904 oris
887 1848 1168 1916 majestate
1200 1849 1458 1903 nutritum
1491 1849 1688 1904 dicere.
1715 1847 1875 1904 Tille—

1985 1837 2248 1893 enituisse
2300 1846 2532 1891 testatur
2558 1837 2659 1906 (a),
2692 1837 2806 1905 ipse
2844 1833 3077 1888 Basilius
3104 1828 3350 1896 Gregorii
3386 1823 3540 1880 testi-

302 1939 558 2005 montius,
596 1949 657 1994 ut
691 1941 834 1995 hunc
861 1941 1036 1995 locum
1072 1940 1305 2009 explicet
1333 1982 1348 2008 ,
1379 1939 1634 1996 Basilium
1658 1942 1875 2012 conjicit

301 2028 591 2084 admodum
641 2029 907 2084 infantem
937 2030 1245 2086 Caesaream
1305 2046 1335 2085 a
1389 2031 1704 2100 parentibus
1736 2047 1872 2087 non-

301 2136 577 2189 nunquam
615 2132 894 2192 portatum
947 2123 1135 2178 fuisse.
1174 2122 1281 2177 Sed
1312 2123 1473 2194 hujus
1525 2125 1869 2194 conjecturae,

301 2228 425 2280 qua:
467 2229 565 2268 sua
623 2224 817 2283 sponte
844 2229 1032 2284 parum
1066 2216 1316 2284 congruit
1361 2213 1618 2283 infantiae,
1668 2217 1872 2271 nullum

300 2304 504 2372 profert
560 2314 940 2374 argumentum
1002 2305 1354 2361 doctissimus
1405 2307 1873 2377 scriptorzatque

299 2396 511 2450 etiamsi
549 2396 866 2464 proferret,
914 2412 1043 2450 num
1091 2412 1150 2452 se
1205 2397 1258 2451 in
1298 2399 1528 2453 amando
1561 2407 1615 2453 et
1647 2400 1873 2455 videndo

313 2488 502 2541 Dianio
529 2488 792 2541 nutritum
838 2497 1018 2556 posset
1044 2487 1224 2542 dicere
1250 2530 1264 2554 ,
1295 2503 1452 2558 quem
1487 2505 1870 2561 nonnunquam

301 2579 479 2634 infans
517 2579 790 2634 vidisset?
822 2579 928 2635 Nec
950 2579 1300 2635 Tillemontio
1330 2581 1514 2636 favent
1539 2584 1653 2638 haec
1687 2587 1870 2651 verba,

300 2689 329 2722 a
365 2673 534 2739 prima
581 2682 739 2725 ωιαιε
772 2688 790 2726 :
818 2672 1021 2742 optime
1051 2674 1192 2728 enim
1237 2673 1550 2728 referuntur
1577 2676 1642 2729 ad
1695 2676 1873 2731 adole-

301 2761 581 2814 scentiam.
618 2761 756 2815 Nam
791 2771 846 2816 et
889 2777 1010 2830 quae
1046 2775 1364 2833 sequuntur,
1395 2773 1666 2834 postquam
1699 2766 1872 2834 adfuit

303 2853 458 2916 ratio,
491 2853 796 2907 delectabar
837 2854 981 2908 illius
1019 2857 1397 2910 consuetudine
1446 2872 1550 2912 non
1587 2858 1653 2912 de
1693 2859 1875 2913 adole-

303 2943 508 2996 scentia
533 2984 549 3008 ,
603 2945 696 2997 sed
726 2945 792 2999 de
841 2945 982 2998 virili
1019 2955 1179 2998 aetate
1213 2948 1388 3015 accipi
1429 2947 1666 3012 debent,
1699 2963 1873 3018 neque

301 3034 443 3087 enim
500 3035 813 3090 adolescens
880 3036 1112 3091 Basilius
1164 3037 1216 3091 in
1293 3038 1471 3092 Dia-aii
1530 3039 1872 3094 consuetudi-

307 3141 424 3178 nem
488 3127 762 3181 admissus
798 3168 812 3190 ,
887 3127 980 3182 sed
1051 3139 1334 3197 postquam
1404 3130 1567 3184 rediit
1624 3131 1945 3213 AlilelliS.C

307 3217 525 3272 Virilem
573 3227 789 3272 aetatem
841 3219 1094 3274 similiter
1146 3220 1392 3290 designat
1443 3221 1495 3274 in
1549 3220 1710 3290 epist.
1745 3221 1872 3286 225,

307 3307 389 3358 ubi
416 3321 476 3360 se
499 3306 661 3359 aliam
693 3321 760 3360 ex
790 3306 893 3360 alia
922 3308 1216 3361 doctrinam
1251 3310 1309 3361 ὲν
1334 3310 1401 3378 τῇ
1428 3307 1521 3361 τοῦ
1550 3308 1709 3377 λόγου
1742 3325 1877 3378 συμ-

307 3399 602 3471 πληρώσει,
663 3417 781 3453 cum
841 3401 1067 3454 adolevit
1100 3401 1262 3466 ratio,
1296 3416 1403 3454 non
1466 3409 1723 3465 mutasse,
1781 3401 1873 3455 sed

307 3502 521 3562 accepta
556 3492 625 3545 ab
653 3493 770 3545 avia
799 3504 852 3545 et
889 3501 1061 3545 matre
1083 3491 1349 3562 principia
1377 3493 1664 3548 retinuisse
1698 3494 1878 3549 decla-

310 3594 408 3634 rat.

371 3674 428 3727 4⁸
459 3673 607 3728 Idem
635 3673 866 3729 edicitur
887 3689 953 3729 ex
985 3675 1118 3744 ipsis
1169 3674 1414 3746 Gregorii
1445 3677 1648 3742 verbis,
1679 3676 1874 3745 quibus

308 3777 420 3831 ροει
459 3767 673 3820 Billium
697 3777 754 3820 et
785 3766 1074 3821 Baroninm
1101 3767 1477 3824 Tillemontius
1501 3768 1802 3824 Caesaream
1824 3769 1876 3822 in

313 3855 599 3910 Palaestina
627 3858 856 3912 indicari
895 3860 1210 3912 arbitratur.
1246 3859 1337 3913 Sic
1385 3859 1550 3930 igitur
1586 3859 1878 3928 Gregorius

306 3949 356 4000 in
387 3949 640 4001 oratione
667 3962 826 4016 quam
853 3948 922 4001 de
968 3947 1150 4002 Basilii
1203 3949 1448 4002 laudibus
1483 3949 1669 4004 habuit
1703 3947 1878 4002 αδδεδ-

307 4055 407 4094 rea:
434 4059 448 4093 :
493 4039 617 4092 Ἐπὶ
647 4040 746 4109 τὴν
771 4041 1088 4111 Καισαρέων
1131 4039 1282 4093 πόλιν
1315 4041 1613 4108 ἐπείγεται,
1644 4041 1750 4095 τῶν
1783 4045 1879 4113 τῇ·

307 4129 358 4180 δε
388 4129 631 4199 μεθέξων
663 4129 1080 4202 παιδευτηρίων,
1108 4131 1310 4200 ταύτην
1338 4131 1393 4184 δὲ
1417 4131 1559 4200 λέγω
1579 4133 1678 4203 τὴν
1725 4150 1878 4204 περι-

309 4222 446 4292 φανῆ
495 4239 552 4274 τε
603 4223 697 4274 καὶ
743 4221 1016 4292 ἡμετέραν
1059 4222 1212 4291 (ἐπεὶ
1251 4224 1344 4276 καὶ
1384 4222 1492 4275 τῶν
1530 4223 1678 4294 ἐμῶν
1709 4223 1879 4292 λόγων

306 4311 440 4382 αὓτη
498 4311 831 4382 καθηγεμὼν
882 4314 976 4366 καὶ
1019 4312 1411 4383 διδάσκαλος),
1453 4315 1550 4385 τὴν
1593 4315 1689 4383 οὐχ
1720 4311 1880 4386 ἦττον

305 4404 476 4471 λόγων
504 4405 857 4475 μητρόπολιν,
887 4407 919 4476 ἦ
945 4405 1052 4457 τῶν
1085 4407 1290 4458 πόλεων
1311 4401 1383 4458 ὧν
1413 4408 1752 4477 ὑπέρκειται,
1786 4409 1878 4459 καὶ

1978 1931 2157 1984 monio
2189 1944 2343 1983 suum
2376 1927 2638 1998 adjungit,
2667 1937 2719 1982 et
2753 1925 2969 1990 litteris,
3001 1924 3140 1976 inter
3164 1920 3352 1989 patriae
3381 1930 3544 1970 orna-

1977 2029 2184 2086 menta,
2245 2020 2478 2089 palmam
2531 2021 2640 2073 dat.
2672 2018 2763 2073 Sic
2804 2017 2947 2072 enim
2979 2015 3046 2069 de
3077 2011 3167 2067 illo
3200 2019 3342 2065 statu
3370 2006 3544 2075 loqui-

1978 2122 2063 2166 tur
2097 2111 2194 2183 (ὁ),
2227 2113 2280 2167 in
2303 2126 2462 2182 quem
2491 2110 2755 2165 divisione
2776 2107 3124 2178 Cappadocia:
3155 2102 3496 2172 redigebatur
3524 2115 3538 2151 :

1979 2201 2345 2270 Spectaculum
2370 2201 2712 2271 foedissimum
2748 2199 2887 2266 [acta
2916 2208 3013 2260 est,
3036 2196 3234 2264 inquit,
3258 2208 3373 2264 qua?
3399 2191 3544 2259 prius

1978 2304 2088 2348 tum
2127 2293 2191 2347 de
2246 2293 2496 2349 litteratis
2527 2294 2657 2346 viris
2685 2333 2698 2356 ,
2732 2301 2840 2346 tum
2881 2292 2944 2345 de
2975 2290 3092 2342 aliis
3134 2288 3278 2340 bonis
3310 2325 3323 2345 ,
3358 2282 3542 2353 quibus

1990 2385 2247 2456 opulenta:
2276 2385 2434 2440 urbes
2455 2385 2746 2448 abundant,
2795 2382 3140 2454 gloriabatur.
3181 2378 3441 2434 Similiter
3488 2376 3542 2428 in

1989 2478 2148 2548 epist.
2182 2477 2271 2544 74,
2302 2492 2357 2531 n.
2387 2478 2441 2542 5,
2467 2477 2768 2530 litterarum
2799 2475 2995 2537 studia,
3022 2475 3234 2528 interea
3265 2485 3382 2539 qua:
3410 2469 3544 2523 civi-

1979 2571 2074 2625 tati
2105 2584 2298 2627 nomen
2336 2577 2392 2624 et
2446 2567 2646 2623 famam
2697 2577 3020 2638 pepererant
3051 2609 3065 2632 ,
3101 2564 3372 2634 praecipue
3397 2577 3546 2617 com-

1977 2669 2266 2716 memorat.
2314 2659 2427 2727 Qua
2459 2670 2640 2714 autem
2697 2666 2816 2714 erat
2864 2658 3172 2712 urbanitate
3227 2653 3543 2722 Gregorius,

1978 2767 2102 2806 num
2141 2751 2333 2820 potuit,
2367 2751 2628 2807 Caesareae
2668 2750 2888 2804 nomine
2933 2749 3302 2817 pronuntiato,
3330 2747 3546 2799 audito-

1980 2858 2065 2898 res
2097 2844 2410 2908 admonere,
2461 2858 2565 2898 non
2593 2858 2710 2898 eam
2739 2841 3040 2898 Caesaream
3069 2881 3083 2907 ,
3117 2842 3167 2893 in
3208 2854 3310 2902 qua
3339 2838 3545 2892 oratio-

1979 2948 2100 2986 nem
2133 2933 2390 2997 babebat,
2421 2934 2516 2989 sed
2544 2933 2806 2988 illustrem
2833 2932 2979 2986 illam
3017 2931 3068 2985 in
3104 2930 3385 2984 Pala’stina
3413 2929 3548 2982 civi-

1983 3034 2147 3079 tatem
2173 3040 2203 3079 a
2235 3040 2294 3080 se
2324 3025 2597 3095 designari
2629 3025 2653 3078 ‘i
2699 3023 2985 3093 Nunquam
3026 3037 3148 3078 eum
3191 3030 3297 3074 tam
3328 3021 3547 3074 inurba-

1981 3134 2045 3173 ne
2096 3128 2312 3187 tamque
2359 3117 2540 3189 pingui
2579 3116 2823 3172 Minerva
2861 3115 3096 3170 locutum
3124 3115 3366 3170 credam.
3414 3111 3546 3180 Qua:

1979 3221 2279 3279 sequuntur
2306 3210 2376 3264 de
2423 3209 2724 3263 litterarum
2758 3206 2984 3269 studiis,
3024 3220 3127 3259 non
3179 3205 3360 3259 minus
3394 3203 3543 3257 inor-

1979 3313 2101 3355 nata
2130 3311 2184 3358 et
2229 3301 2445 3371 illcpida
2484 3309 2692 3365 essent,
2724 3299 2770 3354 si
2798 3300 2864 3355 ad
2895 3299 3198 3355 Caesaream
3247 3297 3546 3352 Palaestinae

1978 3394 2344 3459 referrentur;
2399 3407 2520 3446 cum
2550 3392 2916 3446 Caasarienses
2943 3431 2958 3455 ,
2993 3405 3129 3460 quos
3174 3389 3547 3460 alloquebatur

1979 3483 2298 3553 Gregorius,
2332 3483 2470 3537 hanc
2502 3482 2719 3537 laudem
2742 3523 2756 3546 ,
2791 3492 2851 3536 ut
2885 3482 2996 3552 jam
3044 3481 3183 3548 dixi,
3212 3481 3331 3536 aliis
3363 3480 3548 3536 civita-

1980 3575 2120 3630 tibus
2150 3590 2252 3628 non
2286 3577 2669 3629 concederent.

2049 3665 2163 3720 Non
2219 3667 2571 3721 omittendum
2627 3667 2772 3736 quod
2827 3667 2976 3720 addit
3029 3667 3364 3738 Gregorius:
3424 3666 3547 3718 Jam

1977 3771 2094 3826 qua:
2147 3769 2456 3826 sequuntur,
2503 3758 2540 3809 ii
2592 3766 2854 3825 exponant
2905 3758 2994 3827 qui
3042 3767 3088 3811 et
3143 3773 3259 3811 eum
3310 3759 3449 3825 apud
3497 3773 3551 3810 se

1978 3850 2278 3902 erudierunt
2310 3860 2355 3901 et
2388 3849 2618 3916 fructum
2652 3864 2718 3901 ea:
2746 3849 2916 3917 ipsius
2958 3849 3251 3902 eruditione
3280 3860 3548 3917 ceperunt,

1979 3953 2201 4011 quantus
2237 3942 2469 3996 videlicet
2518 3945 2820 4013 magistris,
2867 3951 3096 4011 quantus
3139 3933 3552 4006 aequalibus.“-

1980 4044 2077 4099 set,
2101 4045 2204 4089 etc.
2239 4034 2355 4088 Non
2393 4045 2638 4103 superest
2668 4035 2974 4104 ambigendi
3006 4034 3160 4088 locus
3206 4033 3340 4087 utris
3370 4032 3551 4088 Caesa-

1983 4126 2252 4180 riensibus
2298 4126 2411 4179 haec
2465 4128 2743 4181 narranda
2795 4126 3088 4194 Gregorius
3135 4125 3438 4194 relinquat;
3484 4125 3555 4180 iis

1981 4219 2069 4288 qui
2103 4219 2258 4290 longe
2296 4219 2488 4272 remoti
2519 4229 2698 4285 erant,
2728 4233 2902 4288 neque
2927 4233 2992 4274 ex
3029 4217 3215 4272 Basilii
3241 4217 3552 4272 eruditione

1982 4309 2237 4378 majorem
2280 4325 2439 4379 quam
2494 4310 2612 4364 alia:
2659 4310 2907 4365 civitates
2949 4309 3234 4364 utilitatem
3295 4322 3553 4378 percepe—

1982 4414 2120 4468 rant,
2160 4417 2223 4455 an
2266 4403 2331 4457 iis
2360 4417 2496 4471 quos
2539 4403 2911 4471 alloquebatur
2990 4403 3304 4472 Gregorius,
3353 4401 3555 4470 quique

307 4493 421 4545 καθ’
454 4487 674 4563 ὦνοὲχει
695 4495 793 4565 τὴν
817 4495 1130 4547 δυναστείαν
1157 4509 1170 4523 ·
1192 4497 1263 4565 ἢν
1294 4498 1346 4549 εἴ
1378 4514 1457 4559 τις
1484 4496 1578 4548 τοῦ
1613 4499 1670 4549 ἐν
1702 4497 1876 4564 λόγοις

1985 4504 2037 4548 et
2070 4492 2252 4547 Basilii
2292 4495 2595 4547 studiorum
2631 4504 2884 4569 poterant
2929 4494 3262 4554 meminisse,
3311 4502 3365 4547 ct
3411 4491 3554 4545 illius

308 4584 540 4652 κράτους
566 4585 1005 4655 ἁποστερήσειεν,
1028 4584 1328 4655 ἀφῃρηκὼς
1350 4586 1498 4639 ἔσται
1517 4586 1646 4639 αὐτὸ
1664 4587 1722 4638 τὸ
1752 4586 1878 4638 κάλ-

309 4673 481 4728 λιστόν
509 4693 568 4727 τε
594 4679 687 4728 καὶ
716 4676 1044 4730 ἱδικὼτατον.
1075 4678 1262 4732 ’Ἃλλαι
1287 4680 1383 4748 μὲν
1407 4678 1513 4749 γὰρ
1539 4678 1647 4730 τῶν
1673 4680 1877 4732 πόλεων

310 4767 482 4830 ἄλλοις
496 4768 820 4835 ἀγάλλονται
839 4769 1302 4840 καλλωπίσμασιν,
1327 4771 1358 4842 ἢ
1382 4770 1648 4834 παλαιοῖς,
1669 4771 1700 4840 ἦ
1719 4772 1876 4833 νέοις,

309 4858 450 4921 ὅπως
482 4859 548 4912 ἂν
575 4856 726 4928 οἶμαι
765 4861 870 4912 τῶν
895 4862 1244 4932 διηγημάτων
1275 4862 1469 4932 ἔχωσιν
1499 4863 1530 4932 ἢ
1578 4862 1685 4915 τῶν
1733 4866 1874 4932 ὁρω-

313 4949 484 5015 μένων
502 4968 513 4978 ·
537 4950 661 5020 τῇδε
685 4951 831 5017 λόγοι
853 4953 911 5004 τὸ
927 4952 1233 5022 γνώρισμα,
1263 4953 1453 5022 ὥσπερ
1477 4956 1533 5006 ὲν
1554 4955 1664 5015 τοῖς
1695 4953 1878 5015 ὅπλοις

312 5038 340 5107 ἢ
372 5041 487 5102 τοῖς
521 5039 760 5109 δράμασι
788 5041 856 5093 τὰ
896 5042 1159 5113 ἐπίσημα.
1201 5043 1518 5105 Cwsaream,
1563 5053 1616 5096 ut
1673 5043 1882 5096 schola-

315 5145 423 5182 rum
449 5131 595 5185 urbis
629 5133 772 5186 illius
805 5137 1062 5201 particeps
1094 5146 1246 5200 esset,
1286 5136 1552 5189 contendit
1579 5176 1594 5201 ,
1621 5136 1756 5188 hanc
1789 5136 1874 5186 in-

313 5240 463 5282 quam
495 5223 753 5277 illustrem
782 5226 1049 5279 civitatem
1073 5267 1087 5290 ,
1116 5237 1161 5278 et
1189 5235 1419 5279 nostram
1471 5227 1614 5295 (nam
1643 5242 1877 5278 meorum

315 5328 511 5382 quoque
545 5305 843 5367 studiorum
879 5315 988 5368 dua:
1018 5327 1063 5367 et
1089 5317 1339 5385 magistra
1365 5315 1612 5379 exstititl,
1635 5332 1751 5384 qua:
1778 5332 1877 5368 non

315 5407 480 5458 minus
510 5406 809 5458 litterarum
840 5423 993 5474 mque
1015 5409 1290 5468 doctrinm,
1329 5424 1484 5476 quam
1528 5408 1733 5460 urbium
1763 5407 1878 5476 qui.

318 5491 405 5545 bus
451 5495 705 5562 prtecellit
760 5506 806 5548 et
858 5497 1178 5561 dominatur,
1227 5499 1578 5566 metropolis:
1626 5514 1781 5567 quam
1829 5498 1874 5548 si

318 5585 425 5645 quis
451 5585 711 5638 doctrina?
739 5586 914 5652 palma
954 5585 1275 5650 spoliauerit,
1319 5605 1420 5641 rem
1473 5590 1702 5641 ninnium
1756 5587 1870 5653 pul-

383 5767 454 5836 (ο)
493 5765 553 5823 In
593 5760 716 5823 Vit!
746 5765 944 5830 Camn,
976 5780 1092 5836 cap.
1119 5765 1204 5823 45.

1987 4587 2230 4640 doctrina
2275 4599 2370 4654 per
2407 4597 2483 4638 tot
2516 4601 2688 4641 annos
2736 4587 2924 4641 imbuti
2964 4586 3193 4642 fuerant.
3220 4583 3354 4639 Cum
3393 4583 3556 4651 igitur

1988 4676 2070 4730 bis
2110 4675 2286 4731 verbis
2315 4677 2566 4732 Caesarea
2621 4678 3006 4746 Cappadocum
3033 4677 3399 4745 dignoscatur,
3449 4674 3554 4727 im-

1989 4768 2181 4822 merito
2214 4768 2406 4835 quaerit
2433 4766 2830 4829 'l‘illcrnontius,
2857 4782 2953 4820 cur
2979 4766 3292 4836 Gregorius,
3329 4765 3418 4833 qui
3445 4762 3558 4817 Cac-

1989 4874 2155 4913 sareze
2185 4859 2495 4927 perorabat,
2528 4858 2780 4912 Basiliutn
2820 4864 2870 4911 in
2910 4860 3046 4912 hanc
3073 4859 3254 4912 urbem
3278 4856 3555 4922 conceptis

1989 4945 2164 4999 verbis
2199 4946 2416 5001 venisse
2464 4963 2568 5000 non
2615 4949 2793 5014 dicat;
2837 4964 2934 5002 cur
2969 4964 3073 5002 non
3116 4964 3232 5001 eam
3280 4949 3550 5016 designet,

1986 5037 2093 5091 nisi
2134 5035 2394 5105 ejusmodi
2429 5038 2592 5100 notis,
2625 5054 2742 5105 qua:
2783 5039 2970 5094 saltem
3007 5040 3056 5094 ei
3083 5045 3202 5094 eum
3237 5038 3403 5092 altera
3443 5037 3555 5091 Cac-

1984 5147 2138 5186 sarea
2170 5146 2484 5186 communes
2512 5133 2641 5185 sint.

2055 5223 2160 5278 Sed
2201 5226 2342 5278 idem
2386 5224 2732 5278 doctissimus
2780 5225 3013 5292 scriptor
3059 5223 3162 5277 hoc
3214 5222 3553 5290 potissimum

1983 5326 2304 5385 argumento
2337 5316 2548 5380 nititur,
2578 5317 2718 5386 quod
2755 5316 3067 5387 Gregorius,
3107 5326 3394 5385 postquam
3437 5314 3554 5365 Cae—

1984 5422 2198 5462 saream
2239 5423 2392 5461 suain
2427 5423 2548 5463 esse
2593 5410 2760 5474 dixit,
2806 5410 2988 5464 statim
3035 5411 3198 5465 addat
3239 5412 3357 5464 ideo
3401 5426 3551 5463 suam

1983 5514 2120 5564 esse,
2146 5500 2268 5567 quia
2289 5500 2359 5554 ibi
2380 5501 2570 5556 litteris
2592 5517 2810 5570 operam
2834 5503 3055 5558 dederat
3082 5521 3095 5556 :
3119 5501 3286 5565 "nnc,
3321 5505 3552 5568 inqimm,

1983 5588 2237 5640 illustrem
2273 5589 2552 5656 civitatem,
2597 5603 2642 5645 et
2682 5603 2945 5655 ucstram;
2991 5609 3107 5645 nam
3158 5608 3387 5646 meorum
3425 5609 3555 5659 qum

2060 5766 2132 5840 (b)
2174 5767 2268 5837 Ep.
2307 5768 2392 5822 76.
