  <div class='ocr_page' id='page_1' title='image "/cluster/home/n/w/nwhite01/storage/ocr_20150623/29/mdp.39015012934371/019.png"; bbox 0 0 3958 6212; ppageno 0'>
   <div class='ocr_carea' id='block_1_1' title="bbox 344 329 2252 391">
    <p class='ocr_par' dir='ltr' id='par_1_1' title="bbox 344 329 2252 391">
     <span class='ocr_line' id='line_1_1' title="bbox 344 329 2252 391; baseline 0.014 -27"><span class='ocrx_word' id='word_1_1' title='bbox 344 336 379 376; x_wconf 77' lang='grc' dir='ltr'>χ</span> <span class='ocrx_word' id='word_1_2' title='bbox 1724 329 2252 391; x_wconf 79' lang='lat' dir='ltr'><strong>I‘llOLEGOMENA.</strong></span> 
     </span>
    </p>
   </div>
   <div class='ocr_carea' id='block_1_2' title="bbox 345 439 1926 526">
    <p class='ocr_par' dir='ltr' id='par_1_2' title="bbox 345 439 1912 518">
     <span class='ocr_line' id='line_1_2' title="bbox 345 439 1912 518; baseline 0.01 -30"><span class='ocrx_word' id='word_1_3' title='bbox 345 455 446 504; x_wconf 69' lang='lat' dir='ltr'><strong>que</strong></span> <span class='ocrx_word' id='word_1_4' title='bbox 495 439 786 492; x_wconf 81' lang='lat' dir='ltr'><strong>studiorum</strong></span> <span class='ocrx_word' id='word_1_5' title='bbox 818 441 926 494; x_wconf 73' lang='lat' dir='ltr'><strong>dux</strong></span> <span class='ocrx_word' id='word_1_6' title='bbox 959 451 1004 494; x_wconf 82' lang='lat' dir='ltr'><strong>et</strong></span> <span class='ocrx_word' id='word_1_7' title='bbox 1043 443 1290 511; x_wconf 69' lang='lat' dir='ltr'><strong>magistra</strong></span> <span class='ocrx_word' id='word_1_8' title='bbox 1336 447 1554 500; x_wconf 65' lang='lat' dir='ltr'><strong>exstitit.</strong></span> <span class='ocrx_word' id='word_1_9' title='bbox 1591 447 1762 518; x_wconf 85' lang='lat' dir='ltr'><strong>Negat</strong></span> <span class='ocrx_word' id='word_1_10' title='bbox 1804 451 1912 506; x_wconf 87' lang='lat' dir='ltr'><strong>Til-</strong></span> 
     </span>
    </p>
   </div>
   <div class='ocr_carea' id='block_1_3' title="bbox 2035 439 3586 526">
    <p class='ocr_par' dir='ltr' id='par_1_3' title="bbox 2035 461 3586 526">
     <span class='ocr_line' id='line_1_3' title="bbox 2035 461 3586 526; baseline 0.008 -21"><span class='ocrx_word' id='word_1_11' title='bbox 2035 461 2368 526; x_wconf 65' lang='lat' dir='ltr'><strong>ihilosopmze</strong></span> <span class='ocrx_word' id='word_1_12' title='bbox 2411 473 2630 523; x_wconf 81' lang='lat' dir='ltr'><strong>operam</strong></span> <span class='ocrx_word' id='word_1_13' title='bbox 2686 475 2788 514; x_wconf 89' lang='lat' dir='ltr'><strong>non</strong></span> <span class='ocrx_word' id='word_1_14' title='bbox 2825 461 3056 526; x_wconf 84' lang='lat' dir='ltr'><strong>dedisse,</strong></span> <span class='ocrx_word' id='word_1_15' title='bbox 3101 463 3191 518; x_wconf 89' lang='lat' dir='ltr'><strong>sed</strong></span> <span class='ocrx_word' id='word_1_16' title='bbox 3241 465 3380 519; x_wconf 92' lang='lat' dir='ltr'><strong>hanc</strong></span> <span class='ocrx_word' id='word_1_17' title='bbox 3421 465 3586 518; x_wconf 74' lang='lat' dir='ltr'><strong>disci-</strong></span> 
     </span>
    </p>
   </div>
   <div class='ocr_carea' id='block_1_4' title="bbox 351 525 1916 611">
    <p class='ocr_par' dir='ltr' id='par_1_4' title="bbox 351 525 1916 611">
     <span class='ocr_line' id='line_1_4' title="bbox 351 525 1916 611; baseline 0.015 -37"><span class='ocrx_word' id='word_1_18' title='bbox 351 525 640 582; x_wconf 71' lang='grc' dir='ltr'><strong>ιντιιιοιιιίυε</strong></span> <span class='ocrx_word' id='word_1_19' title='bbox 686 529 800 582; x_wconf 71' lang='lat' dir='ltr'><strong>ha&#39;c</strong></span> <span class='ocrx_word' id='word_1_20' title='bbox 853 534 1143 586; x_wconf 86' lang='lat' dir='ltr'><strong>convenire</strong></span> <span class='ocrx_word' id='word_1_21' title='bbox 1191 536 1245 588; x_wconf 93' lang='lat' dir='ltr'><strong>in</strong></span> <span class='ocrx_word' id='word_1_22' title='bbox 1286 535 1584 591; x_wconf 80' lang='lat' dir='ltr'><strong>Czrsarcam</strong></span> <span class='ocrx_word' id='word_1_23' title='bbox 1633 539 1916 611; x_wconf 86' lang='lat' dir='ltr'><strong>Cappado-</strong></span> 
     </span>
    </p>
   </div>
   <div class='ocr_carea' id='block_1_5' title="bbox 349 619 1920 690">
    <p class='ocr_par' dir='ltr' id='par_1_5' title="bbox 349 619 1920 690">
     <span class='ocr_line' id='line_1_5' title="bbox 349 619 1920 690; baseline 0.012 -23"><span class='ocrx_word' id='word_1_24' title='bbox 349 619 467 677; x_wconf 75' lang='lat' dir='ltr'><strong>cizc,</strong></span> <span class='ocrx_word' id='word_1_25' title='bbox 516 632 677 685; x_wconf 87' lang='lat' dir='ltr'><strong>quam</strong></span> <span class='ocrx_word' id='word_1_26' title='bbox 713 619 1005 690; x_wconf 80' lang='lat' dir='ltr'><strong>Gregorius</strong></span> <span class='ocrx_word' id='word_1_27' title='bbox 1050 638 1199 677; x_wconf 89' lang='lat' dir='ltr'><strong>suam</strong></span> <span class='ocrx_word' id='word_1_28' title='bbox 1233 626 1354 680; x_wconf 90' lang='lat' dir='ltr'><strong>aliis</strong></span> <span class='ocrx_word' id='word_1_29' title='bbox 1387 627 1455 681; x_wconf 92' lang='lat' dir='ltr'><strong>de</strong></span> <span class='ocrx_word' id='word_1_30' title='bbox 1503 630 1684 683; x_wconf 80' lang='lat' dir='ltr'><strong>causis</strong></span> <span class='ocrx_word' id='word_1_31' title='bbox 1729 645 1920 686; x_wconf 88' lang='lat' dir='ltr'><strong>vocare</strong></span> 
     </span>
    </p>
   </div>
   <div class='ocr_carea' id='block_1_6' title="bbox 357 712 1918 792">
    <p class='ocr_par' dir='ltr' id='par_1_6' title="bbox 357 712 1918 792">
     <span class='ocr_line' id='line_1_6' title="bbox 357 712 1918 792; baseline 0.01 -31"><span class='ocrx_word' id='word_1_32' title='bbox 357 718 590 774; x_wconf 74' lang='lat' dir='ltr'><strong>poterat,</strong></span> <span class='ocrx_word' id='word_1_33' title='bbox 646 712 914 780; x_wconf 85' lang='lat' dir='ltr'><strong>inprimis,</strong></span> <span class='ocrx_word' id='word_1_34' title='bbox 953 716 1078 783; x_wconf 86' lang='lat' dir='ltr'><strong>quia</strong></span> <span class='ocrx_word' id='word_1_35' title='bbox 1111 731 1229 770; x_wconf 87' lang='lat' dir='ltr'><strong>eam</strong></span> <span class='ocrx_word' id='word_1_36' title='bbox 1261 719 1546 784; x_wconf 77' lang='lat' dir='ltr'><strong>provincia:</strong></span> <span class='ocrx_word' id='word_1_37' title='bbox 1581 723 1918 792; x_wconf 81' lang='lat' dir='ltr'><strong>metrOpolim</strong></span> 
     </span>
    </p>
   </div>
   <div class='ocr_carea' id='block_1_7' title="bbox 349 806 1918 877">
    <p class='ocr_par' dir='ltr' id='par_1_7' title="bbox 349 806 1918 877">
     <span class='ocr_line' id='line_1_7' title="bbox 349 806 1918 877; baseline 0.013 -29"><span class='ocrx_word' id='word_1_38' title='bbox 349 806 709 867; x_wconf 72' lang='lat' dir='ltr'><strong>agnoscebat;</strong></span> <span class='ocrx_word' id='word_1_39' title='bbox 775 807 914 872; x_wconf 84' lang='lat' dir='ltr'><strong>quod</strong></span> <span class='ocrx_word' id='word_1_40' title='bbox 985 822 1104 860; x_wconf 90' lang='lat' dir='ltr'><strong>cum</strong></span> <span class='ocrx_word' id='word_1_41' title='bbox 1171 811 1423 864; x_wconf 90' lang='lat' dir='ltr'><strong>omnibus</strong></span> <span class='ocrx_word' id='word_1_42' title='bbox 1493 819 1677 865; x_wconf 89' lang='lat' dir='ltr'><strong>notum</strong></span> <span class='ocrx_word' id='word_1_43' title='bbox 1740 823 1918 877; x_wconf 83' lang='lat' dir='ltr'><strong>esset,</strong></span> 
     </span>
    </p>
   </div>
   <div class='ocr_carea' id='block_1_8' title="bbox 349 879 1919 969">
    <p class='ocr_par' dir='ltr' id='par_1_8' title="bbox 349 879 1919 969">
     <span class='ocr_line' id='line_1_8' title="bbox 349 879 1919 969; baseline 0.012 -29"><span class='ocrx_word' id='word_1_44' title='bbox 349 906 499 944; x_wconf 70' lang='lat' dir='ltr'><strong>suam</strong></span> <span class='ocrx_word' id='word_1_45' title='bbox 530 879 709 948; x_wconf 78' lang='lat' dir='ltr'><strong>dicere</strong></span> <span class='ocrx_word' id='word_1_46' title='bbox 737 895 944 961; x_wconf 91' lang='lat' dir='ltr'><strong>debuit,</strong></span> <span class='ocrx_word' id='word_1_47' title='bbox 972 897 1116 951; x_wconf 85' lang='lat' dir='ltr'><strong>nulla</strong></span> <span class='ocrx_word' id='word_1_48' title='bbox 1151 899 1334 954; x_wconf 82' lang='lat' dir='ltr'><strong>addita</strong></span> <span class='ocrx_word' id='word_1_49' title='bbox 1365 901 1596 969; x_wconf 84' lang='lat' dir='ltr'><strong>ratione,</strong></span> <span class='ocrx_word' id='word_1_50' title='bbox 1625 911 1684 957; x_wconf 88' lang='lat' dir='ltr'><strong>ut</strong></span> <span class='ocrx_word' id='word_1_51' title='bbox 1716 903 1768 958; x_wconf 93' lang='lat' dir='ltr'><strong>in</strong></span> <span class='ocrx_word' id='word_1_52' title='bbox 1800 903 1919 960; x_wconf 89' lang='lat' dir='ltr'><strong>aliis</strong></span> 
     </span>
    </p>
   </div>
   <div class='ocr_carea' id='block_1_9' title="bbox 350 981 672 1037">
    <p class='ocr_par' dir='ltr' id='par_1_9' title="bbox 350 981 672 1037">
     <span class='ocr_line' id='line_1_9' title="bbox 350 981 672 1037; baseline 0.016 -5"><span class='ocrx_word' id='word_1_53' title='bbox 350 981 487 1036; x_wconf 82' lang='lat' dir='ltr'><strong>locis</strong></span> <span class='ocrx_word' id='word_1_54' title='bbox 522 982 672 1037; x_wconf 76' lang='lat' dir='ltr'><strong>facit.</strong></span> 
     </span>
    </p>
   </div>
   <div class='ocr_carea' id='block_1_10' title="bbox 422 1075 1912 1153">
    <p class='ocr_par' dir='ltr' id='par_1_10' title="bbox 422 1075 1912 1153">
     <span class='ocr_line' id='line_1_10' title="bbox 422 1075 1912 1153; baseline 0.011 -26"><span class='ocrx_word' id='word_1_55' title='bbox 422 1075 578 1141; x_wconf 90' lang='lat' dir='ltr'><strong>Quod</strong></span> <span class='ocrx_word' id='word_1_56' title='bbox 615 1077 785 1132; x_wconf 90' lang='lat' dir='ltr'><strong>instar</strong></span> <span class='ocrx_word' id='word_1_57' title='bbox 831 1082 1154 1136; x_wconf 86' lang='lat' dir='ltr'><strong>incommodi</strong></span> <span class='ocrx_word' id='word_1_58' title='bbox 1190 1083 1377 1151; x_wconf 86' lang='lat' dir='ltr'><strong>objicit</strong></span> <span class='ocrx_word' id='word_1_59' title='bbox 1427 1085 1822 1153; x_wconf 87' lang='lat' dir='ltr'><strong>Tillemontius,</strong></span> <span class='ocrx_word' id='word_1_60' title='bbox 1859 1088 1912 1143; x_wconf 90' lang='lat' dir='ltr'><strong>id</strong></span> 
     </span>
    </p>
   </div>
   <div class='ocr_carea' id='block_1_11' title="bbox 350 1170 1916 1247">
    <p class='ocr_par' dir='ltr' id='par_1_11' title="bbox 350 1170 1916 1247">
     <span class='ocr_line' id='line_1_11' title="bbox 350 1170 1916 1247; baseline 0.01 -31"><span class='ocrx_word' id='word_1_61' title='bbox 350 1170 650 1235; x_wconf 80' lang='lat' dir='ltr'><strong>argumenti</strong></span> <span class='ocrx_word' id='word_1_62' title='bbox 694 1170 809 1225; x_wconf 92' lang='lat' dir='ltr'><strong>loco</strong></span> <span class='ocrx_word' id='word_1_63' title='bbox 839 1173 1099 1228; x_wconf 88' lang='lat' dir='ltr'><strong>adhibere</strong></span> <span class='ocrx_word' id='word_1_64' title='bbox 1139 1189 1444 1244; x_wconf 85' lang='lat' dir='ltr'><strong>possumus,</strong></span> <span class='ocrx_word' id='word_1_65' title='bbox 1487 1178 1738 1247; x_wconf 86' lang='lat' dir='ltr'><strong>quamvis</strong></span> <span class='ocrx_word' id='word_1_66' title='bbox 1769 1178 1916 1232; x_wconf 91' lang='lat' dir='ltr'><strong>illum</strong></span> 
     </span>
    </p>
   </div>
   <div class='ocr_carea' id='block_1_12' title="bbox 350 1259 1918 1336">
    <p class='ocr_par' dir='ltr' id='par_1_12' title="bbox 350 1259 1918 1336">
     <span class='ocr_line' id='line_1_12' title="bbox 350 1259 1918 1336; baseline 0.008 -26"><span class='ocrx_word' id='word_1_67' title='bbox 350 1259 403 1310; x_wconf 88' lang='lat' dir='ltr'><strong>in</strong></span> <span class='ocrx_word' id='word_1_68' title='bbox 445 1259 894 1329; x_wconf 85' lang='lat' dir='ltr'><strong>interpretatione</strong></span> <span class='ocrx_word' id='word_1_69' title='bbox 929 1265 1087 1333; x_wconf 88' lang='lat' dir='ltr'><strong>hujus</strong></span> <span class='ocrx_word' id='word_1_70' title='bbox 1119 1267 1218 1320; x_wconf 90' lang='lat' dir='ltr'><strong>loci</strong></span> <span class='ocrx_word' id='word_1_71' title='bbox 1271 1281 1582 1336; x_wconf 89' lang='lat' dir='ltr'><strong>sequamur.</strong></span> <span class='ocrx_word' id='word_1_72' title='bbox 1627 1268 1760 1322; x_wconf 85' lang='lat' dir='ltr'><strong>Nam</strong></span> <span class='ocrx_word' id='word_1_73' title='bbox 1794 1283 1918 1324; x_wconf 88' lang='lat' dir='ltr'><strong>cum</strong></span> 
     </span>
    </p>
   </div>
   <div class='ocr_carea' id='block_1_13' title="bbox 348 1350 1921 1430">
    <p class='ocr_par' dir='ltr' id='par_1_13' title="bbox 348 1350 1921 1430">
     <span class='ocr_line' id='line_1_13' title="bbox 348 1350 1921 1430; baseline 0.009 -30"><span class='ocrx_word' id='word_1_74' title='bbox 348 1350 648 1405; x_wconf 69' lang='lat' dir='ltr'><strong>Caesaream</strong></span> <span class='ocrx_word' id='word_1_75' title='bbox 699 1353 986 1424; x_wconf 80' lang='lat' dir='ltr'><strong>Gregorius</strong></span> <span class='ocrx_word' id='word_1_76' title='bbox 1029 1359 1098 1412; x_wconf 92' lang='lat' dir='ltr'><strong>ob</strong></span> <span class='ocrx_word' id='word_1_77' title='bbox 1127 1359 1459 1427; x_wconf 87' lang='lat' dir='ltr'><strong>disciplinas,</strong></span> <span class='ocrx_word' id='word_1_78' title='bbox 1503 1375 1639 1428; x_wconf 89' lang='lat' dir='ltr'><strong>quas</strong></span> <span class='ocrx_word' id='word_1_79' title='bbox 1682 1361 1755 1414; x_wconf 93' lang='lat' dir='ltr'><strong>ibi</strong></span> <span class='ocrx_word' id='word_1_80' title='bbox 1803 1375 1921 1430; x_wconf 70' lang='grc' dir='ltr'><strong>ρει-ο</strong></span> 
     </span>
    </p>
   </div>
   <div class='ocr_carea' id='block_1_14' title="bbox 351 1449 1922 1520">
    <p class='ocr_par' dir='ltr' id='par_1_14' title="bbox 351 1449 1922 1520">
     <span class='ocr_line' id='line_1_14' title="bbox 351 1449 1922 1520; baseline 0.008 -28"><span class='ocrx_word' id='word_1_81' title='bbox 351 1453 587 1512; x_wconf 77' lang='lat' dir='ltr'><strong>ceperat.</strong></span> <span class='ocrx_word' id='word_1_82' title='bbox 617 1461 722 1500; x_wconf 89' lang='lat' dir='ltr'><strong>non</strong></span> <span class='ocrx_word' id='word_1_83' title='bbox 756 1449 927 1500; x_wconf 91' lang='lat' dir='ltr'><strong>solum</strong></span> <span class='ocrx_word' id='word_1_84' title='bbox 964 1449 1033 1502; x_wconf 92' lang='lat' dir='ltr'><strong>ob</strong></span> <span class='ocrx_word' id='word_1_85' title='bbox 1071 1452 1460 1518; x_wconf 90' lang='lat' dir='ltr'><strong>metropolitica</strong></span> <span class='ocrx_word' id='word_1_86' title='bbox 1489 1452 1610 1520; x_wconf 86' lang='lat' dir='ltr'><strong>jura</strong></span> <span class='ocrx_word' id='word_1_87' title='bbox 1649 1466 1801 1504; x_wconf 88' lang='lat' dir='ltr'><strong>suam</strong></span> <span class='ocrx_word' id='word_1_88' title='bbox 1838 1451 1922 1504; x_wconf 86' lang='lat' dir='ltr'><strong>di-</strong></span> 
     </span>
    </p>
   </div>
   <div class='ocr_carea' id='block_1_15' title="bbox 349 1537 1904 1608">
    <p class='ocr_par' dir='ltr' id='par_1_15' title="bbox 349 1537 1904 1608">
     <span class='ocr_line' id='line_1_15' title="bbox 349 1537 1904 1608; baseline 0.006 -23"><span class='ocrx_word' id='word_1_89' title='bbox 349 1544 528 1600; x_wconf 80' lang='lat' dir='ltr'><strong>ceret;</strong></span> <span class='ocrx_word' id='word_1_90' title='bbox 578 1537 837 1592; x_wconf 89' lang='lat' dir='ltr'><strong>rationem</strong></span> <span class='ocrx_word' id='word_1_91' title='bbox 871 1539 1068 1594; x_wconf 88' lang='lat' dir='ltr'><strong>addere</strong></span> <span class='ocrx_word' id='word_1_92' title='bbox 1097 1540 1301 1608; x_wconf 87' lang='lat' dir='ltr'><strong>debuit,</strong></span> <span class='ocrx_word' id='word_1_93' title='bbox 1346 1557 1442 1596; x_wconf 93' lang='lat' dir='ltr'><strong>cur</strong></span> <span class='ocrx_word' id='word_1_94' title='bbox 1478 1557 1596 1596; x_wconf 88' lang='lat' dir='ltr'><strong>eam</strong></span> <span class='ocrx_word' id='word_1_95' title='bbox 1645 1542 1904 1608; x_wconf 74' lang='lat' dir='ltr'><strong>singulari</strong></span> 
     </span>
    </p>
   </div>
   <div class='ocr_carea' id='block_1_16' title="bbox 350 1627 1922 1702">
    <p class='ocr_par' dir='ltr' id='par_1_16' title="bbox 350 1627 1922 1702">
     <span class='ocr_line' id='line_1_16' title="bbox 350 1627 1922 1702; baseline 0.008 -25"><span class='ocrx_word' id='word_1_96' title='bbox 350 1627 510 1681; x_wconf 84' lang='lat' dir='ltr'><strong>modo</strong></span> <span class='ocrx_word' id='word_1_97' title='bbox 543 1642 692 1682; x_wconf 89' lang='lat' dir='ltr'><strong>suam</strong></span> <span class='ocrx_word' id='word_1_98' title='bbox 717 1630 936 1685; x_wconf 90' lang='lat' dir='ltr'><strong>diceret.</strong></span> <span class='ocrx_word' id='word_1_99' title='bbox 960 1632 1171 1702; x_wconf 81' lang='lat' dir='ltr'><strong>Alioqui</strong></span> <span class='ocrx_word' id='word_1_100' title='bbox 1204 1649 1364 1688; x_wconf 87' lang='lat' dir='ltr'><strong>nemo</strong></span> <span class='ocrx_word' id='word_1_101' title='bbox 1402 1649 1510 1690; x_wconf 90' lang='lat' dir='ltr'><strong>non</strong></span> <span class='ocrx_word' id='word_1_102' title='bbox 1561 1636 1922 1690; x_wconf 72' lang='lat' dir='ltr'><strong>existimassct</strong></span> 
     </span>
    </p>
   </div>
   <div class='ocr_carea' id='block_1_17' title="bbox 348 1721 1920 1794">
    <p class='ocr_par' dir='ltr' id='par_1_17' title="bbox 348 1721 1920 1794">
     <span class='ocr_line' id='line_1_17' title="bbox 348 1721 1920 1794; baseline 0.008 -25"><span class='ocrx_word' id='word_1_103' title='bbox 348 1733 471 1771; x_wconf 80' lang='lat' dir='ltr'><strong>cum</strong></span> <span class='ocrx_word' id='word_1_104' title='bbox 501 1721 566 1773; x_wconf 89' lang='lat' dir='ltr'><strong>ad</strong></span> <span class='ocrx_word' id='word_1_105' title='bbox 599 1721 908 1790; x_wconf 86' lang='lat' dir='ltr'><strong>metropolis</strong></span> <span class='ocrx_word' id='word_1_106' title='bbox 930 1721 1054 1792; x_wconf 86' lang='lat' dir='ltr'><strong>jura</strong></span> <span class='ocrx_word' id='word_1_107' title='bbox 1091 1726 1380 1794; x_wconf 75' lang='lat' dir='ltr'><strong>rcSpicere.</strong></span> <span class='ocrx_word' id='word_1_108' title='bbox 1425 1724 1613 1794; x_wconf 84' lang='lat' dir='ltr'><strong>Itaque</strong></span> <span class='ocrx_word' id='word_1_109' title='bbox 1643 1727 1743 1781; x_wconf 86' lang='lat' dir='ltr'><strong>etsi</strong></span> <span class='ocrx_word' id='word_1_110' title='bbox 1777 1727 1920 1781; x_wconf 92' lang='lat' dir='ltr'><strong>hunc</strong></span> 
     </span>
    </p>
   </div>
   <div class='ocr_carea' id='block_1_18' title="bbox 355 1789 1995 1885">
    <p class='ocr_par' dir='ltr' id='par_1_18' title="bbox 355 1789 1995 1885">
     <span class='ocr_line' id='line_1_18' title="bbox 355 1789 1995 1885; baseline 0.006 -24"><span class='ocrx_word' id='word_1_111' title='bbox 355 1810 530 1864; x_wconf 90' lang='lat' dir='ltr'><strong>locum</strong></span> <span class='ocrx_word' id='word_1_112' title='bbox 563 1789 1013 1883; x_wconf 28' lang='lat' dir='ltr'><strong>intelligituus,‘ut</strong></span> <span class='ocrx_word' id='word_1_113' title='bbox 1059 1789 1306 1885; x_wconf 80' lang='lat' dir='ltr'><strong>intelligit</strong></span> <span class='ocrx_word' id='word_1_114' title='bbox 1335 1789 1743 1881; x_wconf 76' lang='lat' dir='ltr'><strong>Tillemontius;</strong></span> <span class='ocrx_word' id='word_1_115' title='bbox 1784 1818 1920 1872; x_wconf 87' lang='lat' dir='ltr'><strong>nihil</strong></span> <span class='ocrx_word' id='word_1_116' title='bbox 1954 1789 1995 1847; x_wconf 70' lang='grc' dir='ltr'><strong><em>Β</em></strong></span> 
     </span>
    </p>
   </div>
   <div class='ocr_carea' id='block_1_19' title="bbox 355 1904 1922 1977">
    <p class='ocr_par' dir='ltr' id='par_1_19' title="bbox 355 1904 1922 1977">
     <span class='ocr_line' id='line_1_19' title="bbox 355 1904 1922 1977; baseline 0.006 -24"><span class='ocrx_word' id='word_1_117' title='bbox 355 1912 499 1956; x_wconf 87' lang='lat' dir='ltr'><strong>vetat</strong></span> <span class='ocrx_word' id='word_1_118' title='bbox 545 1904 611 1959; x_wconf 91' lang='lat' dir='ltr'><strong>de</strong></span> <span class='ocrx_word' id='word_1_119' title='bbox 658 1905 902 1961; x_wconf 57' lang='lat' dir='ltr'><strong>Caésarea</strong></span> <span class='ocrx_word' id='word_1_120' title='bbox 957 1907 1337 1976; x_wconf 86' lang='lat' dir='ltr'><strong>Cappadocum</strong></span> <span class='ocrx_word' id='word_1_121' title='bbox 1399 1909 1645 1977; x_wconf 75' lang='lat' dir='ltr'><strong>intelligi.</strong></span> <span class='ocrx_word' id='word_1_122' title='bbox 1730 1908 1922 1964; x_wconf 85' lang='lat' dir='ltr'><strong>Verum</strong></span> 
     </span>
    </p>
   </div>
   <div class='ocr_carea' id='block_1_20' title="bbox 353 1993 1926 2069">
    <p class='ocr_par' dir='ltr' id='par_1_20' title="bbox 353 1993 1926 2069">
     <span class='ocr_line' id='line_1_20' title="bbox 353 1993 1926 2069; baseline 0.003 -21"><span class='ocrx_word' id='word_1_123' title='bbox 353 1993 600 2064; x_wconf 84' lang='lat' dir='ltr'><strong>Gregorii</strong></span> <span class='ocrx_word' id='word_1_124' title='bbox 629 1997 790 2051; x_wconf 83' lang='lat' dir='ltr'><strong>verba</strong></span> <span class='ocrx_word' id='word_1_125' title='bbox 825 1998 905 2052; x_wconf 89' lang='lat' dir='ltr'><strong>sic</strong></span> <span class='ocrx_word' id='word_1_126' title='bbox 937 1999 1106 2068; x_wconf 88' lang='lat' dir='ltr'><strong>accipi</strong></span> <span class='ocrx_word' id='word_1_127' title='bbox 1143 2009 1362 2069; x_wconf 87' lang='lat' dir='ltr'><strong>possent</strong></span> <span class='ocrx_word' id='word_1_128' title='bbox 1391 1999 1444 2052; x_wconf 90' lang='lat' dir='ltr'><strong>in</strong></span> <span class='ocrx_word' id='word_1_129' title='bbox 1489 1998 1624 2053; x_wconf 89' lang='lat' dir='ltr'><strong>Billii</strong></span> <span class='ocrx_word' id='word_1_130' title='bbox 1662 2000 1926 2068; x_wconf 86' lang='lat' dir='ltr'><strong>interpre-</strong></span> 
     </span>
    </p>
   </div>
   <div class='ocr_carea' id='block_1_21' title="bbox 356 2087 1924 2160">
    <p class='ocr_par' dir='ltr' id='par_1_21' title="bbox 356 2087 1924 2160">
     <span class='ocr_line' id='line_1_21' title="bbox 356 2087 1924 2160; baseline 0.002 -21"><span class='ocrx_word' id='word_1_131' title='bbox 356 2087 580 2151; x_wconf 87' lang='lat' dir='ltr'><strong>tatione,</strong></span> <span class='ocrx_word' id='word_1_132' title='bbox 624 2096 683 2143; x_wconf 88' lang='lat' dir='ltr'><strong>ut</strong></span> <span class='ocrx_word' id='word_1_133' title='bbox 724 2087 852 2143; x_wconf 92' lang='lat' dir='ltr'><strong>illud</strong></span> <span class='ocrx_word' id='word_1_134' title='bbox 900 2100 1132 2143; x_wconf 88' lang='lat' dir='ltr'><strong>nostram</strong></span> <span class='ocrx_word' id='word_1_135' title='bbox 1175 2090 1442 2146; x_wconf 82' lang='lat' dir='ltr'><strong>referatur</strong></span> <span class='ocrx_word' id='word_1_136' title='bbox 1482 2091 1546 2144; x_wconf 90' lang='lat' dir='ltr'><strong>ad</strong></span> <span class='ocrx_word' id='word_1_137' title='bbox 1594 2089 1924 2160; x_wconf 82' lang='lat' dir='ltr'><strong>metropolim</strong></span> 
     </span>
    </p>
   </div>
   <div class='ocr_carea' id='block_1_22' title="bbox 351 2179 1924 2252">
    <p class='ocr_par' dir='ltr' id='par_1_22' title="bbox 351 2179 1924 2252">
     <span class='ocr_line' id='line_1_22' title="bbox 351 2179 1924 2252; baseline 0.003 -22"><span class='ocrx_word' id='word_1_138' title='bbox 351 2179 455 2232; x_wconf 92' lang='lat' dir='ltr'><strong>hoc</strong></span> <span class='ocrx_word' id='word_1_139' title='bbox 500 2179 684 2242; x_wconf 90' lang='lat' dir='ltr'><strong>modo,</strong></span> <span class='ocrx_word' id='word_1_140' title='bbox 727 2191 959 2234; x_wconf 87' lang='lat' dir='ltr'><strong>nostram</strong></span> <span class='ocrx_word' id='word_1_141' title='bbox 1017 2199 1121 2236; x_wconf 86' lang='lat' dir='ltr'><strong>non</strong></span> <span class='ocrx_word' id='word_1_142' title='bbox 1165 2184 1335 2238; x_wconf 87' lang='lat' dir='ltr'><strong>minus</strong></span> <span class='ocrx_word' id='word_1_143' title='bbox 1406 2181 1698 2236; x_wconf 84' lang='lat' dir='ltr'><strong>litterarum</strong></span> <span class='ocrx_word' id='word_1_144' title='bbox 1767 2193 1924 2252; x_wconf 86' lang='lat' dir='ltr'><strong>atque</strong></span> 
     </span>
    </p>
   </div>
   <div class='ocr_carea' id='block_1_23' title="bbox 348 2269 1928 2342">
    <p class='ocr_par' dir='ltr' id='par_1_23' title="bbox 348 2269 1928 2342">
     <span class='ocr_line' id='line_1_23' title="bbox 348 2269 1928 2342; baseline 0.003 -22"><span class='ocrx_word' id='word_1_145' title='bbox 348 2269 629 2334; x_wconf 71' lang='lat' dir='ltr'><strong>doctrinm,</strong></span> <span class='ocrx_word' id='word_1_146' title='bbox 660 2287 817 2340; x_wconf 86' lang='lat' dir='ltr'><strong>quam</strong></span> <span class='ocrx_word' id='word_1_147' title='bbox 855 2271 1086 2338; x_wconf 83' lang='lat' dir='ltr'><strong>urbium,</strong></span> <span class='ocrx_word' id='word_1_148' title='bbox 1135 2273 1324 2342; x_wconf 78' lang='lat' dir='ltr'><strong>quibus</strong></span> <span class='ocrx_word' id='word_1_149' title='bbox 1370 2273 1617 2342; x_wconf 67' lang='lat' dir='ltr'><strong>praecellit</strong></span> <span class='ocrx_word' id='word_1_150' title='bbox 1662 2282 1710 2326; x_wconf 86' lang='lat' dir='ltr'><strong>et</strong></span> <span class='ocrx_word' id='word_1_151' title='bbox 1757 2274 1928 2326; x_wconf 88' lang='lat' dir='ltr'><strong>domi-</strong></span> 
     </span>
    </p>
   </div>
   <div class='ocr_carea' id='block_1_24' title="bbox 353 2361 1928 2433">
    <p class='ocr_par' dir='ltr' id='par_1_24' title="bbox 353 2361 1928 2433">
     <span class='ocr_line' id='line_1_24' title="bbox 353 2361 1928 2433; baseline 0.003 -21"><span class='ocrx_word' id='word_1_152' title='bbox 353 2371 532 2425; x_wconf 83' lang='lat' dir='ltr'><strong>natur,</strong></span> <span class='ocrx_word' id='word_1_153' title='bbox 587 2362 939 2430; x_wconf 85' lang='lat' dir='ltr'><strong>metropolim.</strong></span> <span class='ocrx_word' id='word_1_154' title='bbox 1000 2361 1092 2419; x_wconf 88' lang='lat' dir='ltr'><strong>Sic</strong></span> <span class='ocrx_word' id='word_1_155' title='bbox 1159 2363 1562 2433; x_wconf 90' lang='lat' dir='ltr'><strong>interpretando</strong></span> <span class='ocrx_word' id='word_1_156' title='bbox 1623 2364 1928 2418; x_wconf 81' lang='lat' dir='ltr'><strong>restituitur</strong></span> 
     </span>
    </p>
   </div>
   <div class='ocr_carea' id='block_1_25' title="bbox 349 2453 1926 2520">
    <p class='ocr_par' dir='ltr' id='par_1_25' title="bbox 349 2453 1926 2520">
     <span class='ocr_line' id='line_1_25' title="bbox 349 2453 1926 2520; baseline 0.001 -15"><span class='ocrx_word' id='word_1_157' title='bbox 349 2453 542 2518; x_wconf 76' lang='lat' dir='ltr'><strong>patria:</strong></span> <span class='ocrx_word' id='word_1_158' title='bbox 586 2467 696 2507; x_wconf 78' lang='lat' dir='ltr'><strong>sua:</strong></span> <span class='ocrx_word' id='word_1_159' title='bbox 739 2453 984 2520; x_wconf 86' lang='lat' dir='ltr'><strong>Basilius,</strong></span> <span class='ocrx_word' id='word_1_160' title='bbox 1025 2471 1127 2510; x_wconf 89' lang='lat' dir='ltr'><strong>nec</strong></span> <span class='ocrx_word' id='word_1_161' title='bbox 1170 2455 1311 2510; x_wconf 91' lang='lat' dir='ltr'><strong>illius</strong></span> <span class='ocrx_word' id='word_1_162' title='bbox 1345 2457 1398 2510; x_wconf 93' lang='lat' dir='ltr'><strong>in</strong></span> <span class='ocrx_word' id='word_1_163' title='bbox 1460 2455 1657 2510; x_wconf 89' lang='lat' dir='ltr'><strong>litteris</strong></span> <span class='ocrx_word' id='word_1_164' title='bbox 1705 2454 1926 2510; x_wconf 72' lang='lat' dir='ltr'><strong>institu-</strong></span> 
     </span>
    </p>
   </div>
   <div class='ocr_carea' id='block_1_26' title="bbox 349 2541 1927 2611">
    <p class='ocr_par' dir='ltr' id='par_1_26' title="bbox 349 2541 1927 2611">
     <span class='ocr_line' id='line_1_26' title="bbox 349 2541 1927 2611; baseline 0.002 -20"><span class='ocrx_word' id='word_1_165' title='bbox 349 2541 517 2596; x_wconf 79' lang='lat' dir='ltr'><strong>tionis</strong></span> <span class='ocrx_word' id='word_1_166' title='bbox 565 2553 751 2611; x_wconf 81' lang='lat' dir='ltr'><strong>partes</strong></span> <span class='ocrx_word' id='word_1_167' title='bbox 783 2543 921 2598; x_wconf 90' lang='lat' dir='ltr'><strong>ullas</strong></span> <span class='ocrx_word' id='word_1_168' title='bbox 953 2545 1192 2599; x_wconf 68' lang='lat' dir='ltr'><strong>Caesarea</strong></span> <span class='ocrx_word' id='word_1_169' title='bbox 1245 2545 1412 2598; x_wconf 88' lang='lat' dir='ltr'><strong>altera</strong></span> <span class='ocrx_word' id='word_1_170' title='bbox 1463 2545 1680 2598; x_wconf 88' lang='lat' dir='ltr'><strong>retinet.</strong></span> <span class='ocrx_word' id='word_1_171' title='bbox 1730 2544 1927 2597; x_wconf 87' lang='lat' dir='ltr'><strong>Fateor</strong></span> 
     </span>
    </p>
   </div>
   <div class='ocr_carea' id='block_1_27' title="bbox 355 2633 1926 2703">
    <p class='ocr_par' dir='ltr' id='par_1_27' title="bbox 355 2633 1926 2703">
     <span class='ocr_line' id='line_1_27' title="bbox 355 2633 1926 2703; baseline 0.003 -21"><span class='ocrx_word' id='word_1_172' title='bbox 355 2641 536 2685; x_wconf 91' lang='lat' dir='ltr'><strong>tamen</strong></span> <span class='ocrx_word' id='word_1_173' title='bbox 571 2633 704 2686; x_wconf 90' lang='lat' dir='ltr'><strong>mihi</strong></span> <span class='ocrx_word' id='word_1_174' title='bbox 742 2648 850 2687; x_wconf 89' lang='lat' dir='ltr'><strong>non</strong></span> <span class='ocrx_word' id='word_1_175' title='bbox 879 2635 1120 2688; x_wconf 89' lang='lat' dir='ltr'><strong>arridere</strong></span> <span class='ocrx_word' id='word_1_176' title='bbox 1154 2637 1294 2690; x_wconf 91' lang='lat' dir='ltr'><strong>hanc</strong></span> <span class='ocrx_word' id='word_1_177' title='bbox 1333 2634 1722 2703; x_wconf 83' lang='lat' dir='ltr'><strong>interpretandi</strong></span> <span class='ocrx_word' id='word_1_178' title='bbox 1762 2635 1926 2687; x_wconf 79' lang='lat' dir='ltr'><strong>ratio-</strong></span> 
     </span>
    </p>
   </div>
   <div class='ocr_carea' id='block_1_28' title="bbox 361 2722 1924 2792">
    <p class='ocr_par' dir='ltr' id='par_1_28' title="bbox 361 2722 1924 2792">
     <span class='ocr_line' id='line_1_28' title="bbox 361 2722 1924 2792; baseline 0.001 -17"><span class='ocrx_word' id='word_1_179' title='bbox 361 2737 510 2785; x_wconf 89' lang='lat' dir='ltr'><strong>nem,</strong></span> <span class='ocrx_word' id='word_1_180' title='bbox 537 2739 658 2786; x_wconf 81' lang='lat' dir='ltr'><strong>quae</strong></span> <span class='ocrx_word' id='word_1_181' title='bbox 691 2739 799 2778; x_wconf 90' lang='lat' dir='ltr'><strong>non</strong></span> <span class='ocrx_word' id='word_1_182' title='bbox 839 2725 1070 2792; x_wconf 86' lang='lat' dir='ltr'><strong>quadrat</strong></span> <span class='ocrx_word' id='word_1_183' title='bbox 1100 2741 1220 2780; x_wconf 90' lang='lat' dir='ltr'><strong>cum</strong></span> <span class='ocrx_word' id='word_1_184' title='bbox 1253 2725 1440 2780; x_wconf 67' lang='lat' dir='ltr'><strong>Cra-co</strong></span> <span class='ocrx_word' id='word_1_185' title='bbox 1467 2733 1746 2780; x_wconf 80' lang='lat' dir='ltr'><strong>contextu.</strong></span> <span class='ocrx_word' id='word_1_186' title='bbox 1790 2722 1924 2779; x_wconf 79' lang='lat' dir='ltr'><strong>Illud</strong></span> 
     </span>
    </p>
   </div>
   <div class='ocr_carea' id='block_1_29' title="bbox 344 2809 1930 2887">
    <p class='ocr_par' dir='ltr' id='par_1_29' title="bbox 344 2809 1930 2887">
     <span class='ocr_line' id='line_1_29' title="bbox 344 2809 1930 2887; baseline 0.003 -22"><span class='ocrx_word' id='word_1_187' title='bbox 344 2812 496 2865; x_wconf 73' lang='lat' dir='ltr'><strong>enim</strong></span> <span class='ocrx_word' id='word_1_188' title='bbox 538 2811 639 2883; x_wconf 82' lang='grc' dir='ltr'><strong>τὴν</strong></span> <span class='ocrx_word' id='word_1_189' title='bbox 680 2813 778 2884; x_wconf 82' lang='grc' dir='ltr'><strong>οὐχ</strong></span> <span class='ocrx_word' id='word_1_190' title='bbox 817 2809 999 2887; x_wconf 79' lang='grc' dir='ltr'><strong>ἦττον,</strong></span> <span class='ocrx_word' id='word_1_191' title='bbox 1035 2830 1141 2870; x_wconf 91' lang='lat' dir='ltr'><strong>non</strong></span> <span class='ocrx_word' id='word_1_192' title='bbox 1194 2815 1426 2870; x_wconf 82' lang='lat' dir='ltr'><strong>refertur</strong></span> <span class='ocrx_word' id='word_1_193' title='bbox 1467 2817 1535 2868; x_wconf 89' lang='lat' dir='ltr'><strong>ad</strong></span> <span class='ocrx_word' id='word_1_194' title='bbox 1564 2829 1747 2869; x_wconf 90' lang='lat' dir='ltr'><strong>vocem</strong></span> <span class='ocrx_word' id='word_1_195' title='bbox 1792 2817 1930 2886; x_wconf 82' lang='grc' dir='ltr'><strong>ἠμε-</strong></span> 
     </span>
    </p>
   </div>
   <div class='ocr_carea' id='block_1_30' title="bbox 353 2905 1924 2976">
    <p class='ocr_par' dir='ltr' id='par_1_30' title="bbox 353 2905 1924 2976">
     <span class='ocr_line' id='line_1_30' title="bbox 353 2905 1924 2976; baseline 0.001 -19"><span class='ocrx_word' id='word_1_196' title='bbox 353 2905 542 2973; x_wconf 70' lang='grc' dir='ltr'><strong>τέραν,</strong></span> <span class='ocrx_word' id='word_1_197' title='bbox 573 2921 690 2973; x_wconf 73' lang='lat' dir='ltr'><strong>qua:</strong></span> <span class='ocrx_word' id='word_1_198' title='bbox 725 2906 966 2973; x_wconf 86' lang='lat' dir='ltr'><strong>pluribus</strong></span> <span class='ocrx_word' id='word_1_199' title='bbox 999 2906 1118 2961; x_wconf 91' lang='lat' dir='ltr'><strong>aliis</strong></span> <span class='ocrx_word' id='word_1_200' title='bbox 1152 2906 1452 2976; x_wconf 78' lang='lat' dir='ltr'><strong>interiectis</strong></span> <span class='ocrx_word' id='word_1_201' title='bbox 1485 2906 1755 2975; x_wconf 70' lang='lat' dir='ltr'><strong>praecedit.</strong></span> <span class='ocrx_word' id='word_1_202' title='bbox 1783 2905 1924 2959; x_wconf 84' lang='lat' dir='ltr'><strong>Prac-</strong></span> 
     </span>
    </p>
   </div>
   <div class='ocr_carea' id='block_1_31' title="bbox 353 2995 1919 3069">
    <p class='ocr_par' dir='ltr' id='par_1_31' title="bbox 353 2995 1919 3069">
     <span class='ocr_line' id='line_1_31' title="bbox 353 2995 1919 3069; baseline 0.001 -21"><span class='ocrx_word' id='word_1_203' title='bbox 353 3003 499 3050; x_wconf 87' lang='lat' dir='ltr'><strong>terea</strong></span> <span class='ocrx_word' id='word_1_204' title='bbox 549 2995 848 3051; x_wconf 80' lang='lat' dir='ltr'><strong>Caesaream</strong></span> <span class='ocrx_word' id='word_1_205' title='bbox 905 2999 1198 3069; x_wconf 82' lang='lat' dir='ltr'><strong>Gregorius</strong></span> <span class='ocrx_word' id='word_1_206' title='bbox 1262 3000 1521 3054; x_wconf 80' lang='lat' dir='ltr'><strong>doctrina:</strong></span> <span class='ocrx_word' id='word_1_207' title='bbox 1583 2998 1919 3067; x_wconf 86' lang='lat' dir='ltr'><strong>metropolim</strong></span> 
     </span>
    </p>
   </div>
   <div class='ocr_carea' id='block_1_32' title="bbox 353 3087 1924 3157">
    <p class='ocr_par' dir='ltr' id='par_1_32' title="bbox 353 3087 1924 3157">
     <span class='ocr_line' id='line_1_32' title="bbox 353 3087 1924 3157; baseline 0.004 -22"><span class='ocrx_word' id='word_1_208' title='bbox 353 3095 542 3152; x_wconf 89' lang='lat' dir='ltr'><strong>vocat,</strong></span> <span class='ocrx_word' id='word_1_209' title='bbox 586 3101 690 3140; x_wconf 88' lang='lat' dir='ltr'><strong>non</strong></span> <span class='ocrx_word' id='word_1_210' title='bbox 736 3087 861 3156; x_wconf 83' lang='lat' dir='ltr'><strong>quis</strong></span> <span class='ocrx_word' id='word_1_211' title='bbox 904 3087 976 3141; x_wconf 89' lang='lat' dir='ltr'><strong>ibi</strong></span> <span class='ocrx_word' id='word_1_212' title='bbox 1022 3087 1221 3142; x_wconf 86' lang='lat' dir='ltr'><strong>litteris</strong></span> <span class='ocrx_word' id='word_1_213' title='bbox 1269 3102 1486 3157; x_wconf 89' lang='lat' dir='ltr'><strong>operam</strong></span> <span class='ocrx_word' id='word_1_214' title='bbox 1531 3087 1782 3152; x_wconf 90' lang='lat' dir='ltr'><strong>dederat,</strong></span> <span class='ocrx_word' id='word_1_215' title='bbox 1834 3087 1924 3142; x_wconf 88' lang='lat' dir='ltr'><strong>sed</strong></span> 
     </span>
    </p>
   </div>
   <div class='ocr_carea' id='block_1_33' title="bbox 344 3175 1396 3245">
    <p class='ocr_par' dir='ltr' id='par_1_33' title="bbox 344 3175 1396 3245">
     <span class='ocr_line' id='line_1_33' title="bbox 344 3175 1396 3245; baseline 0.003 -18"><span class='ocrx_word' id='word_1_216' title='bbox 344 3175 480 3245; x_wconf 73' lang='lat' dir='ltr'><strong>quia</strong></span> <span class='ocrx_word' id='word_1_217' title='bbox 517 3177 568 3230; x_wconf 92' lang='lat' dir='ltr'><strong>in</strong></span> <span class='ocrx_word' id='word_1_218' title='bbox 598 3175 699 3230; x_wconf 87' lang='lat' dir='ltr'><strong>hac</strong></span> <span class='ocrx_word' id='word_1_219' title='bbox 728 3177 860 3231; x_wconf 88' lang='lat' dir='ltr'><strong>urbe</strong></span> <span class='ocrx_word' id='word_1_220' title='bbox 891 3176 1084 3231; x_wconf 69' lang='lat' dir='ltr'><strong>littera:</strong></span> <span class='ocrx_word' id='word_1_221' title='bbox 1113 3177 1396 3233; x_wconf 84' lang='lat' dir='ltr'><strong>ﬂorebant.</strong></span> 
     </span>
    </p>
   </div>
   <div class='ocr_carea' id='block_1_34' title="bbox 1001 3290 1329 3346">
    <p class='ocr_par' dir='ltr' id='par_1_34' title="bbox 1001 3290 1329 3346">
     <span class='ocr_line' id='line_1_34' title="bbox 1001 3290 1329 3346; baseline 0.006 -2"><span class='ocrx_word' id='word_1_222' title='bbox 1001 3290 1226 3345; x_wconf 80' lang='lat' dir='ltr'><strong>CAPUT</strong></span> <span class='ocrx_word' id='word_1_223' title='bbox 1267 3291 1329 3346; x_wconf 93' lang='lat' dir='ltr'><strong>ll.</strong></span> 
     </span>
    </p>
   </div>
   <div class='ocr_carea' id='block_1_35' title="bbox 346 3379 1928 3450">
    <p class='ocr_par' dir='ltr' id='par_1_35' title="bbox 346 3379 1928 3450">
     <span class='ocr_line' id='line_1_35' title="bbox 346 3379 1928 3450; baseline 0 -14"><span class='ocrx_word' id='word_1_224' title='bbox 346 3383 372 3436; x_wconf 63' lang='lat' dir='ltr'><strong>il</strong></span> <span class='ocrx_word' id='word_1_225' title='bbox 384 3423 395 3436; x_wconf 92' lang='lat'><strong>.</strong></span> <span class='ocrx_word' id='word_1_226' title='bbox 430 3379 651 3435; x_wconf 81' lang='lat' dir='ltr'><strong>Sanctus</strong></span> <span class='ocrx_word' id='word_1_227' title='bbox 666 3381 891 3436; x_wconf 77' lang='lat' dir='ltr'><strong>Basilius</strong></span> <span class='ocrx_word' id='word_1_228' title='bbox 908 3399 934 3436; x_wconf 87' lang='lat' dir='ltr'><strong>e</strong></span> <span class='ocrx_word' id='word_1_229' title='bbox 953 3382 1286 3450; x_wconf 82' lang='lat' dir='ltr'><strong>Cappadocia</strong></span> <span class='ocrx_word' id='word_1_230' title='bbox 1302 3381 1800 3449; x_wconf 79' lang='lat' dir='ltr'><strong>Constantinopolim</strong></span> <span class='ocrx_word' id='word_1_231' title='bbox 1816 3385 1928 3436; x_wconf 88' lang='lat' dir='ltr'><strong>mit-</strong></span> 
     </span>
    </p>
   </div>
   <div class='ocr_carea' id='block_1_36' title="bbox 427 3451 1929 3520">
    <p class='ocr_par' dir='ltr' id='par_1_36' title="bbox 427 3451 1929 3520">
     <span class='ocr_line' id='line_1_36' title="bbox 427 3451 1929 3520; baseline 0 -18"><span class='ocrx_word' id='word_1_232' title='bbox 427 3454 577 3507; x_wconf 85' lang='lat' dir='ltr'><strong>titur.</strong></span> <span class='ocrx_word' id='word_1_233' title='bbox 605 3451 668 3506; x_wconf 89' lang='lat' dir='ltr'><strong>ll.</strong></span> <span class='ocrx_word' id='word_1_234' title='bbox 705 3451 838 3505; x_wconf 80' lang='lat' dir='ltr'><strong>Inde</strong></span> <span class='ocrx_word' id='word_1_235' title='bbox 865 3452 1094 3508; x_wconf 74' lang='lat' dir='ltr'><strong>Athenas</strong></span> <span class='ocrx_word' id='word_1_236' title='bbox 1122 3455 1281 3507; x_wconf 81' lang='lat' dir='ltr'><strong>venit.</strong></span> <span class='ocrx_word' id='word_1_237' title='bbox 1309 3452 1394 3506; x_wconf 93' lang='lat' dir='ltr'><strong>Ill.</strong></span> <span class='ocrx_word' id='word_1_238' title='bbox 1424 3452 1777 3520; x_wconf 82' lang='lat' dir='ltr'><strong>Coniungitur</strong></span> <span class='ocrx_word' id='word_1_239' title='bbox 1803 3457 1929 3505; x_wconf 88' lang='lat' dir='ltr'><strong>ami-</strong></span> 
     </span>
    </p>
   </div>
   <div class='ocr_carea' id='block_1_37' title="bbox 427 3520 1928 3591">
    <p class='ocr_par' dir='ltr' id='par_1_37' title="bbox 427 3520 1928 3591">
     <span class='ocr_line' id='line_1_37' title="bbox 427 3520 1928 3591; baseline 0.001 -18"><span class='ocrx_word' id='word_1_240' title='bbox 427 3523 555 3574; x_wconf 76' lang='lat' dir='ltr'><strong>citia</strong></span> <span class='ocrx_word' id='word_1_241' title='bbox 600 3537 716 3574; x_wconf 86' lang='lat' dir='ltr'><strong>cum</strong></span> <span class='ocrx_word' id='word_1_242' title='bbox 746 3521 994 3591; x_wconf 77' lang='lat' dir='ltr'><strong>Gregorio</strong></span> <span class='ocrx_word' id='word_1_243' title='bbox 1029 3520 1387 3591; x_wconf 72' lang='lat' dir='ltr'><strong>Nazianzeno.</strong></span> <span class='ocrx_word' id='word_1_244' title='bbox 1417 3521 1503 3591; x_wconf 55' lang='lat' dir='ltr'><strong>IV.</strong></span> <span class='ocrx_word' id='word_1_245' title='bbox 1534 3523 1727 3574; x_wconf 67' lang='lat' dir='ltr'><strong>[forum</strong></span> <span class='ocrx_word' id='word_1_246' title='bbox 1756 3524 1928 3574; x_wconf 84' lang='lat' dir='ltr'><strong>studia</strong></span> 
     </span>
    </p>
   </div>
   <div class='ocr_carea' id='block_1_38' title="bbox 427 3589 1929 3659">
    <p class='ocr_par' dir='ltr' id='par_1_38' title="bbox 427 3589 1929 3659">
     <span class='ocr_line' id='line_1_38' title="bbox 427 3589 1929 3659; baseline 0.001 -17"><span class='ocrx_word' id='word_1_247' title='bbox 427 3603 474 3643; x_wconf 84' lang='lat' dir='ltr'><strong>et</strong></span> <span class='ocrx_word' id='word_1_248' title='bbox 535 3595 776 3659; x_wconf 81' lang='lat' dir='ltr'><strong>magistri</strong></span> <span class='ocrx_word' id='word_1_249' title='bbox 832 3589 878 3642; x_wconf 65' lang='lat' dir='ltr'><strong>et</strong></span> <span class='ocrx_word' id='word_1_250' title='bbox 930 3595 1294 3657; x_wconf 80' lang='lat' dir='ltr'><strong>condiscipuli.</strong></span> <span class='ocrx_word' id='word_1_251' title='bbox 1341 3590 1406 3644; x_wconf 60' lang='grc' dir='ltr'><strong>Υ.</strong></span> <span class='ocrx_word' id='word_1_252' title='bbox 1455 3589 1646 3645; x_wconf 82' lang='lat' dir='ltr'><strong>Scribit</strong></span> <span class='ocrx_word' id='word_1_253' title='bbox 1700 3591 1929 3645; x_wconf 82' lang='lat' dir='ltr'><strong>Basilius</strong></span> 
     </span>
    </p>
   </div>
   <div class='ocr_carea' id='block_1_39' title="bbox 434 3659 1608 3730">
    <p class='ocr_par' dir='ltr' id='par_1_39' title="bbox 434 3659 1608 3730">
     <span class='ocr_line' id='line_1_39' title="bbox 434 3659 1608 3730; baseline 0.001 -17"><span class='ocrx_word' id='word_1_254' title='bbox 434 3662 786 3723; x_wconf 80' lang='lat' dir='ltr'><strong>Apollinario.</strong></span> <span class='ocrx_word' id='word_1_255' title='bbox 814 3659 930 3726; x_wconf 84' lang='lat' dir='ltr'><strong>Quo</strong></span> <span class='ocrx_word' id='word_1_256' title='bbox 963 3679 1098 3714; x_wconf 88' lang='lat' dir='ltr'><strong>anno</strong></span> <span class='ocrx_word' id='word_1_257' title='bbox 1125 3662 1354 3715; x_wconf 81' lang='lat' dir='ltr'><strong>Athenas</strong></span> <span class='ocrx_word' id='word_1_258' title='bbox 1384 3662 1608 3730; x_wconf 86' lang='lat' dir='ltr'><strong>reliquit.</strong></span> 
     </span>
    </p>
   </div>
   <div class='ocr_carea' id='block_1_40' title="bbox 436 3748 1929 3818">
    <p class='ocr_par' dir='ltr' id='par_1_40' title="bbox 436 3748 1929 3818">
     <span class='ocr_line' id='line_1_40' title="bbox 436 3748 1929 3818; baseline -0.001 -14"><span class='ocrx_word' id='word_1_259' title='bbox 436 3749 482 3806; x_wconf 92' lang='grc'><strong>1.</strong></span> <span class='ocrx_word' id='word_1_260' title='bbox 517 3748 728 3804; x_wconf 79' lang='lat' dir='ltr'><strong>Nemini</strong></span> <span class='ocrx_word' id='word_1_261' title='bbox 777 3751 1001 3804; x_wconf 90' lang='lat' dir='ltr'><strong>cedebat</strong></span> <span class='ocrx_word' id='word_1_262' title='bbox 1069 3750 1296 3805; x_wconf 87' lang='lat' dir='ltr'><strong>Basilius</strong></span> <span class='ocrx_word' id='word_1_263' title='bbox 1346 3751 1582 3818; x_wconf 89' lang='lat' dir='ltr'><strong>corporis</strong></span> <span class='ocrx_word' id='word_1_264' title='bbox 1633 3749 1929 3818; x_wconf 85' lang='lat' dir='ltr'><strong>pulchritu-</strong></span> 
     </span>
    </p>
   </div>
   <div class='ocr_carea' id='block_1_41' title="bbox 353 3842 1928 3914">
    <p class='ocr_par' dir='ltr' id='par_1_41' title="bbox 353 3842 1928 3914">
     <span class='ocr_line' id='line_1_41' title="bbox 353 3842 1928 3914; baseline 0.002 -21"><span class='ocrx_word' id='word_1_265' title='bbox 353 3843 488 3896; x_wconf 86' lang='lat' dir='ltr'><strong>dine</strong></span> <span class='ocrx_word' id='word_1_266' title='bbox 515 3853 570 3897; x_wconf 89' lang='lat' dir='ltr'><strong>et</strong></span> <span class='ocrx_word' id='word_1_267' title='bbox 601 3843 794 3898; x_wconf 87' lang='lat' dir='ltr'><strong>robore</strong></span> <span class='ocrx_word' id='word_1_268' title='bbox 835 3858 898 3897; x_wconf 90' lang='lat' dir='ltr'><strong>ac</strong></span> <span class='ocrx_word' id='word_1_269' title='bbox 925 3844 1266 3914; x_wconf 85' lang='lat' dir='ltr'><strong>proceritate,</strong></span> <span class='ocrx_word' id='word_1_270' title='bbox 1297 3855 1581 3912; x_wconf 86' lang='lat' dir='ltr'><strong>antequam</strong></span> <span class='ocrx_word' id='word_1_271' title='bbox 1618 3842 1766 3896; x_wconf 79' lang='lat' dir='ltr'><strong>illurn</strong></span> <span class='ocrx_word' id='word_1_272' title='bbox 1813 3856 1928 3910; x_wconf 84' lang='lat' dir='ltr'><strong>poe-</strong></span> 
     </span>
    </p>
   </div>
   <div class='ocr_carea' id='block_1_42' title="bbox 351 3934 1926 4000">
    <p class='ocr_par' dir='ltr' id='par_1_42' title="bbox 351 3934 1926 4000">
     <span class='ocr_line' id='line_1_42' title="bbox 351 3934 1926 4000; baseline -0.003 -12"><span class='ocrx_word' id='word_1_273' title='bbox 351 3934 597 3988; x_wconf 61' lang='lat' dir='ltr'><strong>nitentiae</strong></span> <span class='ocrx_word' id='word_1_274' title='bbox 643 3934 853 3989; x_wconf 86' lang='lat' dir='ltr'><strong>labores</strong></span> <span class='ocrx_word' id='word_1_275' title='bbox 909 3934 1308 3997; x_wconf 85' lang='lat' dir='ltr'><strong>debilitassent;</strong></span> <span class='ocrx_word' id='word_1_276' title='bbox 1356 3935 1446 3988; x_wconf 83' lang='lat' dir='ltr'><strong>sed</strong></span> <span class='ocrx_word' id='word_1_277' title='bbox 1497 3949 1617 3986; x_wconf 81' lang='lat' dir='ltr'><strong>cum</strong></span> <span class='ocrx_word' id='word_1_278' title='bbox 1667 3935 1736 3987; x_wconf 88' lang='lat' dir='ltr'><strong>ab</strong></span> <span class='ocrx_word' id='word_1_279' title='bbox 1782 3934 1926 4000; x_wconf 85' lang='lat' dir='ltr'><strong>ejus-</strong></span> 
     </span>
    </p>
   </div>
   <div class='ocr_carea' id='block_1_43' title="bbox 361 4024 1928 4091">
    <p class='ocr_par' dir='ltr' id='par_1_43' title="bbox 361 4024 1928 4091">
     <span class='ocr_line' id='line_1_43' title="bbox 361 4024 1928 4091; baseline -0.001 -13"><span class='ocrx_word' id='word_1_280' title='bbox 361 4027 501 4079; x_wconf 89' lang='lat' dir='ltr'><strong>modi</strong></span> <span class='ocrx_word' id='word_1_281' title='bbox 544 4027 878 4080; x_wconf 90' lang='lat' dir='ltr'><strong>ornamentis</strong></span> <span class='ocrx_word' id='word_1_282' title='bbox 911 4026 1136 4080; x_wconf 86' lang='lat' dir='ltr'><strong>laudare</strong></span> <span class='ocrx_word' id='word_1_283' title='bbox 1169 4027 1343 4080; x_wconf 92' lang='lat' dir='ltr'><strong>noluit</strong></span> <span class='ocrx_word' id='word_1_284' title='bbox 1383 4025 1691 4091; x_wconf 78' lang='lat' dir='ltr'><strong>Gregorius.</strong></span> <span class='ocrx_word' id='word_1_285' title='bbox 1731 4024 1928 4079; x_wconf 77' lang='lat' dir='ltr'><strong>Liben-</strong></span> 
     </span>
    </p>
   </div>
   <div class='ocr_carea' id='block_1_44' title="bbox 353 4117 1930 4186">
    <p class='ocr_par' dir='ltr' id='par_1_44' title="bbox 353 4117 1930 4186">
     <span class='ocr_line' id='line_1_44' title="bbox 353 4117 1930 4186; baseline -0.003 -16"><span class='ocrx_word' id='word_1_286' title='bbox 353 4121 466 4172; x_wconf 61' lang='lat' dir='ltr'><strong>ttius</strong></span> <span class='ocrx_word' id='word_1_287' title='bbox 495 4129 713 4173; x_wconf 88' lang='lat' dir='ltr'><strong>enarrat</strong></span> <span class='ocrx_word' id='word_1_288' title='bbox 745 4119 820 4186; x_wconf 69' lang='grc' dir='ltr'><strong>(τι)</strong></span> <span class='ocrx_word' id='word_1_289' title='bbox 852 4117 994 4170; x_wconf 85' lang='lat' dir='ltr'><strong>illius</strong></span> <span class='ocrx_word' id='word_1_290' title='bbox 1038 4118 1088 4170; x_wconf 92' lang='lat' dir='ltr'><strong>in</strong></span> <span class='ocrx_word' id='word_1_291' title='bbox 1125 4119 1322 4171; x_wconf 88' lang='lat' dir='ltr'><strong>virtute</strong></span> <span class='ocrx_word' id='word_1_292' title='bbox 1357 4132 1419 4169; x_wconf 91' lang='lat' dir='ltr'><strong>ac</strong></span> <span class='ocrx_word' id='word_1_293' title='bbox 1453 4117 1648 4170; x_wconf 87' lang='lat' dir='ltr'><strong>litteris</strong></span> <span class='ocrx_word' id='word_1_294' title='bbox 1683 4130 1930 4182; x_wconf 76' lang='lat' dir='ltr'><strong>progres-</strong></span> 
     </span>
    </p>
   </div>
   <div class='ocr_carea' id='block_1_45' title="bbox 361 4207 1935 4276">
    <p class='ocr_par' dir='ltr' id='par_1_45' title="bbox 361 4207 1935 4276">
     <span class='ocr_line' id='line_1_45' title="bbox 361 4207 1935 4276; baseline -0.003 -14"><span class='ocrx_word' id='word_1_295' title='bbox 361 4224 476 4263; x_wconf 86' lang='lat' dir='ltr'><strong>sus.</strong></span> <span class='ocrx_word' id='word_1_296' title='bbox 505 4208 636 4262; x_wconf 91' lang='lat' dir='ltr'><strong>Cum</strong></span> <span class='ocrx_word' id='word_1_297' title='bbox 667 4217 809 4262; x_wconf 84' lang='lat' dir='ltr'><strong>esset</strong></span> <span class='ocrx_word' id='word_1_298' title='bbox 840 4207 1122 4275; x_wconf 68' lang='lat' dir='ltr'><strong>Cmsaretn,</strong></span> <span class='ocrx_word' id='word_1_299' title='bbox 1167 4210 1362 4262; x_wconf 90' lang='lat' dir='ltr'><strong>cbarus</strong></span> <span class='ocrx_word' id='word_1_300' title='bbox 1406 4208 1838 4276; x_wconf 69' lang='lat' dir='ltr'><strong>erattequalibus</strong></span> <span class='ocrx_word' id='word_1_301' title='bbox 1881 4214 1935 4257; x_wconf 90' lang='lat' dir='ltr'><strong>et</strong></span> 
     </span>
    </p>
   </div>
   <div class='ocr_carea' id='block_1_46' title="bbox 360 4298 1928 4369">
    <p class='ocr_par' dir='ltr' id='par_1_46' title="bbox 360 4298 1928 4369">
     <span class='ocr_line' id='line_1_46' title="bbox 360 4298 1928 4369; baseline -0.003 -17"><span class='ocrx_word' id='word_1_302' title='bbox 360 4299 654 4369; x_wconf 81' lang='lat' dir='ltr'><strong>magistris,</strong></span> <span class='ocrx_word' id='word_1_303' title='bbox 683 4313 745 4353; x_wconf 87' lang='lat' dir='ltr'><strong>ac</strong></span> <span class='ocrx_word' id='word_1_304' title='bbox 787 4300 935 4354; x_wconf 90' lang='lat' dir='ltr'><strong>brevi</strong></span> <span class='ocrx_word' id='word_1_305' title='bbox 982 4309 1226 4368; x_wconf 89' lang='lat' dir='ltr'><strong>tempore</strong></span> <span class='ocrx_word' id='word_1_306' title='bbox 1260 4313 1456 4368; x_wconf 83' lang='lat' dir='ltr'><strong>magno</strong></span> <span class='ocrx_word' id='word_1_307' title='bbox 1490 4299 1540 4351; x_wconf 92' lang='lat' dir='ltr'><strong>in</strong></span> <span class='ocrx_word' id='word_1_308' title='bbox 1585 4298 1759 4365; x_wconf 89' lang='lat' dir='ltr'><strong>pretio</strong></span> <span class='ocrx_word' id='word_1_309' title='bbox 1790 4299 1928 4366; x_wconf 87' lang='lat' dir='ltr'><strong>apud</strong></span> 
     </span>
    </p>
   </div>
   <div class='ocr_carea' id='block_1_47' title="bbox 359 4390 1932 4460">
    <p class='ocr_par' dir='ltr' id='par_1_47' title="bbox 359 4390 1932 4460">
     <span class='ocr_line' id='line_1_47' title="bbox 359 4390 1932 4460; baseline 0 -18"><span class='ocrx_word' id='word_1_310' title='bbox 359 4391 599 4460; x_wconf 88' lang='lat' dir='ltr'><strong>plebeios</strong></span> <span class='ocrx_word' id='word_1_311' title='bbox 640 4399 693 4444; x_wconf 88' lang='lat' dir='ltr'><strong>et</strong></span> <span class='ocrx_word' id='word_1_312' title='bbox 739 4390 1000 4456; x_wconf 87' lang='lat' dir='ltr'><strong>primores</strong></span> <span class='ocrx_word' id='word_1_313' title='bbox 1029 4391 1281 4451; x_wconf 67' lang='lat' dir='ltr'><strong>[civitatis</strong></span> <span class='ocrx_word' id='word_1_314' title='bbox 1319 4408 1331 4443; x_wconf 92' lang='lat'>:</span> <span class='ocrx_word' id='word_1_315' title='bbox 1383 4391 1566 4445; x_wconf 80' lang='lat' dir='ltr'><strong>rhetor</strong></span> <span class='ocrx_word' id='word_1_316' title='bbox 1620 4390 1760 4444; x_wconf 87' lang='lat' dir='ltr'><strong>inter</strong></span> <span class='ocrx_word' id='word_1_317' title='bbox 1811 4393 1932 4443; x_wconf 86' lang='lat' dir='ltr'><strong>rhe-</strong></span> 
     </span>
    </p>
   </div>
   <div class='ocr_carea' id='block_1_48' title="bbox 2029 547 3589 625">
    <p class='ocr_par' dir='ltr' id='par_1_48' title="bbox 2029 547 3589 625">
     <span class='ocr_line' id='line_1_48' title="bbox 2029 547 3589 625; baseline 0.012 -31"><span class='ocrx_word' id='word_1_318' title='bbox 2029 547 2230 608; x_wconf 86' lang='lat' dir='ltr'><strong>plinam</strong></span> <span class='ocrx_word' id='word_1_319' title='bbox 2269 562 2388 601; x_wconf 86' lang='lat' dir='ltr'><strong>cum</strong></span> <span class='ocrx_word' id='word_1_320' title='bbox 2422 548 2689 603; x_wconf 88' lang='lat' dir='ltr'><strong>rhetorica</strong></span> <span class='ocrx_word' id='word_1_321' title='bbox 2726 549 3191 623; x_wconf 88' lang='lat' dir='ltr'><strong>Constantinopoli</strong></span> <span class='ocrx_word' id='word_1_322' title='bbox 3227 555 3452 625; x_wconf 85' lang='lat' dir='ltr'><strong>jungere</strong></span> <span class='ocrx_word' id='word_1_323' title='bbox 3479 571 3589 611; x_wconf 81' lang='lat' dir='ltr'><strong>ca:—</strong></span> 
     </span>
    </p>
   </div>
   <div class='ocr_carea' id='block_1_49' title="bbox 2023 651 2186 705">
    <p class='ocr_par' dir='ltr' id='par_1_49' title="bbox 2023 651 2186 705">
     <span class='ocr_line' id='line_1_49' title="bbox 2023 651 2186 705; baseline 0 -17"><span class='ocrx_word' id='word_1_324' title='bbox 2023 651 2186 705; x_wconf 83' lang='lat' dir='ltr'><strong>pisse.</strong></span> 
     </span>
    </p>
   </div>
   <div class='ocr_carea' id='block_1_50' title="bbox 2101 731 3590 804">
    <p class='ocr_par' dir='ltr' id='par_1_50' title="bbox 2101 731 3590 804">
     <span class='ocr_line' id='line_1_50' title="bbox 2101 731 3590 804; baseline 0.006 -20"><span class='ocrx_word' id='word_1_325' title='bbox 2101 731 2158 784; x_wconf 85' lang='lat' dir='ltr'><strong>Si</strong></span> <span class='ocrx_word' id='word_1_326' title='bbox 2203 731 2446 800; x_wconf 82' lang='lat' dir='ltr'><strong>genuina:</strong></span> <span class='ocrx_word' id='word_1_327' title='bbox 2483 742 2608 787; x_wconf 79' lang='lat' dir='ltr'><strong>sunt</strong></span> <span class='ocrx_word' id='word_1_328' title='bbox 2642 735 2852 804; x_wconf 80' lang='lat' dir='ltr'><strong>scripta:</strong></span> <span class='ocrx_word' id='word_1_329' title='bbox 2882 735 3131 789; x_wconf 88' lang='lat' dir='ltr'><strong>Basilium</strong></span> <span class='ocrx_word' id='word_1_330' title='bbox 3166 735 3307 791; x_wconf 88' lang='lat' dir='ltr'><strong>inter</strong></span> <span class='ocrx_word' id='word_1_331' title='bbox 3333 747 3387 792; x_wconf 91' lang='lat' dir='ltr'><strong>et</strong></span> <span class='ocrx_word' id='word_1_332' title='bbox 3430 737 3590 792; x_wconf 90' lang='lat' dir='ltr'><strong>Liba-</strong></span> 
     </span>
    </p>
   </div>
   <div class='ocr_carea' id='block_1_51' title="bbox 2029 823 3588 898">
    <p class='ocr_par' dir='ltr' id='par_1_51' title="bbox 2029 823 3588 898">
     <span class='ocr_line' id='line_1_51' title="bbox 2029 823 3588 898; baseline 0.004 -25"><span class='ocrx_word' id='word_1_333' title='bbox 2029 823 2177 875; x_wconf 91' lang='lat' dir='ltr'><strong>nium</strong></span> <span class='ocrx_word' id='word_1_334' title='bbox 2211 823 2424 886; x_wconf 67' lang='lat' dir='ltr'><strong>litterae,</strong></span> <span class='ocrx_word' id='word_1_335' title='bbox 2453 826 2671 878; x_wconf 90' lang='lat' dir='ltr'><strong>dubium</strong></span> <span class='ocrx_word' id='word_1_336' title='bbox 2705 843 2812 880; x_wconf 91' lang='lat' dir='ltr'><strong>non</strong></span> <span class='ocrx_word' id='word_1_337' title='bbox 2843 837 2925 881; x_wconf 90' lang='lat' dir='ltr'><strong>est</strong></span> <span class='ocrx_word' id='word_1_338' title='bbox 2956 831 3082 897; x_wconf 90' lang='lat' dir='ltr'><strong>quin</strong></span> <span class='ocrx_word' id='word_1_339' title='bbox 3120 830 3263 885; x_wconf 91' lang='lat' dir='ltr'><strong>hunc</strong></span> <span class='ocrx_word' id='word_1_340' title='bbox 3293 831 3588 898; x_wconf 89' lang='lat' dir='ltr'><strong>sophistam</strong></span> 
     </span>
    </p>
   </div>
   <div class='ocr_carea' id='block_1_52' title="bbox 2033 913 3589 986">
    <p class='ocr_par' dir='ltr' id='par_1_52' title="bbox 2033 913 3589 986">
     <span class='ocr_line' id='line_1_52' title="bbox 2033 913 3589 986; baseline 0.006 -21"><span class='ocrx_word' id='word_1_341' title='bbox 2033 913 2264 968; x_wconf 84' lang='lat' dir='ltr'><strong>Basilius</strong></span> <span class='ocrx_word' id='word_1_342' title='bbox 2289 915 2750 986; x_wconf 85' lang='lat' dir='ltr'><strong>Constantinopoli</strong></span> <span class='ocrx_word' id='word_1_343' title='bbox 2779 920 3074 974; x_wconf 89' lang='lat' dir='ltr'><strong>studiorum</strong></span> <span class='ocrx_word' id='word_1_344' title='bbox 3104 921 3308 975; x_wconf 92' lang='lat' dir='ltr'><strong>socium</strong></span> <span class='ocrx_word' id='word_1_345' title='bbox 3341 922 3589 975; x_wconf 86' lang='lat' dir='ltr'><strong>habuerit</strong></span> 
     </span>
    </p>
   </div>
   <div class='ocr_carea' id='block_1_53' title="bbox 2029 1005 3591 1081">
    <p class='ocr_par' dir='ltr' id='par_1_53' title="bbox 2029 1005 3591 1081">
     <span class='ocr_line' id='line_1_53' title="bbox 2029 1005 3591 1081; baseline 0.006 -24"><span class='ocrx_word' id='word_1_346' title='bbox 2029 1015 2124 1058; x_wconf 87' lang='lat' dir='ltr'><strong>aut</strong></span> <span class='ocrx_word' id='word_1_347' title='bbox 2167 1005 2501 1074; x_wconf 85' lang='lat' dir='ltr'><strong>magistrum.</strong></span> <span class='ocrx_word' id='word_1_348' title='bbox 2527 1007 2927 1065; x_wconf 86' lang='lat' dir='ltr'><strong>Commemorat</strong></span> <span class='ocrx_word' id='word_1_349' title='bbox 2970 1009 3226 1066; x_wconf 88' lang='lat' dir='ltr'><strong>Libanius</strong></span> <span class='ocrx_word' id='word_1_350' title='bbox 3275 1011 3349 1081; x_wconf 88' lang='lat' dir='ltr'><strong>(b)</strong></span> <span class='ocrx_word' id='word_1_351' title='bbox 3403 1012 3591 1066; x_wconf 89' lang='lat' dir='ltr'><strong>amici-</strong></span> 
     </span>
    </p>
   </div>
   <div class='ocr_carea' id='block_1_54' title="bbox 2025 1097 3588 1174">
    <p class='ocr_par' dir='ltr' id='par_1_54' title="bbox 2025 1097 3588 1174">
     <span class='ocr_line' id='line_1_54' title="bbox 2025 1097 3588 1174; baseline 0.005 -26"><span class='ocrx_word' id='word_1_352' title='bbox 2025 1097 2156 1149; x_wconf 90' lang='lat' dir='ltr'><strong>tiam</strong></span> <span class='ocrx_word' id='word_1_353' title='bbox 2191 1112 2614 1168; x_wconf 88' lang='lat' dir='ltr'><strong>communesque</strong></span> <span class='ocrx_word' id='word_1_354' title='bbox 2642 1101 2879 1166; x_wconf 87' lang='lat' dir='ltr'><strong>scholas,</strong></span> <span class='ocrx_word' id='word_1_355' title='bbox 2908 1102 3114 1172; x_wconf 86' lang='lat' dir='ltr'><strong>sibique</strong></span> <span class='ocrx_word' id='word_1_356' title='bbox 3138 1103 3212 1156; x_wconf 89' lang='lat' dir='ltr'><strong>ait</strong></span> <span class='ocrx_word' id='word_1_357' title='bbox 3241 1103 3309 1174; x_wconf 86' lang='grc' dir='ltr'><strong>(ε)</strong></span> <span class='ocrx_word' id='word_1_358' title='bbox 3337 1103 3588 1157; x_wconf 80' lang='lat' dir='ltr'><strong>Basiliam</strong></span> 
     </span>
    </p>
   </div>
   <div class='ocr_carea' id='block_1_55' title="bbox 2023 1187 3591 1263">
    <p class='ocr_par' dir='ltr' id='par_1_55' title="bbox 2023 1187 3591 1263">
     <span class='ocr_line' id='line_1_55' title="bbox 2023 1187 3591 1263; baseline 0.005 -25"><span class='ocrx_word' id='word_1_359' title='bbox 2023 1187 2423 1243; x_wconf 87' lang='lat' dir='ltr'><strong>adolescentem</strong></span> <span class='ocrx_word' id='word_1_360' title='bbox 2456 1191 2794 1246; x_wconf 89' lang='lat' dir='ltr'><strong>admirationi</strong></span> <span class='ocrx_word' id='word_1_361' title='bbox 2837 1192 3028 1259; x_wconf 83' lang='lat' dir='ltr'><strong>fuisse;</strong></span> <span class='ocrx_word' id='word_1_362' title='bbox 3071 1202 3181 1247; x_wconf 88' lang='lat' dir='ltr'><strong>tum</strong></span> <span class='ocrx_word' id='word_1_363' title='bbox 3215 1194 3354 1263; x_wconf 90' lang='lat' dir='ltr'><strong>quod</strong></span> <span class='ocrx_word' id='word_1_364' title='bbox 3387 1202 3591 1262; x_wconf 89' lang='lat' dir='ltr'><strong>tempe-</strong></span> 
     </span>
    </p>
   </div>
   <div class='ocr_carea' id='block_1_56' title="bbox 2026 1279 3592 1353">
    <p class='ocr_par' dir='ltr' id='par_1_56' title="bbox 2026 1279 3592 1353">
     <span class='ocr_line' id='line_1_56' title="bbox 2026 1279 3592 1353; baseline 0.004 -23"><span class='ocrx_word' id='word_1_365' title='bbox 2026 1279 2201 1330; x_wconf 90' lang='lat' dir='ltr'><strong>rantia</strong></span> <span class='ocrx_word' id='word_1_366' title='bbox 2252 1294 2372 1334; x_wconf 89' lang='lat' dir='ltr'><strong>cum</strong></span> <span class='ocrx_word' id='word_1_367' title='bbox 2407 1282 2624 1335; x_wconf 88' lang='lat' dir='ltr'><strong>senibus</strong></span> <span class='ocrx_word' id='word_1_368' title='bbox 2659 1293 2921 1345; x_wconf 87' lang='lat' dir='ltr'><strong>certaret,</strong></span> <span class='ocrx_word' id='word_1_369' title='bbox 2967 1285 3126 1353; x_wconf 90' lang='lat' dir='ltr'><strong>idque</strong></span> <span class='ocrx_word' id='word_1_370' title='bbox 3167 1285 3220 1338; x_wconf 89' lang='lat' dir='ltr'><strong>in</strong></span> <span class='ocrx_word' id='word_1_371' title='bbox 3255 1285 3388 1338; x_wconf 91' lang='lat' dir='ltr'><strong>urbe</strong></span> <span class='ocrx_word' id='word_1_372' title='bbox 3435 1285 3592 1336; x_wconf 88' lang='lat' dir='ltr'><strong>volu-</strong></span> 
     </span>
    </p>
   </div>
   <div class='ocr_carea' id='block_1_57' title="bbox 2028 1369 3594 1444">
    <p class='ocr_par' dir='ltr' id='par_1_57' title="bbox 2028 1369 3594 1444">
     <span class='ocr_line' id='line_1_57' title="bbox 2028 1369 3594 1444; baseline 0.004 -23"><span class='ocrx_word' id='word_1_373' title='bbox 2028 1369 2271 1438; x_wconf 87' lang='lat' dir='ltr'><strong>ptatibtts</strong></span> <span class='ocrx_word' id='word_1_374' title='bbox 2305 1370 2595 1437; x_wconf 83' lang='lat' dir='ltr'><strong>dimuente,</strong></span> <span class='ocrx_word' id='word_1_375' title='bbox 2630 1383 2739 1427; x_wconf 91' lang='lat' dir='ltr'><strong>tum</strong></span> <span class='ocrx_word' id='word_1_376' title='bbox 2791 1375 2932 1443; x_wconf 92' lang='lat' dir='ltr'><strong>quod</strong></span> <span class='ocrx_word' id='word_1_377' title='bbox 2986 1391 3229 1444; x_wconf 80' lang='lat' dir='ltr'><strong>magnam</strong></span> <span class='ocrx_word' id='word_1_378' title='bbox 3284 1375 3594 1443; x_wconf 87' lang='lat' dir='ltr'><strong>disciplina-</strong></span> 
     </span>
    </p>
   </div>
   <div class='ocr_carea' id='block_1_58' title="bbox 2025 1460 3590 1528">
    <p class='ocr_par' dir='ltr' id='par_1_58' title="bbox 2025 1460 3590 1528">
     <span class='ocr_line' id='line_1_58' title="bbox 2025 1460 3590 1528; baseline 0.004 -16"><span class='ocrx_word' id='word_1_379' title='bbox 2025 1473 2142 1513; x_wconf 89' lang='lat' dir='ltr'><strong>rum</strong></span> <span class='ocrx_word' id='word_1_380' title='bbox 2190 1470 2398 1528; x_wconf 86' lang='lat' dir='ltr'><strong>partem</strong></span> <span class='ocrx_word' id='word_1_381' title='bbox 2445 1460 2558 1528; x_wconf 84' lang='lat' dir='ltr'><strong>jam</strong></span> <span class='ocrx_word' id='word_1_382' title='bbox 2611 1472 2722 1516; x_wconf 93' lang='lat' dir='ltr'><strong>tum</strong></span> <span class='ocrx_word' id='word_1_383' title='bbox 2756 1472 2900 1519; x_wconf 89' lang='lat' dir='ltr'><strong>esset</strong></span> <span class='ocrx_word' id='word_1_384' title='bbox 2940 1473 3285 1519; x_wconf 88' lang='lat' dir='ltr'><strong>consecutus.</strong></span> <span class='ocrx_word' id='word_1_385' title='bbox 3319 1464 3422 1520; x_wconf 90' lang='lat' dir='ltr'><strong>Sed</strong></span> <span class='ocrx_word' id='word_1_386' title='bbox 3468 1481 3590 1519; x_wconf 88' lang='lat' dir='ltr'><strong>cum</strong></span> 
     </span>
    </p>
   </div>
   <div class='ocr_carea' id='block_1_59' title="bbox 2027 1550 3592 1622">
    <p class='ocr_par' dir='ltr' id='par_1_59' title="bbox 2027 1550 3592 1622">
     <span class='ocr_line' id='line_1_59' title="bbox 2027 1550 3592 1622; baseline 0.006 -20"><span class='ocrx_word' id='word_1_387' title='bbox 2027 1550 2304 1617; x_wconf 78' lang='lat' dir='ltr'><strong>Libanius,</strong></span> <span class='ocrx_word' id='word_1_388' title='bbox 2329 1553 2420 1622; x_wconf 92' lang='lat' dir='ltr'><strong>qui</strong></span> <span class='ocrx_word' id='word_1_389' title='bbox 2451 1567 2592 1608; x_wconf 89' lang='lat' dir='ltr'><strong>anno</strong></span> <span class='ocrx_word' id='word_1_390' title='bbox 2622 1553 2728 1609; x_wconf 75' lang='grc'><strong>514</strong></span> <span class='ocrx_word' id='word_1_391' title='bbox 2758 1565 2916 1610; x_wconf 90' lang='lat' dir='ltr'><strong>natus</strong></span> <span class='ocrx_word' id='word_1_392' title='bbox 2943 1566 3044 1622; x_wconf 89' lang='lat' dir='ltr'><strong>est,</strong></span> <span class='ocrx_word' id='word_1_393' title='bbox 3075 1566 3283 1610; x_wconf 89' lang='lat' dir='ltr'><strong>mature</strong></span> <span class='ocrx_word' id='word_1_394' title='bbox 3328 1557 3467 1610; x_wconf 89' lang='lat' dir='ltr'><strong>inter</strong></span> <span class='ocrx_word' id='word_1_395' title='bbox 3503 1574 3592 1612; x_wconf 88' lang='lat' dir='ltr'><strong>so-</strong></span> 
     </span>
    </p>
   </div>
   <div class='ocr_carea' id='block_1_60' title="bbox 2024 1641 3592 1717">
    <p class='ocr_par' dir='ltr' id='par_1_60' title="bbox 2024 1641 3592 1717">
     <span class='ocr_line' id='line_1_60' title="bbox 2024 1641 3592 1717; baseline 0.006 -23"><span class='ocrx_word' id='word_1_396' title='bbox 2024 1641 2230 1709; x_wconf 84' lang='lat' dir='ltr'><strong>phistas</strong></span> <span class='ocrx_word' id='word_1_397' title='bbox 2275 1659 2466 1699; x_wconf 92' lang='lat' dir='ltr'><strong>nomen</strong></span> <span class='ocrx_word' id='word_1_398' title='bbox 2499 1645 2770 1708; x_wconf 88' lang='lat' dir='ltr'><strong>habuerit,</strong></span> <span class='ocrx_word' id='word_1_399' title='bbox 2816 1662 2920 1701; x_wconf 90' lang='lat' dir='ltr'><strong>non</strong></span> <span class='ocrx_word' id='word_1_400' title='bbox 2952 1647 3165 1701; x_wconf 88' lang='lat' dir='ltr'><strong>videtur</strong></span> <span class='ocrx_word' id='word_1_401' title='bbox 3195 1647 3377 1717; x_wconf 87' lang='lat' dir='ltr'><strong>Basilii</strong></span> <span class='ocrx_word' id='word_1_402' title='bbox 3422 1650 3592 1704; x_wconf 72' lang='lat' dir='ltr'><strong>multo</strong></span> 
     </span>
    </p>
   </div>
   <div class='ocr_carea' id='block_1_61' title="bbox 2022 1731 3591 1805">
    <p class='ocr_par' dir='ltr' id='par_1_61' title="bbox 2022 1731 3591 1805">
     <span class='ocr_line' id='line_1_61' title="bbox 2022 1731 3591 1805; baseline 0.006 -21"><span class='ocrx_word' id='word_1_403' title='bbox 2022 1731 2255 1801; x_wconf 85' lang='lat' dir='ltr'><strong>juuioris</strong></span> <span class='ocrx_word' id='word_1_404' title='bbox 2295 1731 2460 1788; x_wconf 79' lang='lat' dir='ltr'><strong>fuisse</strong></span> <span class='ocrx_word' id='word_1_405' title='bbox 2510 1735 2929 1805; x_wconf 87' lang='lat' dir='ltr'><strong>condiscipulus.</strong></span> <span class='ocrx_word' id='word_1_406' title='bbox 2975 1736 3333 1802; x_wconf 87' lang='lat' dir='ltr'><strong>Quamobrem</strong></span> <span class='ocrx_word' id='word_1_407' title='bbox 3365 1740 3408 1794; x_wconf 91' lang='lat' dir='ltr'><strong>si</strong></span> <span class='ocrx_word' id='word_1_408' title='bbox 3443 1749 3591 1794; x_wconf 89' lang='lat' dir='ltr'><strong>tanta</strong></span> 
     </span>
    </p>
   </div>
   <div class='ocr_carea' id='block_1_62' title="bbox 2025 1824 3594 1898">
    <p class='ocr_par' dir='ltr' id='par_1_62' title="bbox 2025 1824 3594 1898">
     <span class='ocr_line' id='line_1_62' title="bbox 2025 1824 3594 1898; baseline 0.006 -20"><span class='ocrx_word' id='word_1_409' title='bbox 2025 1824 2128 1879; x_wconf 83' lang='lat' dir='ltr'><strong>fuit</strong></span> <span class='ocrx_word' id='word_1_410' title='bbox 2176 1825 2318 1880; x_wconf 92' lang='lat' dir='ltr'><strong>inter</strong></span> <span class='ocrx_word' id='word_1_411' title='bbox 2378 1835 2665 1896; x_wconf 91' lang='lat' dir='ltr'><strong>utrumque</strong></span> <span class='ocrx_word' id='word_1_412' title='bbox 2723 1829 3094 1896; x_wconf 89' lang='lat' dir='ltr'><strong>necessitudo,</strong></span> <span class='ocrx_word' id='word_1_413' title='bbox 3137 1841 3336 1898; x_wconf 87' lang='lat' dir='ltr'><strong>quanta</strong></span> <span class='ocrx_word' id='word_1_414' title='bbox 3386 1846 3452 1886; x_wconf 80' lang='lat' dir='ltr'><strong>ex</strong></span> <span class='ocrx_word' id='word_1_415' title='bbox 3509 1834 3594 1888; x_wconf 91' lang='lat' dir='ltr'><strong>his</strong></span> 
     </span>
    </p>
   </div>
   <div class='ocr_carea' id='block_1_63' title="bbox 2025 1917 3597 1989">
    <p class='ocr_par' dir='ltr' id='par_1_63' title="bbox 2025 1917 3597 1989">
     <span class='ocr_line' id='line_1_63' title="bbox 2025 1917 3597 1989; baseline 0.005 -19"><span class='ocrx_word' id='word_1_416' title='bbox 2025 1917 2269 1984; x_wconf 90' lang='lat' dir='ltr'><strong>epistolis</strong></span> <span class='ocrx_word' id='word_1_417' title='bbox 2316 1919 2661 1989; x_wconf 87' lang='lat' dir='ltr'><strong>perspicitur,</strong></span> <span class='ocrx_word' id='word_1_418' title='bbox 2714 1934 2937 1975; x_wconf 90' lang='lat' dir='ltr'><strong>necesse</strong></span> <span class='ocrx_word' id='word_1_419' title='bbox 2981 1931 3064 1975; x_wconf 89' lang='lat' dir='ltr'><strong>est</strong></span> <span class='ocrx_word' id='word_1_420' title='bbox 3099 1932 3158 1976; x_wconf 91' lang='lat' dir='ltr'><strong>ut</strong></span> <span class='ocrx_word' id='word_1_421' title='bbox 3191 1937 3312 1976; x_wconf 85' lang='lat' dir='ltr'><strong>eum</strong></span> <span class='ocrx_word' id='word_1_422' title='bbox 3361 1923 3597 1980; x_wconf 83' lang='lat' dir='ltr'><strong>Basilius</strong></span> 
     </span>
    </p>
   </div>
   <div class='ocr_carea' id='block_1_64' title="bbox 2025 2011 3594 2082">
    <p class='ocr_par' dir='ltr' id='par_1_64' title="bbox 2025 2011 3594 2082">
     <span class='ocr_line' id='line_1_64' title="bbox 2025 2011 3594 2082; baseline 0.005 -20"><span class='ocrx_word' id='word_1_423' title='bbox 2025 2011 2255 2065; x_wconf 83' lang='lat' dir='ltr'><strong>audierit</strong></span> <span class='ocrx_word' id='word_1_424' title='bbox 2291 2011 2776 2082; x_wconf 87' lang='lat' dir='ltr'><strong>Constantinopoli.</strong></span> <span class='ocrx_word' id='word_1_425' title='bbox 2817 2012 2923 2069; x_wconf 91' lang='lat' dir='ltr'><strong>Sed</strong></span> <span class='ocrx_word' id='word_1_426' title='bbox 2961 2029 3082 2070; x_wconf 92' lang='lat' dir='ltr'><strong>cum</strong></span> <span class='ocrx_word' id='word_1_427' title='bbox 3121 2017 3204 2070; x_wconf 80' lang='lat' dir='ltr'><strong>ha:</strong></span> <span class='ocrx_word' id='word_1_428' title='bbox 3249 2017 3440 2071; x_wconf 79' lang='lat' dir='ltr'><strong>littera:</strong></span> <span class='ocrx_word' id='word_1_429' title='bbox 3483 2033 3594 2072; x_wconf 87' lang='lat' dir='ltr'><strong>non</strong></span> 
     </span>
    </p>
   </div>
   <div class='ocr_carea' id='block_1_65' title="bbox 2027 2099 3599 2174">
    <p class='ocr_par' dir='ltr' id='par_1_65' title="bbox 2027 2099 3599 2174">
     <span class='ocr_line' id='line_1_65' title="bbox 2027 2099 3599 2174; baseline 0.005 -22"><span class='ocrx_word' id='word_1_430' title='bbox 2027 2099 2257 2166; x_wconf 79' lang='lat' dir='ltr'><strong>levibus,</strong></span> <span class='ocrx_word' id='word_1_431' title='bbox 2298 2109 2358 2153; x_wconf 92' lang='lat' dir='ltr'><strong>ut</strong></span> <span class='ocrx_word' id='word_1_432' title='bbox 2393 2099 2532 2155; x_wconf 79' lang='lat' dir='ltr'><strong>infra</strong></span> <span class='ocrx_word' id='word_1_433' title='bbox 2566 2101 2854 2168; x_wconf 90' lang='lat' dir='ltr'><strong>videbitur,</strong></span> <span class='ocrx_word' id='word_1_434' title='bbox 2885 2105 3282 2174; x_wconf 88' lang='lat' dir='ltr'><strong>suspicionibus</strong></span> <span class='ocrx_word' id='word_1_435' title='bbox 3328 2105 3599 2171; x_wconf 89' lang='lat' dir='ltr'><strong>laborent,</strong></span> 
     </span>
    </p>
   </div>
   <div class='ocr_carea' id='block_1_66' title="bbox 2026 2191 3601 2263">
    <p class='ocr_par' dir='ltr' id='par_1_66' title="bbox 2026 2191 3601 2263">
     <span class='ocr_line' id='line_1_66' title="bbox 2026 2191 3601 2263; baseline 0.003 -17"><span class='ocrx_word' id='word_1_436' title='bbox 2026 2207 2132 2246; x_wconf 89' lang='lat' dir='ltr'><strong>non</strong></span> <span class='ocrx_word' id='word_1_437' title='bbox 2181 2191 2412 2245; x_wconf 88' lang='lat' dir='ltr'><strong>libenter</strong></span> <span class='ocrx_word' id='word_1_438' title='bbox 2463 2193 2782 2248; x_wconf 87' lang='lat' dir='ltr'><strong>crediderim</strong></span> <span class='ocrx_word' id='word_1_439' title='bbox 2830 2196 3086 2263; x_wconf 89' lang='lat' dir='ltr'><strong>quidquid</strong></span> <span class='ocrx_word' id='word_1_440' title='bbox 3147 2196 3356 2250; x_wconf 87' lang='lat' dir='ltr'><strong>illarum</strong></span> <span class='ocrx_word' id='word_1_441' title='bbox 3405 2196 3601 2251; x_wconf 89' lang='lat' dir='ltr'><strong>nititur</strong></span> 
     </span>
    </p>
   </div>
   <div class='ocr_carea' id='block_1_67' title="bbox 2027 2285 3601 2347">
    <p class='ocr_par' dir='ltr' id='par_1_67' title="bbox 2027 2285 3601 2347">
     <span class='ocr_line' id='line_1_67' title="bbox 2027 2285 3601 2347; baseline 0.006 -10"><span class='ocrx_word' id='word_1_442' title='bbox 2027 2285 2369 2347; x_wconf 82' lang='lat' dir='ltr'><strong>auctoritate,</strong></span> <span class='ocrx_word' id='word_1_443' title='bbox 2417 2287 2516 2339; x_wconf 90' lang='lat' dir='ltr'><strong>nisi</strong></span> <span class='ocrx_word' id='word_1_444' title='bbox 2555 2286 2677 2340; x_wconf 88' lang='lat' dir='ltr'><strong>aliis</strong></span> <span class='ocrx_word' id='word_1_445' title='bbox 2726 2287 3046 2343; x_wconf 90' lang='lat' dir='ltr'><strong>testimoniis</strong></span> <span class='ocrx_word' id='word_1_446' title='bbox 3090 2288 3461 2345; x_wconf 83' lang='lat' dir='ltr'><strong>conﬁrmetur.</strong></span> <span class='ocrx_word' id='word_1_447' title='bbox 3495 2289 3601 2346; x_wconf 86' lang='lat' dir='ltr'><strong>So—</strong></span> 
     </span>
    </p>
   </div>
   <div class='ocr_carea' id='block_1_68' title="bbox 2026 2375 3602 2449">
    <p class='ocr_par' dir='ltr' id='par_1_68' title="bbox 2026 2375 3602 2449">
     <span class='ocr_line' id='line_1_68' title="bbox 2026 2375 3602 2449; baseline 0.005 -22"><span class='ocrx_word' id='word_1_448' title='bbox 2026 2385 2204 2429; x_wconf 84' lang='lat' dir='ltr'><strong>crates</strong></span> <span class='ocrx_word' id='word_1_449' title='bbox 2255 2376 2470 2444; x_wconf 88' lang='lat' dir='ltr'><strong>quidem</strong></span> <span class='ocrx_word' id='word_1_450' title='bbox 2509 2375 2586 2448; x_wconf 88' lang='lat' dir='ltr'><strong>(d)</strong></span> <span class='ocrx_word' id='word_1_451' title='bbox 2622 2386 2674 2430; x_wconf 89' lang='lat' dir='ltr'><strong>et</strong></span> <span class='ocrx_word' id='word_1_452' title='bbox 2708 2377 3042 2432; x_wconf 83' lang='lat' dir='ltr'><strong>Sozomenus</strong></span> <span class='ocrx_word' id='word_1_453' title='bbox 3082 2378 3151 2449; x_wconf 89' lang='lat' dir='ltr'><strong>(e)</strong></span> <span class='ocrx_word' id='word_1_454' title='bbox 3190 2389 3412 2434; x_wconf 90' lang='lat' dir='ltr'><strong>narrant</strong></span> <span class='ocrx_word' id='word_1_455' title='bbox 3441 2379 3602 2435; x_wconf 90' lang='lat' dir='ltr'><strong>Basi-</strong></span> 
     </span>
    </p>
   </div>
   <div class='ocr_carea' id='block_1_69' title="bbox 2027 2465 3600 2539">
    <p class='ocr_par' dir='ltr' id='par_1_69' title="bbox 2027 2465 3600 2539">
     <span class='ocr_line' id='line_1_69' title="bbox 2027 2465 3600 2539; baseline 0.004 -21"><span class='ocrx_word' id='word_1_456' title='bbox 2027 2468 2153 2519; x_wconf 78' lang='lat' dir='ltr'><strong>lium</strong></span> <span class='ocrx_word' id='word_1_457' title='bbox 2183 2481 2286 2519; x_wconf 88' lang='lat' dir='ltr'><strong>una</strong></span> <span class='ocrx_word' id='word_1_458' title='bbox 2315 2480 2438 2520; x_wconf 91' lang='lat' dir='ltr'><strong>cum</strong></span> <span class='ocrx_word' id='word_1_459' title='bbox 2476 2465 2740 2537; x_wconf 84' lang='lat' dir='ltr'><strong>Gregorio</strong></span> <span class='ocrx_word' id='word_1_460' title='bbox 2779 2483 2999 2539; x_wconf 86' lang='lat' dir='ltr'><strong>operam</strong></span> <span class='ocrx_word' id='word_1_461' title='bbox 3042 2469 3341 2526; x_wconf 79' lang='lat' dir='ltr'><strong>Antiochia:</strong></span> <span class='ocrx_word' id='word_1_462' title='bbox 3371 2470 3600 2526; x_wconf 85' lang='lat' dir='ltr'><strong>Libanio</strong></span> 
     </span>
    </p>
   </div>
   <div class='ocr_carea' id='block_1_70' title="bbox 2027 2558 3600 2627">
    <p class='ocr_par' dir='ltr' id='par_1_70' title="bbox 2027 2558 3600 2627">
     <span class='ocr_line' id='line_1_70' title="bbox 2027 2558 3600 2627; baseline 0.004 -18"><span class='ocrx_word' id='word_1_463' title='bbox 2027 2560 2262 2615; x_wconf 88' lang='lat' dir='ltr'><strong>dedisse.</strong></span> <span class='ocrx_word' id='word_1_464' title='bbox 2284 2558 2356 2614; x_wconf 81' lang='lat' dir='ltr'><strong>At</strong></span> <span class='ocrx_word' id='word_1_465' title='bbox 2379 2574 2564 2614; x_wconf 90' lang='lat' dir='ltr'><strong>eorum</strong></span> <span class='ocrx_word' id='word_1_466' title='bbox 2599 2560 2919 2615; x_wconf 84' lang='lat' dir='ltr'><strong>manifestus</strong></span> <span class='ocrx_word' id='word_1_467' title='bbox 2943 2571 3027 2616; x_wconf 88' lang='lat' dir='ltr'><strong>est</strong></span> <span class='ocrx_word' id='word_1_468' title='bbox 3056 2577 3234 2627; x_wconf 87' lang='lat' dir='ltr'><strong>error,</strong></span> <span class='ocrx_word' id='word_1_469' title='bbox 3260 2578 3382 2617; x_wconf 92' lang='lat' dir='ltr'><strong>cum</strong></span> <span class='ocrx_word' id='word_1_470' title='bbox 3407 2574 3600 2619; x_wconf 90' lang='lat' dir='ltr'><strong>neuter</strong></span> 
     </span>
    </p>
   </div>
   <div class='ocr_carea' id='block_1_71' title="bbox 2028 2651 3602 2719">
    <p class='ocr_par' dir='ltr' id='par_1_71' title="bbox 2028 2651 3602 2719">
     <span class='ocr_line' id='line_1_71' title="bbox 2028 2651 3602 2719; baseline 0.001 -15"><span class='ocrx_word' id='word_1_471' title='bbox 2028 2651 2370 2706; x_wconf 84' lang='lat' dir='ltr'><strong>Antiochiam</strong></span> <span class='ocrx_word' id='word_1_472' title='bbox 2415 2653 2720 2707; x_wconf 89' lang='lat' dir='ltr'><strong>studiorum</strong></span> <span class='ocrx_word' id='word_1_473' title='bbox 2756 2667 2920 2706; x_wconf 87' lang='lat' dir='ltr'><strong>causa</strong></span> <span class='ocrx_word' id='word_1_474' title='bbox 2957 2653 3148 2719; x_wconf 84' lang='lat' dir='ltr'><strong>iverit,</strong></span> <span class='ocrx_word' id='word_1_475' title='bbox 3203 2668 3302 2708; x_wconf 90' lang='lat' dir='ltr'><strong>nec</strong></span> <span class='ocrx_word' id='word_1_476' title='bbox 3350 2653 3602 2708; x_wconf 90' lang='lat' dir='ltr'><strong>dubitant</strong></span> 
     </span>
    </p>
   </div>
   <div class='ocr_carea' id='block_1_72' title="bbox 2030 2745 3606 2817">
    <p class='ocr_par' dir='ltr' id='par_1_72' title="bbox 2030 2745 3606 2817">
     <span class='ocr_line' id='line_1_72' title="bbox 2030 2745 3606 2817; baseline 0.001 -17"><span class='ocrx_word' id='word_1_477' title='bbox 2030 2745 2230 2802; x_wconf 78' lang='lat' dir='ltr'><strong>eruditi</strong></span> <span class='ocrx_word' id='word_1_478' title='bbox 2269 2745 2394 2811; x_wconf 88' lang='lat' dir='ltr'><strong>viri,</strong></span> <span class='ocrx_word' id='word_1_479' title='bbox 2435 2746 2565 2817; x_wconf 87' lang='lat' dir='ltr'><strong>quin</strong></span> <span class='ocrx_word' id='word_1_480' title='bbox 2601 2747 2700 2802; x_wconf 90' lang='lat' dir='ltr'><strong>hos</strong></span> <span class='ocrx_word' id='word_1_481' title='bbox 2741 2747 3035 2816; x_wconf 88' lang='lat' dir='ltr'><strong>scriptores</strong></span> <span class='ocrx_word' id='word_1_482' title='bbox 3073 2747 3305 2801; x_wconf 91' lang='lat' dir='ltr'><strong>nominis</strong></span> <span class='ocrx_word' id='word_1_483' title='bbox 3349 2747 3606 2802; x_wconf 87' lang='lat' dir='ltr'><strong>similitu-</strong></span> 
     </span>
    </p>
   </div>
   <div class='ocr_carea' id='block_1_73' title="bbox 2030 2837 3598 2912">
    <p class='ocr_par' dir='ltr' id='par_1_73' title="bbox 2030 2837 3598 2912">
     <span class='ocr_line' id='line_1_73' title="bbox 2030 2837 3598 2912; baseline 0.001 -21"><span class='ocrx_word' id='word_1_484' title='bbox 2030 2839 2156 2894; x_wconf 88' lang='lat' dir='ltr'><strong>dine</strong></span> <span class='ocrx_word' id='word_1_485' title='bbox 2203 2839 2473 2908; x_wconf 90' lang='lat' dir='ltr'><strong>deceperit</strong></span> <span class='ocrx_word' id='word_1_486' title='bbox 2513 2837 2740 2894; x_wconf 88' lang='lat' dir='ltr'><strong>Basilius</strong></span> <span class='ocrx_word' id='word_1_487' title='bbox 2774 2841 2944 2894; x_wconf 89' lang='lat' dir='ltr'><strong>sancti</strong></span> <span class='ocrx_word' id='word_1_488' title='bbox 2987 2839 3210 2896; x_wconf 84' lang='lat' dir='ltr'><strong>Joannis</strong></span> <span class='ocrx_word' id='word_1_489' title='bbox 3229 2839 3598 2912; x_wconf 84' lang='lat' dir='ltr'><strong>Chrysostomi</strong></span> 
     </span>
    </p>
   </div>
   <div class='ocr_carea' id='block_1_74' title="bbox 2033 2931 3598 3000">
    <p class='ocr_par' dir='ltr' id='par_1_74' title="bbox 2033 2931 3598 3000">
     <span class='ocr_line' id='line_1_74' title="bbox 2033 2931 3598 3000; baseline 0.003 -19"><span class='ocrx_word' id='word_1_490' title='bbox 2033 2931 2262 2994; x_wconf 87' lang='lat' dir='ltr'><strong>amicus,</strong></span> <span class='ocrx_word' id='word_1_491' title='bbox 2307 2946 2467 3000; x_wconf 88' lang='lat' dir='ltr'><strong>quem</strong></span> <span class='ocrx_word' id='word_1_492' title='bbox 2525 2932 2650 2986; x_wconf 91' lang='lat' dir='ltr'><strong>dum</strong></span> <span class='ocrx_word' id='word_1_493' title='bbox 2702 2931 3038 2988; x_wconf 79' lang='lat' dir='ltr'><strong>confundunt</strong></span> <span class='ocrx_word' id='word_1_494' title='bbox 3078 2947 3197 2986; x_wconf 91' lang='lat' dir='ltr'><strong>cum</strong></span> <span class='ocrx_word' id='word_1_495' title='bbox 3247 2932 3598 2997; x_wconf 75' lang='lat' dir='ltr'><strong>Caesariensi,</strong></span> 
     </span>
    </p>
   </div>
   <div class='ocr_carea' id='block_1_75' title="bbox 2030 3021 3600 3093">
    <p class='ocr_par' dir='ltr' id='par_1_75' title="bbox 2030 3021 3600 3093">
     <span class='ocr_line' id='line_1_75' title="bbox 2030 3021 3600 3093; baseline 0 -17"><span class='ocrx_word' id='word_1_496' title='bbox 2030 3021 2347 3091; x_wconf 81' lang='lat' dir='ltr'><strong>Gregorium</strong></span> <span class='ocrx_word' id='word_1_497' title='bbox 2383 3023 2432 3078; x_wconf 87' lang='lat' dir='ltr'><strong>ei</strong></span> <span class='ocrx_word' id='word_1_498' title='bbox 2465 3021 2848 3093; x_wconf 72' lang='lat' dir='ltr'><strong>adiunxerunt.</strong></span> <span class='ocrx_word' id='word_1_499' title='bbox 2901 3023 3012 3077; x_wconf 84' lang='lat' dir='ltr'><strong>Non</strong></span> <span class='ocrx_word' id='word_1_500' title='bbox 3053 3025 3206 3077; x_wconf 80' lang='lat' dir='ltr'><strong>video</strong></span> <span class='ocrx_word' id='word_1_501' title='bbox 3250 3037 3379 3092; x_wconf 83' lang='lat' dir='ltr'><strong>ergo</strong></span> <span class='ocrx_word' id='word_1_502' title='bbox 3407 3022 3600 3091; x_wconf 89' lang='lat' dir='ltr'><strong>quibus</strong></span> 
     </span>
    </p>
   </div>
   <div class='ocr_carea' id='block_1_76' title="bbox 1954 3112 3599 3194">
    <p class='ocr_par' dir='ltr' id='par_1_76' title="bbox 1954 3112 3599 3194">
     <span class='ocr_line' id='line_1_76' title="bbox 1954 3112 3599 3194; baseline 0.001 -29"><span class='ocrx_word' id='word_1_503' title='bbox 1954 3136 2000 3194; x_wconf 67' lang='grc' dir='ltr'><strong>ρ</strong></span> <span class='ocrx_word' id='word_1_504' title='bbox 2035 3112 2398 3168; x_wconf 88' lang='lat' dir='ltr'><strong>monumentis</strong></span> <span class='ocrx_word' id='word_1_505' title='bbox 2433 3113 2599 3168; x_wconf 89' lang='lat' dir='ltr'><strong>statui</strong></span> <span class='ocrx_word' id='word_1_506' title='bbox 2639 3115 2807 3182; x_wconf 90' lang='lat' dir='ltr'><strong>possit</strong></span> <span class='ocrx_word' id='word_1_507' title='bbox 2841 3114 3094 3168; x_wconf 90' lang='lat' dir='ltr'><strong>Basilium</strong></span> <span class='ocrx_word' id='word_1_508' title='bbox 3135 3115 3599 3183; x_wconf 87' lang='lat' dir='ltr'><strong>Constantinopoli</strong></span> 
     </span>
    </p>
   </div>
   <div class='ocr_carea' id='block_1_77' title="bbox 2033 3203 3602 3276">
    <p class='ocr_par' dir='ltr' id='par_1_77' title="bbox 2033 3203 3602 3276">
     <span class='ocr_line' id='line_1_77' title="bbox 2033 3203 3602 3276; baseline 0.003 -20"><span class='ocrx_word' id='word_1_509' title='bbox 2033 3218 2252 3273; x_wconf 87' lang='lat' dir='ltr'><strong>operam</strong></span> <span class='ocrx_word' id='word_1_510' title='bbox 2283 3205 2494 3259; x_wconf 87' lang='lat' dir='ltr'><strong>dedisse</strong></span> <span class='ocrx_word' id='word_1_511' title='bbox 2523 3203 2768 3258; x_wconf 90' lang='lat' dir='ltr'><strong>Libanio.</strong></span> <span class='ocrx_word' id='word_1_512' title='bbox 2813 3203 2892 3260; x_wconf 85' lang='lat' dir='ltr'><strong>Ne</strong></span> <span class='ocrx_word' id='word_1_513' title='bbox 2925 3207 3097 3275; x_wconf 89' lang='lat' dir='ltr'><strong>ipsum</strong></span> <span class='ocrx_word' id='word_1_514' title='bbox 3133 3207 3345 3276; x_wconf 90' lang='lat' dir='ltr'><strong>quidem</strong></span> <span class='ocrx_word' id='word_1_515' title='bbox 3394 3214 3602 3276; x_wconf 88' lang='lat' dir='ltr'><strong>tempus</strong></span> 
     </span>
    </p>
   </div>
   <div class='ocr_carea' id='block_1_78' title="bbox 2033 3297 3603 3366">
    <p class='ocr_par' dir='ltr' id='par_1_78' title="bbox 2033 3297 3603 3366">
     <span class='ocr_line' id='line_1_78' title="bbox 2033 3297 3603 3366; baseline 0.002 -17"><span class='ocrx_word' id='word_1_516' title='bbox 2033 3297 2311 3366; x_wconf 89' lang='lat' dir='ltr'><strong>aptissime</strong></span> <span class='ocrx_word' id='word_1_517' title='bbox 2358 3298 2681 3364; x_wconf 85' lang='lat' dir='ltr'><strong>quadraret,</strong></span> <span class='ocrx_word' id='word_1_518' title='bbox 2713 3299 2754 3350; x_wconf 90' lang='lat' dir='ltr'><strong>si</strong></span> <span class='ocrx_word' id='word_1_519' title='bbox 2792 3297 3073 3363; x_wconf 89' lang='lat' dir='ltr'><strong>Libanius,</strong></span> <span class='ocrx_word' id='word_1_520' title='bbox 3106 3308 3163 3350; x_wconf 91' lang='lat' dir='ltr'><strong>ut</strong></span> <span class='ocrx_word' id='word_1_521' title='bbox 3196 3299 3407 3352; x_wconf 85' lang='lat' dir='ltr'><strong>videtur</strong></span> <span class='ocrx_word' id='word_1_522' title='bbox 3439 3299 3603 3352; x_wconf 82' lang='lat' dir='ltr'><strong>Tille-</strong></span> 
     </span>
    </p>
   </div>
   <div class='ocr_carea' id='block_1_79' title="bbox 2033 3389 3601 3459">
    <p class='ocr_par' dir='ltr' id='par_1_79' title="bbox 2033 3389 3601 3459">
     <span class='ocr_line' id='line_1_79' title="bbox 2033 3389 3601 3459; baseline 0.001 -18"><span class='ocrx_word' id='word_1_523' title='bbox 2033 3389 2256 3455; x_wconf 90' lang='lat' dir='ltr'><strong>montio,</strong></span> <span class='ocrx_word' id='word_1_524' title='bbox 2303 3389 2370 3442; x_wconf 91' lang='lat' dir='ltr'><strong>ab</strong></span> <span class='ocrx_word' id='word_1_525' title='bbox 2403 3404 2545 3443; x_wconf 90' lang='lat' dir='ltr'><strong>anno</strong></span> <span class='ocrx_word' id='word_1_526' title='bbox 2585 3389 2690 3443; x_wconf 72' lang='grc'><strong>546</strong></span> <span class='ocrx_word' id='word_1_527' title='bbox 2726 3405 2896 3459; x_wconf 85' lang='lat' dir='ltr'><strong>usque</strong></span> <span class='ocrx_word' id='word_1_528' title='bbox 2941 3392 3006 3443; x_wconf 87' lang='lat' dir='ltr'><strong>ad</strong></span> <span class='ocrx_word' id='word_1_529' title='bbox 3049 3391 3146 3444; x_wconf 73' lang='grc'><strong>551</strong></span> <span class='ocrx_word' id='word_1_530' title='bbox 3199 3391 3468 3445; x_wconf 88' lang='lat' dir='ltr'><strong>docuisset</strong></span> <span class='ocrx_word' id='word_1_531' title='bbox 3504 3389 3601 3442; x_wconf 79' lang='lat' dir='ltr'><strong>Ni-</strong></span> 
     </span>
    </p>
   </div>
   <div class='ocr_carea' id='block_1_80' title="bbox 2033 3481 3600 3550">
    <p class='ocr_par' dir='ltr' id='par_1_80' title="bbox 2033 3481 3600 3550">
     <span class='ocr_line' id='line_1_80' title="bbox 2033 3481 3600 3550; baseline 0 -14"><span class='ocrx_word' id='word_1_532' title='bbox 2033 3483 2308 3538; x_wconf 69' lang='lat' dir='ltr'><strong>comedim.</strong></span> <span class='ocrx_word' id='word_1_533' title='bbox 2359 3481 2490 3535; x_wconf 81' lang='lat' dir='ltr'><strong>Nam</strong></span> <span class='ocrx_word' id='word_1_534' title='bbox 2542 3485 2679 3536; x_wconf 89' lang='lat' dir='ltr'><strong>intra</strong></span> <span class='ocrx_word' id='word_1_535' title='bbox 2731 3482 2834 3536; x_wconf 90' lang='lat' dir='ltr'><strong>hoc</strong></span> <span class='ocrx_word' id='word_1_536' title='bbox 2887 3493 3094 3550; x_wconf 89' lang='lat' dir='ltr'><strong>tempus</strong></span> <span class='ocrx_word' id='word_1_537' title='bbox 3140 3482 3386 3537; x_wconf 82' lang='lat' dir='ltr'><strong>videntur</strong></span> <span class='ocrx_word' id='word_1_538' title='bbox 3433 3481 3600 3537; x_wconf 90' lang='lat' dir='ltr'><strong>collo-</strong></span> 
     </span>
    </p>
   </div>
   <div class='ocr_carea' id='block_1_81' title="bbox 2033 3572 3600 3642">
    <p class='ocr_par' dir='ltr' id='par_1_81' title="bbox 2033 3572 3600 3642">
     <span class='ocr_line' id='line_1_81' title="bbox 2033 3572 3600 3642; baseline -0.001 -14"><span class='ocrx_word' id='word_1_539' title='bbox 2033 3575 2204 3628; x_wconf 88' lang='lat' dir='ltr'><strong>canda</strong></span> <span class='ocrx_word' id='word_1_540' title='bbox 2240 3572 2423 3626; x_wconf 83' lang='lat' dir='ltr'><strong>Basilii</strong></span> <span class='ocrx_word' id='word_1_541' title='bbox 2454 3573 2625 3625; x_wconf 87' lang='lat' dir='ltr'><strong>studia</strong></span> <span class='ocrx_word' id='word_1_542' title='bbox 2671 3572 3283 3642; x_wconf 87' lang='lat' dir='ltr'><strong>Constantinopolitana.</strong></span> <span class='ocrx_word' id='word_1_543' title='bbox 3328 3573 3432 3626; x_wconf 89' lang='lat' dir='ltr'><strong>Sed</strong></span> <span class='ocrx_word' id='word_1_544' title='bbox 3478 3587 3600 3626; x_wconf 91' lang='lat' dir='ltr'><strong>cum</strong></span> 
     </span>
    </p>
   </div>
   <div class='ocr_carea' id='block_1_82' title="bbox 2035 3664 3596 3733">
    <p class='ocr_par' dir='ltr' id='par_1_82' title="bbox 2035 3664 3596 3733">
     <span class='ocr_line' id='line_1_82' title="bbox 2035 3664 3596 3733; baseline -0.002 -15"><span class='ocrx_word' id='word_1_545' title='bbox 2035 3665 2292 3720; x_wconf 83' lang='lat' dir='ltr'><strong>Libanius</strong></span> <span class='ocrx_word' id='word_1_546' title='bbox 2331 3665 2798 3733; x_wconf 88' lang='lat' dir='ltr'><strong>Constantinopoli</strong></span> <span class='ocrx_word' id='word_1_547' title='bbox 2841 3665 3026 3733; x_wconf 89' lang='lat' dir='ltr'><strong>pulsus</strong></span> <span class='ocrx_word' id='word_1_548' title='bbox 3071 3665 3229 3719; x_wconf 82' lang='lat' dir='ltr'><strong>fuerit</strong></span> <span class='ocrx_word' id='word_1_549' title='bbox 3269 3681 3296 3718; x_wconf 92' lang='lat' dir='ltr'><strong>a</strong></span> <span class='ocrx_word' id='word_1_550' title='bbox 3334 3664 3596 3726; x_wconf 88' lang='lat' dir='ltr'><strong>Limenio,</strong></span> 
     </span>
    </p>
   </div>
   <div class='ocr_carea' id='block_1_83' title="bbox 2033 3753 3603 3824">
    <p class='ocr_par' dir='ltr' id='par_1_83' title="bbox 2033 3753 3603 3824">
     <span class='ocr_line' id='line_1_83' title="bbox 2033 3753 3603 3824; baseline 0.001 -17"><span class='ocrx_word' id='word_1_551' title='bbox 2033 3757 2122 3824; x_wconf 88' lang='lat' dir='ltr'><strong>qui</strong></span> <span class='ocrx_word' id='word_1_552' title='bbox 2171 3754 2458 3823; x_wconf 70' lang='lat' dir='ltr'><strong>prml‘cctus</strong></span> <span class='ocrx_word' id='word_1_553' title='bbox 2509 3755 2628 3807; x_wconf 88' lang='lat' dir='ltr'><strong>urbi</strong></span> <span class='ocrx_word' id='word_1_554' title='bbox 2683 3754 2784 3807; x_wconf 82' lang='lat' dir='ltr'><strong>fuit</strong></span> <span class='ocrx_word' id='word_1_555' title='bbox 2832 3769 2860 3808; x_wconf 89' lang='lat' dir='ltr'><strong>a</strong></span> <span class='ocrx_word' id='word_1_556' title='bbox 2905 3755 3075 3824; x_wconf 89' lang='lat' dir='ltr'><strong>pridie</strong></span> <span class='ocrx_word' id='word_1_557' title='bbox 3119 3755 3242 3809; x_wconf 86' lang='lat' dir='ltr'><strong>ldus</strong></span> <span class='ocrx_word' id='word_1_558' title='bbox 3287 3753 3456 3808; x_wconf 79' lang='lat' dir='ltr'><strong>Julius</strong></span> <span class='ocrx_word' id='word_1_559' title='bbox 3499 3753 3603 3808; x_wconf 63' lang='grc' dir='ltr'>ὄπ</span> 
     </span>
    </p>
   </div>
   <div class='ocr_carea' id='block_1_84' title="bbox 2040 3840 3600 3913">
    <p class='ocr_par' dir='ltr' id='par_1_84' title="bbox 2040 3840 3600 3913">
     <span class='ocr_line' id='line_1_84' title="bbox 2040 3840 3600 3913; baseline -0.001 -19"><span class='ocrx_word' id='word_1_560' title='bbox 2040 3859 2211 3913; x_wconf 88' lang='lat' dir='ltr'><strong>usque</strong></span> <span class='ocrx_word' id='word_1_561' title='bbox 2243 3843 2307 3896; x_wconf 90' lang='lat' dir='ltr'><strong>ad</strong></span> <span class='ocrx_word' id='word_1_562' title='bbox 2339 3858 2392 3896; x_wconf 86' lang='lat' dir='ltr'><strong>vt</strong></span> <span class='ocrx_word' id='word_1_563' title='bbox 2419 3841 2589 3910; x_wconf 83' lang='lat' dir='ltr'><strong>April.</strong></span> <span class='ocrx_word' id='word_1_564' title='bbox 2615 3841 2742 3907; x_wconf 70' lang='grc'><strong>⁸549,</strong></span> <span class='ocrx_word' id='word_1_565' title='bbox 2778 3840 2892 3895; x_wconf 86' lang='lat' dir='ltr'><strong>ﬁeri</strong></span> <span class='ocrx_word' id='word_1_566' title='bbox 2947 3842 3116 3908; x_wconf 88' lang='lat' dir='ltr'><strong>potuit</strong></span> <span class='ocrx_word' id='word_1_567' title='bbox 3148 3851 3226 3906; x_wconf 92' lang='lat' dir='ltr'><strong>ut,</strong></span> <span class='ocrx_word' id='word_1_568' title='bbox 3260 3855 3323 3894; x_wconf 89' lang='lat' dir='ltr'><strong>eo</strong></span> <span class='ocrx_word' id='word_1_569' title='bbox 3353 3843 3600 3906; x_wconf 88' lang='lat' dir='ltr'><strong>docente,</strong></span> 
     </span>
    </p>
   </div>
   <div class='ocr_carea' id='block_1_85' title="bbox 2035 3931 3604 4000">
    <p class='ocr_par' dir='ltr' id='par_1_85' title="bbox 2035 3931 3604 4000">
     <span class='ocr_line' id='line_1_85' title="bbox 2035 3931 3604 4000; baseline -0.002 -13"><span class='ocrx_word' id='word_1_570' title='bbox 2035 3934 2268 3989; x_wconf 86' lang='lat' dir='ltr'><strong>Basilius</strong></span> <span class='ocrx_word' id='word_1_571' title='bbox 2321 3931 2843 4000; x_wconf 85' lang='lat' dir='ltr'><strong>Constantinopolim</strong></span> <span class='ocrx_word' id='word_1_572' title='bbox 2893 3948 3034 3985; x_wconf 89' lang='lat' dir='ltr'><strong>anno</strong></span> <span class='ocrx_word' id='word_1_573' title='bbox 3067 3932 3170 3986; x_wconf 67' lang='lat'><strong>556</strong></span> <span class='ocrx_word' id='word_1_574' title='bbox 3225 3945 3315 3984; x_wconf 90' lang='lat' dir='ltr'><strong>aut</strong></span> <span class='ocrx_word' id='word_1_575' title='bbox 3359 3931 3464 3986; x_wconf 63' lang='grc'><strong>547</strong></span> <span class='ocrx_word' id='word_1_576' title='bbox 3510 3946 3604 3984; x_wconf 84' lang='lat' dir='ltr'><strong>ve—</strong></span> 
     </span>
    </p>
   </div>
   <div class='ocr_carea' id='block_1_86' title="bbox 2036 4023 3604 4094">
    <p class='ocr_par' dir='ltr' id='par_1_86' title="bbox 2036 4023 3604 4094">
     <span class='ocr_line' id='line_1_86' title="bbox 2036 4023 3604 4094; baseline -0.001 -18"><span class='ocrx_word' id='word_1_577' title='bbox 2036 4027 2208 4088; x_wconf 87' lang='lat' dir='ltr'><strong>niret,</strong></span> <span class='ocrx_word' id='word_1_578' title='bbox 2249 4039 2504 4092; x_wconf 80' lang='lat' dir='ltr'><strong>euntque,</strong></span> <span class='ocrx_word' id='word_1_579' title='bbox 2551 4032 2600 4076; x_wconf 91' lang='lat' dir='ltr'><strong>ul</strong></span> <span class='ocrx_word' id='word_1_580' title='bbox 2650 4024 2788 4076; x_wconf 86' lang='lat' dir='ltr'><strong>inter</strong></span> <span class='ocrx_word' id='word_1_581' title='bbox 2824 4024 3110 4094; x_wconf 63' lang='lat' dir='ltr'><strong>sophistas</strong></span> <span class='ocrx_word' id='word_1_582' title='bbox 3153 4023 3562 4076; x_wconf 73' lang='lat' dir='ltr'><strong>celeberrimum</strong></span> <span class='ocrx_word' id='word_1_583' title='bbox 3588 4061 3604 4086; x_wconf 95' lang='lat'><strong>,</strong></span> 
     </span>
    </p>
   </div>
   <div class='ocr_carea' id='block_1_87' title="bbox 2033 4118 2261 4170">
    <p class='ocr_par' dir='ltr' id='par_1_87' title="bbox 2033 4118 2261 4170">
     <span class='ocr_line' id='line_1_87' title="bbox 2033 4118 2261 4170; baseline 0 0"><span class='ocrx_word' id='word_1_584' title='bbox 2033 4118 2261 4170; x_wconf 82' lang='lat' dir='ltr'><strong>audiret.</strong></span> 
     </span>
    </p>
   </div>
   <div class='ocr_carea' id='block_1_88' title="bbox 2105 4205 3605 4277">
    <p class='ocr_par' dir='ltr' id='par_1_88' title="bbox 2105 4205 3605 4277">
     <span class='ocr_line' id='line_1_88' title="bbox 2105 4205 3605 4277; baseline -0.003 -14"><span class='ocrx_word' id='word_1_585' title='bbox 2105 4209 2238 4263; x_wconf 87' lang='lat' dir='ltr'><strong>Cutn</strong></span> <span class='ocrx_word' id='word_1_586' title='bbox 2275 4207 2424 4262; x_wconf 87' lang='lat' dir='ltr'><strong>brevi</strong></span> <span class='ocrx_word' id='word_1_587' title='bbox 2455 4217 2690 4277; x_wconf 89' lang='lat' dir='ltr'><strong>tempore</strong></span> <span class='ocrx_word' id='word_1_588' title='bbox 2721 4205 2948 4260; x_wconf 85' lang='lat' dir='ltr'><strong>Basilius</strong></span> <span class='ocrx_word' id='word_1_589' title='bbox 2977 4207 3027 4258; x_wconf 92' lang='lat' dir='ltr'><strong>in</strong></span> <span class='ocrx_word' id='word_1_590' title='bbox 3053 4207 3154 4260; x_wconf 92' lang='lat' dir='ltr'><strong>hac</strong></span> <span class='ocrx_word' id='word_1_591' title='bbox 3181 4206 3311 4258; x_wconf 86' lang='lat' dir='ltr'><strong>urbe</strong></span> <span class='ocrx_word' id='word_1_592' title='bbox 3343 4207 3605 4259; x_wconf 76' lang='lat' dir='ltr'><strong>maximas</strong></span> 
     </span>
    </p>
   </div>
   <div class='ocr_carea' id='block_1_89' title="bbox 2036 4298 3606 4368">
    <p class='ocr_par' dir='ltr' id='par_1_89' title="bbox 2036 4298 3606 4368">
     <span class='ocr_line' id='line_1_89' title="bbox 2036 4298 3606 4368; baseline -0.003 -14"><span class='ocrx_word' id='word_1_593' title='bbox 2036 4303 2218 4356; x_wconf 89' lang='lat' dir='ltr'><strong>laudes</strong></span> <span class='ocrx_word' id='word_1_594' title='bbox 2277 4303 2328 4354; x_wconf 91' lang='lat' dir='ltr'><strong>in</strong></span> <span class='ocrx_word' id='word_1_595' title='bbox 2404 4301 2688 4354; x_wconf 72' lang='lat' dir='ltr'><strong>rhetorica:</strong></span> <span class='ocrx_word' id='word_1_596' title='bbox 2756 4316 2818 4354; x_wconf 90' lang='lat' dir='ltr'><strong>ac</strong></span> <span class='ocrx_word' id='word_1_597' title='bbox 2881 4299 3231 4368; x_wconf 76' lang='lat' dir='ltr'><strong>philosophia:</strong></span> <span class='ocrx_word' id='word_1_598' title='bbox 3307 4298 3606 4366; x_wconf 83' lang='lat' dir='ltr'><strong>disciplinis</strong></span> 
     </span>
    </p>
   </div>
   <div class='ocr_carea' id='block_1_90' title="bbox 2042 4388 3603 4462">
    <p class='ocr_par' dir='ltr' id='par_1_90' title="bbox 2042 4388 3603 4462">
     <span class='ocr_line' id='line_1_90' title="bbox 2042 4388 3603 4462; baseline -0.005 -16"><span class='ocrx_word' id='word_1_599' title='bbox 2042 4395 2266 4462; x_wconf 86' lang='lat' dir='ltr'><strong>adeptus</strong></span> <span class='ocrx_word' id='word_1_600' title='bbox 2297 4401 2442 4446; x_wconf 90' lang='lat' dir='ltr'><strong>esset</strong></span> <span class='ocrx_word' id='word_1_601' title='bbox 2474 4389 2562 4460; x_wconf 69' lang='lat' dir='ltr'><strong>(fl,</strong></span> <span class='ocrx_word' id='word_1_602' title='bbox 2604 4391 2817 4444; x_wconf 85' lang='lat' dir='ltr'><strong>tandem</strong></span> <span class='ocrx_word' id='word_1_603' title='bbox 2855 4391 3092 4443; x_wconf 84' lang='lat' dir='ltr'><strong>Athenas</strong></span> <span class='ocrx_word' id='word_1_604' title='bbox 3125 4388 3312 4458; x_wconf 90' lang='lat' dir='ltr'><strong>petiit,</strong></span> <span class='ocrx_word' id='word_1_605' title='bbox 3358 4403 3474 4454; x_wconf 75' lang='lat' dir='ltr'><strong>qurc</strong></span> <span class='ocrx_word' id='word_1_606' title='bbox 3509 4389 3603 4440; x_wconf 91' lang='lat' dir='ltr'><strong>do-</strong></span> 
     </span>
    </p>
   </div>
   <div class='ocr_carea' id='block_1_91' title="bbox 361 4481 3609 4551">
    <p class='ocr_par' dir='ltr' id='par_1_91' title="bbox 361 4481 3609 4551">
     <span class='ocr_line' id='line_1_91' title="bbox 361 4481 3609 4551; baseline -0.001 -15"><span class='ocrx_word' id='word_1_607' title='bbox 361 4495 506 4538; x_wconf 84' lang='lat' dir='ltr'><strong>lores</strong></span> <span class='ocrx_word' id='word_1_608' title='bbox 528 4483 690 4537; x_wconf 84' lang='lat' dir='ltr'><strong>etiam</strong></span> <span class='ocrx_word' id='word_1_609' title='bbox 716 4495 843 4537; x_wconf 90' lang='lat' dir='ltr'><strong>ante</strong></span> <span class='ocrx_word' id='word_1_610' title='bbox 865 4482 1191 4536; x_wconf 90' lang='lat' dir='ltr'><strong>rhetoricam</strong></span> <span class='ocrx_word' id='word_1_611' title='bbox 1224 4482 1542 4543; x_wconf 84' lang='lat' dir='ltr'><strong>exhedram,</strong></span> <span class='ocrx_word' id='word_1_612' title='bbox 1573 4481 1926 4551; x_wconf 83' lang='lat' dir='ltr'><strong>philosOphus</strong></span> <span class='ocrx_word' id='word_1_613' title='bbox 1960 4483 2004 4537; x_wconf 86' lang='lat' dir='ltr'><strong>D</strong></span> <span class='ocrx_word' id='word_1_614' title='bbox 2043 4487 2299 4540; x_wconf 84' lang='lat' dir='ltr'><strong>micilium</strong></span> <span class='ocrx_word' id='word_1_615' title='bbox 2339 4495 2393 4538; x_wconf 90' lang='lat' dir='ltr'><strong>et</strong></span> <span class='ocrx_word' id='word_1_616' title='bbox 2429 4484 2584 4539; x_wconf 82' lang='lat' dir='ltr'><strong>sedes</strong></span> <span class='ocrx_word' id='word_1_617' title='bbox 2612 4485 2912 4537; x_wconf 88' lang='lat' dir='ltr'><strong>litterarum</strong></span> <span class='ocrx_word' id='word_1_618' title='bbox 2949 4481 3300 4536; x_wconf 83' lang='lat' dir='ltr'><strong>habebantur.</strong></span> <span class='ocrx_word' id='word_1_619' title='bbox 3337 4481 3481 4534; x_wconf 92' lang='lat' dir='ltr'><strong>Illius</strong></span> <span class='ocrx_word' id='word_1_620' title='bbox 3513 4482 3609 4532; x_wconf 86' lang='lat' dir='ltr'><strong>ad-</strong></span> 
     </span>
    </p>
   </div>
   <div class='ocr_carea' id='block_1_92' title="bbox 360 4572 1926 4643">
    <p class='ocr_par' dir='ltr' id='par_1_92' title="bbox 360 4572 1926 4643">
     <span class='ocr_line' id='line_1_92' title="bbox 360 4572 1926 4643; baseline 0 -17"><span class='ocrx_word' id='word_1_621' title='bbox 360 4575 502 4628; x_wconf 88' lang='lat' dir='ltr'><strong>inter</strong></span> <span class='ocrx_word' id='word_1_622' title='bbox 535 4573 877 4643; x_wconf 88' lang='lat' dir='ltr'><strong>philosophos</strong></span> <span class='ocrx_word' id='word_1_623' title='bbox 919 4573 1080 4627; x_wconf 91' lang='lat' dir='ltr'><strong>etiam</strong></span> <span class='ocrx_word' id='word_1_624' title='bbox 1116 4581 1241 4626; x_wconf 87' lang='lat' dir='ltr'><strong>ante</strong></span> <span class='ocrx_word' id='word_1_625' title='bbox 1283 4572 1638 4641; x_wconf 80' lang='lat' dir='ltr'><strong>philosophia:</strong></span> <span class='ocrx_word' id='word_1_626' title='bbox 1686 4573 1926 4635; x_wconf 89' lang='lat' dir='ltr'><strong>decreta,</strong></span> 
     </span>
    </p>
   </div>
   <div class='ocr_carea' id='block_1_93' title="bbox 361 4658 1931 4734">
    <p class='ocr_par' dir='ltr' id='par_1_93' title="bbox 361 4658 1931 4734">
     <span class='ocr_line' id='line_1_93' title="bbox 361 4658 1931 4734; baseline -0.001 -16"><span class='ocrx_word' id='word_1_627' title='bbox 361 4677 410 4718; x_wconf 84' lang='lat' dir='ltr'><strong>ct</strong></span> <span class='ocrx_word' id='word_1_628' title='bbox 441 4667 582 4734; x_wconf 91' lang='lat' dir='ltr'><strong>quod</strong></span> <span class='ocrx_word' id='word_1_629' title='bbox 624 4658 915 4719; x_wconf 81' lang='lat' dir='ltr'><strong>maximum</strong></span> <span class='ocrx_word' id='word_1_630' title='bbox 966 4675 1082 4730; x_wconf 92' lang='lat' dir='ltr'><strong>est,</strong></span> <span class='ocrx_word' id='word_1_631' title='bbox 1133 4663 1456 4718; x_wconf 86' lang='lat' dir='ltr'><strong>Christianis</strong></span> <span class='ocrx_word' id='word_1_632' title='bbox 1507 4663 1759 4723; x_wconf 87' lang='lat' dir='ltr'><strong>sacerdos</strong></span> <span class='ocrx_word' id='word_1_633' title='bbox 1806 4671 1931 4716; x_wconf 89' lang='lat' dir='ltr'><strong>ante</strong></span> 
     </span>
    </p>
   </div>
   <div class='ocr_carea' id='block_1_94' title="bbox 363 4754 1936 4813">
    <p class='ocr_par' dir='ltr' id='par_1_94' title="bbox 363 4754 1936 4813">
     <span class='ocr_line' id='line_1_94' title="bbox 363 4754 1936 4813; baseline -0.002 -3"><span class='ocrx_word' id='word_1_634' title='bbox 363 4758 746 4813; x_wconf 82' lang='lat' dir='ltr'><strong>sacerdotium.</strong></span> <span class='ocrx_word' id='word_1_635' title='bbox 776 4759 922 4812; x_wconf 84' lang='lat' dir='ltr'><strong>Adeo</strong></span> <span class='ocrx_word' id='word_1_636' title='bbox 968 4772 1158 4812; x_wconf 89' lang='lat' dir='ltr'><strong>omnes</strong></span> <span class='ocrx_word' id='word_1_637' title='bbox 1191 4756 1340 4810; x_wconf 87' lang='lat' dir='ltr'><strong>illum</strong></span> <span class='ocrx_word' id='word_1_638' title='bbox 1387 4757 1747 4811; x_wconf 87' lang='lat' dir='ltr'><strong>mirabantur.</strong></span> <span class='ocrx_word' id='word_1_639' title='bbox 1790 4754 1936 4808; x_wconf 70' lang='lat' dir='ltr'><strong>Prae-</strong></span> 
     </span>
    </p>
   </div>
   <div class='ocr_carea' id='block_1_95' title="bbox 361 4847 1928 4917">
    <p class='ocr_par' dir='ltr' id='par_1_95' title="bbox 361 4847 1928 4917">
     <span class='ocr_line' id='line_1_95' title="bbox 361 4847 1928 4917; baseline 0.001 -18"><span class='ocrx_word' id='word_1_640' title='bbox 361 4851 579 4917; x_wconf 76' lang='lat' dir='ltr'><strong>cipuum</strong></span> <span class='ocrx_word' id='word_1_641' title='bbox 613 4849 755 4902; x_wconf 91' lang='lat' dir='ltr'><strong>illius</strong></span> <span class='ocrx_word' id='word_1_642' title='bbox 781 4849 1019 4902; x_wconf 88' lang='lat' dir='ltr'><strong>studium</strong></span> <span class='ocrx_word' id='word_1_643' title='bbox 1057 4865 1162 4902; x_wconf 89' lang='lat' dir='ltr'><strong>non</strong></span> <span class='ocrx_word' id='word_1_644' title='bbox 1198 4860 1354 4902; x_wconf 90' lang='lat' dir='ltr'><strong>erant</strong></span> <span class='ocrx_word' id='word_1_645' title='bbox 1379 4847 1589 4912; x_wconf 68' lang='lat' dir='ltr'><strong>littertc,</strong></span> <span class='ocrx_word' id='word_1_646' title='bbox 1627 4849 1718 4903; x_wconf 89' lang='lat' dir='ltr'><strong>scd</strong></span> <span class='ocrx_word' id='word_1_647' title='bbox 1751 4849 1928 4917; x_wconf 88' lang='lat' dir='ltr'><strong>philo-</strong></span> 
     </span>
    </p>
   </div>
   <div class='ocr_carea' id='block_1_96' title="bbox 363 4939 1764 5008">
    <p class='ocr_par' dir='ltr' id='par_1_96' title="bbox 363 4939 1764 5008">
     <span class='ocr_line' id='line_1_96' title="bbox 363 4939 1764 5008; baseline 0.001 -16"><span class='ocrx_word' id='word_1_648' title='bbox 363 4941 546 5007; x_wconf 74' lang='lat' dir='ltr'><strong>sophia</strong></span> <span class='ocrx_word' id='word_1_649' title='bbox 570 4939 898 5002; x_wconf 85' lang='lat' dir='ltr'><strong>Christiana,</strong></span> <span class='ocrx_word' id='word_1_650' title='bbox 933 4941 996 4992; x_wconf 89' lang='lat' dir='ltr'><strong>ad</strong></span> <span class='ocrx_word' id='word_1_651' title='bbox 1035 4954 1194 5008; x_wconf 89' lang='lat' dir='ltr'><strong>quam</strong></span> <span class='ocrx_word' id='word_1_652' title='bbox 1233 4939 1442 4994; x_wconf 82' lang='lat' dir='ltr'><strong>litteras</strong></span> <span class='ocrx_word' id='word_1_653' title='bbox 1474 4939 1764 4994; x_wconf 81' lang='lat' dir='ltr'><strong>referebat.</strong></span> 
     </span>
    </p>
   </div>
   <div class='ocr_carea' id='block_1_97' title="bbox 433 5030 1929 5099">
    <p class='ocr_par' dir='ltr' id='par_1_97' title="bbox 433 5030 1929 5099">
     <span class='ocr_line' id='line_1_97' title="bbox 433 5030 1929 5099; baseline -0.001 -15"><span class='ocrx_word' id='word_1_654' title='bbox 433 5030 560 5084; x_wconf 86' lang='lat' dir='ltr'><strong>.nde</strong></span> <span class='ocrx_word' id='word_1_655' title='bbox 595 5031 1116 5099; x_wconf 82' lang='lat' dir='ltr'><strong>Constantinopolim</strong></span> <span class='ocrx_word' id='word_1_656' title='bbox 1148 5031 1400 5095; x_wconf 85' lang='lat' dir='ltr'><strong>mittitur,</strong></span> <span class='ocrx_word' id='word_1_657' title='bbox 1427 5047 1546 5099; x_wconf 70' lang='lat' dir='ltr'><strong>qua:</strong></span> <span class='ocrx_word' id='word_1_658' title='bbox 1577 5032 1766 5085; x_wconf 86' lang='lat' dir='ltr'><strong>civitas</strong></span> <span class='ocrx_word' id='word_1_659' title='bbox 1801 5033 1929 5085; x_wconf 87' lang='lat' dir='ltr'><strong>rhe-</strong></span> 
     </span>
    </p>
   </div>
   <div class='ocr_carea' id='block_1_98' title="bbox 366 5121 1932 5190">
    <p class='ocr_par' dir='ltr' id='par_1_98' title="bbox 366 5121 1932 5190">
     <span class='ocr_line' id='line_1_98' title="bbox 366 5121 1932 5190; baseline 0.003 -20"><span class='ocrx_word' id='word_1_660' title='bbox 366 5122 570 5175; x_wconf 84' lang='lat' dir='ltr'><strong>toribus</strong></span> <span class='ocrx_word' id='word_1_661' title='bbox 599 5136 662 5175; x_wconf 84' lang='lat' dir='ltr'><strong>ac</strong></span> <span class='ocrx_word' id='word_1_662' title='bbox 707 5121 1039 5190; x_wconf 85' lang='lat' dir='ltr'><strong>philosophis</strong></span> <span class='ocrx_word' id='word_1_663' title='bbox 1068 5124 1524 5190; x_wconf 63' lang='lat' dir='ltr'><strong>pt‘a‘stantissimis</strong></span> <span class='ocrx_word' id='word_1_664' title='bbox 1571 5121 1814 5183; x_wconf 84' lang='lat' dir='ltr'><strong>ﬂorebat,</strong></span> <span class='ocrx_word' id='word_1_665' title='bbox 1848 5123 1932 5175; x_wconf 85' lang='lat' dir='ltr'><strong>in-</strong></span> 
     </span>
    </p>
   </div>
   <div class='ocr_carea' id='block_1_99' title="bbox 349 5211 1928 5280">
    <p class='ocr_par' dir='ltr' id='par_1_99' title="bbox 349 5211 1928 5280">
     <span class='ocr_line' id='line_1_99' title="bbox 349 5211 1928 5280; baseline -0.001 -17"><span class='ocrx_word' id='word_1_666' title='bbox 349 5215 475 5274; x_wconf 61' lang='lat' dir='ltr'><strong>.quit</strong></span> <span class='ocrx_word' id='word_1_667' title='bbox 511 5211 838 5280; x_wconf 86' lang='lat' dir='ltr'><strong>Gregorius:</strong></span> <span class='ocrx_word' id='word_1_668' title='bbox 871 5213 1026 5279; x_wconf 75' lang='lat' dir='ltr'><strong>cuius</strong></span> <span class='ocrx_word' id='word_1_669' title='bbox 1063 5226 1128 5267; x_wconf 78' lang='lat' dir='ltr'><strong>ex</strong></span> <span class='ocrx_word' id='word_1_670' title='bbox 1171 5213 1480 5267; x_wconf 85' lang='lat' dir='ltr'><strong>testimonio</strong></span> <span class='ocrx_word' id='word_1_671' title='bbox 1511 5222 1562 5265; x_wconf 90' lang='lat' dir='ltr'><strong>et</strong></span> <span class='ocrx_word' id='word_1_672' title='bbox 1592 5227 1655 5264; x_wconf 83' lang='lat' dir='ltr'><strong>ex</strong></span> <span class='ocrx_word' id='word_1_673' title='bbox 1689 5213 1928 5278; x_wconf 89' lang='lat' dir='ltr'><strong>superio-</strong></span> 
     </span>
    </p>
   </div>
   <div class='ocr_carea' id='block_1_100' title="bbox 368 5303 1928 5372">
    <p class='ocr_par' dir='ltr' id='par_1_100' title="bbox 368 5303 1928 5372">
     <span class='ocr_line' id='line_1_100' title="bbox 368 5303 1928 5372; baseline -0.001 -17"><span class='ocrx_word' id='word_1_674' title='bbox 368 5308 512 5356; x_wconf 77' lang='lat' dir='ltr'><strong>ribus</strong></span> <span class='ocrx_word' id='word_1_675' title='bbox 564 5304 772 5368; x_wconf 76' lang='lat' dir='ltr'><strong>verbi.,</strong></span> <span class='ocrx_word' id='word_1_676' title='bbox 822 5304 1156 5372; x_wconf 83' lang='lat' dir='ltr'><strong>philosophus</strong></span> <span class='ocrx_word' id='word_1_677' title='bbox 1212 5306 1369 5356; x_wconf 85' lang='lat' dir='ltr'><strong>etiam</strong></span> <span class='ocrx_word' id='word_1_678' title='bbox 1417 5315 1535 5356; x_wconf 83' lang='lat' dir='ltr'><strong>ante</strong></span> <span class='ocrx_word' id='word_1_679' title='bbox 1585 5303 1928 5370; x_wconf 73' lang='lat' dir='ltr'><strong>philosOphiat</strong></span> 
     </span>
    </p>
   </div>
   <div class='ocr_carea' id='block_1_101' title="bbox 357 5395 1927 5465">
    <p class='ocr_par' dir='ltr' id='par_1_101' title="bbox 357 5395 1927 5465">
     <span class='ocr_line' id='line_1_101' title="bbox 357 5395 1927 5465; baseline 0.001 -19"><span class='ocrx_word' id='word_1_680' title='bbox 357 5398 596 5459; x_wconf 73' lang='lat' dir='ltr'><strong>decreta,</strong></span> <span class='ocrx_word' id='word_1_681' title='bbox 646 5395 998 5465; x_wconf 83' lang='lat' dir='ltr'><strong>perspicimus</strong></span> <span class='ocrx_word' id='word_1_682' title='bbox 1039 5396 1289 5450; x_wconf 67' lang='lat' dir='ltr'><strong>Basilium</strong></span> <span class='ocrx_word' id='word_1_683' title='bbox 1329 5398 1380 5450; x_wconf 76' lang='lat' dir='ltr'><strong>in</strong></span> <span class='ocrx_word' id='word_1_684' title='bbox 1428 5397 1558 5450; x_wconf 89' lang='lat' dir='ltr'><strong>urbe</strong></span> <span class='ocrx_word' id='word_1_685' title='bbox 1611 5395 1927 5450; x_wconf 65' lang='lat' dir='ltr'><strong>thsariensi</strong></span> 
     </span>
    </p>
   </div>
   <div class='ocr_carea' id='block_1_102' title="bbox 437 5574 763 5640">
    <p class='ocr_par' dir='ltr' id='par_1_102' title="bbox 437 5574 763 5640">
     <span class='ocr_line' id='line_1_102' title="bbox 437 5574 763 5640; baseline 0.012 -14"><span class='ocrx_word' id='word_1_686' title='bbox 437 5578 512 5640; x_wconf 70' lang='lat' dir='ltr'><strong>la)</strong></span> <span class='ocrx_word' id='word_1_687' title='bbox 553 5574 646 5629; x_wconf 88' lang='lat' dir='ltr'><strong>Or.</strong></span> <span class='ocrx_word' id='word_1_688' title='bbox 672 5575 763 5630; x_wconf 75' lang='lat'><strong>9.0.</strong></span> 
     </span>
    </p>
   </div>
   <div class='ocr_carea' id='block_1_103' title="bbox 437 5646 1074 5712">
    <p class='ocr_par' dir='ltr' id='par_1_103' title="bbox 437 5646 1074 5712">
     <span class='ocr_line' id='line_1_103' title="bbox 437 5646 1074 5712; baseline 0.013 -20"><span class='ocrx_word' id='word_1_689' title='bbox 437 5648 510 5710; x_wconf 63' lang='lat' dir='ltr'><strong>(ti)</strong></span> <span class='ocrx_word' id='word_1_690' title='bbox 554 5646 718 5712; x_wconf 78' lang='lat' dir='ltr'><strong>Epist.</strong></span> <span class='ocrx_word' id='word_1_691' title='bbox 744 5648 846 5700; x_wconf 61' lang='lat'><strong>553</strong></span> <span class='ocrx_word' id='word_1_692' title='bbox 874 5657 924 5701; x_wconf 89' lang='lat' dir='ltr'><strong>et</strong></span> <span class='ocrx_word' id='word_1_693' title='bbox 953 5648 1074 5702; x_wconf 80' lang='lat'><strong>558.</strong></span> 
     </span>
    </p>
   </div>
   <div class='ocr_carea' id='block_1_104' title="bbox 435 5717 799 5785">
    <p class='ocr_par' dir='ltr' id='par_1_104' title="bbox 435 5717 799 5785">
     <span class='ocr_line' id='line_1_104' title="bbox 435 5717 799 5785; baseline 0.014 -18"><span class='ocrx_word' id='word_1_694' title='bbox 435 5717 509 5783; x_wconf 79' lang='grc' dir='ltr'><strong>(ι’)</strong></span> <span class='ocrx_word' id='word_1_695' title='bbox 553 5717 646 5785; x_wconf 64' lang='grc' dir='ltr'><strong>κν.</strong></span> <span class='ocrx_word' id='word_1_696' title='bbox 676 5717 799 5772; x_wconf 70' lang='grc' dir='ltr'>δδυ.</span> 
     </span>
    </p>
   </div>
   <div class='ocr_carea' id='block_1_105' title="bbox 2042 4571 3607 4641">
    <p class='ocr_par' dir='ltr' id='par_1_105' title="bbox 2042 4571 3607 4641">
     <span class='ocr_line' id='line_1_105' title="bbox 2042 4571 3607 4641; baseline -0.002 -14"><span class='ocrx_word' id='word_1_697' title='bbox 2042 4586 2256 4630; x_wconf 88' lang='lat' dir='ltr'><strong>ventum</strong></span> <span class='ocrx_word' id='word_1_698' title='bbox 2294 4575 2433 4626; x_wconf 77' lang='lat' dir='ltr'><strong>fama</strong></span> <span class='ocrx_word' id='word_1_699' title='bbox 2492 4573 2794 4641; x_wconf 88' lang='lat' dir='ltr'><strong>nuntiavit,</strong></span> <span class='ocrx_word' id='word_1_700' title='bbox 2840 4587 3210 4639; x_wconf 87' lang='lat' dir='ltr'><strong>summamque</strong></span> <span class='ocrx_word' id='word_1_701' title='bbox 3243 4571 3607 4639; x_wconf 81' lang='lat' dir='ltr'><strong>exspectatio-</strong></span> 
     </span>
    </p>
   </div>
   <div class='ocr_carea' id='block_1_106' title="bbox 2041 4661 3609 4734">
    <p class='ocr_par' dir='ltr' id='par_1_106' title="bbox 2041 4661 3609 4734">
     <span class='ocr_line' id='line_1_106' title="bbox 2041 4661 3609 4734; baseline -0.005 -12"><span class='ocrx_word' id='word_1_702' title='bbox 2041 4684 2164 4722; x_wconf 92' lang='lat' dir='ltr'><strong>nem</strong></span> <span class='ocrx_word' id='word_1_703' title='bbox 2197 4667 2450 4720; x_wconf 89' lang='lat' dir='ltr'><strong>omnibus</strong></span> <span class='ocrx_word' id='word_1_704' title='bbox 2494 4666 2682 4730; x_wconf 86' lang='lat' dir='ltr'><strong>movit,</strong></span> <span class='ocrx_word' id='word_1_705' title='bbox 2729 4665 2995 4734; x_wconf 73' lang='lat' dir='ltr'><strong>prtccipue</strong></span> <span class='ocrx_word' id='word_1_706' title='bbox 3041 4678 3170 4716; x_wconf 87' lang='lat' dir='ltr'><strong>vero</strong></span> <span class='ocrx_word' id='word_1_707' title='bbox 3201 4662 3462 4731; x_wconf 86' lang='lat' dir='ltr'><strong>Gregorio</strong></span> <span class='ocrx_word' id='word_1_708' title='bbox 3505 4661 3609 4714; x_wconf 88' lang='lat' dir='ltr'><strong>Na-</strong></span> 
     </span>
    </p>
   </div>
   <div class='ocr_carea' id='block_1_107' title="bbox 2038 4754 3610 4824">
    <p class='ocr_par' dir='ltr' id='par_1_107' title="bbox 2038 4754 3610 4824">
     <span class='ocr_line' id='line_1_107' title="bbox 2038 4754 3610 4824; baseline -0.006 -12"><span class='ocrx_word' id='word_1_709' title='bbox 2038 4758 2319 4821; x_wconf 82' lang='lat' dir='ltr'><strong>zianzeno,</strong></span> <span class='ocrx_word' id='word_1_710' title='bbox 2353 4756 2441 4822; x_wconf 92' lang='lat' dir='ltr'><strong>qui</strong></span> <span class='ocrx_word' id='word_1_711' title='bbox 2477 4754 2634 4824; x_wconf 90' lang='lat' dir='ltr'><strong>paulo</strong></span> <span class='ocrx_word' id='word_1_712' title='bbox 2674 4765 2797 4808; x_wconf 91' lang='lat' dir='ltr'><strong>ante</strong></span> <span class='ocrx_word' id='word_1_713' title='bbox 2848 4754 2899 4806; x_wconf 89' lang='lat' dir='ltr'><strong>in</strong></span> <span class='ocrx_word' id='word_1_714' title='bbox 2932 4754 3071 4806; x_wconf 88' lang='lat' dir='ltr'><strong>hanc</strong></span> <span class='ocrx_word' id='word_1_715' title='bbox 3109 4754 3293 4805; x_wconf 88' lang='lat' dir='ltr'><strong>urbem</strong></span> <span class='ocrx_word' id='word_1_716' title='bbox 3328 4766 3449 4805; x_wconf 91' lang='lat' dir='ltr'><strong>sese</strong></span> <span class='ocrx_word' id='word_1_717' title='bbox 3478 4767 3610 4804; x_wconf 89' lang='lat' dir='ltr'><strong>con-</strong></span> 
     </span>
    </p>
   </div>
   <div class='ocr_carea' id='block_1_108' title="bbox 2040 4840 3610 4911">
    <p class='ocr_par' dir='ltr' id='par_1_108' title="bbox 2040 4840 3610 4911">
     <span class='ocr_line' id='line_1_108' title="bbox 2040 4840 3610 4911; baseline -0.006 -10"><span class='ocrx_word' id='word_1_718' title='bbox 2040 4849 2261 4911; x_wconf 87' lang='lat' dir='ltr'><strong>tulerat,</strong></span> <span class='ocrx_word' id='word_1_719' title='bbox 2292 4862 2355 4900; x_wconf 87' lang='lat' dir='ltr'><strong>ac</strong></span> <span class='ocrx_word' id='word_1_720' title='bbox 2386 4846 2641 4899; x_wconf 83' lang='lat' dir='ltr'><strong>Basilium</strong></span> <span class='ocrx_word' id='word_1_721' title='bbox 2680 4845 2940 4898; x_wconf 61' lang='lat' dir='ltr'><strong>Cazsarea:</strong></span> <span class='ocrx_word' id='word_1_722' title='bbox 2968 4853 3316 4908; x_wconf 78' lang='lat' dir='ltr'><strong>cognoverat.</strong></span> <span class='ocrx_word' id='word_1_723' title='bbox 3350 4840 3463 4895; x_wconf 82' lang='lat' dir='ltr'><strong>Mos</strong></span> <span class='ocrx_word' id='word_1_724' title='bbox 3493 4851 3610 4893; x_wconf 88' lang='lat' dir='ltr'><strong>erat</strong></span> 
     </span>
    </p>
   </div>
   <div class='ocr_carea' id='block_1_109' title="bbox 2037 4933 3610 4999">
    <p class='ocr_par' dir='ltr' id='par_1_109' title="bbox 2037 4933 3610 4999">
     <span class='ocr_line' id='line_1_109' title="bbox 2037 4933 3610 4999; baseline -0.005 -7"><span class='ocrx_word' id='word_1_725' title='bbox 2037 4939 2282 4999; x_wconf 81' lang='lat' dir='ltr'><strong>Athenis,</strong></span> <span class='ocrx_word' id='word_1_726' title='bbox 2329 4947 2388 4990; x_wconf 91' lang='lat' dir='ltr'><strong>ut</strong></span> <span class='ocrx_word' id='word_1_727' title='bbox 2437 4936 2835 4998; x_wconf 89' lang='lat' dir='ltr'><strong>adolescentes,</strong></span> <span class='ocrx_word' id='word_1_728' title='bbox 2864 4934 2989 4986; x_wconf 91' lang='lat' dir='ltr'><strong>dum</strong></span> <span class='ocrx_word' id='word_1_729' title='bbox 3024 4933 3220 4987; x_wconf 70' lang='lat' dir='ltr'><strong>schola:</strong></span> <span class='ocrx_word' id='word_1_730' title='bbox 3267 4947 3378 4986; x_wconf 68' lang='lat' dir='ltr'><strong>sure</strong></span> <span class='ocrx_word' id='word_1_731' title='bbox 3419 4946 3610 4985; x_wconf 81' lang='lat' dir='ltr'><strong>nume-</strong></span> 
     </span>
    </p>
   </div>
   <div class='ocr_carea' id='block_1_110' title="bbox 2046 5022 3609 5097">
    <p class='ocr_par' dir='ltr' id='par_1_110' title="bbox 2046 5022 3609 5097">
     <span class='ocr_line' id='line_1_110' title="bbox 2046 5022 3609 5097; baseline -0.004 -15"><span class='ocrx_word' id='word_1_732' title='bbox 2046 5045 2163 5082; x_wconf 90' lang='lat' dir='ltr'><strong>rum</strong></span> <span class='ocrx_word' id='word_1_733' title='bbox 2198 5042 2395 5097; x_wconf 80' lang='lat' dir='ltr'><strong>augere</strong></span> <span class='ocrx_word' id='word_1_734' title='bbox 2425 5035 2480 5079; x_wconf 90' lang='lat' dir='ltr'><strong>et</strong></span> <span class='ocrx_word' id='word_1_735' title='bbox 2519 5027 2600 5079; x_wconf 90' lang='lat' dir='ltr'><strong>sui</strong></span> <span class='ocrx_word' id='word_1_736' title='bbox 2647 5025 2871 5093; x_wconf 89' lang='lat' dir='ltr'><strong>quisque</strong></span> <span class='ocrx_word' id='word_1_737' title='bbox 2904 5023 3160 5092; x_wconf 81' lang='lat' dir='ltr'><strong>sophista:</strong></span> <span class='ocrx_word' id='word_1_738' title='bbox 3193 5039 3298 5077; x_wconf 63' lang='lat' dir='ltr'><strong>acra</strong></span> <span class='ocrx_word' id='word_1_739' title='bbox 3349 5022 3609 5090; x_wconf 85' lang='lat' dir='ltr'><strong>ampliare</strong></span> 
     </span>
    </p>
   </div>
   <div class='ocr_carea' id='block_1_111' title="bbox 2043 5115 3606 5188">
    <p class='ocr_par' dir='ltr' id='par_1_111' title="bbox 2043 5115 3606 5188">
     <span class='ocr_line' id='line_1_111' title="bbox 2043 5115 3606 5188; baseline -0.006 -15"><span class='ocrx_word' id='word_1_740' title='bbox 2043 5120 2289 5188; x_wconf 91' lang='lat' dir='ltr'><strong>cupiunt,</strong></span> <span class='ocrx_word' id='word_1_741' title='bbox 2341 5125 2788 5186; x_wconf 76' lang='lat' dir='ltr'><strong>prazorcuparent</strong></span> <span class='ocrx_word' id='word_1_742' title='bbox 2827 5115 3008 5180; x_wconf 90' lang='lat' dir='ltr'><strong>urbes,</strong></span> <span class='ocrx_word' id='word_1_743' title='bbox 3058 5116 3193 5178; x_wconf 89' lang='lat' dir='ltr'><strong>vias,</strong></span> <span class='ocrx_word' id='word_1_744' title='bbox 3227 5115 3484 5168; x_wconf 92' lang='lat' dir='ltr'><strong>montium</strong></span> <span class='ocrx_word' id='word_1_745' title='bbox 3516 5128 3606 5165; x_wconf 88' lang='lat' dir='ltr'><strong>ca-</strong></span> 
     </span>
    </p>
   </div>
   <div class='ocr_carea' id='block_1_112' title="bbox 2043 5205 3607 5278">
    <p class='ocr_par' dir='ltr' id='par_1_112' title="bbox 2043 5205 3607 5278">
     <span class='ocr_line' id='line_1_112' title="bbox 2043 5205 3607 5278; baseline -0.006 -13"><span class='ocrx_word' id='word_1_746' title='bbox 2043 5212 2279 5273; x_wconf 87' lang='lat' dir='ltr'><strong>cumina,</strong></span> <span class='ocrx_word' id='word_1_747' title='bbox 2310 5224 2553 5278; x_wconf 90' lang='lat' dir='ltr'><strong>campos,</strong></span> <span class='ocrx_word' id='word_1_748' title='bbox 2584 5207 2918 5271; x_wconf 85' lang='lat' dir='ltr'><strong>solitudines,</strong></span> <span class='ocrx_word' id='word_1_749' title='bbox 2948 5223 3135 5260; x_wconf 75' lang='lat' dir='ltr'><strong>omnes</strong></span> <span class='ocrx_word' id='word_1_750' title='bbox 3161 5207 3390 5274; x_wconf 87' lang='lat' dir='ltr'><strong>denique</strong></span> <span class='ocrx_word' id='word_1_751' title='bbox 3417 5205 3607 5258; x_wconf 67' lang='lat' dir='ltr'><strong>Attica:</strong></span> 
     </span>
    </p>
   </div>
   <div class='ocr_carea' id='block_1_113' title="bbox 2044 5297 3604 5368">
    <p class='ocr_par' dir='ltr' id='par_1_113' title="bbox 2044 5297 3604 5368">
     <span class='ocr_line' id='line_1_113' title="bbox 2044 5297 3604 5368; baseline -0.003 -16"><span class='ocrx_word' id='word_1_752' title='bbox 2044 5319 2105 5354; x_wconf 84' lang='lat' dir='ltr'><strong>ac</strong></span> <span class='ocrx_word' id='word_1_753' title='bbox 2141 5301 2358 5368; x_wconf 80' lang='lat' dir='ltr'><strong>reliqua:</strong></span> <span class='ocrx_word' id='word_1_754' title='bbox 2401 5300 2625 5354; x_wconf 72' lang='lat' dir='ltr'><strong>Grmcitc</strong></span> <span class='ocrx_word' id='word_1_755' title='bbox 2669 5309 2874 5367; x_wconf 87' lang='lat' dir='ltr'><strong>partes,</strong></span> <span class='ocrx_word' id='word_1_756' title='bbox 2917 5309 3079 5368; x_wconf 90' lang='lat' dir='ltr'><strong>atque</strong></span> <span class='ocrx_word' id='word_1_757' title='bbox 3121 5299 3264 5366; x_wconf 88' lang='lat' dir='ltr'><strong>ipsos</strong></span> <span class='ocrx_word' id='word_1_758' title='bbox 3307 5298 3468 5349; x_wconf 87' lang='lat' dir='ltr'><strong>etiam</strong></span> <span class='ocrx_word' id='word_1_759' title='bbox 3518 5297 3604 5348; x_wconf 80' lang='lat' dir='ltr'><strong>i&#39;u-</strong></span> 
     </span>
    </p>
   </div>
   <div class='ocr_carea' id='block_1_114' title="bbox 2050 5389 3609 5461">
    <p class='ocr_par' dir='ltr' id='par_1_114' title="bbox 2050 5389 3609 5461">
     <span class='ocr_line' id='line_1_114' title="bbox 2050 5389 3609 5461; baseline -0.001 -15"><span class='ocrx_word' id='word_1_760' title='bbox 2050 5393 2218 5456; x_wconf 88' lang='lat' dir='ltr'><strong>colas,</strong></span> <span class='ocrx_word' id='word_1_761' title='bbox 2243 5406 2470 5460; x_wconf 90' lang='lat' dir='ltr'><strong>quorum</strong></span> <span class='ocrx_word' id='word_1_762' title='bbox 2503 5392 2791 5445; x_wconf 81' lang='lat' dir='ltr'><strong>maximam</strong></span> <span class='ocrx_word' id='word_1_763' title='bbox 2821 5401 3026 5461; x_wconf 85' lang='lat' dir='ltr'><strong>partem</strong></span> <span class='ocrx_word' id='word_1_764' title='bbox 3054 5392 3104 5445; x_wconf 90' lang='lat' dir='ltr'><strong>in</strong></span> <span class='ocrx_word' id='word_1_765' title='bbox 3143 5406 3236 5446; x_wconf 86' lang='lat' dir='ltr'><strong>sua</strong></span> <span class='ocrx_word' id='word_1_766' title='bbox 3266 5390 3440 5446; x_wconf 84' lang='lat' dir='ltr'><strong>studia</strong></span> <span class='ocrx_word' id='word_1_767' title='bbox 3466 5389 3609 5448; x_wconf 84' lang='lat' dir='ltr'><strong>scin-</strong></span> 
     </span>
    </p>
   </div>
   <div class='ocr_carea' id='block_1_115' title="bbox 2121 5573 2646 5641">
    <p class='ocr_par' dir='ltr' id='par_1_115' title="bbox 2121 5573 2646 5641">
     <span class='ocr_line' id='line_1_115' title="bbox 2121 5573 2646 5641; baseline -0.002 -16"><span class='ocrx_word' id='word_1_768' title='bbox 2121 5573 2196 5641; x_wconf 82' lang='lat' dir='ltr'><strong>(d)</strong></span> <span class='ocrx_word' id='word_1_769' title='bbox 2239 5573 2354 5626; x_wconf 79' lang='lat' dir='ltr'><strong>Lib.</strong></span> <span class='ocrx_word' id='word_1_770' title='bbox 2385 5589 2456 5637; x_wconf 84' lang='lat' dir='ltr'><strong>tv,</strong></span> <span class='ocrx_word' id='word_1_771' title='bbox 2488 5590 2534 5626; x_wconf 83' lang='lat' dir='ltr'><strong>r.</strong></span> <span class='ocrx_word' id='word_1_772' title='bbox 2560 5573 2646 5625; x_wconf 70' lang='lat'><strong>26.</strong></span> 
     </span>
    </p>
   </div>
   <div class='ocr_carea' id='block_1_116' title="bbox 2123 5643 2640 5710">
    <p class='ocr_par' dir='ltr' id='par_1_116' title="bbox 2123 5643 2640 5710">
     <span class='ocr_line' id='line_1_116' title="bbox 2123 5643 2640 5710; baseline 0.004 -16"><span class='ocrx_word' id='word_1_773' title='bbox 2123 5644 2190 5710; x_wconf 71' lang='grc' dir='ltr'><strong>(ρ)</strong></span> <span class='ocrx_word' id='word_1_774' title='bbox 2230 5643 2343 5694; x_wconf 75' lang='lat' dir='ltr'><strong>Lib.</strong></span> <span class='ocrx_word' id='word_1_775' title='bbox 2373 5659 2445 5704; x_wconf 70' lang='grc' dir='ltr'><strong>γι,</strong></span> <span class='ocrx_word' id='word_1_776' title='bbox 2479 5644 2640 5696; x_wconf 66' lang='lat'><strong>0.17.</strong></span> 
     </span>
    </p>
   </div>
   <div class='ocr_carea' id='block_1_117' title="bbox 2123 5711 2640 5783">
    <p class='ocr_par' dir='ltr' id='par_1_117' title="bbox 2123 5711 2640 5783">
     <span class='ocr_line' id='line_1_117' title="bbox 2123 5711 2640 5783; baseline 0 -15"><span class='ocrx_word' id='word_1_777' title='bbox 2123 5723 2189 5783; x_wconf 64' lang='grc' dir='ltr'><strong>(Π</strong></span> <span class='ocrx_word' id='word_1_778' title='bbox 2236 5713 2363 5767; x_wconf 76' lang='lat' dir='ltr'><strong>Naz.</strong></span> <span class='ocrx_word' id='word_1_779' title='bbox 2391 5725 2527 5766; x_wconf 86' lang='lat' dir='ltr'><strong>orat.</strong></span> <span class='ocrx_word' id='word_1_780' title='bbox 2551 5711 2640 5768; x_wconf 75' lang='grc'><strong>20.</strong></span> 
     </span>
    </p>
   </div>
  </div>
