3958 6212
1573 330 1731 385 VITA
1775 328 1831 383 S.
1874 324 2143 382 BASILII.
3417 324 3467 362 Kl

247 456 453 510 debant.
497 450 562 506 Ut
612 451 844 520 quisque
874 457 1076 521 .antem
1119 449 1377 515 jnvennm
1426 447 1666 501 Athenas
1711 460 1803 499 ve—
1833 448 1877 503 A
1910 454 1962 499 et
1995 442 2229 496 Studium
2272 438 2445 489 virtus
2480 443 2598 487 erat
2630 453 2641 487 ε
2683 442 2908 501 uterque
2942 431 3093 485 alteri
3129 443 3312 482 norma
3356 438 3483 481 erat

239 548 434 606 aiebat,
459 544 629 597 statim
666 558 790 595 eum
827 541 913 595 vel
962 542 1013 594 vi
1056 540 1139 592 vel
1186 550 1377 603 sponte
1411 553 1564 592 suum
1617 537 1794 591 facere

236 640 574 693 conabantur.
607 633 656 687 ls
703 634 941 702 primum
993 631 1133 701 apud
1178 646 1364 684 eorum
1416 630 1669 698 aliquem,
1703 629 1794 697 qui

236 731 439 795 priores
476 741 591 781 eum
644 732 938 792 ceperant,
986 723 1217 792 hospitio
1256 721 1650 791 excipiebatur,
1681 720 1795 774 sive

233 822 437 873 amicus
480 825 638 878 esset,
685 817 799 869 sive
833 814 1188 884 propinquus,
1234 814 1349 866 sive
1380 812 1535 878 civis,
1581 813 1696 865 sive
1725 826 1793 865 ex

233 927 421 965 eorum
460 923 700 969 numero,
740 907 832 974 qui
880 905 1143 959 mercedis
1191 905 1309 959 loco
1355 902 1613 971 sophistis
1656 903 1796 956 hanc

235 1001 459 1071 augendi
503 1016 684 1055 eorum
738 999 876 1052 lucri
912 1012 1098 1050 curam
1146 995 1544 1066 persolvebant.
1593 993 1797 1049 Deinde

238 1094 494 1146 conviciis
518 1109 543 1143 a
578 1090 821 1159 quolibet
863 1089 1253 1154 lacessebatur,
1284 1096 1334 1141 et
1371 1102 1465 1156 per
1512 1086 1685 1141 {orum
1730 1086 1797 1139 ad

241 1183 481 1237 balneum
530 1197 648 1235 cum
713 1194 905 1248 pompa
972 1178 1359 1232 deducebatur.
1414 1175 1607 1245 IEquis
1654 1176 1794 1228 enim

236 1275 422 1341 spatiis
454 1274 588 1325 inter
628 1286 689 1325 se
732 1270 1009 1333 distincti,
1058 1269 1168 1323 bini
1210 1284 1332 1323 eum
1385 1266 1793 1322 antecedebant.

240 1364 519 1433 Postquam
564 1373 744 1416 autem
792 1363 1014 1431 propius
1061 1372 1439 1423 accesserant,
1493 1371 1605 1413 tum
1670 1372 1800 1412 vero

239 1461 387 1525 quasi
419 1458 593 1511 furore
619 1457 853 1524 correpti
892 1456 1183 1519 saltabant,
1212 1465 1267 1507 et
1302 1456 1535 1509 maxime
1563 1455 1801 1509 clamore

240 1551 449 1605 sublato
491 1552 682 1604 sistere
716 1549 996 1615 iubebant,
1036 1563 1135 1601 nec
1175 1547 1257 1601 fas
1288 1562 1408 1601 esse
1442 1549 1644 1617 ingredi
1674 1565 1687 1602 :
1721 1548 1799 1600 si-

240 1642 452 1711 mulque
482 1642 709 1709 pulsatis
741 1640 923 1709 januis
950 1639 1200 1706 juvenem
1235 1639 1538 1703 terrebant,
1586 1653 1649 1693 ac
1683 1646 1803 1691 tan-

241 1736 359 1786 dem
401 1732 540 1786 aditu
592 1747 848 1787 concesso
897 1732 949 1783 in
1000 1730 1299 1783 libertatem
1350 1728 1693 1793 asserebant,
1740 1741 1805 1782 ac

1900 543 1955 586 et
1989 531 2167 599 regula
2205 527 2519 590 vivendi,et
2555 524 2683 594 quid
2717 532 2920 577 rectum
2954 536 3123 575 necne
3154 521 3227 575 sit
3270 521 3473 574 discer—

1905 623 2090 677 nendi.
2118 620 2300 687 Neque
2328 632 2391 671 ex
2428 614 2703 669 sodalibus
2739 612 2789 665 in
2829 626 2981 665 suam
3029 609 3471 665 consuetudinem

1904 712 2279 772 asciscebant,
2330 707 2430 763 nisi
2475 707 2563 774 qui
2606 703 2897 759 castissimi
2940 710 2995 756 et
3021 700 3350 771 pacatissimi
3385 713 3473 752 es-

1904 814 2041 859 sent.
2074 804 2198 857 Dea:
2236 800 2338 853 illis
2389 807 2527 852 notae
2590 804 2746 850 erant
2787 794 2915 859 viae,
2964 790 3134 846 altera
3180 791 3246 844 ad
3295 803 3477 843 sacras

1904 899 2045 951 :cdes
2097 894 2572 954 Christianorum,
2628 887 2797 941 altera
2845 886 2911 939 ad
2959 883 3172 940 scholas
3221 881 3471 937 ducens:

1905 993 2062 1057 festa,
2112 990 2345 1050 theatra,
2398 985 2636 1039 celebres
2685 989 2985 1037 conventus
3027 986 3081 1031 et
3131 974 3375 1030 convivia
3413 972 3476 1025 li-

1907 1086 2093 1137 benter
2142 1080 2262 1133 aliis
2316 1060 2711 1144 relidqnebant.
2762 1072 2908 1127 Nihil
2963 1069 3152 1139 majori
3204 1067 3471 1124 ducebant

1906 1175 2069 1237 laudi,
2101 1187 2259 1242 quam
2298 1180 2355 1223 ut
2390 1166 2685 1222 Christiani
2715 1173 2900 1220 essent
2930 1172 2983 1218 et
3016 1163 3425 1217 nominarentur
3454 1176 3467 1211 :

1906 1274 1960 1317 et
1998 1266 2051 1317 in
2098 1276 2160 1315 ea
2214 1263 2367 1321 urbe,
2416 1271 2535 1327 quae
2588 1254 2896 1310 simulacris
2942 1268 3004 1307 ac
3059 1250 3472 1306 simulacrorum

1908 1352 2273 1409 laudatoribus
2329 1360 2383 1404 et
2438 1348 2674 1419 patronis
2736 1344 3082 1407 abundabat,
3140 1355 3245 1395 non
3315 1339 3472 1394 modo

1908 1445 2054 1502 nulla
2090 1458 2310 1513 prorsus
2341 1456 2470 1494 aura
2512 1437 2915 1506 superstitionis
2951 1432 3117 1487 aiilati
3169 1440 3332 1496 sunt,
3380 1429 3474 1484 sed

1908 1534 2069 1589 etiam
2119 1530 2305 1585 fraude
2345 1528 2512 1583 oculis
2559 1527 2673 1581 suis
2718 1527 2833 1579 visa
2884 1538 2945 1578 ac
3003 1530 3318 1592 perspecta,
3366 1518 3473 1573 illic

1909 1626 2179 1681 dmntones
2224 1623 2455 1676 maxime
2484 1625 2944 1687 contempserunt,
2978 1615 3066 1669 ubi
3106 1613 3341 1667 maxime
3387 1624 3477 1665 co-

1911 1716 2172 1772 lebantur.
2202 1713 2413 1767 Eximia
2443 1710 2621 1765 Basilii
2648 1718 2700 1763 et
2734 1707 2977 1778 Gregorii
3011 1703 3319 1772 eonjunctio
3346 1716 3476 1757 con-

241 1825 485 1890 deinceps
514 1823 778 1876 sodalium
810 1836 1034 1874 numero
1068 1819 1458 1873 ascribebatur.
1489 1817 1801 1887 Gregorius,
1835 1803 1876 1861 Β
1907 1807 2125 1863 flaverat
2156 1806 2297 1860 circa
2328 1818 2420 1858 eos
2455 1801 2617 1855 veluti
2665 1798 2931 1868 quoddam
2986 1796 3282 1849 amicorum
3332 1792 3472 1846 idem

243 1914 331 1981 qui
380 1913 627 1967 Basilium
684 1912 1053 1978 reverebatur,
1108 1927 1314 1965 morum
1373 1909 1690 1979 gravitatem
1749 1917 1805 1960 et

241 2019 539 2059 sermonum
589 2003 934 2073 prudentiam
982 2004 1201 2069 videns,
1250 2003 1315 2056 iis
1362 2002 1453 2071 qui
1503 2002 1647 2055 illum
1699 2016 1803 2054 non

242 2105 493 2149 noverant
528 2094 823 2162 persuasit,
870 2104 926 2146 ut
965 2093 1102 2146 idem
1147 2096 1212 2146 de
1253 2092 1341 2146 illo
1377 2093 1661 2147 sentirent.
1705 2092 1808 2144 lta-

241 2201 344 2251 que
372 2186 512 2240 solus
545 2185 659 2240 fere
687 2200 752 2238 ex
800 2184 1051 2237 omnibus
1084 2184 1305 2237 advenis
1338 2196 1679 2237 communem
1724 2182 1805 2235 le-

242 2294 358 2345 gem
393 2276 601 2346 effugit.

310 2367 388 2421 III.
430 2368 701 2422 Amicitiae
732 2366 1050 2437 Gregorium
1103 2366 1244 2419 inter
1272 2375 1326 2419 et
1369 2364 1626 2419 Basiliam
1675 2365 1808 2432 igni-

242 2460 343 2513 culi
389 2461 509 2514 inde
556 2461 932 2524 emicuerunt,
976 2473 1040 2512 ac
1074 2459 1232 2527 paulo
1281 2468 1401 2527 post
1450 2459 1501 2512 in
1554 2472 1805 2528 magnam

246 2552 409 2604 facem
464 2564 606 2605 novo
678 2550 924 2619 Gregorii
991 2549 1252 2603 beneficio
1306 2559 1613 2603 creverunt.
1668 2549 1801 2603 Nam

246 2657 362 2694 cum
386 2642 626 2695 Armenii
663 2643 906 2709 quidam,
943 2640 1069 2694 olim
1106 2640 1286 2693 Basilii
1322 2644 1421 2694 sub
1456 2642 1624 2709 ipsius
1660 2652 1811 2710 patre

246 2730 617 2800 condiscipuli,
652 2731 796 2784 illius
832 2730 1017 2783 laudes
1057 2728 1251 2783 invidis
1278 2729 1447 2784 oculis
1482 2730 1810 2800 aspicerent,

245 2837 466 2890 eumque
499 2823 614 2876 suis
644 2822 1169 2892 argumentationum
1210 2822 1362 2875 tricis
1394 2836 1589 2889 capere
1640 2832 1814 2876 tenta-

258 2924 391 2973 rent,
442 2910 764 2981 Gregorius,
818 2910 908 2979 qni
965 2910 1147 2978 gloriae
1207 2910 1535 2964 Athenarum
1591 2912 1816 2979 cupidus

254 3011 384 3066 erat,
408 3004 618 3055 veritus
651 3016 718 3055 ne
748 3000 876 3069 quid
912 3000 1101 3054 civitas
1143 3002 1424 3055 dedecoris
1453 3001 1737 3070 acciperet,
1769 3002 1815 3056 si

252 3108 411 3147 novus
471 3093 663 3147 accola
736 3091 1071 3161 antiquiores
1138 3101 1446 3161 superaret,
1495 3094 1669 3162 primo
1710 3093 1811 3159 At;-

1909 1898 2253 1954 sentientium
2309 1893 2649 1955 sodalitium,
2700 1891 2853 1960 cujus
2905 1889 3012 1942 dux
3066 1897 3120 1941 et
3171 1894 3471 1955 praeceptor

1912 1990 2158 2044 Basilius.
2189 1985 2301 2040 Non
2358 1984 2576 2038 dubium
2614 1983 2741 2052 quin
2794 1980 3034 2051 ejusdem
3096 1978 3324 2047 agminis
3371 1976 3478 2030 dux

1913 2082 2045 2137 alter
2074 2079 2342 2135 exstiterit
2388 2074 2702 2145 Gregorius,
2745 2073 2993 2144 quamvis
3024 2070 3094 2125 de
3140 2086 3197 2125 se
3242 2071 3355 2139 ipse
3396 2077 3480 2123 tam

1914 2182 2051 2226 ceat.
2095 2170 2221 2225 Inde
2271 2168 2487 2231 evenit,
2539 2178 2597 2221 ut
2630 2166 2903 2235 egregium
2943 2163 3072 2216 illud
3128 2177 3225 2231 par
3280 2161 3481 2214 amico-

1914 2279 2031 2317 rum
2062 2278 2166 2315 non
2212 2262 2265 2314 in
2299 2260 2501 2315 Grazcia
2533 2258 2731 2322 solum,
2777 2257 2871 2311 sed
2920 2257 3081 2310 etiam
3128 2264 3282 2309 extra
3331 2252 3483 2309 Grau-

1915 2358 2051 2411 ciam
2086 2355 2466 2418 celebraretur,
2507 2361 2563 2405 et
2603 2365 2721 2404 cum
2754 2364 2941 2403 eorum
2990 2347 3230 2417 magistri
3276 2344 3475 2399 faniam

1914 2451 2241 2505 Athenarum
2295 2446 2673 2515 adaequarent,
2722 2443 2822 2512 ipsi
2874 2455 3127 2511 quoque,
3174 2438 3480 2508 ubicunque

1918 2541 2027 2596 noti
2073 2547 2228 2594 erant
2272 2538 2558 2607 magistri,
2598 2538 2649 2589 in
2692 2535 2969 2590 homin..m
3002 2546 3097 2587 ore
3145 2538 3488 2587 versarentur

1918 2645 1970 2687 et
2016 2630 2191 2686 Oresti
2242 2646 2304 2683 ac
2362 2628 2548 2698 Pyladi
2598 2628 2753 2695 longe
2831 2626 2897 2679 ab
2949 2623 3200 2679 omnibus
3262 2620 3489 2676 ortefer-

1921 2732 2122 2777 rentur.

1992 2814 2078 2868 IV.
2126 2812 2219 2867 llis
2276 2810 2533 2880 praeditus
2599 2816 2716 2862 erat
2786 2807 3026 2861 moribus
3090 2804 3353 2866 Basilius,
3400 2801 3491 2870 qui

1923 2908 2087 2962 etiam
2122 2905 2238 2959 sine
2265 2903 2514 2958 doctrina
2546 2901 2758 2955 laudem
2788 2898 3140 2961 habuissent;
3175 2894 3267 2950 sed
3298 2894 3363 2948 ad
3396 2894 3492 2947 hos

1925 3013 2101 3054 mores
2141 3006 2194 3050 et
2227 2994 2302 3065 (p.
2328 2994 2455 3064 555)
2497 2992 2768 3063 egregiam
2805 2989 3039 3044 indolem
3076 2996 3222 3041 tanta
3266 2971 3505 3039 accessit

1926 3090 2180 3145 doetrinze
2210 3088 2384 3155 copia,
2432 3094 2490 3139 ut
2537 3099 2695 3139 nemo
2724 3097 2845 3138 cum
2875 3095 2938 3136 eo
2981 3076 3380 3149 comparandus
3405 3087 3494 3129 es-

256 3183 436 3237 meaiis
470 3197 631 3251 opem
668 3182 901 3246 ferebat;
934 3190 987 3234 at
1022 3182 1109 3235 ubi
1154 3183 1417 3251 perfidum
1451 3183 1659 3237 illorum
1691 3200 1819 3240 con-
1848 3165 1889 3222 (ἶ
1925 3192 2037 3245 set,
2084 3182 2199 3237 sive
2245 3180 2600 3249 int-lietorica
2627 3217 2640 3241 ,
2692 3177 2806 3231 sive
2850 3175 2904 3228 in
2958 3172 3329 3243 grammatica,
3375 3181 3494 3235 qua:

256 3271 420 3325 silium
465 3273 762 3340 perspexit,
791 3280 959 3326 totum
989 3287 1049 3327 se
1089 3274 1153 3325 ad
1204 3272 1459 3327 Basiliam
1490 3275 1686 3339 vertit,
1731 3290 1822 3330 eo-

256 3376 351 3429 que
394 3362 687 3433 adjuvante
734 3362 976 3417 Armenii
1032 3364 1244 3433 penitus
1289 3365 1412 3418 fusi.
1465 3364 1595 3419 lnde
1632 3365 1821 3418 Arme-

259 3467 458 3504 niorum
499 3452 593 3504 irae
624 3460 678 3504 et
708 3452 1005 3506 inimicitia:
1038 3453 1087 3505 in
1122 3451 1463 3520 Gregorium,
1492 3466 1550 3509 ut
1587 3468 1739 3508 suum
1771 3463 1825 3509 et

260 3544 396 3597 urbis
420 3545 777 3611 proditorem.
802 3542 1057 3597 Basilium
1092 3554 1270 3598 autem
1304 3545 1638 3599 Athenarum
1675 3544 1824 3599 fasti-

258 3634 392 3686 dium
439 3635 628 3703 cepit,
675 3637 799 3703 quia
848 3649 972 3688 cum
1010 3650 1200 3704 magna
1252 3637 1433 3688 omnia
1482 3635 1582 3689 sibi
1627 3635 1693 3690 de
1726 3637 1827 3690 hac

260 3726 380 3779 urbe
417 3726 697 3788 ﬁnxisset,
751 3725 1015 3779 minorem
1049 3728 1455 3794 exspectatione
1498 3727 1821 3795 reperiebat.

259 3814 434 3885 Itaque
466 3832 659 3885 parmn
703 3816 803 3870 sibi
842 3818 1028 3870 beatus
1068 3817 1351 3871 videbatur
1381 3816 1522 3885 quod
1570 3818 1826 3883 venisset,

262 3917 309 3959 et
352 3908 570 3960 inanem
621 3906 932 3961 felicitatem
968 3906 1210 3961 Athenas
1245 3908 1485 3962 vocabat.
1526 3906 1661 3961 Tum
1695 3907 1829 3962 Gre-

261 3998 435 4064 gorius
486 3997 632 4051 illius
664 4013 949 4052 interorem
995 3998 1235 4053 consiliis
1279 3998 1390 4051 suis
1425 3998 1713 4062 abstersit,
1752 3997 1829 4051 ei-

264 4104 356 4157 que
388 4089 665 4160 persuasit
706 4105 805 4143 nec
836 4090 1111 4142 hominum
1161 4104 1340 4142 mores
1378 4089 1528 4143 brevi
1565 4101 1824 4157 tempore,

266 4198 354 4237 nec
392 4183 700 4237 doctrinam
734 4192 790 4235 et
824 4181 1182 4235 eruditionem
1228 4181 1421 4234 leviter
1467 4180 1826 4249 degustando,

267 4277 347 4329 sed
374 4276 465 4330 diu
516 4274 855 4343 multumque
900 4274 1177 4342 probando
1215 4284 1266 4327 et
1306 4273 1659 4343 periclitando
1690 4272 1832 4341 diju-

268 4370 451 4424 dicari.
491 4369 583 4423 Sic
623 4370 763 4422 inter
791 4382 884 4422 eos
920 4366 1089 4436 magis
1128 4381 1191 4420 ac
1226 4367 1395 4435 magis
1430 4366 1835 4421 devinciebatur

269 4462 493 4517 amicitia
522 4461 716 4515 dandis
741 4469 794 4514 et
825 4458 1153 4527 accipiendis
1193 4458 1580 4512 benevolentiae
1612 4457 1824 4527 signifi-

269 4550 579 4604 cationihus.

325 4638 620 4709 Postquam
671 4648 852 4693 autem
903 4639 1001 4693 sibi
1058 4640 1289 4693 invicem
1337 4654 1599 4709 aperuere
1652 4640 1830 4693 consi-

272 4728 387 4785 lium
430 4731 824 4800 ampiectendaa
872 4732 1254 4800 philosophiae,
1310 4741 1422 4785 tum
1471 4746 1600 4785 vero
1640 4740 1834 4785 contu-

271 4820 506 4878 bernales
530 4832 587 4877 et
620 4824 956 4876 convictores
988 4822 1157 4884 fuere,
1198 4838 1262 4874 ac
1294 4832 1441 4877 tanta
1487 4823 1586 4876 fuit
1630 4824 1837 4877 animo-

274 4928 378 4967 rum
412 4924 470 4969 et
514 4916 566 4968 in
602 4914 797 4968 litteris
837 4924 892 4967 et
942 4915 993 4968 in
1032 4915 1319 4969 virtutibus
1355 4915 1662 4969 excolendis
1700 4930 1836 4969 con-

276 5008 467 5068 sensio,
496 5016 552 5059 ut
584 5023 687 5059 una
725 5008 940 5075 utrique
967 5008 1144 5060 anima
1192 5008 1370 5061 inesse
1403 5008 1697 5074 videretur,
1727 5008 1831 5061 duo

279 5109 491 5163 corpora
535 5094 741 5148 ferens.
785 5094 889 5149 Par
928 5103 1045 5148 erat
1076 5096 1308 5149 studium
1343 5096 1703 5165 adipiscendae
1744 5098 1839 5151 do-

280 5187 473 5249 ctrinae,
519 5186 614 5239 sed
676 5187 867 5241 aberat
928 5187 1149 5239 invidia.
1203 5185 1496 5241 Certabant
1553 5203 1655 5241 non
1721 5198 1843 5241 uter

282 5290 468 5342 pnmas
507 5280 749 5343 haberet,
779 5279 872 5332 sed
905 5288 1026 5331 uter
1058 5279 1215 5333 alteri
1240 5282 1581 5334 concederet.
1609 5280 1846 5347 Uterque

284 5363 450 5425 laudes
482 5370 707 5426 alterius
746 5386 875 5425 suas
920 5370 1170 5425 ducebat.
1219 5371 1394 5425 Unum
1447 5371 1659 5440 utrique
1708 5386 1853 5440 opus.

351 5636 420 5709 ((⁸)
453 5635 665 5709 ἓοοιᾌῐ.
697 5639 733 5693 1.
768 5657 839 5706 tv,
873 5657 921 5698 ς.
957 5642 1027 5696 26
1054 5660 1067 5707 ;
1099 5642 1312 5697 Sozam.
1350 5644 1386 5696 l.
1421 5658 1493 5709 vt,
1521 5660 1567 5697 c.
1609 5644 1693 5697 l7.

353 5706 420 5771 (b)
452 5706 540 5773 Ep.
576 5708 663 5760 64.

352 5774 416 5834 lc)
441 5776 540 5845 Ep.
577 5778 700 5836 272.

1925 3275 2163 3344 linguam
2197 3272 2262 3326 ad
2297 3270 2649 3326 Graecismum
2686 3268 2913 3327 format,
2959 3263 3213 3319 historias
3258 3259 3493 3326 colligit,

1928 3370 2115 3422 metris
2144 3378 2363 3436 praeest,
2398 3376 2451 3420 et
2483 3362 2815 3419 carminibus
2849 3361 2993 3432 leges
3017 3354 3347 3428 praescribit;
3384 3352 3497 3406 sive

1928 3460 1980 3513 in
2025 3460 2275 3514 omnibus
2315 3458 2666 3527 pltilOSOphia:
2716 3454 2972 3523 partibus.
3030 3448 3108 3503 Ne
3152 3442 3498 3515 geometriam

1930 3552 2147 3620 quidem
2180 3558 2235 3603 et
2272 3550 2668 3603 astronomiam
2699 3561 2761 3600 ac
2806 3541 3203 3598 arithmeticam
3249 3535 3500 3606 neglexe-

1926 3651 2032 3709 rat,
2069 3642 2160 3697 sed
2198 3643 2264 3695 iis
2298 3642 2498 3696 relictis
2537 3655 2656 3709 quae
2686 3640 2752 3693 ad
2797 3638 3049 3707 pietatem
3094 3632 3353 3701 prodesse
3398 3642 3503 3682 non

1930 3739 2197 3799 poterant,
2243 3739 2449 3783 tantum
2482 3729 2584 3783 sibi
2613 3743 2678 3780 ex
2716 3728 2800 3781 bis
2849 3724 3145 3795 disciplinis
3175 3726 3502 3787 sumpserat,

1928 3830 2189 3890 quantum
2224 3822 2356 3875 satis
2403 3831 2555 3883 erat,
2595 3828 2653 3872 ut
2682 3818 2748 3873 ab
2784 3818 2866 3871 his
2907 3816 2997 3885 qui
3043 3830 3161 3869 sese
3193 3814 3243 3865 in
3277 3814 3377 3866 hoc
3412 3824 3504 3880 ge-

1932 3928 2059 3967 nere
2106 3914 2472 3976 venditabant,
2513 3909 2777 3981 exagitari
2813 3924 2917 3962 non
2950 3914 3152 3976 posset.
3188 3902 3503 3958 Medicinam

1934 4015 2109 4057 autem
2154 4004 2366 4057 videtur
2414 4003 2657 4072 apprime
2707 4001 2981 4063 calluisse,
3033 4007 3316 4067 propterea
3365 3993 3505 4064 quod

1935 4094 2075 4149 hanc
2102 4095 2175 4148 illi
2224 4105 2392 4147 artem
2436 4093 2681 4163 perpetui
2733 4092 2904 4145 morbi
2936 4100 2990 4144 et
3022 4088 3384 4143 necessariam
3432 4084 3510 4137 fe-

1936 4196 2154 4250 cerant,
2190 4200 2245 4240 et
2284 4187 2347 4241 ad
2383 4186 2594 4241 facilius
2627 4184 3027 4255 percipiendam
3066 4181 3403 4252 profuerant.

2010 4278 2302 4332 Himerium
2339 4290 2391 4331 et
2414 4276 2813 4331 Prohazresium
2845 4274 3069 4329 Athenis
3098 4273 3382 4326 audierunt
3406 4270 3512 4323 Ba-

1938 4371 2088 4425 silius
2119 4380 2168 4424 et
2207 4368 2499 4436 Gregorius
2540 4367 2638 4439 (a),
2691 4366 2964 4435 sopbistas
3020 4364 3179 4432 longe
3217 4360 3511 4414 celeberri-

1938 4474 2075 4513 mos.
2119 4457 2193 4510 Ex
2240 4456 2425 4509 Basilii
2451 4456 2648 4511 litteris
2681 4455 3057 4525 cognoscimus
3088 4466 3209 4505 eum
3245 4467 3272 4502 a
3304 4450 3510 4503 teneris

1944 4550 2179 4603 amicitia
2213 4549 2555 4618 conjunctum
2585 4546 2749 4600 fuisse
2780 4561 2899 4599 cum
2924 4544 3193 4614 llesychio
3220 4553 3272 4595 et
3301 4541 3507 4594 Teren-

1942 4626 2016 4699 tio
2050 4647 2145 4714 (bi,
2183 4658 2303 4695 cum
2332 4640 2655 4709 ‘Sophronio
2708 4640 3004 4694 ciliciorum
3067 4637 3323 4705 magistro
3356 4634 3427 4704 (c)
3462 4643 3515 4687 et

1943 4735 2172 4790 Eusebio
2187 4735 2416 4801 quodam
2440 4733 2692 4801 episcopo
2726 4732 2824 4801 (d).
2867 4730 3125 4784 Caesareae
3151 4727 3392 4781 eamdem
3425 4727 3521 4779 do-

1947 4841 2093 4880 mum
2127 4826 2313 4879 habuit
2343 4839 2404 4877 ac
2432 4824 2518 4877 ille
2552 4822 2876 4891 Hesychius.
2905 4822 3038 4873 Cum
3071 4814 3301 4874 Eusebio
3331 4819 3512 4873 omnia

1948 4916 2321 4971 eicommunia
2351 4914 2586 4968 fuerunt.
2631 4911 2737 4966 Sed
2761 4926 2865 4980 qua
2903 4912 2955 4964 in
3002 4910 3133 4964 urbe
3168 4910 3324 4964 simul
3370 4911 3517 4962 vixe-

1950 5009 2079 5071 rint,
2101 5021 2325 5074 prorsus
2362 5007 2651 5059 nescimus.
2674 5002 2829 5057 Celso
2860 5002 3071 5055 Libanii
3106 5000 3369 5069 discipulo
3392 5014 3512 5068 per-

1949 5101 2121 5153 suasit
2153 5099 2383 5152 Basilius
2417 5106 2472 5150 ut
2497 5110 2678 5150 secum
2718 5095 2957 5147 Athenas
3006 5094 3216 5147 veniret
3245 5092 3339 5161 (ε),
3369 5090 3411 5144 si
3444 5100 3523 5141 ta-

1952 5205 2071 5243 men
2121 5189 2331 5243 Libanii
2379 5190 2444 5240 ad
2491 5187 2747 5240 Basiliam
2800 5185 2993 5239 litteris
3025 5183 3329 5237 adhibenda
3360 5181 3519 5245 ﬁdes.

1953 5280 2222 5335 lulianum
2258 5278 2696 5345 Permquatorem
2738 5275 3027 5344 Gregorius
3058 5272 3427 5326 Naiianzenns
3455 5270 3523 5341 (Γ)

1959 5372 2161 5427 socium
2203 5371 2395 5425 habuit
2422 5369 2722 5423 studiorum
2756 5388 2765 5423 :
2805 5366 2947 5436 quod
2975 5365 3111 5421 forte
3137 5365 3181 5418 ei
3213 5380 3332 5418 cum
3372 5361 3524 5417 Basi-

2025 5640 2101 5706 (ἀ)
2131 5639 2229 5705 Ep.
2260 5640 2384 5692 271.

2030 5712 2097 5777 (ρ)
2135 5708 2227 5772 Ep.
2260 5711 2384 5761 556.

2022 5779 2096 5846 (fl
2135 5778 2283 5834 Orat.
2313 5782 2365 5835 9.
