  <div class='ocr_page' id='page_1' title='image "/cluster/home/n/w/nwhite01/storage/ocr_20150623/29/mdp.39015012934371/021.png"; bbox 0 0 3958 6212; ppageno 0'>
   <div class='ocr_carea' id='block_1_1' title="bbox 366 5750 373 5794">
    <p class='ocr_par' dir='ltr' id='par_1_1' title="bbox 366 5750 373 5794">
     <span class='ocr_line' id='line_1_1' title="bbox 366 5750 373 5794; baseline 0 0"><span class='ocrx_word' id='word_1_1' title='bbox 366 5750 373 5794; x_wconf 68' lang='grc' dir='ltr'>ε</span> 
     </span>
    </p>
   </div>
   <div class='ocr_carea' id='block_1_2' title="bbox 378 383 457 429">
    <p class='ocr_par' dir='ltr' id='par_1_2' title="bbox 378 383 457 429">
     <span class='ocr_line' id='line_1_2' title="bbox 378 383 457 429; baseline 0.013 -1"><span class='ocrx_word' id='word_1_2' title='bbox 378 383 457 429; x_wconf 68' lang='grc' dir='ltr'><strong>ΧΠ</strong></span> 
     </span>
    </p>
   </div>
   <div class='ocr_carea' id='block_1_3' title="bbox 1764 372 2296 430">
    <p class='ocr_par' dir='ltr' id='par_1_3' title="bbox 1764 372 2296 430">
     <span class='ocr_line' id='line_1_3' title="bbox 1764 372 2296 430; baseline -0.002 -1"><span class='ocrx_word' id='word_1_3' title='bbox 1764 372 2296 430; x_wconf 79' lang='lat' dir='ltr'><strong>PROLEGOMENA.</strong></span> 
     </span>
    </p>
   </div>
   <div class='ocr_carea' id='block_1_4' title="bbox 385 467 3633 565">
    <p class='ocr_par' dir='ltr' id='par_1_4' title="bbox 385 467 3633 565">
     <span class='ocr_line' id='line_1_4' title="bbox 385 467 3633 565; baseline 0.002 -24"><span class='ocrx_word' id='word_1_4' title='bbox 385 486 460 544; x_wconf 89' lang='lat' dir='ltr'><strong>lio</strong></span> <span class='ocrx_word' id='word_1_5' title='bbox 513 505 799 548; x_wconf 87' lang='lat' dir='ltr'><strong>commune</strong></span> <span class='ocrx_word' id='word_1_6' title='bbox 838 491 956 549; x_wconf 83' lang='lat' dir='ltr'><strong>fuit.</strong></span> <span class='ocrx_word' id='word_1_7' title='bbox 1010 492 1078 546; x_wconf 81' lang='lat' dir='ltr'><strong>At</strong></span> <span class='ocrx_word' id='word_1_8' title='bbox 1131 505 1235 549; x_wconf 79' lang='lat' dir='ltr'><strong>neu</strong></span> <span class='ocrx_word' id='word_1_9' title='bbox 1285 492 1506 549; x_wconf 80' lang='lat' dir='ltr'><strong>dubium</strong></span> <span class='ocrx_word' id='word_1_10' title='bbox 1550 495 1679 565; x_wconf 88' lang='lat' dir='ltr'><strong>quin</strong></span> <span class='ocrx_word' id='word_1_11' title='bbox 1739 497 1953 565; x_wconf 94' lang='lat' dir='ltr'><strong>utrique</strong></span> <span class='ocrx_word' id='word_1_12' title='bbox 1985 467 2257 555; x_wconf 40' lang='lat' dir='ltr'><strong>A.annum</strong></span> <span class='ocrx_word' id='word_1_13' title='bbox 2286 494 2389 549; x_wconf 64' lang='grc'><strong>542</strong></span> <span class='ocrx_word' id='word_1_14' title='bbox 2444 504 2535 548; x_wconf 90' lang='lat' dir='ltr'><strong>aut</strong></span> <span class='ocrx_word' id='word_1_15' title='bbox 2570 495 2676 549; x_wconf 74' lang='grc' dir='ltr'><strong>5ιῦ</strong></span> <span class='ocrx_word' id='word_1_16' title='bbox 2719 493 3021 549; x_wconf 76' lang='lat' dir='ltr'><strong>referenda.</strong></span> <span class='ocrx_word' id='word_1_17' title='bbox 3061 493 3433 564; x_wconf 36' lang='lat' dir='ltr'><strong>Quot‘autcm</strong></span> <span class='ocrx_word' id='word_1_18' title='bbox 3461 508 3633 550; x_wconf 88' lang='lat' dir='ltr'><strong>annos</strong></span> 
     </span>
    </p>
   </div>
   <div class='ocr_carea' id='block_1_5' title="bbox 389 581 1960 657">
    <p class='ocr_par' dir='ltr' id='par_1_5' title="bbox 389 581 1960 657">
     <span class='ocr_line' id='line_1_5' title="bbox 389 581 1960 657; baseline 0.004 -22"><span class='ocrx_word' id='word_1_19' title='bbox 389 581 619 638; x_wconf 86' lang='lat' dir='ltr'><strong>Athenis</strong></span> <span class='ocrx_word' id='word_1_20' title='bbox 658 586 904 656; x_wconf 88' lang='lat' dir='ltr'><strong>cognitus</strong></span> <span class='ocrx_word' id='word_1_21' title='bbox 953 583 1116 640; x_wconf 80' lang='lat' dir='ltr'><strong>fuerit</strong></span> <span class='ocrx_word' id='word_1_22' title='bbox 1169 585 1417 643; x_wconf 84' lang='lat' dir='ltr'><strong>Julianus</strong></span> <span class='ocrx_word' id='word_1_23' title='bbox 1466 588 1793 657; x_wconf 90' lang='lat' dir='ltr'><strong>imperator:</strong></span> <span class='ocrx_word' id='word_1_24' title='bbox 1843 603 1960 657; x_wconf 81' lang='lat' dir='ltr'><strong>pcr-</strong></span> 
     </span>
    </p>
   </div>
   <div class='ocr_carea' id='block_1_6' title="bbox 385 673 1959 748">
    <p class='ocr_par' dir='ltr' id='par_1_6' title="bbox 385 673 1959 748">
     <span class='ocr_line' id='line_1_6' title="bbox 385 673 1959 748; baseline 0.004 -22"><span class='ocrx_word' id='word_1_25' title='bbox 385 673 570 742; x_wconf 83' lang='lat' dir='ltr'><strong>spicna</strong></span> <span class='ocrx_word' id='word_1_26' title='bbox 600 689 686 729; x_wconf 83' lang='lat' dir='ltr'><strong>res</strong></span> <span class='ocrx_word' id='word_1_27' title='bbox 722 684 807 730; x_wconf 91' lang='lat' dir='ltr'><strong>est</strong></span> <span class='ocrx_word' id='word_1_28' title='bbox 839 690 904 730; x_wconf 91' lang='lat' dir='ltr'><strong>ex</strong></span> <span class='ocrx_word' id='word_1_29' title='bbox 941 674 1190 745; x_wconf 81' lang='lat' dir='ltr'><strong>Gregorii</strong></span> <span class='ocrx_word' id='word_1_30' title='bbox 1230 676 1554 733; x_wconf 67' lang='lat' dir='ltr'><strong>testimoniis</strong></span> <span class='ocrx_word' id='word_1_31' title='bbox 1606 676 1706 748; x_wconf 85' lang='grc' dir='ltr'><strong>(α),</strong></span> <span class='ocrx_word' id='word_1_32' title='bbox 1735 692 1831 732; x_wconf 85' lang='lat' dir='ltr'><strong>nec</strong></span> <span class='ocrx_word' id='word_1_33' title='bbox 1870 693 1959 732; x_wconf 89' lang='lat' dir='ltr'><strong>ne-</strong></span> 
     </span>
    </p>
   </div>
   <div class='ocr_carea' id='block_1_7' title="bbox 385 766 1962 825">
    <p class='ocr_par' dir='ltr' id='par_1_7' title="bbox 385 766 1962 825">
     <span class='ocr_line' id='line_1_7' title="bbox 385 766 1962 825; baseline 0.004 -8"><span class='ocrx_word' id='word_1_34' title='bbox 385 779 538 819; x_wconf 85' lang='lat' dir='ltr'><strong>cesse</strong></span> <span class='ocrx_word' id='word_1_35' title='bbox 565 775 723 821; x_wconf 89' lang='lat' dir='ltr'><strong>estut</strong></span> <span class='ocrx_word' id='word_1_36' title='bbox 744 766 1099 822; x_wconf 80' lang='lat' dir='ltr'><strong>conﬁrmetur</strong></span> <span class='ocrx_word' id='word_1_37' title='bbox 1122 766 1309 825; x_wconf 87' lang='lat' dir='ltr'><strong>Basilii</strong></span> <span class='ocrx_word' id='word_1_38' title='bbox 1335 769 1402 823; x_wconf 89' lang='lat' dir='ltr'><strong>ad</strong></span> <span class='ocrx_word' id='word_1_39' title='bbox 1436 767 1709 824; x_wconf 88' lang='lat' dir='ltr'><strong>Juliannm</strong></span> <span class='ocrx_word' id='word_1_40' title='bbox 1744 778 1836 823; x_wconf 90' lang='lat' dir='ltr'><strong>aut</strong></span> <span class='ocrx_word' id='word_1_41' title='bbox 1868 768 1962 824; x_wconf 88' lang='lat' dir='ltr'><strong>Ju-</strong></span> 
     </span>
    </p>
   </div>
   <div class='ocr_carea' id='block_1_8' title="bbox 386 857 1962 931">
    <p class='ocr_par' dir='ltr' id='par_1_8' title="bbox 386 857 1962 931">
     <span class='ocr_line' id='line_1_8' title="bbox 386 857 1962 931; baseline 0.003 -21"><span class='ocrx_word' id='word_1_42' title='bbox 386 859 513 913; x_wconf 85' lang='lat' dir='ltr'><strong>Iiani</strong></span> <span class='ocrx_word' id='word_1_43' title='bbox 552 858 619 912; x_wconf 90' lang='lat' dir='ltr'><strong>ad</strong></span> <span class='ocrx_word' id='word_1_44' title='bbox 658 857 910 913; x_wconf 80' lang='lat' dir='ltr'><strong>Basiliam</strong></span> <span class='ocrx_word' id='word_1_45' title='bbox 942 860 1185 931; x_wconf 65' lang='lat' dir='ltr'><strong>epistola:</strong></span> <span class='ocrx_word' id='word_1_46' title='bbox 1213 863 1557 917; x_wconf 83' lang='lat' dir='ltr'><strong>auctoritate.</strong></span> <span class='ocrx_word' id='word_1_47' title='bbox 1599 860 1835 918; x_wconf 89' lang='lat' dir='ltr'><strong>Charum</strong></span> <span class='ocrx_word' id='word_1_48' title='bbox 1862 861 1962 915; x_wconf 85' lang='lat' dir='ltr'><strong>sibi</strong></span> 
     </span>
    </p>
   </div>
   <div class='ocr_carea' id='block_1_9' title="bbox 388 949 1962 1022">
    <p class='ocr_par' dir='ltr' id='par_1_9' title="bbox 388 949 1962 1022">
     <span class='ocr_line' id='line_1_9' title="bbox 388 949 1962 1022; baseline 0.004 -22"><span class='ocrx_word' id='word_1_49' title='bbox 388 950 455 1003; x_wconf 83' lang='lat' dir='ltr'><strong>ah</strong></span> <span class='ocrx_word' id='word_1_50' title='bbox 479 949 838 1006; x_wconf 84' lang='lat' dir='ltr'><strong>adolescentia</strong></span> <span class='ocrx_word' id='word_1_51' title='bbox 865 952 1032 1007; x_wconf 81' lang='lat' dir='ltr'><strong>fuisse</strong></span> <span class='ocrx_word' id='word_1_52' title='bbox 1052 952 1310 1008; x_wconf 81' lang='lat' dir='ltr'><strong>Basiliam</strong></span> <span class='ocrx_word' id='word_1_53' title='bbox 1334 954 1574 1009; x_wconf 83' lang='lat' dir='ltr'><strong>declarat</strong></span> <span class='ocrx_word' id='word_1_54' title='bbox 1598 951 1847 1008; x_wconf 82' lang='lat' dir='ltr'><strong>Julianus</strong></span> <span class='ocrx_word' id='word_1_55' title='bbox 1866 953 1962 1022; x_wconf 90' lang='lat' dir='ltr'><strong>(b).</strong></span> 
     </span>
    </p>
   </div>
   <div class='ocr_carea' id='block_1_10' title="bbox 390 1038 1967 1101">
    <p class='ocr_par' dir='ltr' id='par_1_10' title="bbox 390 1038 1967 1101">
     <span class='ocr_line' id='line_1_10' title="bbox 390 1038 1967 1101; baseline 0.004 -9"><span class='ocrx_word' id='word_1_56' title='bbox 390 1038 494 1093; x_wconf 88' lang='lat' dir='ltr'><strong>Sed</strong></span> <span class='ocrx_word' id='word_1_57' title='bbox 532 1039 725 1095; x_wconf 90' lang='lat' dir='ltr'><strong>mirum</strong></span> <span class='ocrx_word' id='word_1_58' title='bbox 753 1057 849 1097; x_wconf 91' lang='lat' dir='ltr'><strong>cur</strong></span> <span class='ocrx_word' id='word_1_59' title='bbox 882 1043 1110 1098; x_wconf 83' lang='lat' dir='ltr'><strong>Basilius</strong></span> <span class='ocrx_word' id='word_1_60' title='bbox 1153 1058 1337 1100; x_wconf 87' lang='lat' dir='ltr'><strong>sacras</strong></span> <span class='ocrx_word' id='word_1_61' title='bbox 1366 1060 1426 1100; x_wconf 92' lang='lat' dir='ltr'><strong>se</strong></span> <span class='ocrx_word' id='word_1_62' title='bbox 1487 1060 1607 1101; x_wconf 91' lang='lat' dir='ltr'><strong>cum</strong></span> <span class='ocrx_word' id='word_1_63' title='bbox 1635 1044 1847 1100; x_wconf 89' lang='lat' dir='ltr'><strong>Juliano</strong></span> <span class='ocrx_word' id='word_1_64' title='bbox 1878 1044 1967 1098; x_wconf 91' lang='lat' dir='ltr'><strong>lit-</strong></span> 
     </span>
    </p>
   </div>
   <div class='ocr_carea' id='block_1_11' title="bbox 391 1132 1966 1205">
    <p class='ocr_par' dir='ltr' id='par_1_11' title="bbox 391 1132 1966 1205">
     <span class='ocr_line' id='line_1_11' title="bbox 391 1132 1966 1205; baseline 0.004 -23"><span class='ocrx_word' id='word_1_65' title='bbox 391 1139 538 1186; x_wconf 90' lang='lat' dir='ltr'><strong>teras</strong></span> <span class='ocrx_word' id='word_1_66' title='bbox 587 1132 842 1189; x_wconf 82' lang='lat' dir='ltr'><strong>didicisse</strong></span> <span class='ocrx_word' id='word_1_67' title='bbox 885 1143 1117 1190; x_wconf 88' lang='lat' dir='ltr'><strong>testetur</strong></span> <span class='ocrx_word' id='word_1_68' title='bbox 1163 1135 1255 1205; x_wconf 90' lang='lat' dir='ltr'><strong>(c).</strong></span> <span class='ocrx_word' id='word_1_69' title='bbox 1299 1134 1490 1192; x_wconf 83' lang='lat' dir='ltr'><strong>Utrum</strong></span> <span class='ocrx_word' id='word_1_70' title='bbox 1537 1136 1589 1191; x_wconf 90' lang='lat' dir='ltr'><strong>id</strong></span> <span class='ocrx_word' id='word_1_71' title='bbox 1630 1136 1854 1190; x_wconf 86' lang='lat' dir='ltr'><strong>Athenis</strong></span> <span class='ocrx_word' id='word_1_72' title='bbox 1888 1136 1966 1188; x_wconf 82' lang='lat' dir='ltr'><strong>fa—</strong></span> 
     </span>
    </p>
   </div>
   <div class='ocr_carea' id='block_1_12' title="bbox 389 1222 1969 1298">
    <p class='ocr_par' dir='ltr' id='par_1_12' title="bbox 389 1222 1969 1298">
     <span class='ocr_line' id='line_1_12' title="bbox 389 1222 1969 1298; baseline 0.006 -24"><span class='ocrx_word' id='word_1_73' title='bbox 389 1230 535 1276; x_wconf 90' lang='lat' dir='ltr'><strong>ctum</strong></span> <span class='ocrx_word' id='word_1_74' title='bbox 572 1222 815 1281; x_wconf 82' lang='lat' dir='ltr'><strong>dicemus</strong></span> <span class='ocrx_word' id='word_1_75' title='bbox 838 1226 861 1279; x_wconf 83' lang='lat'><strong>?</strong></span> <span class='ocrx_word' id='word_1_76' title='bbox 888 1236 944 1279; x_wconf 91' lang='lat' dir='ltr'><strong>at</strong></span> <span class='ocrx_word' id='word_1_77' title='bbox 975 1237 1100 1283; x_wconf 91' lang='lat' dir='ltr'><strong>tunc</strong></span> <span class='ocrx_word' id='word_1_78' title='bbox 1139 1229 1382 1298; x_wconf 81' lang='lat' dir='ltr'><strong>profanis</strong></span> <span class='ocrx_word' id='word_1_79' title='bbox 1405 1229 1597 1284; x_wconf 91' lang='lat' dir='ltr'><strong>studiis</strong></span> <span class='ocrx_word' id='word_1_80' title='bbox 1626 1244 1843 1298; x_wconf 83' lang='lat' dir='ltr'><strong>Operam</strong></span> <span class='ocrx_word' id='word_1_81' title='bbox 1871 1229 1969 1283; x_wconf 89' lang='lat' dir='ltr'><strong>da-</strong></span> 
     </span>
    </p>
   </div>
   <div class='ocr_carea' id='block_1_13' title="bbox 392 1312 1967 1389">
    <p class='ocr_par' dir='ltr' id='par_1_13' title="bbox 392 1312 1967 1389">
     <span class='ocr_line' id='line_1_13' title="bbox 392 1312 1967 1389; baseline 0.005 -24"><span class='ocrx_word' id='word_1_82' title='bbox 392 1312 543 1368; x_wconf 83' lang='lat' dir='ltr'><strong>bant.</strong></span> <span class='ocrx_word' id='word_1_83' title='bbox 584 1313 778 1372; x_wconf 87' lang='lat' dir='ltr'><strong>Utrum</strong></span> <span class='ocrx_word' id='word_1_84' title='bbox 814 1317 866 1371; x_wconf 92' lang='lat' dir='ltr'><strong>in</strong></span> <span class='ocrx_word' id='word_1_85' title='bbox 903 1318 1280 1388; x_wconf 84' lang='lat' dir='ltr'><strong>Cappadocia?</strong></span> <span class='ocrx_word' id='word_1_86' title='bbox 1334 1330 1543 1389; x_wconf 88' lang='lat' dir='ltr'><strong>tempus</strong></span> <span class='ocrx_word' id='word_1_87' title='bbox 1583 1319 1798 1389; x_wconf 88' lang='lat' dir='ltr'><strong>quidem</strong></span> <span class='ocrx_word' id='word_1_88' title='bbox 1834 1335 1967 1389; x_wconf 89' lang='lat' dir='ltr'><strong>qua-</strong></span> 
     </span>
    </p>
   </div>
   <div class='ocr_carea' id='block_1_14' title="bbox 394 1404 1968 1480">
    <p class='ocr_par' dir='ltr' id='par_1_14' title="bbox 394 1404 1968 1480">
     <span class='ocr_line' id='line_1_14' title="bbox 394 1404 1968 1480; baseline 0.006 -24"><span class='ocrx_word' id='word_1_89' title='bbox 394 1404 536 1461; x_wconf 89' lang='lat' dir='ltr'><strong>drat.</strong></span> <span class='ocrx_word' id='word_1_90' title='bbox 568 1404 706 1461; x_wconf 87' lang='lat' dir='ltr'><strong>Nam</strong></span> <span class='ocrx_word' id='word_1_91' title='bbox 745 1407 890 1463; x_wconf 88' lang='lat' dir='ltr'><strong>circa</strong></span> <span class='ocrx_word' id='word_1_92' title='bbox 920 1424 1120 1463; x_wconf 83' lang='lat' dir='ltr'><strong>annum</strong></span> <span class='ocrx_word' id='word_1_93' title='bbox 1148 1409 1277 1475; x_wconf 74' lang='grc'><strong>545,</strong></span> <span class='ocrx_word' id='word_1_94' title='bbox 1322 1425 1431 1480; x_wconf 87' lang='lat' dir='ltr'><strong>quo</strong></span> <span class='ocrx_word' id='word_1_95' title='bbox 1462 1419 1703 1480; x_wconf 89' lang='lat' dir='ltr'><strong>tempore</strong></span> <span class='ocrx_word' id='word_1_96' title='bbox 1739 1409 1968 1466; x_wconf 87' lang='lat' dir='ltr'><strong>Basilius</strong></span> 
     </span>
    </p>
   </div>
   <div class='ocr_carea' id='block_1_15' title="bbox 394 1497 1970 1575">
    <p class='ocr_par' dir='ltr' id='par_1_15' title="bbox 394 1497 1970 1575">
     <span class='ocr_line' id='line_1_15' title="bbox 394 1497 1970 1575; baseline 0.007 -28"><span class='ocrx_word' id='word_1_97' title='bbox 394 1497 609 1553; x_wconf 88' lang='lat' dir='ltr'><strong>videtur</strong></span> <span class='ocrx_word' id='word_1_98' title='bbox 630 1499 796 1556; x_wconf 83' lang='lat' dir='ltr'><strong>fuisse</strong></span> <span class='ocrx_word' id='word_1_99' title='bbox 821 1499 1101 1569; x_wconf 62' lang='lat' dir='ltr'><strong>Casareze,</strong></span> <span class='ocrx_word' id='word_1_100' title='bbox 1144 1501 1391 1559; x_wconf 87' lang='lat' dir='ltr'><strong>Julianus</strong></span> <span class='ocrx_word' id='word_1_101' title='bbox 1415 1504 1467 1558; x_wconf 91' lang='lat' dir='ltr'><strong>in</strong></span> <span class='ocrx_word' id='word_1_102' title='bbox 1501 1504 1778 1559; x_wconf 85' lang='lat' dir='ltr'><strong>castellum</strong></span> <span class='ocrx_word' id='word_1_103' title='bbox 1803 1519 1970 1575; x_wconf 83' lang='lat' dir='ltr'><strong>prepe</strong></span> 
     </span>
    </p>
   </div>
   <div class='ocr_carea' id='block_1_16' title="bbox 401 1587 1970 1659">
    <p class='ocr_par' dir='ltr' id='par_1_16' title="bbox 401 1587 1970 1659">
     <span class='ocr_line' id='line_1_16' title="bbox 401 1587 1970 1659; baseline 0.004 -17"><span class='ocrx_word' id='word_1_104' title='bbox 401 1587 708 1645; x_wconf 66' lang='lat' dir='ltr'><strong>Caesaream</strong></span> <span class='ocrx_word' id='word_1_105' title='bbox 742 1591 1008 1649; x_wconf 89' lang='lat' dir='ltr'><strong>deductus</strong></span> <span class='ocrx_word' id='word_1_106' title='bbox 1031 1592 1153 1659; x_wconf 79' lang='lat' dir='ltr'><strong>fuit,</strong></span> <span class='ocrx_word' id='word_1_107' title='bbox 1183 1593 1270 1647; x_wconf 92' lang='lat' dir='ltr'><strong>ubi</strong></span> <span class='ocrx_word' id='word_1_108' title='bbox 1299 1608 1420 1648; x_wconf 91' lang='lat' dir='ltr'><strong>cum</strong></span> <span class='ocrx_word' id='word_1_109' title='bbox 1455 1593 1608 1649; x_wconf 86' lang='lat' dir='ltr'><strong>Gallo</strong></span> <span class='ocrx_word' id='word_1_110' title='bbox 1651 1593 1819 1648; x_wconf 76' lang='lat' dir='ltr'><strong>fratre</strong></span> <span class='ocrx_word' id='word_1_111' title='bbox 1875 1608 1970 1648; x_wconf 86' lang='lat' dir='ltr'><strong>sex</strong></span> 
     </span>
    </p>
   </div>
   <div class='ocr_carea' id='block_1_17' title="bbox 397 1680 1969 1752">
    <p class='ocr_par' dir='ltr' id='par_1_17' title="bbox 397 1680 1969 1752">
     <span class='ocr_line' id='line_1_17' title="bbox 397 1680 1969 1752; baseline 0.006 -24"><span class='ocrx_word' id='word_1_112' title='bbox 397 1692 569 1734; x_wconf 88' lang='lat' dir='ltr'><strong>annos</strong></span> <span class='ocrx_word' id='word_1_113' title='bbox 603 1680 844 1737; x_wconf 81' lang='lat' dir='ltr'><strong>traduxit</strong></span> <span class='ocrx_word' id='word_1_114' title='bbox 883 1684 999 1752; x_wconf 79' lang='grc' dir='ltr'><strong>(ά).</strong></span> <span class='ocrx_word' id='word_1_115' title='bbox 1039 1681 1147 1737; x_wconf 88' lang='lat' dir='ltr'><strong>Sed</strong></span> <span class='ocrx_word' id='word_1_116' title='bbox 1199 1699 1320 1738; x_wconf 87' lang='lat' dir='ltr'><strong>cum</strong></span> <span class='ocrx_word' id='word_1_117' title='bbox 1357 1683 1443 1737; x_wconf 88' lang='lat' dir='ltr'><strong>ibi.</strong></span> <span class='ocrx_word' id='word_1_118' title='bbox 1470 1682 1707 1738; x_wconf 88' lang='lat' dir='ltr'><strong>inclusus</strong></span> <span class='ocrx_word' id='word_1_119' title='bbox 1738 1684 1806 1738; x_wconf 90' lang='lat' dir='ltr'><strong>ab</strong></span> <span class='ocrx_word' id='word_1_120' title='bbox 1824 1684 1969 1738; x_wconf 89' lang='lat' dir='ltr'><strong>omni</strong></span> 
     </span>
    </p>
   </div>
   <div class='ocr_carea' id='block_1_18' title="bbox 396 1770 1972 1842">
    <p class='ocr_par' dir='ltr' id='par_1_18' title="bbox 396 1770 1972 1842">
     <span class='ocr_line' id='line_1_18' title="bbox 396 1770 1972 1842; baseline 0.005 -22"><span class='ocrx_word' id='word_1_121' title='bbox 396 1770 683 1838; x_wconf 81' lang='lat' dir='ltr'><strong>aequalium</strong></span> <span class='ocrx_word' id='word_1_122' title='bbox 702 1773 1091 1828; x_wconf 90' lang='lat' dir='ltr'><strong>consuetudine</strong></span> <span class='ocrx_word' id='word_1_123' title='bbox 1128 1785 1517 1839; x_wconf 86' lang='lat' dir='ltr'><strong>removeretur,</strong></span> <span class='ocrx_word' id='word_1_124' title='bbox 1542 1774 1696 1842; x_wconf 85' lang='lat' dir='ltr'><strong>copia</strong></span> <span class='ocrx_word' id='word_1_125' title='bbox 1726 1790 1831 1830; x_wconf 93' lang='lat' dir='ltr'><strong>non</strong></span> <span class='ocrx_word' id='word_1_126' title='bbox 1854 1783 1972 1828; x_wconf 89' lang='lat' dir='ltr'><strong>erat</strong></span> 
     </span>
    </p>
   </div>
   <div class='ocr_carea' id='block_1_19' title="bbox 400 1844 2044 1922">
    <p class='ocr_par' dir='ltr' id='par_1_19' title="bbox 400 1844 2044 1922">
     <span class='ocr_line' id='line_1_19' title="bbox 400 1844 2044 1922; baseline 0.005 -11"><span class='ocrx_word' id='word_1_127' title='bbox 400 1869 597 1916; x_wconf 91' lang='lat' dir='ltr'><strong>utenm</strong></span> <span class='ocrx_word' id='word_1_128' title='bbox 621 1860 850 1920; x_wconf 85' lang='lat' dir='ltr'><strong>Basilius</strong></span> <span class='ocrx_word' id='word_1_129' title='bbox 870 1866 1093 1921; x_wconf 80' lang='lat' dir='ltr'><strong>videret.</strong></span> <span class='ocrx_word' id='word_1_130' title='bbox 1123 1866 1321 1921; x_wconf 83' lang='lat' dir='ltr'><strong>Verum</strong></span> <span class='ocrx_word' id='word_1_131' title='bbox 1363 1867 1445 1922; x_wconf 87' lang='lat' dir='ltr'><strong>his</strong></span> <span class='ocrx_word' id='word_1_132' title='bbox 1478 1866 1655 1921; x_wconf 89' lang='lat' dir='ltr'><strong>Basilii</strong></span> <span class='ocrx_word' id='word_1_133' title='bbox 1694 1867 1760 1921; x_wconf 90' lang='lat' dir='ltr'><strong>ad</strong></span> <span class='ocrx_word' id='word_1_134' title='bbox 1798 1865 1968 1922; x_wconf 84' lang='lat' dir='ltr'><strong>Jnlia—</strong></span> <span class='ocrx_word' id='word_1_135' title='bbox 2001 1844 2044 1905; x_wconf 72' lang='grc' dir='ltr'><strong>Β</strong></span> 
     </span>
    </p>
   </div>
   <div class='ocr_carea' id='block_1_20' title="bbox 400 1950 1971 2013">
    <p class='ocr_par' dir='ltr' id='par_1_20' title="bbox 400 1950 1971 2013">
     <span class='ocr_line' id='line_1_20' title="bbox 400 1950 1971 2013; baseline 0.006 -10"><span class='ocrx_word' id='word_1_136' title='bbox 400 1968 527 2007; x_wconf 89' lang='lat' dir='ltr'><strong>num</strong></span> <span class='ocrx_word' id='word_1_137' title='bbox 558 1964 611 2008; x_wconf 92' lang='lat' dir='ltr'><strong>et</strong></span> <span class='ocrx_word' id='word_1_138' title='bbox 636 1950 833 2010; x_wconf 88' lang='lat' dir='ltr'><strong>Juliani</strong></span> <span class='ocrx_word' id='word_1_139' title='bbox 866 1957 932 2010; x_wconf 89' lang='lat' dir='ltr'><strong>ad</strong></span> <span class='ocrx_word' id='word_1_140' title='bbox 961 1956 1213 2012; x_wconf 85' lang='lat' dir='ltr'><strong>Basiliam</strong></span> <span class='ocrx_word' id='word_1_141' title='bbox 1247 1957 1443 2012; x_wconf 89' lang='lat' dir='ltr'><strong>litteris</strong></span> <span class='ocrx_word' id='word_1_142' title='bbox 1479 1972 1585 2012; x_wconf 92' lang='lat' dir='ltr'><strong>non</strong></span> <span class='ocrx_word' id='word_1_143' title='bbox 1624 1957 1848 2013; x_wconf 87' lang='lat' dir='ltr'><strong>multum</strong></span> <span class='ocrx_word' id='word_1_144' title='bbox 1876 1957 1971 2012; x_wconf 90' lang='lat' dir='ltr'><strong>tri-</strong></span> 
     </span>
    </p>
   </div>
   <div class='ocr_carea' id='block_1_21' title="bbox 397 2044 693 2104">
    <p class='ocr_par' dir='ltr' id='par_1_21' title="bbox 397 2044 693 2104">
     <span class='ocr_line' id='line_1_21' title="bbox 397 2044 693 2104; baseline 0.017 -6"><span class='ocrx_word' id='word_1_145' title='bbox 397 2044 484 2100; x_wconf 88' lang='lat' dir='ltr'><strong>bui</strong></span> <span class='ocrx_word' id='word_1_146' title='bbox 515 2046 693 2104; x_wconf 87' lang='lat' dir='ltr'><strong>debet.</strong></span> 
     </span>
    </p>
   </div>
   <div class='ocr_carea' id='block_1_22' title="bbox 484 2136 1963 2211">
    <p class='ocr_par' dir='ltr' id='par_1_22' title="bbox 484 2136 1963 2211">
     <span class='ocr_line' id='line_1_22' title="bbox 484 2136 1963 2211; baseline 0.003 -20"><span class='ocrx_word' id='word_1_147' title='bbox 484 2136 536 2191; x_wconf 80' lang='lat' dir='ltr'><strong>v’.</strong></span> <span class='ocrx_word' id='word_1_148' title='bbox 569 2136 794 2193; x_wconf 82' lang='lat' dir='ltr'><strong>Videtur</strong></span> <span class='ocrx_word' id='word_1_149' title='bbox 828 2140 1055 2196; x_wconf 86' lang='lat' dir='ltr'><strong>Athenis</strong></span> <span class='ocrx_word' id='word_1_150' title='bbox 1099 2142 1302 2211; x_wconf 88' lang='lat' dir='ltr'><strong>scripta</strong></span> <span class='ocrx_word' id='word_1_151' title='bbox 1353 2142 1538 2198; x_wconf 89' lang='lat' dir='ltr'><strong>Basilii</strong></span> <span class='ocrx_word' id='word_1_152' title='bbox 1582 2143 1648 2197; x_wconf 89' lang='lat' dir='ltr'><strong>ad</strong></span> <span class='ocrx_word' id='word_1_153' title='bbox 1693 2142 1963 2210; x_wconf 62' lang='lat' dir='ltr'><strong>Apollina.</strong></span> 
     </span>
    </p>
   </div>
   <div class='ocr_carea' id='block_1_23' title="bbox 404 2231 1973 2302">
    <p class='ocr_par' dir='ltr' id='par_1_23' title="bbox 404 2231 1973 2302">
     <span class='ocr_line' id='line_1_23' title="bbox 404 2231 1973 2302; baseline 0.004 -20"><span class='ocrx_word' id='word_1_154' title='bbox 404 2231 543 2283; x_wconf 89' lang='lat' dir='ltr'><strong>rium</strong></span> <span class='ocrx_word' id='word_1_155' title='bbox 578 2231 828 2300; x_wconf 90' lang='lat' dir='ltr'><strong>epistola,</strong></span> <span class='ocrx_word' id='word_1_156' title='bbox 860 2246 984 2302; x_wconf 76' lang='lat' dir='ltr'><strong>qua:</strong></span> <span class='ocrx_word' id='word_1_157' title='bbox 1010 2233 1111 2289; x_wconf 90' lang='lat' dir='ltr'><strong>etsi</strong></span> <span class='ocrx_word' id='word_1_158' title='bbox 1148 2248 1177 2286; x_wconf 92' lang='lat' dir='ltr'><strong>a</strong></span> <span class='ocrx_word' id='word_1_159' title='bbox 1206 2233 1344 2289; x_wconf 87' lang='lat' dir='ltr'><strong>laico</strong></span> <span class='ocrx_word' id='word_1_160' title='bbox 1374 2235 1442 2289; x_wconf 89' lang='lat' dir='ltr'><strong>ad</strong></span> <span class='ocrx_word' id='word_1_161' title='bbox 1472 2234 1669 2289; x_wconf 89' lang='lat' dir='ltr'><strong>laicum</strong></span> <span class='ocrx_word' id='word_1_162' title='bbox 1700 2235 1973 2290; x_wconf 88' lang='lat' dir='ltr'><strong>scribeba-</strong></span> 
     </span>
    </p>
   </div>
   <div class='ocr_carea' id='block_1_24' title="bbox 401 2324 1973 2394">
    <p class='ocr_par' dir='ltr' id='par_1_24' title="bbox 401 2324 1973 2394">
     <span class='ocr_line' id='line_1_24' title="bbox 401 2324 1973 2394; baseline 0.004 -20"><span class='ocrx_word' id='word_1_163' title='bbox 401 2334 510 2388; x_wconf 88' lang='lat' dir='ltr'><strong>tur,</strong></span> <span class='ocrx_word' id='word_1_164' title='bbox 548 2337 647 2378; x_wconf 90' lang='lat' dir='ltr'><strong>nec</strong></span> <span class='ocrx_word' id='word_1_165' title='bbox 676 2324 968 2394; x_wconf 89' lang='lat' dir='ltr'><strong>quidquam</strong></span> <span class='ocrx_word' id='word_1_166' title='bbox 1003 2326 1237 2381; x_wconf 91' lang='lat' dir='ltr'><strong>habebat</strong></span> <span class='ocrx_word' id='word_1_167' title='bbox 1278 2326 1382 2381; x_wconf 86' lang='lat' dir='ltr'><strong>nisi</strong></span> <span class='ocrx_word' id='word_1_168' title='bbox 1418 2326 1650 2381; x_wconf 82' lang='lat' dir='ltr'><strong>amicam</strong></span> <span class='ocrx_word' id='word_1_169' title='bbox 1691 2326 1973 2381; x_wconf 83' lang='lat' dir='ltr'><strong>salutatio—</strong></span> 
     </span>
    </p>
   </div>
   <div class='ocr_carea' id='block_1_25' title="bbox 400 2413 1976 2487">
    <p class='ocr_par' dir='ltr' id='par_1_25' title="bbox 400 2413 1976 2487">
     <span class='ocr_line' id='line_1_25' title="bbox 400 2413 1976 2487; baseline 0.001 -19"><span class='ocrx_word' id='word_1_170' title='bbox 400 2428 544 2479; x_wconf 86' lang='lat' dir='ltr'><strong>nem,</strong></span> <span class='ocrx_word' id='word_1_171' title='bbox 568 2413 767 2485; x_wconf 85' lang='lat' dir='ltr'><strong>elapsis</strong></span> <span class='ocrx_word' id='word_1_172' title='bbox 793 2426 969 2473; x_wconf 88' lang='lat' dir='ltr'><strong>tamen</strong></span> <span class='ocrx_word' id='word_1_173' title='bbox 1003 2418 1158 2481; x_wconf 77' lang='lat' dir='ltr'><strong>annis</strong></span> <span class='ocrx_word' id='word_1_174' title='bbox 1196 2416 1382 2487; x_wconf 76' lang='lat' dir='ltr'><strong>viginti</strong></span> <span class='ocrx_word' id='word_1_175' title='bbox 1420 2419 1488 2473; x_wconf 90' lang='lat' dir='ltr'><strong>ab</strong></span> <span class='ocrx_word' id='word_1_176' title='bbox 1513 2417 1794 2473; x_wconf 87' lang='lat' dir='ltr'><strong>Eustathio</strong></span> <span class='ocrx_word' id='word_1_177' title='bbox 1825 2418 1976 2472; x_wconf 84' lang='lat' dir='ltr'><strong>adul-</strong></span> 
     </span>
    </p>
   </div>
   <div class='ocr_carea' id='block_1_26' title="bbox 401 2508 1976 2580">
    <p class='ocr_par' dir='ltr' id='par_1_26' title="bbox 401 2508 1976 2580">
     <span class='ocr_line' id='line_1_26' title="bbox 401 2508 1976 2580; baseline 0.003 -21"><span class='ocrx_word' id='word_1_178' title='bbox 401 2516 595 2572; x_wconf 87' lang='lat' dir='ltr'><strong>terata,</strong></span> <span class='ocrx_word' id='word_1_179' title='bbox 634 2518 690 2563; x_wconf 90' lang='lat' dir='ltr'><strong>et</strong></span> <span class='ocrx_word' id='word_1_180' title='bbox 727 2511 794 2562; x_wconf 90' lang='lat' dir='ltr'><strong>ad</strong></span> <span class='ocrx_word' id='word_1_181' title='bbox 828 2509 1083 2564; x_wconf 82' lang='lat' dir='ltr'><strong>invidiam</strong></span> <span class='ocrx_word' id='word_1_182' title='bbox 1112 2508 1311 2565; x_wconf 89' lang='lat' dir='ltr'><strong>Basilio</strong></span> <span class='ocrx_word' id='word_1_183' title='bbox 1336 2510 1629 2565; x_wconf 90' lang='lat' dir='ltr'><strong>creandam</strong></span> <span class='ocrx_word' id='word_1_184' title='bbox 1661 2525 1856 2580; x_wconf 89' lang='lat' dir='ltr'><strong>magno</strong></span> <span class='ocrx_word' id='word_1_185' title='bbox 1886 2524 1976 2564; x_wconf 61' lang='lat' dir='ltr'><strong>so-</strong></span> 
     </span>
    </p>
   </div>
   <div class='ocr_carea' id='block_1_27' title="bbox 399 2595 1973 2673">
    <p class='ocr_par' dir='ltr' id='par_1_27' title="bbox 399 2595 1973 2673">
     <span class='ocr_line' id='line_1_27' title="bbox 399 2595 1973 2673; baseline 0.003 -21"><span class='ocrx_word' id='word_1_186' title='bbox 399 2599 514 2654; x_wconf 90' lang='lat' dir='ltr'><strong>nitu</strong></span> <span class='ocrx_word' id='word_1_187' title='bbox 547 2600 751 2670; x_wconf 88' lang='lat' dir='ltr'><strong>jactata</strong></span> <span class='ocrx_word' id='word_1_188' title='bbox 777 2595 860 2656; x_wconf 85' lang='lat' dir='ltr'><strong>est</strong></span> <span class='ocrx_word' id='word_1_189' title='bbox 897 2599 994 2673; x_wconf 80' lang='grc' dir='ltr'><strong>(ε).</strong></span> <span class='ocrx_word' id='word_1_190' title='bbox 1035 2600 1268 2657; x_wconf 88' lang='lat' dir='ltr'><strong>Basilius</strong></span> <span class='ocrx_word' id='word_1_191' title='bbox 1304 2601 1358 2656; x_wconf 91' lang='lat' dir='ltr'><strong>in</strong></span> <span class='ocrx_word' id='word_1_192' title='bbox 1399 2600 1626 2672; x_wconf 90' lang='lat' dir='ltr'><strong>epistola</strong></span> <span class='ocrx_word' id='word_1_193' title='bbox 1660 2601 1799 2668; x_wconf 71' lang='lat'><strong>225,</strong></span> <span class='ocrx_word' id='word_1_194' title='bbox 1834 2618 1890 2657; x_wconf 92' lang='lat' dir='ltr'><strong>n.</strong></span> <span class='ocrx_word' id='word_1_195' title='bbox 1918 2601 1973 2668; x_wconf 73' lang='grc'><strong>4,</strong></span> 
     </span>
    </p>
   </div>
   <div class='ocr_carea' id='block_1_28' title="bbox 396 2690 1976 2762">
    <p class='ocr_par' dir='ltr' id='par_1_28' title="bbox 396 2690 1976 2762">
     <span class='ocr_line' id='line_1_28' title="bbox 396 2690 1976 2762; baseline 0.004 -20"><span class='ocrx_word' id='word_1_196' title='bbox 396 2702 518 2759; x_wconf 70' lang='lat' dir='ltr'><strong>qua:</strong></span> <span class='ocrx_word' id='word_1_197' title='bbox 554 2691 752 2759; x_wconf 89' lang='lat' dir='ltr'><strong>scripta</strong></span> <span class='ocrx_word' id='word_1_198' title='bbox 776 2699 861 2746; x_wconf 90' lang='lat' dir='ltr'><strong>est</strong></span> <span class='ocrx_word' id='word_1_199' title='bbox 889 2706 1031 2747; x_wconf 87' lang='lat' dir='ltr'><strong>anno</strong></span> <span class='ocrx_word' id='word_1_200' title='bbox 1059 2690 1167 2746; x_wconf 80' lang='grc'><strong>575</strong></span> <span class='ocrx_word' id='word_1_201' title='bbox 1194 2701 1449 2758; x_wconf 88' lang='lat' dir='ltr'><strong>exeunte,</strong></span> <span class='ocrx_word' id='word_1_202' title='bbox 1495 2694 1784 2762; x_wconf 86' lang='lat' dir='ltr'><strong>scripsisse</strong></span> <span class='ocrx_word' id='word_1_203' title='bbox 1812 2710 1869 2749; x_wconf 88' lang='lat' dir='ltr'><strong>se</strong></span> <span class='ocrx_word' id='word_1_204' title='bbox 1892 2695 1976 2748; x_wconf 89' lang='lat' dir='ltr'><strong>di-</strong></span> 
     </span>
    </p>
   </div>
   <div class='ocr_carea' id='block_1_29' title="bbox 396 2780 1975 2855">
    <p class='ocr_par' dir='ltr' id='par_1_29' title="bbox 396 2780 1975 2855">
     <span class='ocr_line' id='line_1_29' title="bbox 396 2780 1975 2855; baseline 0.003 -20"><span class='ocrx_word' id='word_1_205' title='bbox 396 2782 473 2835; x_wconf 88' lang='lat' dir='ltr'><strong>cit</strong></span> <span class='ocrx_word' id='word_1_206' title='bbox 495 2780 831 2850; x_wconf 83' lang='lat' dir='ltr'><strong>Apollinario</strong></span> <span class='ocrx_word' id='word_1_207' title='bbox 860 2794 987 2839; x_wconf 86' lang='lat' dir='ltr'><strong>ante</strong></span> <span class='ocrx_word' id='word_1_208' title='bbox 1017 2799 1192 2840; x_wconf 89' lang='lat' dir='ltr'><strong>annos</strong></span> <span class='ocrx_word' id='word_1_209' title='bbox 1216 2784 1402 2855; x_wconf 86' lang='lat' dir='ltr'><strong>viginti</strong></span> <span class='ocrx_word' id='word_1_210' title='bbox 1424 2794 1479 2840; x_wconf 91' lang='lat' dir='ltr'><strong>et</strong></span> <span class='ocrx_word' id='word_1_211' title='bbox 1499 2784 1748 2855; x_wconf 86' lang='lat' dir='ltr'><strong>amplius.</strong></span> <span class='ocrx_word' id='word_1_212' title='bbox 1776 2784 1975 2840; x_wconf 85' lang='lat' dir='ltr'><strong>Ibidem</strong></span> 
     </span>
    </p>
   </div>
   <div class='ocr_carea' id='block_1_30' title="bbox 399 2873 1977 2947">
    <p class='ocr_par' dir='ltr' id='par_1_30' title="bbox 399 2873 1977 2947">
     <span class='ocr_line' id='line_1_30' title="bbox 399 2873 1977 2947; baseline 0.004 -21"><span class='ocrx_word' id='word_1_213' title='bbox 399 2873 594 2929; x_wconf 89' lang='lat' dir='ltr'><strong>iterum</strong></span> <span class='ocrx_word' id='word_1_214' title='bbox 623 2887 945 2931; x_wconf 86' lang='lat' dir='ltr'><strong>occurrente</strong></span> <span class='ocrx_word' id='word_1_215' title='bbox 981 2875 1147 2946; x_wconf 85' lang='lat' dir='ltr'><strong>hujus</strong></span> <span class='ocrx_word' id='word_1_216' title='bbox 1177 2877 1255 2932; x_wconf 86' lang='lat' dir='ltr'><strong>rei</strong></span> <span class='ocrx_word' id='word_1_217' title='bbox 1306 2879 1582 2933; x_wconf 88' lang='lat' dir='ltr'><strong>mentione</strong></span> <span class='ocrx_word' id='word_1_218' title='bbox 1624 2878 1818 2947; x_wconf 80' lang='lat' dir='ltr'><strong>viginti</strong></span> <span class='ocrx_word' id='word_1_219' title='bbox 1858 2890 1977 2934; x_wconf 92' lang='lat' dir='ltr'><strong>tau-</strong></span> 
     </span>
    </p>
   </div>
   <div class='ocr_carea' id='block_1_31' title="bbox 400 2967 1975 3038">
    <p class='ocr_par' dir='ltr' id='par_1_31' title="bbox 400 2967 1975 3038">
     <span class='ocr_line' id='line_1_31' title="bbox 400 2967 1975 3038; baseline 0.003 -20"><span class='ocrx_word' id='word_1_220' title='bbox 400 2974 514 3021; x_wconf 90' lang='lat' dir='ltr'><strong>tum</strong></span> <span class='ocrx_word' id='word_1_221' title='bbox 548 2967 674 3021; x_wconf 90' lang='lat' dir='ltr'><strong>anni</strong></span> <span class='ocrx_word' id='word_1_222' title='bbox 705 2977 1077 3023; x_wconf 85' lang='lat' dir='ltr'><strong>numerantur.</strong></span> <span class='ocrx_word' id='word_1_223' title='bbox 1108 2968 1165 3023; x_wconf 90' lang='lat' dir='ltr'><strong>In</strong></span> <span class='ocrx_word' id='word_1_224' title='bbox 1194 2969 1418 3038; x_wconf 86' lang='lat' dir='ltr'><strong>epistola</strong></span> <span class='ocrx_word' id='word_1_225' title='bbox 1457 2975 1640 3023; x_wconf 90' lang='lat' dir='ltr'><strong>autem</strong></span> <span class='ocrx_word' id='word_1_226' title='bbox 1668 2968 1797 3034; x_wconf 70' lang='lat'><strong>2&#39;26,</strong></span> <span class='ocrx_word' id='word_1_227' title='bbox 1826 2985 1975 3023; x_wconf 90' lang='lat' dir='ltr'><strong>num.</strong></span> 
     </span>
    </p>
   </div>
   <div class='ocr_carea' id='block_1_32' title="bbox 402 3059 1973 3129">
    <p class='ocr_par' dir='ltr' id='par_1_32' title="bbox 402 3059 1973 3129">
     <span class='ocr_line' id='line_1_32' title="bbox 402 3059 1973 3129; baseline 0.003 -19"><span class='ocrx_word' id='word_1_228' title='bbox 402 3059 456 3120; x_wconf 72' lang='grc'><strong>4.</strong></span> <span class='ocrx_word' id='word_1_229' title='bbox 488 3068 615 3115; x_wconf 90' lang='lat' dir='ltr'><strong>ante</strong></span> <span class='ocrx_word' id='word_1_230' title='bbox 661 3075 833 3115; x_wconf 85' lang='lat' dir='ltr'><strong>annos</strong></span> <span class='ocrx_word' id='word_1_231' title='bbox 871 3060 1058 3129; x_wconf 88' lang='lat' dir='ltr'><strong>viginti</strong></span> <span class='ocrx_word' id='word_1_232' title='bbox 1112 3061 1216 3116; x_wconf 88' lang='lat' dir='ltr'><strong>hoc</strong></span> <span class='ocrx_word' id='word_1_233' title='bbox 1255 3076 1285 3115; x_wconf 90' lang='lat' dir='ltr'><strong>a</strong></span> <span class='ocrx_word' id='word_1_234' title='bbox 1335 3074 1395 3116; x_wconf 90' lang='lat' dir='ltr'><strong>se</strong></span> <span class='ocrx_word' id='word_1_235' title='bbox 1438 3060 1637 3116; x_wconf 83' lang='lat' dir='ltr'><strong>factum</strong></span> <span class='ocrx_word' id='word_1_236' title='bbox 1667 3062 1973 3117; x_wconf 83' lang='lat' dir='ltr'><strong>conﬁtetur.</strong></span> 
     </span>
    </p>
   </div>
   <div class='ocr_carea' id='block_1_33' title="bbox 402 3149 1977 3222">
    <p class='ocr_par' dir='ltr' id='par_1_33' title="bbox 402 3149 1977 3222">
     <span class='ocr_line' id='line_1_33' title="bbox 402 3149 1977 3222; baseline 0.002 -20"><span class='ocrx_word' id='word_1_237' title='bbox 402 3151 472 3202; x_wconf 86' lang='lat' dir='ltr'><strong>At</strong></span> <span class='ocrx_word' id='word_1_238' title='bbox 498 3149 552 3204; x_wconf 92' lang='lat' dir='ltr'><strong>in</strong></span> <span class='ocrx_word' id='word_1_239' title='bbox 582 3149 810 3220; x_wconf 90' lang='lat' dir='ltr'><strong>epistola</strong></span> <span class='ocrx_word' id='word_1_240' title='bbox 836 3149 963 3217; x_wconf 70' lang='lat'><strong>224,</strong></span> <span class='ocrx_word' id='word_1_241' title='bbox 995 3168 1048 3205; x_wconf 92' lang='lat' dir='ltr'><strong>u.</strong></span> <span class='ocrx_word' id='word_1_242' title='bbox 1081 3150 1140 3216; x_wconf 71' lang='lat'><strong>2,</strong></span> <span class='ocrx_word' id='word_1_243' title='bbox 1164 3151 1390 3222; x_wconf 79' lang='lat' dir='ltr'><strong>legimus</strong></span> <span class='ocrx_word' id='word_1_244' title='bbox 1426 3162 1549 3207; x_wconf 78' lang='lat' dir='ltr'><strong>ante</strong></span> <span class='ocrx_word' id='word_1_245' title='bbox 1584 3168 1749 3207; x_wconf 75' lang='lat' dir='ltr'><strong>annos</strong></span> <span class='ocrx_word' id='word_1_246' title='bbox 1794 3153 1977 3222; x_wconf 82' lang='lat' dir='ltr'><strong>viginti</strong></span> 
     </span>
    </p>
   </div>
   <div class='ocr_carea' id='block_1_34' title="bbox 402 3240 1978 3313">
    <p class='ocr_par' dir='ltr' id='par_1_34' title="bbox 402 3240 1978 3313">
     <span class='ocr_line' id='line_1_34' title="bbox 402 3240 1978 3313; baseline 0.003 -19"><span class='ocrx_word' id='word_1_247' title='bbox 402 3242 650 3312; x_wconf 82' lang='lat' dir='ltr'><strong>quinque,</strong></span> <span class='ocrx_word' id='word_1_248' title='bbox 690 3240 797 3313; x_wconf 80' lang='grc' dir='ltr'>πρὸ</span> <span class='ocrx_word' id='word_1_249' title='bbox 818 3240 897 3296; x_wconf 83' lang='grc' dir='ltr'><strong>κε’</strong></span> <span class='ocrx_word' id='word_1_250' title='bbox 922 3241 1081 3306; x_wconf 81' lang='grc' dir='ltr'><strong>ἐτῶν,</strong></span> <span class='ocrx_word' id='word_1_251' title='bbox 1115 3243 1208 3301; x_wconf 81' lang='lat' dir='ltr'><strong>sed</strong></span> <span class='ocrx_word' id='word_1_252' title='bbox 1243 3242 1528 3313; x_wconf 90' lang='lat' dir='ltr'><strong>legendum</strong></span> <span class='ocrx_word' id='word_1_253' title='bbox 1555 3254 1683 3312; x_wconf 89' lang='lat' dir='ltr'><strong>puto</strong></span> <span class='ocrx_word' id='word_1_254' title='bbox 1710 3252 1765 3297; x_wconf 90' lang='lat' dir='ltr'><strong>ut</strong></span> <span class='ocrx_word' id='word_1_255' title='bbox 1784 3244 1835 3297; x_wconf 94' lang='lat' dir='ltr'><strong>in</strong></span> <span class='ocrx_word' id='word_1_256' title='bbox 1859 3243 1978 3298; x_wconf 88' lang='lat' dir='ltr'><strong>aliis</strong></span> 
     </span>
    </p>
   </div>
   <div class='ocr_carea' id='block_1_35' title="bbox 402 3333 1980 3405">
    <p class='ocr_par' dir='ltr' id='par_1_35' title="bbox 402 3333 1980 3405">
     <span class='ocr_line' id='line_1_35' title="bbox 402 3333 1980 3405; baseline 0.004 -20"><span class='ocrx_word' id='word_1_257' title='bbox 402 3333 539 3390; x_wconf 85' lang='lat' dir='ltr'><strong>locis</strong></span> <span class='ocrx_word' id='word_1_258' title='bbox 566 3345 691 3389; x_wconf 84' lang='lat' dir='ltr'><strong>ante</strong></span> <span class='ocrx_word' id='word_1_259' title='bbox 723 3351 889 3389; x_wconf 82' lang='lat' dir='ltr'><strong>annos</strong></span> <span class='ocrx_word' id='word_1_260' title='bbox 924 3335 1130 3405; x_wconf 77' lang='lat' dir='ltr'><strong>viginti.</strong></span> <span class='ocrx_word' id='word_1_261' title='bbox 1161 3335 1409 3392; x_wconf 85' lang='lat' dir='ltr'><strong>Proclive</strong></span> <span class='ocrx_word' id='word_1_262' title='bbox 1437 3336 1586 3390; x_wconf 89' lang='lat' dir='ltr'><strong>enim</strong></span> <span class='ocrx_word' id='word_1_263' title='bbox 1612 3336 1712 3391; x_wconf 81' lang='lat' dir='ltr'><strong>fuit</strong></span> <span class='ocrx_word' id='word_1_264' title='bbox 1742 3336 1980 3392; x_wconf 88' lang='lat' dir='ltr'><strong>librariis</strong></span> 
     </span>
    </p>
   </div>
   <div class='ocr_carea' id='block_1_36' title="bbox 403 3425 1978 3498">
    <p class='ocr_par' dir='ltr' id='par_1_36' title="bbox 403 3425 1978 3498">
     <span class='ocr_line' id='line_1_36' title="bbox 403 3425 1978 3498; baseline 0.003 -21"><span class='ocrx_word' id='word_1_265' title='bbox 403 3425 639 3480; x_wconf 87' lang='lat' dir='ltr'><strong>litteram</strong></span> <span class='ocrx_word' id='word_1_266' title='bbox 675 3443 726 3491; x_wconf 84' lang='grc' dir='ltr'><strong>ε,</strong></span> <span class='ocrx_word' id='word_1_267' title='bbox 754 3441 874 3496; x_wconf 70' lang='lat' dir='ltr'><strong>qua:</strong></span> <span class='ocrx_word' id='word_1_268' title='bbox 912 3436 1224 3496; x_wconf 84' lang='lat' dir='ltr'><strong>sequentem</strong></span> <span class='ocrx_word' id='word_1_269' title='bbox 1275 3442 1463 3483; x_wconf 92' lang='lat' dir='ltr'><strong>vocem</strong></span> <span class='ocrx_word' id='word_1_270' title='bbox 1501 3427 1814 3498; x_wconf 82' lang='lat' dir='ltr'><strong>incipiebat,</strong></span> <span class='ocrx_word' id='word_1_271' title='bbox 1855 3443 1978 3482; x_wconf 92' lang='lat' dir='ltr'><strong>cum</strong></span> 
     </span>
    </p>
   </div>
   <div class='ocr_carea' id='block_1_37' title="bbox 402 3517 1978 3590">
    <p class='ocr_par' dir='ltr' id='par_1_37' title="bbox 402 3517 1978 3590">
     <span class='ocr_line' id='line_1_37' title="bbox 402 3517 1978 3590; baseline 0.001 -18"><span class='ocrx_word' id='word_1_272' title='bbox 402 3518 499 3574; x_wconf 89' lang='lat' dir='ltr'><strong>illo</strong></span> <span class='ocrx_word' id='word_1_273' title='bbox 525 3534 562 3572; x_wconf 84' lang='grc' dir='ltr'>κ</span> <span class='ocrx_word' id='word_1_274' title='bbox 585 3517 935 3588; x_wconf 87' lang='lat' dir='ltr'><strong>conjungere,</strong></span> <span class='ocrx_word' id='word_1_275' title='bbox 974 3520 1160 3588; x_wconf 89' lang='lat' dir='ltr'><strong>sicque</strong></span> <span class='ocrx_word' id='word_1_276' title='bbox 1196 3534 1480 3575; x_wconf 88' lang='lat' dir='ltr'><strong>numerum</strong></span> <span class='ocrx_word' id='word_1_277' title='bbox 1521 3520 1710 3590; x_wconf 86' lang='lat' dir='ltr'><strong>viginti</strong></span> <span class='ocrx_word' id='word_1_278' title='bbox 1740 3520 1978 3588; x_wconf 86' lang='lat' dir='ltr'><strong>quinque</strong></span> 
     </span>
    </p>
   </div>
   <div class='ocr_carea' id='block_1_38' title="bbox 404 3609 1977 3681">
    <p class='ocr_par' dir='ltr' id='par_1_38' title="bbox 404 3609 1977 3681">
     <span class='ocr_line' id='line_1_38' title="bbox 404 3609 1977 3681; baseline 0.001 -19"><span class='ocrx_word' id='word_1_279' title='bbox 404 3624 672 3664; x_wconf 87' lang='lat' dir='ltr'><strong>annorum</strong></span> <span class='ocrx_word' id='word_1_280' title='bbox 712 3609 989 3681; x_wconf 84' lang='lat' dir='ltr'><strong>ellingere.</strong></span> <span class='ocrx_word' id='word_1_281' title='bbox 1039 3611 1097 3666; x_wconf 84' lang='lat' dir='ltr'><strong>Si</strong></span> <span class='ocrx_word' id='word_1_282' title='bbox 1136 3626 1266 3680; x_wconf 85' lang='lat' dir='ltr'><strong>ergo</strong></span> <span class='ocrx_word' id='word_1_283' title='bbox 1314 3626 1458 3667; x_wconf 90' lang='lat' dir='ltr'><strong>anno</strong></span> <span class='ocrx_word' id='word_1_284' title='bbox 1480 3612 1586 3666; x_wconf 76' lang='lat'><strong>375</strong></span> <span class='ocrx_word' id='word_1_285' title='bbox 1612 3621 1843 3666; x_wconf 81' lang='lat' dir='ltr'><strong>exeunte</strong></span> <span class='ocrx_word' id='word_1_286' title='bbox 1868 3610 1977 3679; x_wconf 89' lang='lat' dir='ltr'><strong>jam</strong></span> 
     </span>
    </p>
   </div>
   <div class='ocr_carea' id='block_1_39' title="bbox 400 3700 1982 3777">
    <p class='ocr_par' dir='ltr' id='par_1_39' title="bbox 400 3700 1982 3777">
     <span class='ocr_line' id='line_1_39' title="bbox 400 3700 1982 3777; baseline 0.002 -23"><span class='ocrx_word' id='word_1_287' title='bbox 400 3700 579 3756; x_wconf 80' lang='lat' dir='ltr'><strong>exacti</strong></span> <span class='ocrx_word' id='word_1_288' title='bbox 608 3711 765 3756; x_wconf 84' lang='lat' dir='ltr'><strong>erant</strong></span> <span class='ocrx_word' id='word_1_289' title='bbox 789 3702 917 3755; x_wconf 88' lang='lat' dir='ltr'><strong>anni</strong></span> <span class='ocrx_word' id='word_1_290' title='bbox 961 3702 1175 3777; x_wconf 70' lang='lat' dir='ltr'><strong>viginti,</strong></span> <span class='ocrx_word' id='word_1_291' title='bbox 1207 3718 1274 3759; x_wconf 89' lang='lat' dir='ltr'><strong>ex</strong></span> <span class='ocrx_word' id='word_1_292' title='bbox 1296 3718 1403 3774; x_wconf 91' lang='lat' dir='ltr'><strong>quo</strong></span> <span class='ocrx_word' id='word_1_293' title='bbox 1436 3701 1666 3759; x_wconf 89' lang='lat' dir='ltr'><strong>Basilius</strong></span> <span class='ocrx_word' id='word_1_294' title='bbox 1688 3703 1982 3771; x_wconf 86' lang='lat' dir='ltr'><strong>scripserat</strong></span> 
     </span>
    </p>
   </div>
   <div class='ocr_carea' id='block_1_40' title="bbox 401 3792 1978 3870">
    <p class='ocr_par' dir='ltr' id='par_1_40' title="bbox 401 3792 1978 3870">
     <span class='ocr_line' id='line_1_40' title="bbox 401 3792 1978 3870; baseline 0.003 -26"><span class='ocrx_word' id='word_1_295' title='bbox 401 3792 760 3861; x_wconf 81' lang='lat' dir='ltr'><strong>Apollinario,</strong></span> <span class='ocrx_word' id='word_1_296' title='bbox 792 3795 933 3870; x_wconf 85' lang='lat' dir='ltr'><strong>hanc</strong></span> <span class='ocrx_word' id='word_1_297' title='bbox 958 3795 1244 3867; x_wconf 89' lang='lat' dir='ltr'><strong>epistolam</strong></span> <span class='ocrx_word' id='word_1_298' title='bbox 1278 3796 1516 3850; x_wconf 89' lang='lat' dir='ltr'><strong>scribere</strong></span> <span class='ocrx_word' id='word_1_299' title='bbox 1545 3810 1649 3848; x_wconf 90' lang='lat' dir='ltr'><strong>non</strong></span> <span class='ocrx_word' id='word_1_300' title='bbox 1682 3795 1852 3861; x_wconf 90' lang='lat' dir='ltr'><strong>potuit</strong></span> <span class='ocrx_word' id='word_1_301' title='bbox 1878 3794 1978 3848; x_wconf 91' lang='lat' dir='ltr'><strong>nisi</strong></span> 
     </span>
    </p>
   </div>
   <div class='ocr_carea' id='block_1_41' title="bbox 401 3884 1975 3951">
    <p class='ocr_par' dir='ltr' id='par_1_41' title="bbox 401 3884 1975 3951">
     <span class='ocr_line' id='line_1_41' title="bbox 401 3884 1975 3951; baseline 0.001 -13"><span class='ocrx_word' id='word_1_302' title='bbox 401 3884 651 3949; x_wconf 84' lang='lat' dir='ltr'><strong>Athenis,</strong></span> <span class='ocrx_word' id='word_1_303' title='bbox 676 3902 820 3943; x_wconf 92' lang='lat' dir='ltr'><strong>anno</strong></span> <span class='ocrx_word' id='word_1_304' title='bbox 849 3888 1057 3945; x_wconf 83' lang='lat' dir='ltr'><strong>scilicet</strong></span> <span class='ocrx_word' id='word_1_305' title='bbox 1088 3886 1193 3942; x_wconf 65' lang='grc'><strong>554</strong></span> <span class='ocrx_word' id='word_1_306' title='bbox 1216 3897 1465 3951; x_wconf 80' lang='lat' dir='ltr'><strong>exeunte,</strong></span> <span class='ocrx_word' id='word_1_307' title='bbox 1495 3895 1587 3941; x_wconf 91' lang='lat' dir='ltr'><strong>aut</strong></span> <span class='ocrx_word' id='word_1_308' title='bbox 1608 3886 1823 3949; x_wconf 80' lang='lat' dir='ltr'><strong>ineunte</strong></span> <span class='ocrx_word' id='word_1_309' title='bbox 1851 3885 1975 3940; x_wconf 78' lang='grc'><strong>555.</strong></span> 
     </span>
    </p>
   </div>
   <div class='ocr_carea' id='block_1_42' title="bbox 472 3977 1980 4047">
    <p class='ocr_par' dir='ltr' id='par_1_42' title="bbox 472 3977 1980 4047">
     <span class='ocr_line' id='line_1_42' title="bbox 472 3977 1980 4047; baseline 0 -15"><span class='ocrx_word' id='word_1_310' title='bbox 472 3977 617 4044; x_wconf 83' lang='lat' dir='ltr'><strong>Quot</strong></span> <span class='ocrx_word' id='word_1_311' title='bbox 653 3994 826 4036; x_wconf 90' lang='lat' dir='ltr'><strong>annos</strong></span> <span class='ocrx_word' id='word_1_312' title='bbox 874 3981 1137 4036; x_wconf 60' lang='lat' dir='ltr'><strong>Caesareae</strong></span> <span class='ocrx_word' id='word_1_313' title='bbox 1174 3978 1404 4035; x_wconf 84' lang='lat' dir='ltr'><strong>Basilius</strong></span> <span class='ocrx_word' id='word_1_314' title='bbox 1458 3978 1797 4042; x_wconf 82' lang='lat' dir='ltr'><strong>traduxerit,</strong></span> <span class='ocrx_word' id='word_1_315' title='bbox 1847 3990 1980 4047; x_wconf 89' lang='lat' dir='ltr'><strong>quot</strong></span> 
     </span>
    </p>
   </div>
   <div class='ocr_carea' id='block_1_43' title="bbox 404 4068 1979 4140">
    <p class='ocr_par' dir='ltr' id='par_1_43' title="bbox 404 4068 1979 4140">
     <span class='ocr_line' id='line_1_43' title="bbox 404 4068 1979 4140; baseline 0 -17"><span class='ocrx_word' id='word_1_316' title='bbox 404 4069 910 4138; x_wconf 79' lang='lat' dir='ltr'><strong>Constantinopoli,</strong></span> <span class='ocrx_word' id='word_1_317' title='bbox 961 4087 1068 4140; x_wconf 83' lang='lat' dir='ltr'><strong>quo</strong></span> <span class='ocrx_word' id='word_1_318' title='bbox 1103 4071 1344 4125; x_wconf 84' lang='lat' dir='ltr'><strong>Athenas</strong></span> <span class='ocrx_word' id='word_1_319' title='bbox 1382 4084 1524 4126; x_wconf 91' lang='lat' dir='ltr'><strong>anno</strong></span> <span class='ocrx_word' id='word_1_320' title='bbox 1564 4069 1797 4139; x_wconf 86' lang='lat' dir='ltr'><strong>petierit,</strong></span> <span class='ocrx_word' id='word_1_321' title='bbox 1844 4068 1979 4125; x_wconf 87' lang='lat' dir='ltr'><strong>dilli-</strong></span> 
     </span>
    </p>
   </div>
   <div class='ocr_carea' id='block_1_44' title="bbox 406 4160 1976 4233">
    <p class='ocr_par' dir='ltr' id='par_1_44' title="bbox 406 4160 1976 4233">
     <span class='ocr_line' id='line_1_44' title="bbox 406 4160 1976 4233; baseline 0.001 -19"><span class='ocrx_word' id='word_1_322' title='bbox 406 4162 510 4217; x_wconf 90' lang='lat' dir='ltr'><strong>cile</strong></span> <span class='ocrx_word' id='word_1_323' title='bbox 538 4172 623 4220; x_wconf 88' lang='lat' dir='ltr'><strong>est</strong></span> <span class='ocrx_word' id='word_1_324' title='bbox 646 4162 937 4233; x_wconf 87' lang='lat' dir='ltr'><strong>conjicere.</strong></span> <span class='ocrx_word' id='word_1_325' title='bbox 975 4162 1197 4218; x_wconf 85' lang='lat' dir='ltr'><strong>Videtur</strong></span> <span class='ocrx_word' id='word_1_326' title='bbox 1221 4160 1526 4218; x_wconf 68' lang='lat' dir='ltr'><strong>Cresaream</strong></span> <span class='ocrx_word' id='word_1_327' title='bbox 1561 4163 1761 4218; x_wconf 89' lang='lat' dir='ltr'><strong>missus</strong></span> <span class='ocrx_word' id='word_1_328' title='bbox 1784 4202 1800 4228; x_wconf 94' lang='lat'><strong>,</strong></span> <span class='ocrx_word' id='word_1_329' title='bbox 1853 4176 1976 4217; x_wconf 91' lang='lat' dir='ltr'><strong>cum</strong></span> 
     </span>
    </p>
   </div>
   <div class='ocr_carea' id='block_1_45' title="bbox 399 4253 1980 4326">
    <p class='ocr_par' dir='ltr' id='par_1_45' title="bbox 399 4253 1980 4326">
     <span class='ocr_line' id='line_1_45' title="bbox 399 4253 1980 4326; baseline 0.001 -19"><span class='ocrx_word' id='word_1_330' title='bbox 399 4253 513 4320; x_wconf 86' lang='lat' dir='ltr'><strong>jam</strong></span> <span class='ocrx_word' id='word_1_331' title='bbox 549 4255 812 4322; x_wconf 87' lang='lat' dir='ltr'><strong>optimum</strong></span> <span class='ocrx_word' id='word_1_332' title='bbox 848 4255 1167 4326; x_wconf 90' lang='lat' dir='ltr'><strong>magistrum</strong></span> <span class='ocrx_word' id='word_1_333' title='bbox 1199 4254 1473 4310; x_wconf 90' lang='lat' dir='ltr'><strong>amisisset</strong></span> <span class='ocrx_word' id='word_1_334' title='bbox 1515 4263 1723 4323; x_wconf 84' lang='lat' dir='ltr'><strong>patrem</strong></span> <span class='ocrx_word' id='word_1_335' title='bbox 1753 4272 1766 4307; x_wconf 94' lang='lat'><strong>:</strong></span> <span class='ocrx_word' id='word_1_336' title='bbox 1806 4269 1980 4324; x_wconf 90' lang='lat' dir='ltr'><strong>neque</strong></span> 
     </span>
    </p>
   </div>
   <div class='ocr_carea' id='block_1_46' title="bbox 403 4344 1978 4402">
    <p class='ocr_par' dir='ltr' id='par_1_46' title="bbox 403 4344 1978 4402">
     <span class='ocr_line' id='line_1_46' title="bbox 403 4344 1978 4402; baseline 0 -1"><span class='ocrx_word' id='word_1_337' title='bbox 403 4347 547 4401; x_wconf 92' lang='lat' dir='ltr'><strong>enim</strong></span> <span class='ocrx_word' id='word_1_338' title='bbox 584 4360 650 4402; x_wconf 92' lang='lat' dir='ltr'><strong>eo</strong></span> <span class='ocrx_word' id='word_1_339' title='bbox 683 4347 805 4402; x_wconf 91' lang='lat' dir='ltr'><strong>vivo</strong></span> <span class='ocrx_word' id='word_1_340' title='bbox 832 4362 896 4402; x_wconf 91' lang='lat' dir='ltr'><strong>ac</strong></span> <span class='ocrx_word' id='word_1_341' title='bbox 924 4362 1137 4402; x_wconf 86' lang='lat' dir='ltr'><strong>summa</strong></span> <span class='ocrx_word' id='word_1_342' title='bbox 1166 4346 1486 4402; x_wconf 81' lang='lat' dir='ltr'><strong>celebritate</strong></span> <span class='ocrx_word' id='word_1_343' title='bbox 1523 4344 1848 4400; x_wconf 88' lang='lat' dir='ltr'><strong>rhetoricam</strong></span> <span class='ocrx_word' id='word_1_344' title='bbox 1881 4349 1978 4401; x_wconf 89' lang='lat' dir='ltr'><strong>do-</strong></span> 
     </span>
    </p>
   </div>
   <div class='ocr_carea' id='block_1_47' title="bbox 402 4438 1979 4506">
    <p class='ocr_par' dir='ltr' id='par_1_47' title="bbox 402 4438 1979 4506">
     <span class='ocr_line' id='line_1_47' title="bbox 402 4438 1979 4506; baseline 0.001 -14"><span class='ocrx_word' id='word_1_345' title='bbox 402 4447 581 4506; x_wconf 86' lang='lat' dir='ltr'><strong>cente,</strong></span> <span class='ocrx_word' id='word_1_346' title='bbox 635 4438 703 4493; x_wconf 91' lang='lat' dir='ltr'><strong>ad</strong></span> <span class='ocrx_word' id='word_1_347' title='bbox 747 4438 881 4494; x_wconf 87' lang='lat' dir='ltr'><strong>alias</strong></span> <span class='ocrx_word' id='word_1_348' title='bbox 938 4438 1178 4503; x_wconf 87' lang='lat' dir='ltr'><strong>scholas,</strong></span> <span class='ocrx_word' id='word_1_349' title='bbox 1210 4439 1399 4494; x_wconf 89' lang='lat' dir='ltr'><strong>saltem</strong></span> <span class='ocrx_word' id='word_1_350' title='bbox 1451 4448 1558 4492; x_wconf 90' lang='lat' dir='ltr'><strong>tam</strong></span> <span class='ocrx_word' id='word_1_351' title='bbox 1600 4438 1733 4504; x_wconf 92' lang='lat' dir='ltr'><strong>cito,</strong></span> <span class='ocrx_word' id='word_1_352' title='bbox 1781 4441 1979 4494; x_wconf 89' lang='lat' dir='ltr'><strong>missus</strong></span> 
     </span>
    </p>
   </div>
   <div class='ocr_carea' id='block_1_48' title="bbox 2064 586 3639 656">
    <p class='ocr_par' dir='ltr' id='par_1_48' title="bbox 2064 586 3639 656">
     <span class='ocr_line' id='line_1_48' title="bbox 2064 586 3639 656; baseline -0.003 -13"><span class='ocrx_word' id='word_1_353' title='bbox 2064 588 2230 644; x_wconf 81' lang='lat' dir='ltr'><strong>luerit</strong></span> <span class='ocrx_word' id='word_1_354' title='bbox 2261 587 2552 652; x_wconf 61' lang='lat' dir='ltr'><strong>Caesareae,</strong></span> <span class='ocrx_word' id='word_1_355' title='bbox 2587 588 2679 651; x_wconf 88' lang='lat' dir='ltr'><strong>id,</strong></span> <span class='ocrx_word' id='word_1_356' title='bbox 2711 596 2769 643; x_wconf 92' lang='lat' dir='ltr'><strong>ut</strong></span> <span class='ocrx_word' id='word_1_357' title='bbox 2794 587 2905 656; x_wconf 75' lang='lat' dir='ltr'><strong>iam</strong></span> <span class='ocrx_word' id='word_1_358' title='bbox 2929 587 3063 649; x_wconf 79' lang='lat' dir='ltr'><strong>dixi,</strong></span> <span class='ocrx_word' id='word_1_359' title='bbox 3095 586 3245 642; x_wconf 89' lang='lat' dir='ltr'><strong>nullo</strong></span> <span class='ocrx_word' id='word_1_360' title='bbox 3268 596 3447 642; x_wconf 78' lang='lat' dir='ltr'><strong>exstat</strong></span> <span class='ocrx_word' id='word_1_361' title='bbox 3475 587 3639 641; x_wconf 34' lang='lat' dir='ltr'><strong>vestis</strong></span> 
     </span>
    </p>
   </div>
   <div class='ocr_carea' id='block_1_49' title="bbox 2064 678 3639 752">
    <p class='ocr_par' dir='ltr' id='par_1_49' title="bbox 2064 678 3639 752">
     <span class='ocr_line' id='line_1_49' title="bbox 2064 678 3639 752; baseline -0.001 -17"><span class='ocrx_word' id='word_1_362' title='bbox 2064 681 2171 752; x_wconf 85' lang='lat' dir='ltr'><strong>gio.</strong></span> <span class='ocrx_word' id='word_1_363' title='bbox 2221 680 2365 736; x_wconf 88' lang='lat' dir='ltr'><strong>ldem</strong></span> <span class='ocrx_word' id='word_1_364' title='bbox 2397 680 2501 735; x_wconf 88' lang='lat' dir='ltr'><strong>dici</strong></span> <span class='ocrx_word' id='word_1_365' title='bbox 2556 687 2737 748; x_wconf 89' lang='lat' dir='ltr'><strong>potest</strong></span> <span class='ocrx_word' id='word_1_366' title='bbox 2766 680 2831 734; x_wconf 91' lang='lat' dir='ltr'><strong>de</strong></span> <span class='ocrx_word' id='word_1_367' title='bbox 2855 678 3047 733; x_wconf 90' lang='lat' dir='ltr'><strong>studiis</strong></span> <span class='ocrx_word' id='word_1_368' title='bbox 3085 678 3639 748; x_wconf 84' lang='lat' dir='ltr'><strong>Constantinopolita-</strong></span> 
     </span>
    </p>
   </div>
   <div class='ocr_carea' id='block_1_50' title="bbox 2065 770 3637 842">
    <p class='ocr_par' dir='ltr' id='par_1_50' title="bbox 2065 770 3637 842">
     <span class='ocr_line' id='line_1_50' title="bbox 2065 770 3637 842; baseline -0.003 -14"><span class='ocrx_word' id='word_1_369' title='bbox 2065 773 2168 829; x_wconf 90' lang='lat' dir='ltr'><strong>nis.</strong></span> <span class='ocrx_word' id='word_1_370' title='bbox 2212 771 2364 840; x_wconf 83' lang='lat' dir='ltr'><strong>Quod</strong></span> <span class='ocrx_word' id='word_1_371' title='bbox 2415 781 2598 826; x_wconf 91' lang='lat' dir='ltr'><strong>autem</strong></span> <span class='ocrx_word' id='word_1_372' title='bbox 2637 779 2854 842; x_wconf 85' lang='lat' dir='ltr'><strong>spectat</strong></span> <span class='ocrx_word' id='word_1_373' title='bbox 2894 770 2961 825; x_wconf 92' lang='lat' dir='ltr'><strong>ad</strong></span> <span class='ocrx_word' id='word_1_374' title='bbox 2988 770 3254 838; x_wconf 87' lang='lat' dir='ltr'><strong>Athenas,</strong></span> <span class='ocrx_word' id='word_1_375' title='bbox 3287 786 3353 827; x_wconf 91' lang='lat' dir='ltr'><strong>eo</strong></span> <span class='ocrx_word' id='word_1_376' title='bbox 3378 770 3637 826; x_wconf 89' lang='lat' dir='ltr'><strong>Basilinm</strong></span> 
     </span>
    </p>
   </div>
   <div class='ocr_carea' id='block_1_51' title="bbox 2066 861 3637 932">
    <p class='ocr_par' dir='ltr' id='par_1_51' title="bbox 2066 861 3637 932">
     <span class='ocr_line' id='line_1_51' title="bbox 2066 861 3637 932; baseline 0 -15"><span class='ocrx_word' id='word_1_377' title='bbox 2066 864 2276 919; x_wconf 86' lang='lat' dir='ltr'><strong>venisse</strong></span> <span class='ocrx_word' id='word_1_378' title='bbox 2308 871 2463 932; x_wconf 90' lang='lat' dir='ltr'><strong>putat</strong></span> <span class='ocrx_word' id='word_1_379' title='bbox 2504 861 2886 917; x_wconf 88' lang='lat' dir='ltr'><strong>Tillemontins</strong></span> <span class='ocrx_word' id='word_1_380' title='bbox 2913 876 3057 916; x_wconf 85' lang='lat' dir='ltr'><strong>anno</strong></span> <span class='ocrx_word' id='word_1_381' title='bbox 3089 861 3224 926; x_wconf 70' lang='grc'><strong>531,</strong></span> <span class='ocrx_word' id='word_1_382' title='bbox 3263 863 3389 932; x_wconf 88' lang='lat' dir='ltr'><strong>quia</strong></span> <span class='ocrx_word' id='word_1_383' title='bbox 3427 861 3637 932; x_wconf 87' lang='lat' dir='ltr'><strong>Grego-</strong></span> 
     </span>
    </p>
   </div>
   <div class='ocr_carea' id='block_1_52' title="bbox 2067 952 3637 1025">
    <p class='ocr_par' dir='ltr' id='par_1_52' title="bbox 2067 952 3637 1025">
     <span class='ocr_line' id='line_1_52' title="bbox 2067 952 3637 1025; baseline -0.002 -16"><span class='ocrx_word' id='word_1_384' title='bbox 2067 955 2180 1010; x_wconf 87' lang='lat' dir='ltr'><strong>rius</strong></span> <span class='ocrx_word' id='word_1_385' title='bbox 2213 954 2307 1025; x_wconf 89' lang='lat' dir='ltr'><strong>qui</strong></span> <span class='ocrx_word' id='word_1_386' title='bbox 2342 953 2505 1024; x_wconf 92' lang='lat' dir='ltr'><strong>paulo</strong></span> <span class='ocrx_word' id='word_1_387' title='bbox 2530 962 2657 1009; x_wconf 89' lang='lat' dir='ltr'><strong>ante</strong></span> <span class='ocrx_word' id='word_1_388' title='bbox 2686 952 2946 1008; x_wconf 87' lang='lat' dir='ltr'><strong>Basilium</strong></span> <span class='ocrx_word' id='word_1_389' title='bbox 2987 952 3039 1006; x_wconf 94' lang='lat' dir='ltr'><strong>in</strong></span> <span class='ocrx_word' id='word_1_390' title='bbox 3081 952 3226 1007; x_wconf 89' lang='lat' dir='ltr'><strong>hanc</strong></span> <span class='ocrx_word' id='word_1_391' title='bbox 3253 953 3440 1007; x_wconf 90' lang='lat' dir='ltr'><strong>urbem</strong></span> <span class='ocrx_word' id='word_1_392' title='bbox 3469 953 3637 1006; x_wconf 85' lang='lat' dir='ltr'><strong>adve-</strong></span> 
     </span>
    </p>
   </div>
   <div class='ocr_carea' id='block_1_53' title="bbox 2067 1043 3646 1116">
    <p class='ocr_par' dir='ltr' id='par_1_53' title="bbox 2067 1043 3646 1116">
     <span class='ocr_line' id='line_1_53' title="bbox 2067 1043 3646 1116; baseline -0.003 -15"><span class='ocrx_word' id='word_1_393' title='bbox 2067 1047 2167 1112; x_wconf 92' lang='lat' dir='ltr'><strong>nit,</strong></span> <span class='ocrx_word' id='word_1_394' title='bbox 2192 1046 2488 1101; x_wconf 90' lang='lat' dir='ltr'><strong>imberbem</strong></span> <span class='ocrx_word' id='word_1_395' title='bbox 2522 1060 2580 1101; x_wconf 90' lang='lat' dir='ltr'><strong>se</strong></span> <span class='ocrx_word' id='word_1_396' title='bbox 2604 1046 2818 1101; x_wconf 89' lang='lat' dir='ltr'><strong>venisse</strong></span> <span class='ocrx_word' id='word_1_397' title='bbox 2850 1043 3178 1116; x_wconf 77' lang='lat' dir='ltr'><strong>declarat(f)</strong></span> <span class='ocrx_word' id='word_1_398' title='bbox 3195 1059 3257 1100; x_wconf 89' lang='lat' dir='ltr'><strong>ac</strong></span> <span class='ocrx_word' id='word_1_399' title='bbox 3284 1043 3512 1114; x_wconf 89' lang='lat' dir='ltr'><strong>proinde</strong></span> <span class='ocrx_word' id='word_1_400' title='bbox 3543 1058 3646 1097; x_wconf 88' lang='lat' dir='ltr'><strong>an-</strong></span> 
     </span>
    </p>
   </div>
   <div class='ocr_carea' id='block_1_54' title="bbox 2067 1136 3642 1194">
    <p class='ocr_par' dir='ltr' id='par_1_54' title="bbox 2067 1136 3642 1194">
     <span class='ocr_line' id='line_1_54' title="bbox 2067 1136 3642 1194; baseline -0.003 -1"><span class='ocrx_word' id='word_1_401' title='bbox 2067 1154 2166 1194; x_wconf 89' lang='lat' dir='ltr'><strong>nos</strong></span> <span class='ocrx_word' id='word_1_402' title='bbox 2200 1148 2390 1194; x_wconf 90' lang='lat' dir='ltr'><strong>natum</strong></span> <span class='ocrx_word' id='word_1_403' title='bbox 2418 1137 2639 1193; x_wconf 92' lang='lat' dir='ltr'><strong>circiter</strong></span> <span class='ocrx_word' id='word_1_404' title='bbox 2658 1137 2748 1191; x_wconf 74' lang='lat'><strong>2‘2.</strong></span> <span class='ocrx_word' id='word_1_405' title='bbox 2772 1137 2987 1192; x_wconf 86' lang='lat' dir='ltr'><strong>Certior</strong></span> <span class='ocrx_word' id='word_1_406' title='bbox 3007 1136 3211 1192; x_wconf 90' lang='lat' dir='ltr'><strong>reditus</strong></span> <span class='ocrx_word' id='word_1_407' title='bbox 3241 1152 3305 1192; x_wconf 89' lang='lat' dir='ltr'><strong>ex</strong></span> <span class='ocrx_word' id='word_1_408' title='bbox 3341 1137 3443 1190; x_wconf 85' lang='lat' dir='ltr'><strong>hac</strong></span> <span class='ocrx_word' id='word_1_409' title='bbox 3473 1138 3642 1190; x_wconf 89' lang='lat' dir='ltr'><strong>urbe:</strong></span> 
     </span>
    </p>
   </div>
   <div class='ocr_carea' id='block_1_55' title="bbox 2068 1227 3647 1297">
    <p class='ocr_par' dir='ltr' id='par_1_55' title="bbox 2068 1227 3647 1297">
     <span class='ocr_line' id='line_1_55' title="bbox 2068 1227 3647 1297; baseline -0.002 -14"><span class='ocrx_word' id='word_1_410' title='bbox 2068 1243 2173 1283; x_wconf 92' lang='lat' dir='ltr'><strong>non</strong></span> <span class='ocrx_word' id='word_1_411' title='bbox 2212 1229 2358 1284; x_wconf 90' lang='lat' dir='ltr'><strong>enim</strong></span> <span class='ocrx_word' id='word_1_412' title='bbox 2391 1229 2552 1284; x_wconf 91' lang='lat' dir='ltr'><strong>citius</strong></span> <span class='ocrx_word' id='word_1_413' title='bbox 2585 1228 2811 1297; x_wconf 77' lang='lat' dir='ltr'><strong>contigit</strong></span> <span class='ocrx_word' id='word_1_414' title='bbox 2867 1243 3009 1282; x_wconf 89' lang='lat' dir='ltr'><strong>anno</strong></span> <span class='ocrx_word' id='word_1_415' title='bbox 3037 1228 3142 1284; x_wconf 75' lang='lat'><strong>555</strong></span> <span class='ocrx_word' id='word_1_416' title='bbox 3176 1237 3407 1281; x_wconf 87' lang='lat' dir='ltr'><strong>exeunte</strong></span> <span class='ocrx_word' id='word_1_417' title='bbox 3435 1236 3527 1280; x_wconf 89' lang='lat' dir='ltr'><strong>aut</strong></span> <span class='ocrx_word' id='word_1_418' title='bbox 3558 1227 3647 1281; x_wconf 92' lang='lat' dir='ltr'><strong>in-</strong></span> 
     </span>
    </p>
   </div>
   <div class='ocr_carea' id='block_1_56' title="bbox 2067 1318 3646 1390">
    <p class='ocr_par' dir='ltr' id='par_1_56' title="bbox 2067 1318 3646 1390">
     <span class='ocr_line' id='line_1_56' title="bbox 2067 1318 3646 1390; baseline -0.004 -13"><span class='ocrx_word' id='word_1_419' title='bbox 2067 1332 2233 1377; x_wconf 87' lang='lat' dir='ltr'><strong>eunte</strong></span> <span class='ocrx_word' id='word_1_420' title='bbox 2284 1321 2415 1390; x_wconf 77' lang='grc'><strong>556,</strong></span> <span class='ocrx_word' id='word_1_421' title='bbox 2449 1320 2715 1388; x_wconf 88' lang='lat' dir='ltr'><strong>siquidem</strong></span> <span class='ocrx_word' id='word_1_422' title='bbox 2771 1320 2845 1373; x_wconf 89' lang='lat' dir='ltr'><strong>ibi</strong></span> <span class='ocrx_word' id='word_1_423' title='bbox 2889 1319 3023 1373; x_wconf 84' lang='lat' dir='ltr'><strong>vidit</strong></span> <span class='ocrx_word' id='word_1_424' title='bbox 3066 1319 3295 1373; x_wconf 87' lang='lat' dir='ltr'><strong>Basilius</strong></span> <span class='ocrx_word' id='word_1_425' title='bbox 3332 1318 3646 1382; x_wconf 88' lang='lat' dir='ltr'><strong>Julianum,</strong></span> 
     </span>
    </p>
   </div>
   <div class='ocr_carea' id='block_1_57' title="bbox 2087 1410 3650 1485">
    <p class='ocr_par' dir='ltr' id='par_1_57' title="bbox 2087 1410 3650 1485">
     <span class='ocr_line' id='line_1_57' title="bbox 2087 1410 3650 1485; baseline -0.002 -19"><span class='ocrx_word' id='word_1_426' title='bbox 2087 1415 2177 1485; x_wconf 89' lang='lat' dir='ltr'><strong>qui</strong></span> <span class='ocrx_word' id='word_1_427' title='bbox 2212 1415 2265 1469; x_wconf 90' lang='lat' dir='ltr'><strong>in</strong></span> <span class='ocrx_word' id='word_1_428' title='bbox 2296 1414 2437 1469; x_wconf 89' lang='lat' dir='ltr'><strong>hanc</strong></span> <span class='ocrx_word' id='word_1_429' title='bbox 2471 1413 2658 1467; x_wconf 88' lang='lat' dir='ltr'><strong>urbem</strong></span> <span class='ocrx_word' id='word_1_430' title='bbox 2683 1412 2829 1466; x_wconf 86' lang='lat' dir='ltr'><strong>venit</strong></span> <span class='ocrx_word' id='word_1_431' title='bbox 2858 1411 2972 1480; x_wconf 83' lang='lat' dir='ltr'><strong>jam</strong></span> <span class='ocrx_word' id='word_1_432' title='bbox 3005 1411 3182 1465; x_wconf 89' lang='lat' dir='ltr'><strong>media</strong></span> <span class='ocrx_word' id='word_1_433' title='bbox 3212 1419 3363 1480; x_wconf 85' lang='lat' dir='ltr'><strong>parte</strong></span> <span class='ocrx_word' id='word_1_434' title='bbox 3393 1412 3517 1463; x_wconf 89' lang='lat' dir='ltr'><strong>anui</strong></span> <span class='ocrx_word' id='word_1_435' title='bbox 3541 1410 3650 1465; x_wconf 78' lang='lat'><strong>355</strong></span> 
     </span>
    </p>
   </div>
   <div class='ocr_carea' id='block_1_58' title="bbox 2077 1501 3651 1576">
    <p class='ocr_par' dir='ltr' id='par_1_58' title="bbox 2077 1501 3651 1576">
     <span class='ocr_line' id='line_1_58' title="bbox 2077 1501 3651 1576; baseline -0.004 -15"><span class='ocrx_word' id='word_1_436' title='bbox 2077 1507 2286 1576; x_wconf 85' lang='lat' dir='ltr'><strong>elapsa.</strong></span> <span class='ocrx_word' id='word_1_437' title='bbox 2322 1505 2508 1576; x_wconf 85' lang='lat' dir='ltr'><strong>Neque</strong></span> <span class='ocrx_word' id='word_1_438' title='bbox 2534 1505 2695 1560; x_wconf 90' lang='lat' dir='ltr'><strong>etiam</strong></span> <span class='ocrx_word' id='word_1_439' title='bbox 2731 1504 3073 1575; x_wconf 85' lang='lat' dir='ltr'><strong>serius,quia</strong></span> <span class='ocrx_word' id='word_1_440' title='bbox 3099 1501 3335 1573; x_wconf 89' lang='lat' dir='ltr'><strong>spatium</strong></span> <span class='ocrx_word' id='word_1_441' title='bbox 3368 1501 3510 1557; x_wconf 85' lang='lat' dir='ltr'><strong>inter</strong></span> <span class='ocrx_word' id='word_1_442' title='bbox 3529 1509 3651 1557; x_wconf 86' lang='lat' dir='ltr'><strong>stu-</strong></span> 
     </span>
    </p>
   </div>
   <div class='ocr_carea' id='block_1_59' title="bbox 2069 1594 3650 1653">
    <p class='ocr_par' dir='ltr' id='par_1_59' title="bbox 2069 1594 3650 1653">
     <span class='ocr_line' id='line_1_59' title="bbox 2069 1594 3650 1653; baseline -0.003 -1"><span class='ocrx_word' id='word_1_443' title='bbox 2069 1598 2155 1653; x_wconf 91' lang='lat' dir='ltr'><strong>dia</strong></span> <span class='ocrx_word' id='word_1_444' title='bbox 2180 1598 2484 1652; x_wconf 89' lang='lat' dir='ltr'><strong>litterarum</strong></span> <span class='ocrx_word' id='word_1_445' title='bbox 2538 1606 2592 1652; x_wconf 91' lang='lat' dir='ltr'><strong>et</strong></span> <span class='ocrx_word' id='word_1_446' title='bbox 2635 1597 3000 1652; x_wconf 85' lang='lat' dir='ltr'><strong>sacerdotium</strong></span> <span class='ocrx_word' id='word_1_447' title='bbox 3034 1594 3198 1650; x_wconf 88' lang='lat' dir='ltr'><strong>nimis</strong></span> <span class='ocrx_word' id='word_1_448' title='bbox 3239 1594 3489 1650; x_wconf 84' lang='lat' dir='ltr'><strong>contrahi</strong></span> <span class='ocrx_word' id='word_1_449' title='bbox 3539 1608 3650 1650; x_wconf 90' lang='lat' dir='ltr'><strong>non</strong></span> 
     </span>
    </p>
   </div>
   <div class='ocr_carea' id='block_1_60' title="bbox 2072 1686 3341 1759">
    <p class='ocr_par' dir='ltr' id='par_1_60' title="bbox 2072 1686 3341 1759">
     <span class='ocr_line' id='line_1_60' title="bbox 2072 1686 3341 1759; baseline 0 -16"><span class='ocrx_word' id='word_1_450' title='bbox 2072 1690 2278 1758; x_wconf 90' lang='lat' dir='ltr'><strong>patitur</strong></span> <span class='ocrx_word' id='word_1_451' title='bbox 2304 1705 2488 1744; x_wconf 88' lang='lat' dir='ltr'><strong>rerum</strong></span> <span class='ocrx_word' id='word_1_452' title='bbox 2518 1688 2698 1744; x_wconf 90' lang='lat' dir='ltr'><strong>Basilii</strong></span> <span class='ocrx_word' id='word_1_453' title='bbox 2723 1698 3000 1759; x_wconf 90' lang='lat' dir='ltr'><strong>gestarum</strong></span> <span class='ocrx_word' id='word_1_454' title='bbox 3031 1686 3341 1743; x_wconf 89' lang='lat' dir='ltr'><strong>multitudo.</strong></span> 
     </span>
    </p>
   </div>
   <div class='ocr_carea' id='block_1_61' title="bbox 2682 1800 3032 1857">
    <p class='ocr_par' dir='ltr' id='par_1_61' title="bbox 2682 1800 3032 1857">
     <span class='ocr_line' id='line_1_61' title="bbox 2682 1800 3032 1857; baseline -0.006 0"><span class='ocrx_word' id='word_1_455' title='bbox 2682 1800 2910 1857; x_wconf 81' lang='lat' dir='ltr'><strong>CAPUT</strong></span> <span class='ocrx_word' id='word_1_456' title='bbox 2944 1800 3032 1856; x_wconf 92' lang='grc' dir='ltr'><strong>ΙΙΙ.</strong></span> 
     </span>
    </p>
   </div>
   <div class='ocr_carea' id='block_1_62' title="bbox 2074 1913 3654 1980">
    <p class='ocr_par' dir='ltr' id='par_1_62' title="bbox 2074 1913 3654 1980">
     <span class='ocr_line' id='line_1_62' title="bbox 2074 1913 3654 1980; baseline -0.003 -10"><span class='ocrx_word' id='word_1_457' title='bbox 2074 1915 2113 1970; x_wconf 92' lang='lat' dir='ltr'><strong>l.</strong></span> <span class='ocrx_word' id='word_1_458' title='bbox 2152 1916 2383 1972; x_wconf 78' lang='lat' dir='ltr'><strong>Sanctus</strong></span> <span class='ocrx_word' id='word_1_459' title='bbox 2412 1915 2645 1970; x_wconf 73' lang='lat' dir='ltr'><strong>Basilius</strong></span> <span class='ocrx_word' id='word_1_460' title='bbox 2684 1916 2739 1969; x_wconf 87' lang='lat' dir='ltr'><strong>in</strong></span> <span class='ocrx_word' id='word_1_461' title='bbox 2779 1916 3005 1980; x_wconf 86' lang='lat' dir='ltr'><strong>patriam</strong></span> <span class='ocrx_word' id='word_1_462' title='bbox 3042 1914 3173 1968; x_wconf 79' lang='lat' dir='ltr'><strong>redit</strong></span> <span class='ocrx_word' id='word_1_463' title='bbox 3202 1926 3249 1969; x_wconf 80' lang='lat' dir='ltr'><strong>et</strong></span> <span class='ocrx_word' id='word_1_464' title='bbox 3273 1930 3441 1970; x_wconf 67' lang='lat' dir='ltr'><strong>scema</strong></span> <span class='ocrx_word' id='word_1_465' title='bbox 3468 1913 3654 1967; x_wconf 82' lang='lat' dir='ltr'><strong>mundi</strong></span> 
     </span>
    </p>
   </div>
   <div class='ocr_carea' id='block_1_63' title="bbox 2146 1983 3653 2055">
    <p class='ocr_par' dir='ltr' id='par_1_63' title="bbox 2146 1983 3653 2055">
     <span class='ocr_line' id='line_1_63' title="bbox 2146 1983 3653 2055; baseline -0.004 -15"><span class='ocrx_word' id='word_1_466' title='bbox 2146 1987 2353 2055; x_wconf 80' lang='lat' dir='ltr'><strong>aliquid</strong></span> <span class='ocrx_word' id='word_1_467' title='bbox 2396 1986 2603 2040; x_wconf 80' lang='lat' dir='ltr'><strong>tribuit.</strong></span> <span class='ocrx_word' id='word_1_468' title='bbox 2632 1984 2694 2038; x_wconf 81' lang='lat' dir='ltr'><strong>ll.</strong></span> <span class='ocrx_word' id='word_1_469' title='bbox 2734 1983 3015 2055; x_wconf 52' lang='lat' dir='ltr'><strong>Probabile</strong></span> <span class='ocrx_word' id='word_1_470' title='bbox 3046 1997 3118 2038; x_wconf 78' lang='lat' dir='ltr'><strong>est</strong></span> <span class='ocrx_word' id='word_1_471' title='bbox 3143 2002 3257 2038; x_wconf 84' lang='lat' dir='ltr'><strong>eum</strong></span> <span class='ocrx_word' id='word_1_472' title='bbox 3280 1997 3392 2054; x_wconf 83' lang='lat' dir='ltr'><strong>post</strong></span> <span class='ocrx_word' id='word_1_473' title='bbox 3430 1985 3653 2038; x_wconf 76' lang='lat' dir='ltr'><strong>reditum</strong></span> 
     </span>
    </p>
   </div>
   <div class='ocr_carea' id='block_1_64' title="bbox 2150 2052 3652 2125">
    <p class='ocr_par' dir='ltr' id='par_1_64' title="bbox 2150 2052 3652 2125">
     <span class='ocr_line' id='line_1_64' title="bbox 2150 2052 3652 2125; baseline -0.003 -15"><span class='ocrx_word' id='word_1_474' title='bbox 2150 2052 2489 2125; x_wconf 69' lang='lat' dir='ltr'><strong>baptizatum</strong></span> <span class='ocrx_word' id='word_1_475' title='bbox 2526 2056 2710 2125; x_wconf 74' lang='lat' dir='ltr'><strong>fuisse.</strong></span> <span class='ocrx_word' id='word_1_476' title='bbox 2758 2053 2844 2110; x_wconf 93' lang='lat' dir='ltr'><strong>Ill.</strong></span> <span class='ocrx_word' id='word_1_477' title='bbox 2903 2052 3229 2125; x_wconf 77' lang='lat' dir='ltr'><strong>Naucratius</strong></span> <span class='ocrx_word' id='word_1_478' title='bbox 3278 2052 3425 2109; x_wconf 78' lang='lat' dir='ltr'><strong>illius</strong></span> <span class='ocrx_word' id='word_1_479' title='bbox 3479 2058 3652 2125; x_wconf 79' lang='lat' dir='ltr'><strong>frater</strong></span> 
     </span>
    </p>
   </div>
   <div class='ocr_carea' id='block_1_65' title="bbox 2151 2124 3655 2191">
    <p class='ocr_par' dir='ltr' id='par_1_65' title="bbox 2151 2124 3655 2191">
     <span class='ocr_line' id='line_1_65' title="bbox 2151 2124 3655 2191; baseline -0.003 -12"><span class='ocrx_word' id='word_1_480' title='bbox 2151 2131 2402 2182; x_wconf 85' lang='lat' dir='ltr'><strong>moritur.</strong></span> <span class='ocrx_word' id='word_1_481' title='bbox 2429 2124 2531 2181; x_wconf 75' lang='lat' dir='ltr'><strong>IV.</strong></span> <span class='ocrx_word' id='word_1_482' title='bbox 2550 2124 2727 2179; x_wconf 85' lang='lat' dir='ltr'><strong>Vitam</strong></span> <span class='ocrx_word' id='word_1_483' title='bbox 2758 2125 3101 2178; x_wconf 84' lang='lat' dir='ltr'><strong>monasticam</strong></span> <span class='ocrx_word' id='word_1_484' title='bbox 3128 2124 3356 2177; x_wconf 76' lang='lat' dir='ltr'><strong>Basilius</strong></span> <span class='ocrx_word' id='word_1_485' title='bbox 3383 2124 3655 2191; x_wconf 84' lang='lat' dir='ltr'><strong>amplecti-</strong></span> 
     </span>
    </p>
   </div>
   <div class='ocr_carea' id='block_1_66' title="bbox 2151 2192 3651 2262">
    <p class='ocr_par' dir='ltr' id='par_1_66' title="bbox 2151 2192 3651 2262">
     <span class='ocr_line' id='line_1_66' title="bbox 2151 2192 3651 2262; baseline -0.003 -13"><span class='ocrx_word' id='word_1_486' title='bbox 2151 2207 2260 2257; x_wconf 84' lang='lat' dir='ltr'><strong>tur,</strong></span> <span class='ocrx_word' id='word_1_487' title='bbox 2290 2209 2336 2251; x_wconf 83' lang='lat' dir='ltr'><strong>et</strong></span> <span class='ocrx_word' id='word_1_488' title='bbox 2371 2197 2599 2251; x_wconf 78' lang='lat' dir='ltr'><strong>Orientis</strong></span> <span class='ocrx_word' id='word_1_489' title='bbox 2640 2213 2703 2249; x_wconf 86' lang='lat' dir='ltr'><strong>ac</strong></span> <span class='ocrx_word' id='word_1_490' title='bbox 2732 2193 2953 2262; x_wconf 63' lang='lat' dir='ltr'><strong>Egypti</strong></span> <span class='ocrx_word' id='word_1_491' title='bbox 2997 2197 3312 2247; x_wconf 86' lang='lat' dir='ltr'><strong>monasteria</strong></span> <span class='ocrx_word' id='word_1_492' title='bbox 3348 2195 3545 2247; x_wconf 77' lang='lat' dir='ltr'><strong>invisit.</strong></span> <span class='ocrx_word' id='word_1_493' title='bbox 3568 2192 3651 2262; x_wconf 21' lang='lat' dir='ltr'><strong>AV.</strong></span> 
     </span>
    </p>
   </div>
   <div class='ocr_carea' id='block_1_67' title="bbox 2152 2260 3651 2321">
    <p class='ocr_par' dir='ltr' id='par_1_67' title="bbox 2152 2260 3651 2321">
     <span class='ocr_line' id='line_1_67' title="bbox 2152 2260 3651 2321; baseline -0.004 -2"><span class='ocrx_word' id='word_1_494' title='bbox 2152 2267 2493 2321; x_wconf 71' lang='lat' dir='ltr'><strong>Alexandria:</strong></span> <span class='ocrx_word' id='word_1_495' title='bbox 2526 2266 2709 2319; x_wconf 86' lang='lat' dir='ltr'><strong>morbo</strong></span> <span class='ocrx_word' id='word_1_496' title='bbox 2739 2260 2980 2318; x_wconf 68' lang='lat' dir='ltr'><strong>detentus</strong></span> <span class='ocrx_word' id='word_1_497' title='bbox 3008 2265 3187 2318; x_wconf 78' lang='lat' dir='ltr'><strong>scribit</strong></span> <span class='ocrx_word' id='word_1_498' title='bbox 3223 2262 3525 2317; x_wconf 83' lang='lat' dir='ltr'><strong>Eustathio.</strong></span> <span class='ocrx_word' id='word_1_499' title='bbox 3564 2260 3651 2315; x_wconf 84' lang='lat' dir='ltr'><strong>Vl.</strong></span> 
     </span>
    </p>
   </div>
   <div class='ocr_carea' id='block_1_68' title="bbox 2154 2332 3656 2418">
    <p class='ocr_par' dir='ltr' id='par_1_68' title="bbox 2154 2332 3656 2418">
     <span class='ocr_line' id='line_1_68' title="bbox 2154 2332 3656 2418; baseline -0.003 -27"><span class='ocrx_word' id='word_1_500' title='bbox 2154 2336 2362 2418; x_wconf 74' lang='lat' dir='ltr'><strong>Secedit</strong></span> <span class='ocrx_word' id='word_1_501' title='bbox 2397 2339 2451 2391; x_wconf 86' lang='lat' dir='ltr'><strong>in</strong></span> <span class='ocrx_word' id='word_1_502' title='bbox 2486 2335 2746 2389; x_wconf 52' lang='lat' dir='ltr'><strong>Pontum.</strong></span> <span class='ocrx_word' id='word_1_503' title='bbox 2787 2334 2984 2388; x_wconf 77' lang='lat' dir='ltr'><strong>frustra</strong></span> <span class='ocrx_word' id='word_1_504' title='bbox 3015 2334 3164 2387; x_wconf 70' lang='lat' dir='ltr'><strong>illum</strong></span> <span class='ocrx_word' id='word_1_505' title='bbox 3200 2334 3493 2388; x_wconf 81' lang='lat' dir='ltr'><strong>retraltentc</strong></span> <span class='ocrx_word' id='word_1_506' title='bbox 3525 2332 3656 2387; x_wconf 79' lang='lat' dir='ltr'><strong>Gre—</strong></span> 
     </span>
    </p>
   </div>
   <div class='ocr_carea' id='block_1_69' title="bbox 2145 2424 2312 2477">
    <p class='ocr_par' dir='ltr' id='par_1_69' title="bbox 2145 2424 2312 2477">
     <span class='ocr_line' id='line_1_69' title="bbox 2145 2424 2312 2477; baseline 0.006 -18"><span class='ocrx_word' id='word_1_507' title='bbox 2145 2424 2312 2477; x_wconf 87' lang='lat' dir='ltr'><strong>gorto.</strong></span> 
     </span>
    </p>
   </div>
   <div class='ocr_carea' id='block_1_70' title="bbox 2146 2512 3659 2593">
    <p class='ocr_par' dir='ltr' id='par_1_70' title="bbox 2146 2512 3659 2593">
     <span class='ocr_line' id='line_1_70' title="bbox 2146 2512 3659 2593; baseline -0.007 -18"><span class='ocrx_word' id='word_1_508' title='bbox 2146 2520 2186 2575; x_wconf 86' lang='grc' dir='ltr'><strong>Ι.</strong></span> <span class='ocrx_word' id='word_1_509' title='bbox 2208 2519 2439 2574; x_wconf 90' lang='lat' dir='ltr'><strong>Basilius</strong></span> <span class='ocrx_word' id='word_1_510' title='bbox 2455 2519 2621 2593; x_wconf 79' lang='lat' dir='ltr'><strong>igitur</strong></span> <span class='ocrx_word' id='word_1_511' title='bbox 2637 2528 2690 2573; x_wconf 89' lang='lat' dir='ltr'><strong>et</strong></span> <span class='ocrx_word' id='word_1_512' title='bbox 2706 2515 2998 2585; x_wconf 83' lang='lat' dir='ltr'><strong>Gregorius</strong></span> <span class='ocrx_word' id='word_1_513' title='bbox 3023 2514 3220 2588; x_wconf 88' lang='lat' dir='ltr'><strong>(g),ubi</strong></span> <span class='ocrx_word' id='word_1_514' title='bbox 3240 2512 3501 2569; x_wconf 75' lang='lat' dir='ltr'><strong>doctrina:</strong></span> <span class='ocrx_word' id='word_1_515' title='bbox 3520 2526 3659 2566; x_wconf 87' lang='lat' dir='ltr'><strong>mer-</strong></span> 
     </span>
    </p>
   </div>
   <div class='ocr_carea' id='block_1_71' title="bbox 2082 2605 3659 2673">
    <p class='ocr_par' dir='ltr' id='par_1_71' title="bbox 2082 2605 3659 2673">
     <span class='ocr_line' id='line_1_71' title="bbox 2082 2605 3659 2673; baseline -0.007 -5"><span class='ocrx_word' id='word_1_516' title='bbox 2082 2614 2238 2668; x_wconf 88' lang='lat' dir='ltr'><strong>cibus</strong></span> <span class='ocrx_word' id='word_1_517' title='bbox 2268 2627 2460 2667; x_wconf 89' lang='lat' dir='ltr'><strong>navem</strong></span> <span class='ocrx_word' id='word_1_518' title='bbox 2493 2627 2643 2666; x_wconf 91' lang='lat' dir='ltr'><strong>suam</strong></span> <span class='ocrx_word' id='word_1_519' title='bbox 2679 2621 2932 2664; x_wconf 85' lang='lat' dir='ltr'><strong>onustam</strong></span> <span class='ocrx_word' id='word_1_520' title='bbox 2962 2608 3231 2673; x_wconf 88' lang='lat' dir='ltr'><strong>viderunt,</strong></span> <span class='ocrx_word' id='word_1_521' title='bbox 3264 2607 3442 2660; x_wconf 85' lang='lat' dir='ltr'><strong>redire</strong></span> <span class='ocrx_word' id='word_1_522' title='bbox 3476 2605 3530 2658; x_wconf 92' lang='lat' dir='ltr'><strong>in</strong></span> <span class='ocrx_word' id='word_1_523' title='bbox 3562 2618 3659 2673; x_wconf 79' lang='lat' dir='ltr'><strong>pa-</strong></span> 
     </span>
    </p>
   </div>
   <div class='ocr_carea' id='block_1_72' title="bbox 2090 2697 3660 2769">
    <p class='ocr_par' dir='ltr' id='par_1_72' title="bbox 2090 2697 3660 2769">
     <span class='ocr_line' id='line_1_72' title="bbox 2090 2697 3660 2769; baseline -0.006 -10"><span class='ocrx_word' id='word_1_524' title='bbox 2090 2708 2253 2761; x_wconf 91' lang='lat' dir='ltr'><strong>triam</strong></span> <span class='ocrx_word' id='word_1_525' title='bbox 2285 2715 2616 2769; x_wconf 80' lang='lat' dir='ltr'><strong>statuerunt,</strong></span> <span class='ocrx_word' id='word_1_526' title='bbox 2653 2715 2711 2756; x_wconf 87' lang='lat' dir='ltr'><strong>ut</strong></span> <span class='ocrx_word' id='word_1_527' title='bbox 2752 2703 2884 2757; x_wconf 90' lang='lat' dir='ltr'><strong>inita</strong></span> <span class='ocrx_word' id='word_1_528' title='bbox 2936 2701 3229 2755; x_wconf 90' lang='lat' dir='ltr'><strong>sanctioris</strong></span> <span class='ocrx_word' id='word_1_529' title='bbox 3265 2697 3496 2752; x_wconf 89' lang='lat' dir='ltr'><strong>instituti</strong></span> <span class='ocrx_word' id='word_1_530' title='bbox 3527 2710 3660 2750; x_wconf 89' lang='lat' dir='ltr'><strong>con-</strong></span> 
     </span>
    </p>
   </div>
   <div class='ocr_carea' id='block_1_73' title="bbox 2081 2787 3658 2866">
    <p class='ocr_par' dir='ltr' id='par_1_73' title="bbox 2081 2787 3658 2866">
     <span class='ocr_line' id='line_1_73' title="bbox 2081 2787 3658 2866; baseline -0.008 -14"><span class='ocrx_word' id='word_1_531' title='bbox 2081 2798 2199 2853; x_wconf 89' lang='lat' dir='ltr'><strong>silia</strong></span> <span class='ocrx_word' id='word_1_532' title='bbox 2249 2796 2593 2866; x_wconf 79' lang='lat' dir='ltr'><strong>perlicerent.</strong></span> <span class='ocrx_word' id='word_1_533' title='bbox 2640 2796 2841 2849; x_wconf 83' lang='lat' dir='ltr'><strong>Aderat</strong></span> <span class='ocrx_word' id='word_1_534' title='bbox 2892 2793 3164 2848; x_wconf 88' lang='lat' dir='ltr'><strong>discessus</strong></span> <span class='ocrx_word' id='word_1_535' title='bbox 3201 2790 3354 2845; x_wconf 91' lang='lat' dir='ltr'><strong>dies:</strong></span> <span class='ocrx_word' id='word_1_536' title='bbox 3401 2787 3495 2843; x_wconf 88' lang='lat' dir='ltr'><strong>sed</strong></span> <span class='ocrx_word' id='word_1_537' title='bbox 3529 2793 3658 2857; x_wconf 86' lang='lat' dir='ltr'><strong>quia</strong></span> 
     </span>
    </p>
   </div>
   <div class='ocr_carea' id='block_1_74' title="bbox 2086 2876 3693 2958">
    <p class='ocr_par' dir='ltr' id='par_1_74' title="bbox 2086 2876 3693 2958">
     <span class='ocr_line' id='line_1_74' title="bbox 2086 2876 3693 2958; baseline -0.006 -16"><span class='ocrx_word' id='word_1_538' title='bbox 2086 2889 2242 2958; x_wconf 83' lang='lat' dir='ltr'><strong>longe</strong></span> <span class='ocrx_word' id='word_1_539' title='bbox 2269 2885 2711 2941; x_wconf 88' lang='lat' dir='ltr'><strong>molestissimum</strong></span> <span class='ocrx_word' id='word_1_540' title='bbox 2748 2898 2869 2939; x_wconf 88' lang='lat' dir='ltr'><strong>esse</strong></span> <span class='ocrx_word' id='word_1_541' title='bbox 2894 2882 3105 2939; x_wconf 84' lang='lat' dir='ltr'><strong>solebat</strong></span> <span class='ocrx_word' id='word_1_542' title='bbox 3138 2880 3382 2935; x_wconf 84' lang='lat' dir='ltr'><strong>Athenas</strong></span> <span class='ocrx_word' id='word_1_543' title='bbox 3411 2888 3465 2932; x_wconf 90' lang='lat' dir='ltr'><strong>et</strong></span> <span class='ocrx_word' id='word_1_544' title='bbox 3493 2876 3657 2931; x_wconf 87' lang='lat' dir='ltr'><strong>soda-</strong></span> <span class='ocrx_word' id='word_1_545' title='bbox 3688 2926 3693 2933; x_wconf 86' lang='lat'><strong>.</strong></span> 
     </span>
    </p>
   </div>
   <div class='ocr_carea' id='block_1_75' title="bbox 2083 2970 3662 3047">
    <p class='ocr_par' dir='ltr' id='par_1_75' title="bbox 2083 2970 3662 3047">
     <span class='ocr_line' id='line_1_75' title="bbox 2083 2970 3662 3047; baseline -0.008 -15"><span class='ocrx_word' id='word_1_546' title='bbox 2083 2980 2159 3035; x_wconf 87' lang='lat' dir='ltr'><strong>les</strong></span> <span class='ocrx_word' id='word_1_547' title='bbox 2200 2979 2538 3047; x_wconf 85' lang='lat' dir='ltr'><strong>relinquere;</strong></span> <span class='ocrx_word' id='word_1_548' title='bbox 2588 2987 2697 3032; x_wconf 91' lang='lat' dir='ltr'><strong>tum</strong></span> <span class='ocrx_word' id='word_1_549' title='bbox 2739 2990 2861 3030; x_wconf 89' lang='lat' dir='ltr'><strong>eum</strong></span> <span class='ocrx_word' id='word_1_550' title='bbox 2897 2974 3286 3038; x_wconf 86' lang='lat' dir='ltr'><strong>valedicerent,</strong></span> <span class='ocrx_word' id='word_1_551' title='bbox 3344 2970 3662 3026; x_wconf 77' lang='lat' dir='ltr'><strong>circumstat</strong></span> 
     </span>
    </p>
   </div>
   <div class='ocr_carea' id='block_1_76' title="bbox 2086 3060 3658 3149">
    <p class='ocr_par' dir='ltr' id='par_1_76' title="bbox 2086 3060 3658 3149">
     <span class='ocr_line' id='line_1_76' title="bbox 2086 3060 3658 3149; baseline -0.009 -24"><span class='ocrx_word' id='word_1_552' title='bbox 2086 3087 2181 3149; x_wconf 60' lang='lat' dir='ltr'><strong>eos</strong></span> <span class='ocrx_word' id='word_1_553' title='bbox 2226 3070 2490 3124; x_wconf 88' lang='lat' dir='ltr'><strong>sodalium</strong></span> <span class='ocrx_word' id='word_1_554' title='bbox 2527 3079 2583 3123; x_wconf 90' lang='lat' dir='ltr'><strong>et</strong></span> <span class='ocrx_word' id='word_1_555' title='bbox 2609 3066 2938 3137; x_wconf 38' lang='lat' dir='ltr'><strong>.aeqnalium,</strong></span> <span class='ocrx_word' id='word_1_556' title='bbox 2975 3080 3038 3120; x_wconf 91' lang='lat' dir='ltr'><strong>ac</strong></span> <span class='ocrx_word' id='word_1_557' title='bbox 3084 3065 3463 3136; x_wconf 80' lang='lat' dir='ltr'><strong>magistrorum</strong></span> <span class='ocrx_word' id='word_1_558' title='bbox 3493 3060 3658 3113; x_wconf 88' lang='lat' dir='ltr'><strong>etiam</strong></span> 
     </span>
    </p>
   </div>
   <div class='ocr_carea' id='block_1_77' title="bbox 2087 3148 3651 3222">
    <p class='ocr_par' dir='ltr' id='par_1_77' title="bbox 2087 3148 3651 3222">
     <span class='ocr_line' id='line_1_77' title="bbox 2087 3148 3651 3222; baseline -0.009 -8"><span class='ocrx_word' id='word_1_559' title='bbox 2087 3148 2466 3214; x_wconf 77' lang='lat' dir='ltr'><strong>nonnullorum</strong></span> <span class='ocrx_word' id='word_1_560' title='bbox 2501 3157 2721 3219; x_wconf 88' lang='lat' dir='ltr'><strong>chorus,</strong></span> <span class='ocrx_word' id='word_1_561' title='bbox 2746 3169 2810 3210; x_wconf 89' lang='lat' dir='ltr'><strong>ac</strong></span> <span class='ocrx_word' id='word_1_562' title='bbox 2847 3154 3100 3222; x_wconf 86' lang='lat' dir='ltr'><strong>precibus</strong></span> <span class='ocrx_word' id='word_1_563' title='bbox 3143 3162 3199 3209; x_wconf 88' lang='lat' dir='ltr'><strong>et</strong></span> <span class='ocrx_word' id='word_1_564' title='bbox 3226 3150 3482 3221; x_wconf 88' lang='lat' dir='ltr'><strong>querelis,</strong></span> <span class='ocrx_word' id='word_1_565' title='bbox 3523 3148 3651 3202; x_wconf 83' lang='lat' dir='ltr'><strong>lior-</strong></span> 
     </span>
    </p>
   </div>
   <div class='ocr_carea' id='block_1_78' title="bbox 2087 3238 3661 3314">
    <p class='ocr_par' dir='ltr' id='par_1_78' title="bbox 2087 3238 3661 3314">
     <span class='ocr_line' id='line_1_78' title="bbox 2087 3238 3661 3314; baseline -0.008 -10"><span class='ocrx_word' id='word_1_566' title='bbox 2087 3250 2268 3314; x_wconf 89' lang='lat' dir='ltr'><strong>taudo,</strong></span> <span class='ocrx_word' id='word_1_567' title='bbox 2302 3260 2355 3304; x_wconf 89' lang='lat' dir='ltr'><strong>et</strong></span> <span class='ocrx_word' id='word_1_568' title='bbox 2381 3248 2485 3302; x_wconf 90' lang='lat' dir='ltr'><strong>vim</strong></span> <span class='ocrx_word' id='word_1_569' title='bbox 2506 3246 2753 3302; x_wconf 75' lang='lat' dir='ltr'><strong>faciendo</strong></span> <span class='ocrx_word' id='word_1_570' title='bbox 2784 3243 3001 3299; x_wconf 89' lang='lat' dir='ltr'><strong>illorum</strong></span> <span class='ocrx_word' id='word_1_571' title='bbox 3034 3243 3267 3298; x_wconf 89' lang='lat' dir='ltr'><strong>reditum</strong></span> <span class='ocrx_word' id='word_1_572' title='bbox 3298 3238 3661 3295; x_wconf 88' lang='lat' dir='ltr'><strong>intercludere</strong></span> 
     </span>
    </p>
   </div>
   <div class='ocr_carea' id='block_1_79' title="bbox 2088 3331 3663 3403">
    <p class='ocr_par' dir='ltr' id='par_1_79' title="bbox 2088 3331 3663 3403">
     <span class='ocr_line' id='line_1_79' title="bbox 2088 3331 3663 3403; baseline -0.01 -8"><span class='ocrx_word' id='word_1_573' title='bbox 2088 3350 2375 3395; x_wconf 79' lang='lat' dir='ltr'><strong>conantur.</strong></span> <span class='ocrx_word' id='word_1_574' title='bbox 2409 3340 2484 3391; x_wconf 81' lang='lat' dir='ltr'><strong>Ac</strong></span> <span class='ocrx_word' id='word_1_575' title='bbox 2520 3336 2749 3389; x_wconf 83' lang='lat' dir='ltr'><strong>Basilius</strong></span> <span class='ocrx_word' id='word_1_576' title='bbox 2792 3334 3008 3403; x_wconf 90' lang='lat' dir='ltr'><strong>quidem</strong></span> <span class='ocrx_word' id='word_1_577' title='bbox 3044 3332 3161 3387; x_wconf 71' lang='lat' dir='ltr'><strong>hzne</strong></span> <span class='ocrx_word' id='word_1_578' title='bbox 3192 3331 3429 3385; x_wconf 87' lang='lat' dir='ltr'><strong>claustra</strong></span> <span class='ocrx_word' id='word_1_579' title='bbox 3466 3341 3663 3397; x_wconf 89' lang='lat' dir='ltr'><strong>perru-</strong></span> 
     </span>
    </p>
   </div>
   <div class='ocr_carea' id='block_1_80' title="bbox 2091 3421 3659 3504">
    <p class='ocr_par' dir='ltr' id='par_1_80' title="bbox 2091 3421 3659 3504">
     <span class='ocr_line' id='line_1_80' title="bbox 2091 3421 3659 3504; baseline -0.01 -17"><span class='ocrx_word' id='word_1_580' title='bbox 2091 3434 2187 3504; x_wconf 85' lang='lat' dir='ltr'><strong>pit,</strong></span> <span class='ocrx_word' id='word_1_581' title='bbox 2243 3441 2297 3486; x_wconf 89' lang='lat' dir='ltr'><strong>et</strong></span> <span class='ocrx_word' id='word_1_582' title='bbox 2343 3430 2577 3484; x_wconf 87' lang='lat' dir='ltr'><strong>abeundi</strong></span> <span class='ocrx_word' id='word_1_583' title='bbox 2613 3427 2825 3480; x_wconf 86' lang='lat' dir='ltr'><strong>veniam</strong></span> <span class='ocrx_word' id='word_1_584' title='bbox 2875 3425 3222 3495; x_wconf 91' lang='lat' dir='ltr'><strong>impetravit,</strong></span> <span class='ocrx_word' id='word_1_585' title='bbox 3270 3421 3519 3493; x_wconf 88' lang='lat' dir='ltr'><strong>quamvis</strong></span> <span class='ocrx_word' id='word_1_586' title='bbox 3553 3436 3659 3475; x_wconf 91' lang='lat' dir='ltr'><strong>non</strong></span> 
     </span>
    </p>
   </div>
   <div class='ocr_carea' id='block_1_81' title="bbox 2088 3514 3663 3587">
    <p class='ocr_par' dir='ltr' id='par_1_81' title="bbox 2088 3514 3663 3587">
     <span class='ocr_line' id='line_1_81' title="bbox 2088 3514 3663 3587; baseline -0.01 -7"><span class='ocrx_word' id='word_1_587' title='bbox 2088 3527 2204 3580; x_wconf 92' lang='lat' dir='ltr'><strong>sine</strong></span> <span class='ocrx_word' id='word_1_588' title='bbox 2250 3523 2483 3577; x_wconf 89' lang='lat' dir='ltr'><strong>maxima</strong></span> <span class='ocrx_word' id='word_1_589' title='bbox 2531 3520 2900 3575; x_wconf 75' lang='lat' dir='ltr'><strong>dimicatione.</strong></span> <span class='ocrx_word' id='word_1_590' title='bbox 2939 3518 3009 3572; x_wconf 87' lang='lat' dir='ltr'><strong>At</strong></span> <span class='ocrx_word' id='word_1_591' title='bbox 3044 3516 3340 3587; x_wconf 82' lang='lat' dir='ltr'><strong>Gregorius</strong></span> <span class='ocrx_word' id='word_1_592' title='bbox 3372 3514 3544 3567; x_wconf 88' lang='lat' dir='ltr'><strong>vietus</strong></span> <span class='ocrx_word' id='word_1_593' title='bbox 3576 3520 3663 3566; x_wconf 90' lang='lat' dir='ltr'><strong>cst</strong></span> 
     </span>
    </p>
   </div>
   <div class='ocr_carea' id='block_1_82' title="bbox 2088 3604 3662 3685">
    <p class='ocr_par' dir='ltr' id='par_1_82' title="bbox 2088 3604 3662 3685">
     <span class='ocr_line' id='line_1_82' title="bbox 2088 3604 3662 3685; baseline -0.009 -15"><span class='ocrx_word' id='word_1_594' title='bbox 2088 3616 2281 3685; x_wconf 87' lang='lat' dir='ltr'><strong>partim</strong></span> <span class='ocrx_word' id='word_1_595' title='bbox 2301 3614 2599 3668; x_wconf 88' lang='lat' dir='ltr'><strong>amicorum</strong></span> <span class='ocrx_word' id='word_1_596' title='bbox 2627 3611 2879 3680; x_wconf 89' lang='lat' dir='ltr'><strong>precibus</strong></span> <span class='ocrx_word' id='word_1_597' title='bbox 2899 3619 2955 3665; x_wconf 89' lang='lat' dir='ltr'><strong>et</strong></span> <span class='ocrx_word' id='word_1_598' title='bbox 2972 3608 3247 3680; x_wconf 81' lang='lat' dir='ltr'><strong>lacrymis.</strong></span> <span class='ocrx_word' id='word_1_599' title='bbox 3267 3605 3462 3675; x_wconf 89' lang='lat' dir='ltr'><strong>partim</strong></span> <span class='ocrx_word' id='word_1_600' title='bbox 3496 3604 3662 3658; x_wconf 89' lang='lat' dir='ltr'><strong>etiam</strong></span> 
     </span>
    </p>
   </div>
   <div class='ocr_carea' id='block_1_83' title="bbox 2090 3693 3666 3775">
    <p class='ocr_par' dir='ltr' id='par_1_83' title="bbox 2090 3693 3666 3775">
     <span class='ocr_line' id='line_1_83' title="bbox 2090 3693 3666 3775; baseline -0.01 -13"><span class='ocrx_word' id='word_1_601' title='bbox 2090 3707 2238 3762; x_wconf 88' lang='lat' dir='ltr'><strong>illum</strong></span> <span class='ocrx_word' id='word_1_602' title='bbox 2273 3704 2533 3775; x_wconf 90' lang='lat' dir='ltr'><strong>prodente</strong></span> <span class='ocrx_word' id='word_1_603' title='bbox 2562 3702 2760 3756; x_wconf 88' lang='lat' dir='ltr'><strong>Basilio</strong></span> <span class='ocrx_word' id='word_1_604' title='bbox 2790 3701 2894 3771; x_wconf 91' lang='lat' dir='ltr'><strong>(sic</strong></span> <span class='ocrx_word' id='word_1_605' title='bbox 2920 3701 3062 3755; x_wconf 91' lang='lat' dir='ltr'><strong>enim</strong></span> <span class='ocrx_word' id='word_1_606' title='bbox 3090 3700 3202 3768; x_wconf 91' lang='lat' dir='ltr'><strong>ipse</strong></span> <span class='ocrx_word' id='word_1_607' title='bbox 3223 3695 3478 3751; x_wconf 87' lang='lat' dir='ltr'><strong>Basiliqu</strong></span> <span class='ocrx_word' id='word_1_608' title='bbox 3507 3693 3666 3747; x_wconf 89' lang='lat' dir='ltr'><strong>incu-</strong></span> 
     </span>
    </p>
   </div>
   <div class='ocr_carea' id='block_1_84' title="bbox 2089 3788 3660 3870">
    <p class='ocr_par' dir='ltr' id='par_1_84' title="bbox 2089 3788 3660 3870">
     <span class='ocr_line' id='line_1_84' title="bbox 2089 3788 3660 3870; baseline -0.012 -13"><span class='ocrx_word' id='word_1_609' title='bbox 2089 3800 2194 3870; x_wconf 89' lang='lat' dir='ltr'><strong>sat)</strong></span> <span class='ocrx_word' id='word_1_610' title='bbox 2225 3808 2278 3854; x_wconf 90' lang='lat' dir='ltr'><strong>et</strong></span> <span class='ocrx_word' id='word_1_611' title='bbox 2313 3811 2533 3867; x_wconf 90' lang='lat' dir='ltr'><strong>operam</strong></span> <span class='ocrx_word' id='word_1_612' title='bbox 2567 3794 2972 3850; x_wconf 90' lang='lat' dir='ltr'><strong>retrahentibus</strong></span> <span class='ocrx_word' id='word_1_613' title='bbox 3014 3800 3268 3845; x_wconf 91' lang='lat' dir='ltr'><strong>navante.</strong></span> <span class='ocrx_word' id='word_1_614' title='bbox 3302 3788 3506 3842; x_wconf 88' lang='lat' dir='ltr'><strong>Invitus</strong></span> <span class='ocrx_word' id='word_1_615' title='bbox 3526 3800 3660 3855; x_wconf 89' lang='lat' dir='ltr'><strong>ergo</strong></span> 
     </span>
    </p>
   </div>
   <div class='ocr_carea' id='block_1_85' title="bbox 2087 3879 3664 3956">
    <p class='ocr_par' dir='ltr' id='par_1_85' title="bbox 2087 3879 3664 3956">
     <span class='ocr_line' id='line_1_85' title="bbox 2087 3879 3664 3956; baseline -0.01 -10"><span class='ocrx_word' id='word_1_616' title='bbox 2087 3890 2315 3947; x_wconf 87' lang='lat' dir='ltr'><strong>Athenis</strong></span> <span class='ocrx_word' id='word_1_617' title='bbox 2349 3888 2608 3944; x_wconf 87' lang='lat' dir='ltr'><strong>remansit</strong></span> <span class='ocrx_word' id='word_1_618' title='bbox 2639 3886 2955 3956; x_wconf 87' lang='lat' dir='ltr'><strong>Gregorius,</strong></span> <span class='ocrx_word' id='word_1_619' title='bbox 2987 3884 3078 3939; x_wconf 88' lang='lat' dir='ltr'><strong>sed</strong></span> <span class='ocrx_word' id='word_1_620' title='bbox 3102 3898 3226 3938; x_wconf 90' lang='lat' dir='ltr'><strong>cum</strong></span> <span class='ocrx_word' id='word_1_621' title='bbox 3246 3882 3333 3935; x_wconf 85' lang='lat' dir='ltr'><strong>diu</strong></span> <span class='ocrx_word' id='word_1_622' title='bbox 3369 3882 3436 3935; x_wconf 91' lang='lat' dir='ltr'><strong>ab</strong></span> <span class='ocrx_word' id='word_1_623' title='bbox 3467 3879 3664 3932; x_wconf 71' lang='lat' dir='ltr'><strong>animae</strong></span> 
     </span>
    </p>
   </div>
   <div class='ocr_carea' id='block_1_86' title="bbox 2087 3975 3661 4044">
    <p class='ocr_par' dir='ltr' id='par_1_86' title="bbox 2087 3975 3661 4044">
     <span class='ocr_line' id='line_1_86' title="bbox 2087 3975 3661 4044; baseline -0.011 -8"><span class='ocrx_word' id='word_1_624' title='bbox 2087 3997 2199 4037; x_wconf 73' lang='lat' dir='ltr'><strong>sua:</strong></span> <span class='ocrx_word' id='word_1_625' title='bbox 2223 3979 2444 4035; x_wconf 89' lang='lat' dir='ltr'><strong>dimidio</strong></span> <span class='ocrx_word' id='word_1_626' title='bbox 2481 3976 2660 4032; x_wconf 86' lang='lat' dir='ltr'><strong>divelli</strong></span> <span class='ocrx_word' id='word_1_627' title='bbox 2693 3991 2797 4030; x_wconf 93' lang='lat' dir='ltr'><strong>nou</strong></span> <span class='ocrx_word' id='word_1_628' title='bbox 2826 3982 3032 4044; x_wconf 90' lang='lat' dir='ltr'><strong>posset,</strong></span> <span class='ocrx_word' id='word_1_629' title='bbox 3081 3986 3144 4026; x_wconf 90' lang='lat' dir='ltr'><strong>ac</strong></span> <span class='ocrx_word' id='word_1_630' title='bbox 3167 3980 3451 4040; x_wconf 87' lang='lat' dir='ltr'><strong>parentum</strong></span> <span class='ocrx_word' id='word_1_631' title='bbox 3478 3975 3532 4020; x_wconf 92' lang='lat' dir='ltr'><strong>et</strong></span> <span class='ocrx_word' id='word_1_632' title='bbox 3561 3979 3661 4035; x_wconf 75' lang='lat' dir='ltr'><strong>pa—</strong></span> 
     </span>
    </p>
   </div>
   <div class='ocr_carea' id='block_1_87' title="bbox 2091 4055 3663 4132">
    <p class='ocr_par' dir='ltr' id='par_1_87' title="bbox 2091 4055 3663 4132">
     <span class='ocr_line' id='line_1_87' title="bbox 2091 4055 3663 4132; baseline -0.011 -4"><span class='ocrx_word' id='word_1_633' title='bbox 2091 4074 2207 4128; x_wconf 68' lang='lat' dir='ltr'><strong>tria:</strong></span> <span class='ocrx_word' id='word_1_634' title='bbox 2240 4069 2511 4127; x_wconf 90' lang='lat' dir='ltr'><strong>desiderio</strong></span> <span class='ocrx_word' id='word_1_635' title='bbox 2548 4069 2686 4124; x_wconf 87' lang='lat' dir='ltr'><strong>ictus</strong></span> <span class='ocrx_word' id='word_1_636' title='bbox 2728 4076 2895 4132; x_wconf 89' lang='lat' dir='ltr'><strong>esset,</strong></span> <span class='ocrx_word' id='word_1_637' title='bbox 2927 4080 3033 4119; x_wconf 91' lang='lat' dir='ltr'><strong>non</strong></span> <span class='ocrx_word' id='word_1_638' title='bbox 3081 4063 3249 4118; x_wconf 92' lang='lat' dir='ltr'><strong>multo</strong></span> <span class='ocrx_word' id='word_1_639' title='bbox 3280 4071 3403 4131; x_wconf 88' lang='lat' dir='ltr'><strong>post</strong></span> <span class='ocrx_word' id='word_1_640' title='bbox 3431 4055 3663 4113; x_wconf 80' lang='lat' dir='ltr'><strong>Athenis</strong></span> 
     </span>
    </p>
   </div>
   <div class='ocr_carea' id='block_1_88' title="bbox 2086 4154 3348 4229">
    <p class='ocr_par' dir='ltr' id='par_1_88' title="bbox 2086 4154 3348 4229">
     <span class='ocr_line' id='line_1_88' title="bbox 2086 4154 3348 4229; baseline -0.01 -9"><span class='ocrx_word' id='word_1_641' title='bbox 2086 4166 2226 4221; x_wconf 90' lang='lat' dir='ltr'><strong>clam</strong></span> <span class='ocrx_word' id='word_1_642' title='bbox 2259 4177 2319 4218; x_wconf 90' lang='lat' dir='ltr'><strong>se</strong></span> <span class='ocrx_word' id='word_1_643' title='bbox 2353 4160 2610 4217; x_wconf 86' lang='lat' dir='ltr'><strong>subduxit</strong></span> <span class='ocrx_word' id='word_1_644' title='bbox 2644 4167 2699 4214; x_wconf 90' lang='lat' dir='ltr'><strong>et</strong></span> <span class='ocrx_word' id='word_1_645' title='bbox 2724 4158 2779 4213; x_wconf 92' lang='lat' dir='ltr'><strong>iu</strong></span> <span class='ocrx_word' id='word_1_646' title='bbox 2802 4157 3035 4229; x_wconf 89' lang='lat' dir='ltr'><strong>patriam</strong></span> <span class='ocrx_word' id='word_1_647' title='bbox 3068 4154 3348 4210; x_wconf 89' lang='lat' dir='ltr'><strong>remeavit.</strong></span> 
     </span>
    </p>
   </div>
   <div class='ocr_carea' id='block_1_89' title="bbox 2159 4244 3659 4317">
    <p class='ocr_par' dir='ltr' id='par_1_89' title="bbox 2159 4244 3659 4317">
     <span class='ocr_line' id='line_1_89' title="bbox 2159 4244 3659 4317; baseline -0.01 -6"><span class='ocrx_word' id='word_1_648' title='bbox 2159 4255 2341 4311; x_wconf 79' lang='lat' dir='ltr'><strong>Rediit</strong></span> <span class='ocrx_word' id='word_1_649' title='bbox 2388 4268 2598 4309; x_wconf 88' lang='lat' dir='ltr'><strong>summa</strong></span> <span class='ocrx_word' id='word_1_650' title='bbox 2632 4252 2913 4307; x_wconf 88' lang='lat' dir='ltr'><strong>celeritate</strong></span> <span class='ocrx_word' id='word_1_651' title='bbox 2946 4248 3178 4305; x_wconf 90' lang='lat' dir='ltr'><strong>Basilius</strong></span> <span class='ocrx_word' id='word_1_652' title='bbox 3223 4247 3343 4317; x_wconf 73' lang='lat' dir='ltr'><strong>(It):</strong></span> <span class='ocrx_word' id='word_1_653' title='bbox 3383 4244 3659 4299; x_wconf 88' lang='lat' dir='ltr'><strong>Constan-</strong></span> 
     </span>
    </p>
   </div>
   <div class='ocr_carea' id='block_1_90' title="bbox 2090 4344 3663 4420">
    <p class='ocr_par' dir='ltr' id='par_1_90' title="bbox 2090 4344 3663 4420">
     <span class='ocr_line' id='line_1_90' title="bbox 2090 4344 3663 4420; baseline -0.011 -15"><span class='ocrx_word' id='word_1_654' title='bbox 2090 4349 2394 4420; x_wconf 92' lang='lat' dir='ltr'><strong>tinopolim,</strong></span> <span class='ocrx_word' id='word_1_655' title='bbox 2427 4346 2576 4402; x_wconf 90' lang='lat' dir='ltr'><strong>velut</strong></span> <span class='ocrx_word' id='word_1_656' title='bbox 2624 4345 2847 4416; x_wconf 87' lang='lat' dir='ltr'><strong>Ulysses</strong></span> <span class='ocrx_word' id='word_1_657' title='bbox 2888 4344 3141 4399; x_wconf 87' lang='lat' dir='ltr'><strong>Sirenum</strong></span> <span class='ocrx_word' id='word_1_658' title='bbox 3188 4349 3402 4403; x_wconf 88' lang='lat' dir='ltr'><strong>cantus,</strong></span> <span class='ocrx_word' id='word_1_659' title='bbox 3431 4345 3663 4407; x_wconf 82' lang='lat' dir='ltr'><strong>praeter-</strong></span> 
     </span>
    </p>
   </div>
   <div class='ocr_carea' id='block_1_91' title="bbox 2094 4430 3661 4498">
    <p class='ocr_par' dir='ltr' id='par_1_91' title="bbox 2094 4430 3661 4498">
     <span class='ocr_line' id='line_1_91' title="bbox 2094 4430 3661 4498; baseline -0.011 0"><span class='ocrx_word' id='word_1_660' title='bbox 2094 4444 2195 4498; x_wconf 90' lang='lat' dir='ltr'><strong>iit:</strong></span> <span class='ocrx_word' id='word_1_661' title='bbox 2235 4438 2655 4495; x_wconf 87' lang='lat' dir='ltr'><strong>admirationem</strong></span> <span class='ocrx_word' id='word_1_662' title='bbox 2696 4437 2839 4492; x_wconf 90' lang='lat' dir='ltr'><strong>illius</strong></span> <span class='ocrx_word' id='word_1_663' title='bbox 2862 4435 3157 4491; x_wconf 88' lang='lat' dir='ltr'><strong>commovit</strong></span> <span class='ocrx_word' id='word_1_664' title='bbox 3199 4432 3326 4486; x_wconf 82' lang='lat' dir='ltr'><strong>Asia</strong></span> <span class='ocrx_word' id='word_1_665' title='bbox 3350 4470 3366 4495; x_wconf 92' lang='lat'><strong>,</strong></span> <span class='ocrx_word' id='word_1_666' title='bbox 3394 4430 3490 4485; x_wconf 88' lang='lat' dir='ltr'><strong>sed</strong></span> <span class='ocrx_word' id='word_1_667' title='bbox 3538 4442 3661 4484; x_wconf 85' lang='lat' dir='ltr'><strong>ma-</strong></span> 
     </span>
    </p>
   </div>
   <div class='ocr_carea' id='block_1_92' title="bbox 403 4522 3662 4615">
    <p class='ocr_par' dir='ltr' id='par_1_92' title="bbox 403 4522 3662 4615">
     <span class='ocr_line' id='line_1_92' title="bbox 403 4522 3662 4615; baseline -0.002 -35"><span class='ocrx_word' id='word_1_668' title='bbox 403 4529 615 4585; x_wconf 87' lang='lat' dir='ltr'><strong>l‘uisset.</strong></span> <span class='ocrx_word' id='word_1_669' title='bbox 652 4528 708 4585; x_wconf 90' lang='lat' dir='ltr'><strong>Id</strong></span> <span class='ocrx_word' id='word_1_670' title='bbox 737 4540 916 4585; x_wconf 89' lang='lat' dir='ltr'><strong>autem</strong></span> <span class='ocrx_word' id='word_1_671' title='bbox 944 4530 1219 4599; x_wconf 89' lang='lat' dir='ltr'><strong>probabile</strong></span> <span class='ocrx_word' id='word_1_672' title='bbox 1259 4539 1343 4586; x_wconf 91' lang='lat' dir='ltr'><strong>est</strong></span> <span class='ocrx_word' id='word_1_673' title='bbox 1377 4529 1673 4597; x_wconf 83' lang='lat' dir='ltr'><strong>contigisse</strong></span> <span class='ocrx_word' id='word_1_674' title='bbox 1701 4529 1845 4584; x_wconf 89' lang='lat' dir='ltr'><strong>circa</strong></span> <span class='ocrx_word' id='word_1_675' title='bbox 1882 4545 1978 4585; x_wconf 88' lang='lat' dir='ltr'><strong>an-</strong></span> <span class='ocrx_word' id='word_1_676' title='bbox 2009 4557 2059 4615; x_wconf 74' lang='grc' dir='ltr'><strong>ι)</strong></span> <span class='ocrx_word' id='word_1_677' title='bbox 2086 4536 2206 4605; x_wconf 89' lang='lat' dir='ltr'><strong>gnis</strong></span> <span class='ocrx_word' id='word_1_678' title='bbox 2239 4531 2526 4588; x_wconf 90' lang='lat' dir='ltr'><strong>itineribus</strong></span> <span class='ocrx_word' id='word_1_679' title='bbox 2545 4530 2849 4587; x_wconf 73' lang='lat' dir='ltr'><strong>Caesaream</strong></span> <span class='ocrx_word' id='word_1_680' title='bbox 2877 4527 3291 4582; x_wconf 86' lang='lat' dir='ltr'><strong>contendentem</strong></span> <span class='ocrx_word' id='word_1_681' title='bbox 3325 4522 3523 4577; x_wconf 89' lang='lat' dir='ltr'><strong>morari</strong></span> <span class='ocrx_word' id='word_1_682' title='bbox 3553 4535 3662 4575; x_wconf 90' lang='lat' dir='ltr'><strong>non</strong></span> 
     </span>
    </p>
   </div>
   <div class='ocr_carea' id='block_1_93' title="bbox 403 4620 1983 4692">
    <p class='ocr_par' dir='ltr' id='par_1_93' title="bbox 403 4620 1983 4692">
     <span class='ocr_line' id='line_1_93' title="bbox 403 4620 1983 4692; baseline 0.001 -18"><span class='ocrx_word' id='word_1_683' title='bbox 403 4636 533 4675; x_wconf 90' lang='lat' dir='ltr'><strong>num</strong></span> <span class='ocrx_word' id='word_1_684' title='bbox 554 4621 660 4676; x_wconf 69' lang='grc'><strong>542</strong></span> <span class='ocrx_word' id='word_1_685' title='bbox 688 4632 782 4678; x_wconf 92' lang='lat' dir='ltr'><strong>ant</strong></span> <span class='ocrx_word' id='word_1_686' title='bbox 815 4623 939 4678; x_wconf 77' lang='grc'><strong>⁸545.</strong></span> <span class='ocrx_word' id='word_1_687' title='bbox 966 4621 1101 4678; x_wconf 81' lang='lat' dir='ltr'><strong>Nam</strong></span> <span class='ocrx_word' id='word_1_688' title='bbox 1124 4622 1367 4688; x_wconf 88' lang='lat' dir='ltr'><strong>Petrum,</strong></span> <span class='ocrx_word' id='word_1_689' title='bbox 1387 4622 1478 4692; x_wconf 91' lang='lat' dir='ltr'><strong>qui</strong></span> <span class='ocrx_word' id='word_1_690' title='bbox 1499 4620 1655 4690; x_wconf 86' lang='lat' dir='ltr'><strong>paulo</strong></span> <span class='ocrx_word' id='word_1_691' title='bbox 1683 4632 1807 4676; x_wconf 89' lang='lat' dir='ltr'><strong>ante</strong></span> <span class='ocrx_word' id='word_1_692' title='bbox 1837 4637 1983 4676; x_wconf 85' lang='lat' dir='ltr'><strong>mor-</strong></span> 
     </span>
    </p>
   </div>
   <div class='ocr_carea' id='block_1_94' title="bbox 408 4713 1985 4783">
    <p class='ocr_par' dir='ltr' id='par_1_94' title="bbox 408 4713 1985 4783">
     <span class='ocr_line' id='line_1_94' title="bbox 408 4713 1985 4783; baseline 0.001 -17"><span class='ocrx_word' id='word_1_693' title='bbox 408 4723 516 4769; x_wconf 90' lang='lat' dir='ltr'><strong>tem</strong></span> <span class='ocrx_word' id='word_1_694' title='bbox 551 4717 725 4783; x_wconf 88' lang='lat' dir='ltr'><strong>patris</strong></span> <span class='ocrx_word' id='word_1_695' title='bbox 770 4717 822 4769; x_wconf 92' lang='lat' dir='ltr'><strong>iu</strong></span> <span class='ocrx_word' id='word_1_696' title='bbox 856 4718 1030 4772; x_wconf 87' lang='lat' dir='ltr'><strong>lucem</strong></span> <span class='ocrx_word' id='word_1_697' title='bbox 1069 4715 1245 4771; x_wconf 89' lang='lat' dir='ltr'><strong>editus</strong></span> <span class='ocrx_word' id='word_1_698' title='bbox 1281 4723 1384 4778; x_wconf 89' lang='lat' dir='ltr'><strong>est,</strong></span> <span class='ocrx_word' id='word_1_699' title='bbox 1424 4713 1802 4783; x_wconf 84' lang='lat' dir='ltr'><strong>presbyterum</strong></span> <span class='ocrx_word' id='word_1_700' title='bbox 1837 4713 1985 4768; x_wconf 90' lang='lat' dir='ltr'><strong>ordi-</strong></span> 
     </span>
    </p>
   </div>
   <div class='ocr_carea' id='block_1_95' title="bbox 406 4801 1978 4876">
    <p class='ocr_par' dir='ltr' id='par_1_95' title="bbox 406 4801 1978 4876">
     <span class='ocr_line' id='line_1_95' title="bbox 406 4801 1978 4876; baseline 0 -19"><span class='ocrx_word' id='word_1_701' title='bbox 406 4805 557 4858; x_wconf 90' lang='lat' dir='ltr'><strong>navit</strong></span> <span class='ocrx_word' id='word_1_702' title='bbox 590 4803 823 4861; x_wconf 89' lang='lat' dir='ltr'><strong>Basilius</strong></span> <span class='ocrx_word' id='word_1_703' title='bbox 847 4807 900 4862; x_wconf 93' lang='lat' dir='ltr'><strong>in</strong></span> <span class='ocrx_word' id='word_1_704' title='bbox 929 4804 1243 4876; x_wconf 90' lang='lat' dir='ltr'><strong>primordiis</strong></span> <span class='ocrx_word' id='word_1_705' title='bbox 1267 4803 1629 4875; x_wconf 80' lang='lat' dir='ltr'><strong>episcopatus,</strong></span> <span class='ocrx_word' id='word_1_706' title='bbox 1660 4812 1717 4857; x_wconf 92' lang='lat' dir='ltr'><strong>ut</strong></span> <span class='ocrx_word' id='word_1_707' title='bbox 1738 4801 1879 4857; x_wconf 83' lang='lat' dir='ltr'><strong>infra</strong></span> <span class='ocrx_word' id='word_1_708' title='bbox 1903 4802 1978 4857; x_wconf 91' lang='lat' dir='ltr'><strong>vi-</strong></span> 
     </span>
    </p>
   </div>
   <div class='ocr_carea' id='block_1_96' title="bbox 404 4891 1979 4962">
    <p class='ocr_par' dir='ltr' id='par_1_96' title="bbox 404 4891 1979 4962">
     <span class='ocr_line' id='line_1_96' title="bbox 404 4891 1979 4962; baseline -0.001 -16"><span class='ocrx_word' id='word_1_709' title='bbox 404 4893 674 4949; x_wconf 89' lang='lat' dir='ltr'><strong>debimus.</strong></span> <span class='ocrx_word' id='word_1_710' title='bbox 717 4893 850 4949; x_wconf 88' lang='lat' dir='ltr'><strong>Cum</strong></span> <span class='ocrx_word' id='word_1_711' title='bbox 875 4904 1054 4949; x_wconf 89' lang='lat' dir='ltr'><strong>autem</strong></span> <span class='ocrx_word' id='word_1_712' title='bbox 1096 4895 1246 4962; x_wconf 88' lang='lat' dir='ltr'><strong>leges</strong></span> <span class='ocrx_word' id='word_1_713' title='bbox 1294 4891 1712 4955; x_wconf 57' lang='lat' dir='ltr'><strong>ecclesiastica,</strong></span> <span class='ocrx_word' id='word_1_714' title='bbox 1746 4905 1979 4959; x_wconf 89' lang='lat' dir='ltr'><strong>quarum</strong></span> 
     </span>
    </p>
   </div>
   <div class='ocr_carea' id='block_1_97' title="bbox 401 4984 1982 5053">
    <p class='ocr_par' dir='ltr' id='par_1_97' title="bbox 401 4984 1982 5053">
     <span class='ocr_line' id='line_1_97' title="bbox 401 4984 1982 5053; baseline -0.001 -14"><span class='ocrx_word' id='word_1_715' title='bbox 401 4994 525 5039; x_wconf 81' lang='lat' dir='ltr'><strong>erat</strong></span> <span class='ocrx_word' id='word_1_716' title='bbox 547 4987 991 5042; x_wconf 83' lang='lat' dir='ltr'><strong>servantissimus</strong></span> <span class='ocrx_word' id='word_1_717' title='bbox 1013 4986 1261 5050; x_wconf 88' lang='lat' dir='ltr'><strong>Basilius,</strong></span> <span class='ocrx_word' id='word_1_718' title='bbox 1284 5000 1454 5039; x_wconf 87' lang='lat' dir='ltr'><strong>annos</strong></span> <span class='ocrx_word' id='word_1_719' title='bbox 1488 4984 1708 5053; x_wconf 85' lang='lat' dir='ltr'><strong>triginta</strong></span> <span class='ocrx_word' id='word_1_720' title='bbox 1739 4985 1805 5038; x_wconf 89' lang='lat' dir='ltr'><strong>ad</strong></span> <span class='ocrx_word' id='word_1_721' title='bbox 1860 4998 1982 5053; x_wconf 91' lang='lat' dir='ltr'><strong>pre-</strong></span> 
     </span>
    </p>
   </div>
   <div class='ocr_carea' id='block_1_98' title="bbox 411 5076 1981 5147">
    <p class='ocr_par' dir='ltr' id='par_1_98' title="bbox 411 5076 1981 5147">
     <span class='ocr_line' id='line_1_98' title="bbox 411 5076 1981 5147; baseline 0 -16"><span class='ocrx_word' id='word_1_722' title='bbox 411 5078 508 5146; x_wconf 86' lang='lat' dir='ltr'><strong>shy</strong></span> <span class='ocrx_word' id='word_1_723' title='bbox 519 5079 612 5131; x_wconf 89' lang='lat' dir='ltr'><strong>teri</strong></span> <span class='ocrx_word' id='word_1_724' title='bbox 636 5078 858 5144; x_wconf 78' lang='lat' dir='ltr'><strong>gradum</strong></span> <span class='ocrx_word' id='word_1_725' title='bbox 886 5078 1246 5147; x_wconf 86' lang='lat' dir='ltr'><strong>requirerent,</strong></span> <span class='ocrx_word' id='word_1_726' title='bbox 1268 5077 1411 5130; x_wconf 87' lang='lat' dir='ltr'><strong>hanc</strong></span> <span class='ocrx_word' id='word_1_727' title='bbox 1425 5083 1639 5131; x_wconf 61' lang='lat' dir='ltr'><strong>atatem</strong></span> <span class='ocrx_word' id='word_1_728' title='bbox 1667 5076 1867 5130; x_wconf 89' lang='lat' dir='ltr'><strong>habere</strong></span> <span class='ocrx_word' id='word_1_729' title='bbox 1889 5076 1981 5131; x_wconf 84' lang='lat' dir='ltr'><strong>de-</strong></span> 
     </span>
    </p>
   </div>
   <div class='ocr_carea' id='block_1_99' title="bbox 405 5168 1978 5244">
    <p class='ocr_par' dir='ltr' id='par_1_99' title="bbox 405 5168 1978 5244">
     <span class='ocr_line' id='line_1_99' title="bbox 405 5168 1978 5244; baseline -0.001 -21"><span class='ocrx_word' id='word_1_730' title='bbox 405 5171 522 5226; x_wconf 90' lang='lat' dir='ltr'><strong>buit</strong></span> <span class='ocrx_word' id='word_1_731' title='bbox 548 5169 744 5225; x_wconf 89' lang='lat' dir='ltr'><strong>Petrus</strong></span> <span class='ocrx_word' id='word_1_732' title='bbox 773 5171 827 5225; x_wconf 91' lang='lat' dir='ltr'><strong>in</strong></span> <span class='ocrx_word' id='word_1_733' title='bbox 855 5171 1168 5244; x_wconf 83' lang='lat' dir='ltr'><strong>primordiis</strong></span> <span class='ocrx_word' id='word_1_734' title='bbox 1212 5172 1555 5239; x_wconf 87' lang='lat' dir='ltr'><strong>episcopatus</strong></span> <span class='ocrx_word' id='word_1_735' title='bbox 1580 5169 1637 5224; x_wconf 92' lang='lat' dir='ltr'><strong>S.</strong></span> <span class='ocrx_word' id='word_1_736' title='bbox 1682 5168 1890 5232; x_wconf 88' lang='lat' dir='ltr'><strong>Basilii,</strong></span> <span class='ocrx_word' id='word_1_737' title='bbox 1926 5169 1978 5222; x_wconf 92' lang='lat' dir='ltr'><strong>id</strong></span> 
     </span>
    </p>
   </div>
   <div class='ocr_carea' id='block_1_100' title="bbox 405 5260 1979 5330">
    <p class='ocr_par' dir='ltr' id='par_1_100' title="bbox 405 5260 1979 5330">
     <span class='ocr_line' id='line_1_100' title="bbox 405 5260 1979 5330; baseline -0.001 -16"><span class='ocrx_word' id='word_1_738' title='bbox 405 5272 487 5317; x_wconf 84' lang='lat' dir='ltr'><strong>est</strong></span> <span class='ocrx_word' id='word_1_739' title='bbox 521 5264 664 5319; x_wconf 82' lang='lat' dir='ltr'><strong>circa</strong></span> <span class='ocrx_word' id='word_1_740' title='bbox 698 5278 898 5318; x_wconf 89' lang='lat' dir='ltr'><strong>annum</strong></span> <span class='ocrx_word' id='word_1_741' title='bbox 939 5262 1044 5316; x_wconf 76' lang='grc'><strong>572</strong></span> <span class='ocrx_word' id='word_1_742' title='bbox 1102 5271 1195 5316; x_wconf 90' lang='lat' dir='ltr'><strong>aut</strong></span> <span class='ocrx_word' id='word_1_743' title='bbox 1244 5262 1350 5316; x_wconf 76' lang='grc'><strong>575</strong></span> <span class='ocrx_word' id='word_1_744' title='bbox 1380 5301 1396 5327; x_wconf 88' lang='grc'><strong>,</strong></span> <span class='ocrx_word' id='word_1_745' title='bbox 1436 5274 1500 5315; x_wconf 88' lang='lat' dir='ltr'><strong>ac</strong></span> <span class='ocrx_word' id='word_1_746' title='bbox 1538 5260 1766 5330; x_wconf 82' lang='lat' dir='ltr'><strong>proinde</strong></span> <span class='ocrx_word' id='word_1_747' title='bbox 1825 5269 1979 5314; x_wconf 87' lang='lat' dir='ltr'><strong>ortus</strong></span> 
     </span>
    </p>
   </div>
   <div class='ocr_carea' id='block_1_101' title="bbox 408 5352 1976 5427">
    <p class='ocr_par' dir='ltr' id='par_1_101' title="bbox 408 5352 1976 5427">
     <span class='ocr_line' id='line_1_101' title="bbox 408 5352 1976 5427; baseline -0.002 -16"><span class='ocrx_word' id='word_1_748' title='bbox 408 5357 574 5422; x_wconf 82' lang='lat' dir='ltr'><strong>l’ctri,</strong></span> <span class='ocrx_word' id='word_1_749' title='bbox 611 5372 758 5412; x_wconf 82' lang='lat' dir='ltr'><strong>mors</strong></span> <span class='ocrx_word' id='word_1_750' title='bbox 797 5356 967 5426; x_wconf 88' lang='lat' dir='ltr'><strong>patris</strong></span> <span class='ocrx_word' id='word_1_751' title='bbox 992 5396 1006 5423; x_wconf 93' lang='lat'><strong>,</strong></span> <span class='ocrx_word' id='word_1_752' title='bbox 1044 5355 1224 5412; x_wconf 86' lang='lat' dir='ltr'><strong>Basilii</strong></span> <span class='ocrx_word' id='word_1_753' title='bbox 1280 5355 1582 5411; x_wconf 73' lang='lat' dir='ltr'><strong>Caesaream</strong></span> <span class='ocrx_word' id='word_1_754' title='bbox 1613 5352 1878 5427; x_wconf 81' lang='lat' dir='ltr'><strong>profectio</strong></span> <span class='ocrx_word' id='word_1_755' title='bbox 1909 5353 1976 5408; x_wconf 90' lang='lat' dir='ltr'><strong>ad</strong></span> 
     </span>
    </p>
   </div>
   <div class='ocr_carea' id='block_1_102' title="bbox 473 5536 806 5607">
    <p class='ocr_par' dir='ltr' id='par_1_102' title="bbox 473 5536 806 5607">
     <span class='ocr_line' id='line_1_102' title="bbox 473 5536 806 5607; baseline 0.003 -15"><span class='ocrx_word' id='word_1_756' title='bbox 473 5537 551 5607; x_wconf 87' lang='lat' dir='ltr'><strong>(a)</strong></span> <span class='ocrx_word' id='word_1_757' title='bbox 578 5536 724 5591; x_wconf 90' lang='lat' dir='ltr'><strong>Orat.</strong></span> <span class='ocrx_word' id='word_1_758' title='bbox 754 5538 806 5593; x_wconf 77' lang='grc'><strong>4.</strong></span> 
     </span>
    </p>
   </div>
   <div class='ocr_carea' id='block_1_103' title="bbox 476 5608 799 5676">
    <p class='ocr_par' dir='ltr' id='par_1_103' title="bbox 476 5608 799 5676">
     <span class='ocr_line' id='line_1_103' title="bbox 476 5608 799 5676; baseline -0.003 -16"><span class='ocrx_word' id='word_1_759' title='bbox 476 5611 552 5676; x_wconf 86' lang='lat' dir='ltr'><strong>(b)</strong></span> <span class='ocrx_word' id='word_1_760' title='bbox 589 5608 683 5675; x_wconf 82' lang='lat' dir='ltr'><strong>Ep.</strong></span> <span class='ocrx_word' id='word_1_761' title='bbox 712 5609 799 5662; x_wconf 70' lang='grc' dir='ltr'><strong>Μ).</strong></span> 
     </span>
    </p>
   </div>
   <div class='ocr_carea' id='block_1_104' title="bbox 476 5679 800 5749">
    <p class='ocr_par' dir='ltr' id='par_1_104' title="bbox 476 5679 800 5749">
     <span class='ocr_line' id='line_1_104' title="bbox 476 5679 800 5749; baseline -0.009 -16"><span class='ocrx_word' id='word_1_762' title='bbox 476 5680 545 5747; x_wconf 80' lang='lat' dir='ltr'><strong>(c)</strong></span> <span class='ocrx_word' id='word_1_763' title='bbox 586 5680 681 5749; x_wconf 83' lang='lat' dir='ltr'><strong>Ep.</strong></span> <span class='ocrx_word' id='word_1_764' title='bbox 712 5679 800 5731; x_wconf 77' lang='lat' dir='ltr'><strong>tt.</strong></span> 
     </span>
    </p>
   </div>
   <div class='ocr_carea' id='block_1_105' title="bbox 474 5749 1201 5818">
    <p class='ocr_par' dir='ltr' id='par_1_105' title="bbox 474 5749 1201 5818">
     <span class='ocr_line' id='line_1_105' title="bbox 474 5749 1201 5818; baseline -0.008 -13"><span class='ocrx_word' id='word_1_765' title='bbox 474 5749 554 5816; x_wconf 73' lang='grc' dir='ltr'><strong>(α)</strong></span> <span class='ocrx_word' id='word_1_766' title='bbox 578 5749 767 5818; x_wconf 56' lang='lat' dir='ltr'><strong>Julian:</strong></span> <span class='ocrx_word' id='word_1_767' title='bbox 807 5765 881 5815; x_wconf 75' lang='lat' dir='ltr'><strong>rp.</strong></span> <span class='ocrx_word' id='word_1_768' title='bbox 913 5752 978 5801; x_wconf 74' lang='lat' dir='ltr'><strong>ad</strong></span> <span class='ocrx_word' id='word_1_769' title='bbox 1009 5749 1201 5803; x_wconf 79' lang='lat' dir='ltr'><strong>Athan.</strong></span> 
     </span>
    </p>
   </div>
   <div class='ocr_carea' id='block_1_106' title="bbox 476 5816 1468 5887">
    <p class='ocr_par' dir='ltr' id='par_1_106' title="bbox 476 5816 1468 5887">
     <span class='ocr_line' id='line_1_106' title="bbox 476 5816 1468 5887; baseline -0.008 -10"><span class='ocrx_word' id='word_1_770' title='bbox 476 5818 551 5884; x_wconf 71' lang='grc' dir='ltr'><strong>(θλ</strong></span> <span class='ocrx_word' id='word_1_771' title='bbox 586 5822 658 5877; x_wconf 69' lang='grc'><strong>1⁸21»</strong></span> <span class='ocrx_word' id='word_1_772' title='bbox 716 5816 835 5885; x_wconf 56' lang='grc' dir='ltr'><strong>ΞΗ,</strong></span> <span class='ocrx_word' id='word_1_773' title='bbox 874 5838 922 5874; x_wconf 88' lang='lat' dir='ltr'><strong>n.</strong></span> <span class='ocrx_word' id='word_1_774' title='bbox 968 5819 1020 5885; x_wconf 61' lang='grc' dir='ltr'><strong>ἓ,</strong></span> <span class='ocrx_word' id='word_1_775' title='bbox 1050 5835 1112 5887; x_wconf 85' lang='lat' dir='ltr'><strong>cp</strong></span> <span class='ocrx_word' id='word_1_776' title='bbox 1164 5818 1289 5885; x_wconf 60' lang='lat'><strong>2‘26,</strong></span> <span class='ocrx_word' id='word_1_777' title='bbox 1329 5833 1377 5872; x_wconf 91' lang='lat' dir='ltr'><strong>n.</strong></span> <span class='ocrx_word' id='word_1_778' title='bbox 1411 5816 1468 5870; x_wconf 66' lang='grc'><strong>4.</strong></span> 
     </span>
    </p>
   </div>
   <div class='ocr_carea' id='block_1_107' title="bbox 2084 4616 3659 4698">
    <p class='ocr_par' dir='ltr' id='par_1_107' title="bbox 2084 4616 3659 4698">
     <span class='ocr_line' id='line_1_107' title="bbox 2084 4616 3659 4698; baseline -0.011 -15"><span class='ocrx_word' id='word_1_779' title='bbox 2084 4626 2279 4698; x_wconf 91' lang='lat' dir='ltr'><strong>potuit.</strong></span> <span class='ocrx_word' id='word_1_780' title='bbox 2345 4622 2757 4679; x_wconf 85' lang='lat' dir='ltr'><strong>Perhonorilice</strong></span> <span class='ocrx_word' id='word_1_781' title='bbox 2801 4638 2830 4674; x_wconf 92' lang='lat' dir='ltr'><strong>a</strong></span> <span class='ocrx_word' id='word_1_782' title='bbox 2876 4616 3302 4673; x_wconf 68' lang='lat' dir='ltr'><strong>Cmsariensibus</strong></span> <span class='ocrx_word' id='word_1_783' title='bbox 3353 4622 3615 4681; x_wconf 88' lang='lat' dir='ltr'><strong>exceptus</strong></span> <span class='ocrx_word' id='word_1_784' title='bbox 3642 4651 3659 4677; x_wconf 97' lang='lat'><strong>,</strong></span> 
     </span>
    </p>
   </div>
   <div class='ocr_carea' id='block_1_108' title="bbox 2081 4703 3662 4783">
    <p class='ocr_par' dir='ltr' id='par_1_108' title="bbox 2081 4703 3662 4783">
     <span class='ocr_line' id='line_1_108' title="bbox 2081 4703 3662 4783; baseline -0.011 -10"><span class='ocrx_word' id='word_1_785' title='bbox 2081 4733 2258 4773; x_wconf 82' lang='lat' dir='ltr'><strong>sceute</strong></span> <span class='ocrx_word' id='word_1_786' title='bbox 2285 4716 2470 4772; x_wconf 91' lang='lat' dir='ltr'><strong>mundi</strong></span> <span class='ocrx_word' id='word_1_787' title='bbox 2504 4713 2710 4783; x_wconf 86' lang='lat' dir='ltr'><strong>aliquid</strong></span> <span class='ocrx_word' id='word_1_788' title='bbox 2735 4712 2921 4766; x_wconf 87' lang='lat' dir='ltr'><strong>tribuit</strong></span> <span class='ocrx_word' id='word_1_789' title='bbox 2952 4710 3178 4773; x_wconf 88' lang='lat' dir='ltr'><strong>invitus,</strong></span> <span class='ocrx_word' id='word_1_790' title='bbox 3215 4708 3330 4761; x_wconf 87' lang='lat' dir='ltr'><strong>sive</strong></span> <span class='ocrx_word' id='word_1_791' title='bbox 3356 4703 3496 4774; x_wconf 88' lang='lat' dir='ltr'><strong>quod</strong></span> <span class='ocrx_word' id='word_1_792' title='bbox 3537 4704 3662 4757; x_wconf 68' lang='lat' dir='ltr'><strong>rhco</strong></span> 
     </span>
    </p>
   </div>
   <div class='ocr_carea' id='block_1_109' title="bbox 2085 4798 3659 4870">
    <p class='ocr_par' dir='ltr' id='par_1_109' title="bbox 2085 4798 3659 4870">
     <span class='ocr_line' id='line_1_109' title="bbox 2085 4798 3659 4870; baseline -0.011 -5"><span class='ocrx_word' id='word_1_793' title='bbox 2085 4810 2311 4865; x_wconf 84' lang='lat' dir='ltr'><strong>loricam</strong></span> <span class='ocrx_word' id='word_1_794' title='bbox 2353 4806 2601 4863; x_wconf 89' lang='lat' dir='ltr'><strong>docuerit</strong></span> <span class='ocrx_word' id='word_1_795' title='bbox 2628 4806 2906 4865; x_wconf 69' lang='lat' dir='ltr'><strong>Cazsarezc,</strong></span> <span class='ocrx_word' id='word_1_796' title='bbox 2945 4803 3087 4870; x_wconf 88' lang='lat' dir='ltr'><strong>quod</strong></span> <span class='ocrx_word' id='word_1_797' title='bbox 3127 4815 3325 4854; x_wconf 90' lang='lat' dir='ltr'><strong>munus</strong></span> <span class='ocrx_word' id='word_1_798' title='bbox 3352 4798 3497 4851; x_wconf 91' lang='lat' dir='ltr'><strong>illum</strong></span> <span class='ocrx_word' id='word_1_799' title='bbox 3544 4810 3659 4848; x_wconf 84' lang='lat' dir='ltr'><strong>ma-</strong></span> 
     </span>
    </p>
   </div>
   <div class='ocr_carea' id='block_1_110' title="bbox 2082 4887 3660 4971">
    <p class='ocr_par' dir='ltr' id='par_1_110' title="bbox 2082 4887 3660 4971">
     <span class='ocr_line' id='line_1_110' title="bbox 2082 4887 3660 4971; baseline -0.01 -15"><span class='ocrx_word' id='word_1_800' title='bbox 2082 4902 2282 4971; x_wconf 80' lang='lat' dir='ltr'><strong>gniﬁce</strong></span> <span class='ocrx_word' id='word_1_801' title='bbox 2310 4898 2644 4961; x_wconf 78' lang='lat' dir='ltr'><strong>exercuisse,</strong></span> <span class='ocrx_word' id='word_1_802' title='bbox 2682 4893 3008 4960; x_wconf 83' lang='lat' dir='ltr'><strong>Gregorium</strong></span> <span class='ocrx_word' id='word_1_803' title='bbox 3048 4906 3176 4946; x_wconf 88' lang='lat' dir='ltr'><strong>vero</strong></span> <span class='ocrx_word' id='word_1_804' title='bbox 3224 4887 3660 4959; x_wconf 84' lang='lat' dir='ltr'><strong>magniﬁcentius</strong></span> 
     </span>
    </p>
   </div>
   <div class='ocr_carea' id='block_1_111' title="bbox 2083 4979 3657 5061">
    <p class='ocr_par' dir='ltr' id='par_1_111' title="bbox 2083 4979 3657 5061">
     <span class='ocr_line' id='line_1_111' title="bbox 2083 4979 3657 5061; baseline -0.009 -13"><span class='ocrx_word' id='word_1_805' title='bbox 2083 4990 2483 5061; x_wconf 79' lang='lat' dir='ltr'><strong>contempsisse</strong></span> <span class='ocrx_word' id='word_1_806' title='bbox 2524 4996 2715 5043; x_wconf 88' lang='lat' dir='ltr'><strong>narrat</strong></span> <span class='ocrx_word' id='word_1_807' title='bbox 2764 4983 3121 5055; x_wconf 72' lang='lat' dir='ltr'><strong>lluliuus(i):</strong></span> <span class='ocrx_word' id='word_1_808' title='bbox 3156 4984 3269 5037; x_wconf 90' lang='lat' dir='ltr'><strong>sive</strong></span> <span class='ocrx_word' id='word_1_809' title='bbox 3297 4981 3458 5051; x_wconf 87' lang='lat' dir='ltr'><strong>quod,</strong></span> <span class='ocrx_word' id='word_1_810' title='bbox 3502 4989 3559 5032; x_wconf 91' lang='lat' dir='ltr'><strong>ut</strong></span> <span class='ocrx_word' id='word_1_811' title='bbox 3590 4979 3657 5034; x_wconf 86' lang='lat' dir='ltr'><strong>de</strong></span> 
     </span>
    </p>
   </div>
   <div class='ocr_carea' id='block_1_112' title="bbox 2085 5072 3659 5154">
    <p class='ocr_par' dir='ltr' id='par_1_112' title="bbox 2085 5072 3659 5154">
     <span class='ocr_line' id='line_1_112' title="bbox 2085 5072 3659 5154; baseline -0.009 -14"><span class='ocrx_word' id='word_1_812' title='bbox 2085 5099 2145 5140; x_wconf 90' lang='lat' dir='ltr'><strong>se</strong></span> <span class='ocrx_word' id='word_1_813' title='bbox 2181 5085 2298 5154; x_wconf 90' lang='lat' dir='ltr'><strong>ipse</strong></span> <span class='ocrx_word' id='word_1_814' title='bbox 2329 5089 2564 5137; x_wconf 90' lang='lat' dir='ltr'><strong>testatur</strong></span> <span class='ocrx_word' id='word_1_815' title='bbox 2596 5078 2910 5148; x_wconf 84' lang='lat' dir='ltr'><strong>Gregorius,</strong></span> <span class='ocrx_word' id='word_1_816' title='bbox 2950 5077 3295 5146; x_wconf 85' lang='lat' dir='ltr'><strong>poscentibus</strong></span> <span class='ocrx_word' id='word_1_817' title='bbox 3329 5072 3557 5136; x_wconf 89' lang='lat' dir='ltr'><strong>civibus,</strong></span> <span class='ocrx_word' id='word_1_818' title='bbox 3599 5079 3659 5126; x_wconf 87' lang='lat' dir='ltr'><strong>ut</strong></span> 
     </span>
    </p>
   </div>
   <div class='ocr_carea' id='block_1_113' title="bbox 2089 5166 3652 5240">
    <p class='ocr_par' dir='ltr' id='par_1_113' title="bbox 2089 5166 3652 5240">
     <span class='ocr_line' id='line_1_113' title="bbox 2089 5166 3652 5240; baseline -0.008 -14"><span class='ocrx_word' id='word_1_819' title='bbox 2089 5179 2459 5240; x_wconf 88' lang='lat' dir='ltr'><strong>comportatas</strong></span> <span class='ocrx_word' id='word_1_820' title='bbox 2491 5168 2558 5223; x_wconf 91' lang='lat' dir='ltr'><strong>ah</strong></span> <span class='ocrx_word' id='word_1_821' title='bbox 2592 5167 2796 5222; x_wconf 85' lang='lat' dir='ltr'><strong>exteris</strong></span> <span class='ocrx_word' id='word_1_822' title='bbox 2822 5166 3129 5234; x_wconf 87' lang='lat' dir='ltr'><strong>regionibus</strong></span> <span class='ocrx_word' id='word_1_823' title='bbox 3144 5180 3273 5235; x_wconf 89' lang='lat' dir='ltr'><strong>opes</strong></span> <span class='ocrx_word' id='word_1_824' title='bbox 3295 5166 3652 5231; x_wconf 85' lang='lat' dir='ltr'><strong>depromeret,</strong></span> 
     </span>
    </p>
   </div>
   <div class='ocr_carea' id='block_1_114' title="bbox 2091 5250 3654 5331">
    <p class='ocr_par' dir='ltr' id='par_1_114' title="bbox 2091 5250 3654 5331">
     <span class='ocr_line' id='line_1_114' title="bbox 2091 5250 3654 5331; baseline -0.006 -17"><span class='ocrx_word' id='word_1_825' title='bbox 2091 5261 2293 5331; x_wconf 89' lang='lat' dir='ltr'><strong>ingenii</strong></span> <span class='ocrx_word' id='word_1_826' title='bbox 2332 5261 2413 5315; x_wconf 93' lang='lat' dir='ltr'><strong>sui</strong></span> <span class='ocrx_word' id='word_1_827' title='bbox 2442 5260 2738 5330; x_wconf 90' lang='lat' dir='ltr'><strong>specimiua</strong></span> <span class='ocrx_word' id='word_1_828' title='bbox 2775 5259 3042 5328; x_wconf 86' lang='lat' dir='ltr'><strong>denegare</strong></span> <span class='ocrx_word' id='word_1_829' title='bbox 3069 5273 3174 5312; x_wconf 90' lang='lat' dir='ltr'><strong>non</strong></span> <span class='ocrx_word' id='word_1_830' title='bbox 3215 5255 3464 5325; x_wconf 92' lang='lat' dir='ltr'><strong>potuerit.</strong></span> <span class='ocrx_word' id='word_1_831' title='bbox 3500 5250 3654 5305; x_wconf 89' lang='lat' dir='ltr'><strong>Illum</strong></span> 
     </span>
    </p>
   </div>
   <div class='ocr_carea' id='block_1_115' title="bbox 2088 5350 3627 5423">
    <p class='ocr_par' dir='ltr' id='par_1_115' title="bbox 2088 5350 3627 5423">
     <span class='ocr_line' id='line_1_115' title="bbox 2088 5350 3627 5423; baseline -0.006 -16"><span class='ocrx_word' id='word_1_832' title='bbox 2088 5362 2238 5408; x_wconf 85' lang='lat' dir='ltr'><strong>certe</strong></span> <span class='ocrx_word' id='word_1_833' title='bbox 2264 5352 2441 5423; x_wconf 91' lang='lat' dir='ltr'><strong>patria</strong></span> <span class='ocrx_word' id='word_1_834' title='bbox 2483 5351 2627 5406; x_wconf 90' lang='lat' dir='ltr'><strong>velut</strong></span> <span class='ocrx_word' id='word_1_835' title='bbox 2652 5350 2887 5406; x_wconf 82' lang='lat' dir='ltr'><strong>alterum</strong></span> <span class='ocrx_word' id='word_1_836' title='bbox 2927 5351 3260 5406; x_wconf 86' lang='lat' dir='ltr'><strong>conditorem</strong></span> <span class='ocrx_word' id='word_1_837' title='bbox 3287 5360 3342 5403; x_wconf 88' lang='lat' dir='ltr'><strong>et</strong></span> <span class='ocrx_word' id='word_1_838' title='bbox 3370 5357 3627 5401; x_wconf 75' lang='lat' dir='ltr'><strong>conserva</strong></span> 
     </span>
    </p>
   </div>
   <div class='ocr_carea' id='block_1_116' title="bbox 2154 5531 2647 5603">
    <p class='ocr_par' dir='ltr' id='par_1_116' title="bbox 2154 5531 2647 5603">
     <span class='ocr_line' id='line_1_116' title="bbox 2154 5531 2647 5603; baseline -0.004 -17"><span class='ocrx_word' id='word_1_839' title='bbox 2154 5532 2221 5603; x_wconf 71' lang='grc' dir='ltr'><strong>(Ι)</strong></span> <span class='ocrx_word' id='word_1_840' title='bbox 2251 5531 2517 5603; x_wconf 41' lang='grc' dir='ltr'><strong>ςατηιηάι</strong></span> <span class='ocrx_word' id='word_1_841' title='bbox 2543 5531 2647 5584; x_wconf 77' lang='lat' dir='ltr'><strong>vita</strong></span> 
     </span>
    </p>
   </div>
   <div class='ocr_carea' id='block_1_117' title="bbox 2153 5600 2513 5811">
    <p class='ocr_par' dir='ltr' id='par_1_117' title="bbox 2153 5600 2513 5811">
     <span class='ocr_line' id='line_1_117' title="bbox 2153 5600 2500 5740; baseline -0.006 -86"><span class='ocrx_word' id='word_1_842' title='bbox 2153 5600 2232 5740; x_wconf 36' lang='lat'><strong>(9&quot;</strong></span> <span class='ocrx_word' id='word_1_843' title='bbox 2250 5600 2399 5685; x_wconf 73' lang='lat' dir='ltr'><strong>Qrat.</strong></span> <span class='ocrx_word' id='word_1_844' title='bbox 2429 5602 2500 5653; x_wconf 76' lang='lat'><strong>20</strong></span> 
     </span>
     <span class='ocr_line' id='line_1_118' title="bbox 2179 5671 2513 5737; baseline 0.018 -16"><span class='ocrx_word' id='word_1_845' title='bbox 2179 5675 2207 5724; x_wconf 77' lang='lat' dir='ltr'><strong>It</strong></span> <span class='ocrx_word' id='word_1_846' title='bbox 2260 5673 2423 5737; x_wconf 58' lang='lat' dir='ltr'><strong>laptst.</strong></span> <span class='ocrx_word' id='word_1_847' title='bbox 2464 5671 2513 5727; x_wconf 83' lang='grc'><strong>1.</strong></span> 
     </span>
     <span class='ocr_line' id='line_1_119' title="bbox 2156 5676 2513 5811; baseline -0.011 -18"><span class='ocrx_word' id='word_1_848' title='bbox 2405 5756 2513 5806; x_wconf 37' lang='lat' dir='ltr'><strong>XI“</strong></span> 
     </span>
    </p>
   </div>
   <div class='ocr_carea' id='block_1_118' title="bbox 2183 5740 2649 5811">
    <p class='ocr_par' dir='ltr' id='par_1_118' title="bbox 2183 5740 2649 5811">
     <span class='ocr_line' id='line_1_120' title="bbox 2183 5740 2649 5811; baseline 0.004 -18"><span class='ocrx_word' id='word_1_849' title='bbox 2183 5744 2224 5811; x_wconf 82' lang='lat' dir='ltr'><strong>i)</strong></span> <span class='ocrx_word' id='word_1_850' title='bbox 2259 5740 2352 5794; x_wconf 84' lang='lat' dir='ltr'><strong>Lib</strong></span> <span class='ocrx_word' id='word_1_851' title='bbox 2405 5756 2555 5806; x_wconf 65' lang='lat' dir='ltr'><strong>Xi,,e.</strong></span> <span class='ocrx_word' id='word_1_852' title='bbox 2599 5741 2649 5795; x_wconf 80' lang='lat'><strong>9.</strong></span> 
     </span>
    </p>
   </div>
  </div>
