3958 6212
1595 310 1750 365 VITA
1793 310 1850 367 S.
1895 312 2153 367 BASH.”

3427 342 3524 379 XIII

271 443 475 498 torem,
506 438 632 486 teste
657 428 920 498 Gregorio
947 428 1047 497 (α),
1082 428 1357 498 complexa
1392 438 1492 482 est.
1527 428 1642 482 Non
1665 430 1843 483 minus
1887 435 1929 489 Α
1961 429 2068 483 lunt
2109 448 2135 484 a
2173 447 2230 484 se
2275 433 2562 495 discernat,
2596 433 2690 486 sed
2732 434 2890 488 ambo
2918 451 2982 488 ao
3032 437 3316 492 ecclesiam
3363 441 3524 494 ivisse

275 531 329 582 ei
369 527 591 581 honoris
637 522 824 577 habuit
871 521 1219 575 Neocwsarea
1269 522 1366 590 (ιθ),
1406 536 1526 588 quae
1556 521 1757 590 legatos
1784 521 1852 573 ad

269 635 413 673 eum
433 633 491 671 ex
519 626 698 671 senatu
728 615 898 679 misit,
924 621 982 666 ut
1005 613 1299 682 iuventutis
1318 628 1503 666 curam
1529 615 1847 683 susciperet.

274 711 628 777 Quinetiam,
669 723 790 762 cum
823 710 876 761 in
929 707 1068 760 hanc
1109 710 1297 760 urbem
1337 707 1614 771 venisset,
1665 720 1882 761 omnes

269 819 409 854 eum
431 803 916 863 circumsteterunt,
940 796 1071 849 nihil
1097 812 1202 850 non
1225 795 1547 858 deferentes,
1571 795 1703 848 nihil
1744 812 1848 849 nou

273 894 593 961 pollicentes
627 907 641 943 :
679 888 773 943 sed
810 903 932 942 eum
987 888 1223 941 retinere
1270 902 1374 939 non
1405 895 1716 956 potuerunt.
1756 885 1848 937 Vi-

271 985 478 1036 dentur
508 982 613 1034 [nec
640 979 956 1047 contigisse,
991 979 1072 1030 vel
1099 993 1219 1031 cum
1253 977 1482 1030 Basilius
1512 977 1738 1029 Athenis
1774 990 1852 1027 re-

271 1075 414 1136 dux,
470 1076 521 1125 ln
573 1070 746 1125 Ponto
790 1069 1025 1123 visenda:
1053 1069 1246 1120 matris
1287 1083 1448 1120 causa
1495 1076 1735 1120 moratus
1769 1073 1852 1118 est

272 1164 392 1230 (vix
415 1163 550 1216 enim
575 1161 794 1215 dubium
831 1159 960 1228 quin
992 1159 1096 1213 hoc
1112 1157 1344 1212 ofﬁcium
1385 1167 1509 1211 tunc
1533 1158 1689 1210 matri
1709 1172 1848 1224 prm-

273 1253 524 1321 stiterit),
551 1251 631 1305 vel
659 1267 782 1306 cum
803 1251 1030 1304 docendi
1065 1250 1203 1318 apud
1235 1247 1593 1302 Ctesaricnses
1625 1261 1850 1302 munere

277 1347 517 1412 solutus,
568 1359 720 1415 spem
777 1343 961 1413 injecit
1017 1340 1544 1396 Neoczesariensibus
1597 1341 1678 1394 sui
1731 1340 1852 1393 alli-

277 1438 477 1493 ciendi.

352 1531 457 1584 Sed
491 1529 672 1583 mundi
703 1527 931 1581 vinculis
960 1527 1252 1596 constringi
1286 1541 1346 1581 se
1381 1539 1486 1579 non
1519 1539 1711 1594 passus
1742 1531 1847 1588 est;

277 1640 340 1678 ac
371 1624 480 1677 cito
504 1621 573 1675 ab
610 1621 906 1675 honoribus
945 1619 1160 1673 fastidio
1189 1629 1243 1672 et
1271 1618 1524 1694 satietate
1565 1617 1848 1670 abaliena-

278 1724 380 1764 lus.
416 1711 528 1778 Qua
566 1712 618 1762 in
651 1725 708 1763 rc
737 1709 1026 1777 plurimum
1055 1708 1202 1762 illum
1226 1708 1446 1777 adjuvit
1485 1707 1722 1760 Macrina
1760 1718 1848 1757 so-

1955 525 2112 578 simnl
2163 534 2215 577 et
2247 526 2505 577 redivisse
2532 566 2545 589 ,
2577 530 2733 580 ambo
2785 528 2956 582 sacris
3010 531 3380 596 conciOnihus,
3418 549 3522 585 non

1970 616 2243 683 n'ysteriis
2280 614 2593 668 interfuisse
2637 619 2944 671 videantur.
2989 619 3076 669 Sic
3114 618 3255 672 enim
3289 619 3526 686 loquitur

1958 703 2040 773 (Ῑ)
2080 723 2091 757 :
2143 704 2246 756 Δύο
2283 705 2380 774 μὲν
2415 707 2767 778 ὲγνωρίζοντο
2791 711 2920 778 ἡμῖν
2954 709 3094 761 ὁδοίο
3137 712 3168 780 ἡ
3209 711 3305 779 μὲν
3335 709 3523 779 πρώτη

1965 795 2060 846 καὶ
2084 795 2400 866 τιμιωτέρα,
2430 798 2461 866 ἡ
2487 796 2542 848 δὲ
2571 797 2796 866 δευτέρα,
2819 799 2913 850 καὶ
2957 799 3014 851 οὐ
3048 799 3140 851 τοῦ
3176 799 3289 851 ἴσου
3323 800 3481 867 λόγου
3508 820 3519 831 ο

1954 883 1988 951 ἦ
2027 900 2084 935 τε
2117 883 2252 954 πρὸς
2277 885 2399 948 τοὺς
2423 888 2597 955 ἱεροὺς
2626 889 2778 956 ἡμῶν
2807 890 3017 952 οἴκους,
3052 891 3144 941 καὶ
3192 893 3316 954 τοὺς
3348 895 3523 945 ἐκεῖσε

1957 974 2316 1040 διδασκάλους
2362 977 2620 1047 φέρουσα,
2655 980 2747 1032 καὶ
2793 982 2824 1049 ἡ
2862 981 2995 1051 πρὸς
3025 982 3150 1045 τοὺς
3172 982 3365 1048 ἔξωθεν
3393 1001 3521 1036 παι-

1961 1065 2179 1128 δευτάς.
2209 1065 2338 1120 Duo:
2370 1070 2513 1121 nobis
2541 1070 2636 1121 vim
2683 1080 2821 1122 nota:
2847 1079 3018 1130 erant,
3071 1071 3236 1123 altera
3275 1074 3442 1138 prima
3475 1085 3520 1125 et

1954 1160 2318 1226 pra'slanlior,
2351 1159 2523 1212 altera
2555 1164 2803 1222 secunda,
2835 1173 2880 1213 ct
2915 1162 3178 1230 inferioris
3212 1165 3365 1230 pretii
3391 1179 3406 1214 :
3431 1164 3523 1216 illa

1959 1264 2138 1317 nempe
2165 1266 2281 1317 qum
2314 1251 2382 1301 ad
2412 1267 2591 1303 sacras
2621 1262 2824 1304 nostras
2854 1255 3062 1314 domos,
3089 1271 3273 1322 eosque
3298 1257 3384 1322 qui
3419 1257 3524 1308 illic

1960 1352 2109 1394 erant
2135 1345 2374 1395 doctores
2418 1342 2614 1410 ferebat
2639 1359 2654 1395 :
2690 1345 2800 1397 Itwc
2827 1357 3020 1412 autem,
3041 1365 3156 1416 qua:
3186 1349 3253 1400 ad
3287 1362 3524 1402 externos

1951 1443 2315 1499 pra'ceplm‘es.

2025 1522 2080 1574 lu
2111 1523 2304 1574 eadem
2341 1524 2591 1578 oratione
2638 1525 2703 1577 de
2740 1526 2899 1579 rebus
2937 1537 3053 1594 post
3101 1529 3330 1582 reditum
3359 1545 3385 1582 a
3415 1527 3522 1581 Ba-

1952 1613 2076 1666 silio
2103 1616 2269 1681 gestis
2306 1615 2555 1684 loquens,
2605 1619 2680 1672 sic
2710 1633 2831 1670 eum
2873 1620 2936 1672 ad
2968 1635 3182 1673 sacrum
3235 1625 3522 1690 presbyte—

1955 1719 2138 1758 rorum
2168 1707 2414 1759 ordinent
2449 1711 2758 1774 pervenisse
2783 1712 2937 1777 dicit,
2971 1725 3026 1765 ut
3055 1714 3200 1767 illum
3234 1716 3410 1767 divina
3441 1719 3526 1769 be-

279 1816 387 1861 ror,
414 1813 534 1866 qua:
561 1813 683 1850 cum
717 1797 866 1849 illum
897 1797 1121 1852 vidisset
1150 1796 1309 1849 nimis
1335 1795 1619 1864 magnifice
1651 1797 1714 1848 de
1736 1793 1845 1846 elo-
1884 1769 1925 1826 Β
1957 1797 2189 1862 nignitas
2224 1815 2325 1851 non
2356 1799 2527 1852 subito
2564 1803 2632 1853 ad
2668 1804 2804 1856 hunc
2844 1804 3064 1872 gradum
3096 1807 3410 1866 subveheret,
3434 1825 3526 1861 nec

276 1889 495 1958 quentia
547 1888 750 1942 sentire
777 1929 792 1951 ,
837 1903 900 1941 ac
943 1887 1237 1955 dignitates
1271 1902 1459 1940 omnes
1490 1884 1847 1946 ﬂoccifecerc,

273 1997 322 2033 et
349 1981 490 2035 fastu
525 1982 759 2050 quodam
785 1995 946 2048 supra
974 1979 1220 2032 homines
1253 1987 1520 2045 potestate
1561 1976 1738 2030 claros
1771 1975 1851 2028 ef-

273 2073 420 2136 ferri,
448 2073 702 2126 celeriter
723 2073 790 2124 ad
820 2072 1111 2124 asceticam
1155 2070 1344 2135 vitam,
1378 2086 1539 2138 quant
1574 2070 1686 2137 ipsa
1721 2085 1846 2137 pro-

274 2164 548 2226 fitebatur,
574 2163 820 2215 attraxit.
859 2162 986 2216 [hec
1029 2161 1287 2215 discimus
1324 2176 1389 2214 ex
1426 2149 1686 2229 Gregorio
1717 2160 1852 2230 Nys-

273 2271 421 2317 scnn,
450 2255 608 2324 cujus
639 2255 803 2306 verba
846 2255 1007 2306 etiam
1036 2253 1222 2306 Grazce
1253 2253 1556 2305 referenda.
1589 2250 1839 2304 Sitteninl

273 2349 508 2415 loquitur
547 2347 598 2398 in
635 2344 751 2398 Vita
785 2346 846 2398 S.
878 2343 1132 2397 Macrimc
1162 2361 1178 2397 :
1212 2343 1466 2396 Λαόοὗσα
1489 2342 1665 2394 τοίνυν
1692 2343 1854 2395 αὑτὸν

271 2441 370 2492 ὑπε
381 2440 565 2510 ρφυῶς
590 2439 902 2510 ἐπηρμένον
926 2436 1004 2507 τῷ
1021 2437 1145 2508 περὶ
1164 2437 1286 2500 τοὺς
1310 2435 1499 2503 λόγους
1523 2437 1850 2506 φρονήματι,

271 2534 362 2584 καὶ
392 2532 572 2585 πάντα
626 2529 1061 2601 περιφρονοῦντα
1101 2528 1168 2581 τὰ
1203 2527 1488 2598 ἀξιώματα
1514 2568 1527 2590 ,
1568 2528 1660 2580 καὶ
1691 2529 1854 2598 ὑπὲρ

272 2621 390 2683 τοὺς
417 2621 474 2672 ἐν
497 2621 564 2689 τῇ
590 2618 878 2688 δυναστείᾳ
906 2618 1190 2688 λαμπροὺς
1223 2617 1532 2688 ἐπηρμένον
1561 2617 1637 2686 τῷ
1666 2618 1812 2689 ὄγκῳ
1836 2658 1848 2680 ,

272 2711 510 2766 τοσούτω
558 2712 714 2781 τάχει
764 2712 1016 2764 κάκεῖνον
1069 2714 1204 2780 πρὸς
1259 2711 1348 2762 τὸν
1393 2710 1493 2780 τῆς
1537 2711 1852 2780 φιλοσοφίας

277 2805 472 2857 σκοπὸν
503 2802 878 2855 ἐπεσπάσατο.
909 2800 1130 2854 Videtur
1160 2800 1286 2853 huic
1332 2802 1640 2855 testimonio
1672 2803 1850 2870 aliqua

279 2899 448 2950 inesse
480 2895 852 2963 exaggeratio.
891 2891 1024 2945 Nam
1053 2902 1284 2944 tcStatur
1301 2891 1595 2959 Gregorius
1620 2891 1851 2945 Nazian-

279 3004 436 3043 zenus
469 2988 542 3058 (ε)
577 3003 637 3041 se
682 2997 736 3040 et
773 2985 1034 3037 Basilium
1089 2999 1264 3037 scena:
1295 2985 1478 3036 mundi
1511 2984 1716 3052 aliquid
1748 2985 1849 3036 tri-

1955 1890 2110 1941 simul
2140 1906 2254 1942 eum
2303 1899 2353 1942 et
2401 1891 2632 1945 ablueret
2666 1904 2714 1946 et
2745 1897 3005 1961 sapientia
3054 1898 3328 1950 instrueret
3364 1899 3525 1968 (οὐδὲ

1954 1980 2090 2050 ὁμοῦ
2124 1997 2182 2032 τε
2221 1981 2468 2034 πλύνασα
2492 1983 2586 2035 καὶ
2625 1985 2940 2053 coelo-ma),
2965 1988 3398 2054 quemadmodum
3421 1994 3525 2055 ple-

1955 2089 2142 2142 rosque
2171 2089 2355 2126 eorum
2385 2075 2474 2140 qui
2507 2092 2644 2129 nunc
2679 2073 2977 2129 antistitum
3030 2093 3218 2131 munus
3241 2089 3484 2146 appetunt
3507 2097 3525 2132 :

1956 2180 2132 2216 rerum
2169 2166 2353 2218 ordine
2381 2175 2430 2218 et
2464 2166 2761 2233 spiritualis
2791 2168 3176 2234 progressionis
3229 2169 3336 2236 lege
3365 2209 3379 2232 ,
3431 2171 3526 2222 hoc

1956 2270 2070 2304 eum
2099 2254 2294 2306 honore
2321 2254 2562 2323 afﬁceret.
2606 2257 2722 2310 Hoc
2763 2258 2928 2310 verbo
2959 2255 3205 2311 πλύνασα
3232 2259 3528 2326 baptismus

1958 2345 2240 2398 manifeste
2272 2346 2609 2416 designatur.
2659 2346 3046 2413 Quamobrem,
3077 2365 3198 2403 cum
3233 2350 3528 2419 Gregorius

1956 2436 2020 2487 de
2051 2437 2116 2488 iis
2148 2436 2396 2504 loquatur
2431 2453 2550 2505 qua:
2583 2437 2806 2491 Basilius
2861 2439 3088 2492 Athenis
3127 2454 3375 2493 reversus
3406 2455 3527 2507 ges-

1964 2527 2054 2586 sit,
2093 2542 2322 2594 cumque
2351 2527 2494 2581 dicat
2517 2543 2621 2581 non
2653 2530 2834 2581 statim
2862 2529 3186 2598 baptizatmn
3217 2538 3270 2581 et
3303 2533 3527 2600 presby-

1960 2627 2130 2669 terum
2170 2618 2373 2670 faetum
2404 2618 2591 2686 luisse,
2617 2633 2717 2672 nec
2744 2619 2976 2673 obscura
3009 2636 3105 2673 nec
3127 2620 3357 2674 dillicilis
3397 2637 3530 2675 con-

1957 2707 2130 2761 clusio
2160 2719 2243 2763 est
2271 2725 2393 2761 eum
2433 2709 2726 2778 baptismo,
2757 2705 3040 2779 pastquam
3074 2713 3302 2766 Athenis
3347 2713 3524 2776 rediit,

1959 2801 2231 2854 initiatum
2288 2799 2474 2856 fuisse.
2516 2801 2783 2855 Przeterea
2823 2805 2902 2857 sic
2953 2803 3528 2874 obscrvatGregorius

1956 2895 2300 2947 intervallum
2329 2897 2471 2962 quod
2511 2895 2650 2948 inter
2685 2895 2864 2950 Basilii
2900 2897 3221 2965 baptismum
3265 2910 3319 2952 et
3351 2914 3529 2952 sacer-

1955 2988 2157 3040 dotium
2184 2987 2413 3047 exstitit,
2454 2987 2533 3040 sic
2557 3001 2651 3041 eos
2674 2989 2843 3054 carpit
2871 2989 2962 3058 qui
2995 3006 3023 3041 a
3053 2989 3316 3055 baptismo
3345 2989 3408 3042 ad
3438 3005 3527 3044 sa-

279 3083 472 3144 buisse,
509 3096 618 3133 non
653 3077 1041 3133 ostentationis
1073 3076 1254 3128 studio
1285 3076 1378 3144 (ab
1417 3077 1517 3128 hoc
1547 3075 1691 3128 enim
1723 3075 1850 3127 vitio
1877 3116 1919 3172 ϐ
1958 3079 2259 3132 cerdotium
2292 3079 2562 3142 assiliunt,
2594 3088 2653 3132 ttt
2687 3079 2828 3132 laudi
2862 3090 3097 3149 apponat
3127 3080 3343 3142 Basilio,
3383 3086 3524 3152 quod

279 3175 477 3227 alienos
525 3187 648 3226 sese
697 3169 913 3239 fuisse),
953 3169 1048 3222 sed
1085 3179 1142 3220 ut
1175 3167 1528 3236 plurimorum
1578 3166 1852 3220 desiderio

281 3264 644 3332 perfunctorie
668 3261 1073 3316 satisfacerent.
1103 3258 1376 3312 Lenienda
1409 3274 1537 3326 ergo
1561 3259 1736 3326 aliqua
1768 3258 1852 3311 ἰη-

285 3358 665 3425 terpretatione
716 3356 879 3410 verba
914 3354 1159 3422 Gregorii
1197 3351 1461 3418 Nysseni;
1511 3365 1608 3403 nec
1656 3358 1852 3418 putan—

287 3455 402 3502 dum
430 3460 580 3502 tanto
607 3449 746 3500 fastu
778 3446 983 3500 elatum
1018 3444 1183 3497 fuisse
1219 3441 1474 3496 Basilium
1496 3482 1510 3505 ,
1544 3441 1636 3494 sed
1685 3439 1847 3503 forte,

281 3546 396 3594 dum
429 3540 758 3607 eloquentia:
811 3552 922 3591 sua:
978 3533 1275 3604 specimina
1327 3533 1535 3586 civibus
1588 3531 1848 3596 exhibet,

282 3633 544 3699 plausibus
584 3629 857 3683 interdum
883 3627 1140 3681 delectari
1175 3626 1344 3679 visum
1376 3639 1534 3688 esse;
1565 3624 1704 3676 unde
1738 3638 1849 3677 Ine-

285 3738 360 3778 tns
385 3726 622 3793 injectus
653 3721 853 3783 sorori,
885 3733 951 3773 ne
987 3719 1073 3772 his
1098 3718 1308 3785 laqueis
1338 3716 1545 3769 arctius
1581 3716 1844 3778 irretitus,

281 3817 524 3882 deinceps
559 3827 620 3868 se
648 3812 906 3881 expedire
943 3827 1044 3864 non
1073 3818 1272 3878 posset.
1306 3807 1571 3861 Praiterea
1600 3821 1698 3860 nec
1735 3808 1847 3876 ipsa

284 3905 505 3960 "iiacrina
533 3915 725 3959 auctor
750 3904 850 3956 fuit
880 3901 1098 3967 Basilio,
1126 3911 1184 3953 ιιι
1219 3901 1513 3953 asceticam
1536 3898 1701 3951 vitam
1735 3915 1850 3951 am-

283 4001 620 4065 plecteretur,
654 3996 750 4049 sed
781 4005 987 4048 tantum
1017 3993 1218 4046 hortari
1257 3992 1453 4059 potuit,
1482 4001 1539 4044 ιιι
1565 3990 1847 4044 consilium

287 4092 576 4157 perliceret,
604 4089 748 4158 quod
782 4087 986 4141 dudum
1027 4086 1364 4152 intendebat,
1407 4093 1593 4152 atque,
1631 4092 1683 4136 ut
1713 4082 1847 4136 dici-

289 4193 382 4242 tur,
414 4187 729 4232 currentem
761 4176 1009 4229 inritare.

345 4270 404 4322 Il.
434 4269 631 4322 Narrat
658 4267 892 4322 Basilius
921 4267 998 4335 (ιι)
1041 4265 1314 4334 quomodo
1349 4263 1520 4318 effuso
1557 4263 1608 4316 in
1641 4279 1846 4333 paupe-

285 4375 361 4415 res
385 4359 714 4429 patrimonio
753 4367 922 4411 totum
969 4373 1029 4411 se
1079 4359 1186 4410 Deo
1223 4357 1650 4410 consecraverit.
1705 4356 1848 4409 Idem

1956 3183 2062 3220 non
2096 3167 2362 3233 ejusmodi
2393 3167 2640 3220 homines
2691 3169 2932 3222 imitatus
2964 3170 3057 3233 sit,
3109 3185 3232 3224 cum
3265 3173 3526 3240 potuisset

1956 3257 2177 3310 imitari.
2211 3260 2276 3309 At
2313 3258 2399 3324 qui
2433 3257 2613 3311 infans
2637 3268 2730 3311 aut
2760 3259 3076 3314 adolescens
3099 3263 3399 3330 baptizatus
3422 3275 3526 3332 est,

1954 3363 2021 3400 an
2055 3348 2267 3402 laudem
2302 3360 2541 3403 meretur
2575 3350 2645 3403 ob
2675 3351 3036 3405 sacerdotium
3082 3369 3188 3407 non
3219 3355 3398 3408 statim
3434 3371 3526 3423 ap-

1955 3441 2173 3510 petitum
2197 3441 2220 3493 ?

2026 3533 2284 3586 Basiliam
2321 3533 2615 3602 baptizavit
2652 3535 2872 3590 Diauius
2915 3536 3284 3592 Caesariensis.
3337 3538 3528 3594 Testa-

1954 3633 2040 3678 tur
2077 3626 2224 3677 enim
2255 3625 2330 3693 (g)
2366 3639 2425 3680 se
2471 3641 2500 3678 a
2557 3626 2692 3690 viro,
2739 3629 2830 3694 qui
2874 3629 2961 3680 diu
2996 3629 3045 3680 in
3085 3630 3383 3683 ministerio
3433 3632 3524 3684 Dei

1958 3717 2116 3780 vixit,
2159 3716 2492 3784 baptizatum
2523 3717 2688 3770 fuisse
2721 3729 2772 3770 et
2818 3719 3068 3773 Ecclesim
3105 3721 3402 3773 ministerio
3434 3722 3529 3773 ad-

1952 3818 2182 3861 motum.
2218 3807 2327 3861 Soli
2365 3807 2552 3861 Dianio
2579 3807 2692 3862 haec
2713 3809 2863 3876 signa
2899 3823 3216 3878 congruunt.
3253 3811 3382 3864 Nam
3402 3827 3525 3866 cum

1953 3902 1997 3954 is
2021 3903 2086 3955 ab
2113 3915 2255 3955 anno
2283 3900 2471 3954 sal.em
2500 3900 2624 3963 3H,
2650 3915 2757 3969 quo
2789 3899 3029 3954 interfuit
3077 3903 3308 3955 concilio
3335 3903 3527 3955 Antio-

1954 3993 2131 4046 cheno
2160 4007 2330 4059 usque
2361 3995 2428 4044 ad
2455 4008 2654 4044 ammm
2687 3991 2792 4044 56:).
2817 3989 3110 4045 Ecclesiam
3136 3993 3523 4046 Cazsariensem

1953 4085 2190 4147 rexerit;
2221 4099 2321 4136 nec
2350 4083 2464 4149 ejus
2515 4097 2797 4136 successor
2825 4082 3085 4137 Eusebius
3133 4084 3388 4136 Basilium
3425 4084 3521 4138 ba-

1951 4176 2161 4242 ptizare
2207 4175 2403 4244 potuit,
2464 4190 2561 4228 nec
2595 4189 2716 4226 eum
2759 4173 3014 4229 decessor
3049 4173 3412 4244 Hermogenes
3450 4176 3524 4229 Ie-

1955 4279 2159 4322 ctorcm
2197 4270 2507 4333 instituere,
2542 4269 2631 4336 qui
2662 4283 2786 4321 cum
2818 4268 3044 4322 Athenis
3075 4279 3403 4328 versaretur,
3425 4269 3524 4322 lai-

1967 4377 2061 4415 cus
2119 4363 2183 4412 ad
2223 4360 2414 4412 luit-um
2453 4361 2669 4428 scripsit
2719 4359 3130 4427 Apollinarium.
3186 4361 3311 4414 Inde
3342 4371 3521 4413 autem

288 4455 344 4508 de
387 4469 446 4509 se
486 4464 676 4507 narrat
725 4453 1023 4522 Gregorius
1074 4451 1176 4522 (e);
1216 4452 1310 4504 sed
1349 4461 1542 4504 neuter
1593 4451 1844 4519 baptismi
1881 4453 1924 4507 D
1956 4454 2312 4506 confirmatur
2342 4450 2482 4519 quod
2515 4450 2579 4504 de
2607 4450 2788 4505 Basilii
2821 4451 3091 4518 baptismo
3117 4451 3367 4503 diximus.
3397 4449 3525 4502 Per-

289 4548 600 4602 mentionem
651 4547 800 4610 facit,
849 4546 1098 4612 quamvis
1148 4552 1362 4598 constet
1387 4541 1710 4612 Gregorium
1751 4544 1848 4596 ιω»

290 4643 533 4708 ptizatum
571 4638 762 4700 fuisSe,
793 4649 1076 4705 postquam
1116 4637 1274 4688 rediit
1318 4636 1567 4689 Athenis.
1603 4635 1678 4688 De
1704 4635 1848 4688 Basi-

292 4733 352 4784 lio
383 4731 479 4784 hoc
509 4738 718 4780 tantum
751 4739 900 4779 certo
931 4727 1154 4788 scimus,
1193 4725 1310 4794 ejus
1346 4726 1677 4792 baptismum
1705 4725 1844 4777 dila-

294 4833 390 4875 tum
419 4821 603 4881 fuisse,
633 4825 824 4871 saltem
850 4833 1020 4884 usque
1049 4817 1113 4867 ad
1148 4817 1277 4869 illud
1305 4827 1516 4884 tempus
1537 4832 1642 4882 quo
1666 4816 1844 4870 (Stesa-

291 4930 417 4969 ream
450 4913 652 4965 missus
678 4921 778 4963 est.
824 4909 1014 4963 Utrum
1048 4920 1227 4960 autem
1263 4909 1428 4961 etiam
1457 4923 1626 4975 usque
1657 4910 1724 4959 ad
1758 4923 1842 4961 rc-

290 5009 437 5061 ditmu
466 5019 532 5057 ex
568 5001 796 5064 Grarcia,
827 5000 878 5052 id
913 5016 1018 5052 non
1074 5001 1144 5051 ita
1197 5000 1536 5066 exploratum
1581 4977 1702 5051 est:
1749 4999 1843 5051 sed

293 5110 445 5152 tamen
485 5096 721 5147 libenter
773 5092 1093 5145 crediderim
1139 5107 1260 5142 eum
1310 5091 1458 5143 circa
1509 5104 1708 5141 annum
1737 5089 1841 5142 557

293 5189 544 5260 mysteriis
576 5186 858 5239 initiattnn
885 5183 1070 5236 fuisse.
1106 5183 1240 5235 Nam
1280 5181 1596 5250 Gregorius,
1633 5181 1724 5249 qui
1751 5196 1840 5234 ca-

295 5284 629 5337 tecbumcnus
663 5286 782 5330 erat
827 5275 1075 5337 Athenis,
1129 5275 1208 5328 sic
1256 5289 1411 5328 suum
1458 5289 1580 5327 cum
1641 5271 1841 5327 Basilio

292 5371 506 5424 omnium
535 5383 718 5422 rerum
742 5381 1067 5420 consensum
1102 5364 1384 5432 describit,
1409 5374 1466 5418 ut
1489 5378 1751 5434 nusquam
1779 5363 1844 5416 il-

350 5550 412 5621 (τι)
439 5548 591 5621 Orat2
613 5548 710 5621 20.

352 5618 410 5689 (ιη
440 5621 532 5684 Ep.
565 5618 692 5689 sto,
721 5619 849 5689 ωε.

349 5687 406 5754 (ε)
435 5690 527 5741 Or.
556 5687 628 5740 ‘20
657 5701 708 5740 et
748 5687 847 5740 Vit.

348 5762 412 5828 (ti)
453 5760 543 5828 Ισῖρ.
575 5757 700 5825 225,
743 5776 793 5810 ll.
821 5758 876 5810 2.

1957 4545 2189 4613 Spit-itur
2223 4545 2364 4596 enim
2409 4543 2526 4611 ejus
2551 4543 2879 4610 baptismum
2919 4543 3137 4597 dilatmn
3168 4542 3330 4596 fuisse
3360 4557 3388 4594 a
3427 4557 3522 4605 pa-

1960 4637 2226 4690 rentibus.
2266 4635 2382 4688 Alia
2421 4644 2596 4688 autem
2631 4633 2909 4688 differendi
2942 4650 3100 4686 causa
3131 4649 3250 4686 esse
3296 4649 3396 4684 non
3427 4648 3521 4701 po-

1963 4729 2085 4788 t.uit,
2119 4727 2221 4780 nisi
2260 4739 2318 4780 ut
2361 4738 2465 4778 tant
2495 4727 2750 4780 eximium
2780 4729 2976 4778 donum
3003 4724 3376 4778 adolescentiae
3400 4740 3501 4776 nan

1957 4819 2144 4887 lragiis
2181 4835 2284 4872 non
2319 4831 2675 4888 exponerent.
2706 4821 2773 4872 At
2794 4821 2977 4872 eadem
3017 4832 3178 4870 causa
3207 4818 3374 4870 multo
3403 4833 3524 4887 gra-

1957 4909 2076 4961 vior
2105 4909 2348 4972 exstitit,
2416 4926 2536 4962 cum
2601 4907 3117 4976 Constantinopolim
3175 4916 3228 4959 et
3287 4906 3524 4958 Athenas

1956 5005 2153 5055 missus
2183 5012 2264 5055 est
2299 5021 2312 5054 :
2347 5003 2622 5070 quibusin
2659 5001 2882 5055 urbibus
2911 5011 3162 5068 perpetua
3206 4999 3522 5052 innocentiae

1954 5105 2009 5148 ct
2052 5094 2171 5146 fidei
2201 5093 2435 5162 pericula
2476 5095 2846 5147 imminebant.

2027 5184 2178 5250 Quod
2217 5185 2260 5237 si
2311 5184 2492 5238 Basilii
2546 5186 2846 5252 baptismns
2887 5199 3053 5250 usque
3084 5183 3148 5235 ad
3181 5181 3408 5236 reditum
3455 5194 3519 5232 ex

1954 5275 2256 5328 litterarmn
2290 5277 2483 5329 studiis
2520 5276 2717 5328 dilatus
2755 5277 2872 5339 luit,
2907 5279 2990 5327 vix
3025 5276 3243 5329 dubium
3279 5282 3361 5327 est
3393 5274 3519 5339 quin

1949 5373 2060 5419 tum
2098 5365 2312 5418 demum
2343 5366 2648 5434 baptizatus
2676 5364 2859 5428 fuerit,
2909 5382 3028 5418 cum
3071 5377 3188 5418 sese
3247 5379 3276 5416 a
3336 5363 3517 5416 tntnnli

2021 5546 2092 5612 (ε)
2123 5545 2197 5600 De
2241 5545 2342 5597 γη.

2020 5621 2061 5685 (Ι
2083 5629 2099 5684 )
2125 5618 2218 5670 0r.
2246 5618 2334 5668 ‘20.

2033 5691 2109 5757 (ξι)
2145 5687 2261 5742 Lib.
2295 5685 2369 5740 De
2406 5684 2601 5754 Spiritu
2634 5699 2833 5752 sancto,
2865 5704 2979 5754 cap.
3008 5685 3094 5738 ‘19.
