3958 6212
390 341 484 386 ειν

1792 321 2325 380 ΡιιοιΕυοΜΕΝΑ.

393 455 554 494 scena
607 440 890 494 abstraxit.
931 439 1064 495 Cum
1119 440 1260 495 enim
1320 442 1705 512 prmparandds
1754 444 1964 498 animus
1992 445 2038 500 Α
2072 441 2169 503 vit,
2205 448 2258 491 et
2296 435 2547 490 omnibus
2582 434 2770 487 statuit
2816 431 3021 485 nudare
3059 429 3231 495 bonis,
3276 439 3331 484 ut
3361 429 3635 484 Christum

397 532 498 585 fuit
529 533 594 584 ad
644 542 848 586 tantum
882 533 1220 602 mySterium,
1269 543 1380 587 tum
1412 550 1542 588 vero
1595 535 1704 602 ipse
1732 534 1962 590 Basilius

398 622 640 676 declarat
674 623 725 675 in
756 623 915 690 epist.
946 623 1074 689 225,
1131 639 1190 678 se
1243 625 1461 678 intimos
1504 625 1717 694 pietatis
1771 639 1961 678 sensus

396 717 699 783 concipere,
731 725 787 770 et
824 715 1082 784 quidquid
1126 717 1366 770 sordium
1401 716 1733 785 ex-profanis
1767 716 1962 770 studiis

397 815 451 859 et
488 807 761 860 hominum
793 808 1159 875 improborum
1192 809 1580 862 consuetudine
1609 816 1957 876 conceperat,

401 908 654 950 excutere
676 898 925 965 cmpisse,
977 913 1096 951 cum
1126 913 1220 952 sua
1267 899 1446 952 omnia
1483 899 1806 968 pauperibus
1849 898 1960 953 dis-

401 986 658 1051 tribuere,
694 1002 756 1040 ac
783 988 833 1040 in
859 987 1200 1042 solitudinem
1237 1002 1355 1041 sese
1386 987 1628 1054 recipere
1663 987 1874 1040 statuit.

465 1075 662 1130 Lector
697 1078 765 1130 ab
790 1078 978 1130 eodem
1015 1077 1202 1130 Dianio
1251 1078 1534 1132 institutus
1579 1086 1662 1130 est
1693 1076 1960 1141 Basilius,

397 1181 501 1220 non
539 1165 706 1219 multo
728 1175 848 1234 post
866 1166 1188 1234 baptismum
1220 1166 1314 1238 (α).
1345 1168 1536 1223 Utrum
1566 1176 1742 1220 autem
1769 1167 1819 1220 id
1845 1182 1962 1220 eve-

396 1255 536 1307 nerit
569 1255 753 1308 statim
787 1266 905 1323 post
946 1256 1302 1325 baptismum,
1355 1272 1422 1310 an
1453 1265 1573 1325 post
1611 1258 1845 1311 reditum
1897 1271 1962 1309 ex

395 1344 704 1408 itineribus,
737 1361 856 1414 quae
882 1347 949 1400 ab
977 1361 1043 1400 eo
1076 1356 1329 1416 suscepta
1369 1348 1530 1401 modo
1581 1347 1918 1404 narrabimus
1943 1389 1958 1416 ,

397 1436 447 1488 id
482 1436 730 1502 equidem
754 1453 858 1490 non
891 1438 1024 1492 mihi
1058 1439 1246 1493 videor
1270 1453 1426 1508 posse
1449 1447 1708 1493 statuere.

464 1523 551 1579 lll.
593 1524 746 1579 Circa
791 1526 921 1579 illud
971 1535 1184 1596 tempus
1229 1527 1412 1581 amisit
1456 1527 1686 1582 Basilius
1739 1526 1959 1581 fratrem

395 1613 743 1671 Naucratium
776 1616 872 1687 (b),
932 1619 1071 1672 tristi
1123 1619 1348 1688 quodam
1393 1635 1519 1674 casu
1567 1619 1856 1674 sublatum.
1911 1619 1963 1673 Is

395 1717 518 1774 post
552 1707 809 1762 Basilium
843 1719 972 1763 natu
1007 1711 1300 1774 maximus,
1328 1711 1463 1765 mira
1493 1713 1724 1779 quadam
1763 1712 1958 1776 indole,

2068 540 2212 586 totus
2249 529 2514 583 indueret.
2554 527 2880 580 Promiserat
2909 523 2957 577 ei
3005 522 3297 590 Gregorius
3327 523 3550 576 Athenis
3579 536 3639 574 se

2067 638 2186 678 cum
2219 622 2366 676 eoin
2413 619 2656 674 eamdem
2711 616 3054 672 solitudinem
3102 630 3484 680 recessurum;
3539 616 3634 666 sed

2066 729 2186 769 cum
2219 711 2468 766 amicitiae
2497 711 2665 780 legem
2701 707 2891 761 debitae
2914 706 3227 776 parentibus
3268 706 3448 774 pietati
3485 714 3638 774 post-

2071 808 2274 860 habere
2304 803 2594 872 Gregorius
2616 810 2900 871 cogeretur
2928 799 3030 871 (c);
3061 799 3345 852 destitutus
3373 798 3472 850 hoc
3498 811 3635 864 pra!-

2067 899 2202 954 sidio
2254 895 2484 950 Basilius
2526 893 2626 964 (d),
2669 893 2992 947 monasteria
3039 889 3276 945 Orientis
3321 899 3373 943 et
3417 889 3631 958 [Egypti

2066 990 2294 1043 invisere
2339 987 2543 1049 statuit,
2593 993 2651 1038 ut
2695 983 2933 1052 perfecta
2974 983 3235 1036 virtutum
3285 983 3528 1048 exentpla
3567 982 3633 1032 ad

2065 1078 2387 1132 imitandum
2435 1077 2678 1131 haberet.
2727 1073 2922 1129 Narrat
2967 1074 3082 1143 ipse
3112 1071 3181 1143 (ε)
3230 1088 3289 1125 se
3337 1072 3636 1124 itmumeris

2065 1171 2339 1224 laboribus
2380 1170 2430 1222 in
2461 1167 2670 1238 Syriam
2707 1166 3041 1234 pervenisse,
3095 1180 3158 1219 ac
3205 1164 3326 1218 inde
3376 1165 3427 1215 in
3464 1161 3634 1231 Aigy-

2070 1272 2218 1333 ptum
2241 1262 2400 1332 longo
2434 1272 2488 1314 et
2515 1259 2719 1315 dillicili
2761 1261 2955 1313 itinere
2981 1255 3278 1326 profectum
3308 1269 3447 1308 esse.
3493 1255 3638 1308 Vidit

2066 1353 2447 1407 sanctissimos
2472 1352 2618 1404 viros
2656 1347 2996 1402 Alexandria:
3044 1354 3098 1400 et
3152 1347 3204 1401 in
3235 1345 3436 1413 reliqua
3466 1344 3634 1412 x‘Egy-

2069 1457 2165 1515 pto
2189 1444 2280 1514 (ί),
2297 1458 2361 1498 ac
2384 1444 2435 1496 in
2459 1441 2738 1495 Palaestina
2759 1437 3117 1508 etCaalesyria
3141 1447 3192 1492 et
3217 1437 3634 1504 Mesopotamia:

2068 1535 2294 1588 miratus
2321 1542 2403 1587 est
2450 1545 2634 1585 eorum
2681 1530 2732 1584 in
2769 1527 3045 1582 laboribus
3085 1527 3421 1596 perferendis
3468 1525 3635 1578 animi

2067 1625 2449 1679 fortitudinem
2480 1632 2534 1678 et
2565 1623 2614 1676 in
2652 1621 2854 1676 orando
2893 1619 3248 1673 constantiam
3277 1635 3290 1670 :
3335 1615 3635 1684 obstupuit,

2073 1729 2197 1767 cum
2242 1727 2338 1767 eos
2367 1711 2573 1765 videret
2611 1726 2860 1764 somnum
2907 1722 3184 1775 superare,
3217 1721 3314 1759 nec
3343 1705 3446 1757 ulla
3477 1712 3638 1756 natu-

394 1807 448 1849 et
483 1799 728 1866 corporis
778 1809 1062 1853 venustate
1101 1815 1165 1854 ac
1211 1799 1416 1855 viribus
1461 1809 1516 1854 et
1554 1801 1854 1864 celeritate,
1909 1811 1962 1855 et
1997 1794 2039 1849 Β
2072 1804 2166 1856 rali
2203 1802 2530 1858 necessitate
2567 1799 2792 1865 inflecti,
2829 1800 2922 1854 sed
2955 1799 3007 1852 in
3054 1797 3196 1851 fame
3227 1805 3279 1848 et
3306 1795 3416 1857 siti,
3458 1793 3511 1846 in
3541 1791 3641 1845 fri-

395 1888 594 1941 eximia
623 1889 690 1942 ad
725 1891 905 1944 omnia
943 1891 1218 1945 habilitate
1257 1893 1468 1946 caeteris
1498 1894 1808 1963 praestabat.
1857 1893 1962 1949 Sed

395 1997 517 2034 cum
563 1997 759 2035 annum
793 1993 1073 2038 assecutus
1111 1993 1255 2040 esset
1286 1986 1604 2039 vicesimum
1638 1987 1960 2049 secundum,

395 2091 459 2137 ac
482 2076 691 2146 publica
727 2077 1051 2147 eloquentiae
1082 2095 1192 2134 suat
1230 2081 1521 2147 specimiua
1571 2081 1807 2134 dedisset
1841 2097 1962 2134 cum

395 2183 604 2222 summa
633 2169 964 2224 audientium
993 2172 1371 2238 admiratione,
1406 2171 1570 2226 subiit
1602 2172 1747 2225 illum
1773 2173 1965 2228 divina:

396 2259 584 2326 gratiae
608 2259 748 2314 dono
770 2258 1044 2315 fastidium
1073 2262 1280 2326 mundi,
1307 2277 1370 2315 ac
1394 2263 1644 2316 omnibus
1669 2264 1828 2318 rebus
1854 2264 1965 2318 suis

398 2349 672 2416 projectis,
705 2351 790 2405 vel
823 2355 1003 2421 potius
1038 2353 1150 2407 Deo
1189 2353 1406 2418 dicatis,
1441 2353 1506 2407 ad
1562 2353 1856 2408 solitariam
1902 2370 1966 2409 ac

396 2457 685 2510 pauperem
716 2445 880 2498 vitam
907 2460 1104 2513 magno
1135 2444 1300 2498 animi
1337 2446 1530 2500 ardore
1571 2448 1827 2501 accurrit.
1862 2446 1963 2502 Se-

395 2545 552 2589 cutus
582 2545 664 2590 est
707 2536 856 2590 illum
890 2553 1030 2591 unus
1070 2553 1133 2592 ex
1185 2537 1418 2601 famulis,
1452 2535 1821 2608 Chrysaphius
1864 2555 1964 2594 no.

400 2627 576 2692 mine,
625 2629 717 2698 qui
767 2643 887 2682 eum
924 2629 1200 2698 diligebat,
1233 2643 1295 2682 ac
1339 2625 1577 2697 ejusdem
1620 2631 1742 2684 vita:
1788 2631 1966 2686 studio

399 2717 704 2770 tenebatur.
745 2717 980 2773 Secessit
1016 2730 1235 2788 propter
1271 2718 1464 2774 lridem
1510 2719 1728 2774 ﬂuvium
1771 2721 1822 2774 in
1858 2720 1966 2774 col-

397 2805 502 2860 lem
553 2810 838 2878 quemdam
889 2813 1056 2864 denso
1104 2824 1323 2864 nemore
1371 2811 1662 2875 consitmn,
1703 2819 1754 2864 et
1804 2811 1966 2864 dorso

397 2900 640 2967 ιιι-πριιιΙεὶ
671 2902 870 2955 montis
897 2902 1253 2956 reconditum.
1286 2902 1364 2956 lbi
1395 2905 1461 2956 ab
1486 2903 1699 2955 urbium
1734 2903 1966 2957 tumultu

395 2999 450 3042 et
481 2988 687 3044 militiae
721 3005 786 3044 ac
826 2989 926 3044 fori
975 2989 1425 3058 occupationibus
1467 2999 1706 3044 remotus
1746 2991 1966 3058 quibus-

397 3083 519 3136 dam
550 3082 809 3137 solitariis
843 3082 1068 3137 senibus
1109 3097 1166 3137 se
1199 3082 1440 3149 tradidit,
1472 3083 1667 3150 quibus
1703 3083 1882 3152 inopia
1913 3091 1968 3136 et

2071 1909 2200 1965 gere
2232 1905 2288 1949 et
2311 1894 2551 1948 nuditate
2574 1892 2891 1946 indomitum
2921 1890 3085 1945 animi
3124 1889 3289 1942 robur
3317 1900 3557 1948 servare,
3583 1895 3640 1938 et

2066 1997 2320 2055 tanquam
2349 1985 2521 2039 aliena
2564 1986 2615 2038 in
2642 1998 2808 2038 carne
2834 1983 3033 2036 vivere.
3065 1978 3172 2033 Sed
3198 1988 3454 2046 quantmn
3488 1975 3636 2027 illum

2057 2076 2286 2146 juvabat
2323 2077 2440 2130 haec
2471 2075 2772 2129 sanctitatis
2802 2071 3134 2140 exemplaria
3181 2069 3475 2135 respicere,
3521 2077 3640 2119 tan-

2068 2175 2179 2221 tum
2223 2167 2270 2220 ei
2319 2166 2576 2220 mteroris
2623 2163 2921 2218 attulerunt
2964 2158 3347 2220 dissensiones,
3390 2173 3509 2224 quae
3555 2155 3642 2209 bis

2067 2259 2425 2327 temporibus,
2469 2266 2529 2310 ut
2576 2270 2698 2310 cum
2756 2253 3011 2320 maxime,
3061 2251 3361 2306 fervebant.
3418 2246 3643 2302 Videbat

2068 2351 2350 2421 episcopos
2389 2350 2533 2417 ipsos
2560 2347 2702 2401 inter
2735 2360 2794 2400 se
2829 2342 3104 2412 digladiari
3131 2339 3226 2412 (g),
3259 2349 3309 2393 et
3344 2338 3638 2392 Ecclesiam

2074 2443 2164 2496 Dei
2191 2440 2481 2496 crudeliter
2502 2439 2822 2500 dilacerare,
2852 2453 2916 2490 ac
2944 2435 3060 2504 ejus
3083 2448 3298 2500 gregem
3324 2431 3637 2485 obturbare.

2072 2535 2178 2590 Sed
2204 2549 2325 2588 cum
2363 2533 2482 2603 ejus
2512 2532 2694 2585 animo
2721 2544 2852 2584 sana
2886 2528 3021 2582 fides
3049 2542 3078 2580 a
3115 2525 3315 2580 teneris
3342 2523 3532 2577 fuisset
3557 2523 3643 2574 in-

2070 2627 2301 2696 sculpta,
2357 2625 2499 2681 nulla
2553 2624 2700 2679 illum
2743 2623 2947 2677 erroris
2987 2635 3118 2674 aura
3169 2616 3435 2688 perflavit,
3476 2627 3643 2682 seque

2069 2719 2187 2787 ipse
2225 2726 2468 2784 testatur,
2506 2717 2560 2770 in
2606 2713 3148 2786 peregrinationibus,
3184 2724 3315 2779 quas
3353 2708 3434 2760 vir
3464 2705 3644 2759 factus

2069 2821 2214 2866 terra
2244 2809 2486 2878 marique
2516 2808 2751 2876 suscepit
2784 2806 2884 2876 (It),
2915 2807 2960 2861 si
2989 2820 3123 2875 quos
3152 2803 3414 2858 inveniret
3443 2815 3640 2853 secun-

2068 2905 2194 2956 dum
2237 2902 2492 2956 traditam
2538 2900 2758 2970 pietatis
2799 2897 3042 2968 regulam
3074 2893 3434 2956 ambulantes,
3464 2905 3558 2944 eos
3588 2901 3640 2943 et

2072 3002 2283 3062 patrum
2326 2992 2448 3047 loco
2496 2991 2775 3054 habuisse,
2809 2998 2864 3044 et
2903 2989 3068 3043 duces
3119 2987 3312 3041 anima:
3350 2999 3459 3036 sua:
3489 2997 3644 3034 secu-

2077 3093 2187 3138 tum
2217 3099 2356 3138 esse.
2393 3083 2508 3137 Non
2549 3083 2683 3137 vidit
2724 3081 3067 3136 Alexandria:
3107 3092 3359 3147 magnum
3401 3075 3642 3128 Athana-

400 3175 587 3228 morbo
640 3175 1012 3229 laborantibus
1069 3173 1272 3228 victum
1332 3174 1660 3244 qumritabat
1710 3189 1966 3228 manuum
1998 3160 2043 3221 C
2077 3176 2237 3230 sium.
2290 3174 2568 3252 Significat
2605 3175 2749 3227 enim
2801 3174 2853 3226 in
2899 3173 3059 3242 epist.
3105 3170 3173 3225 80
3219 3181 3491 3236 nunquam
3540 3164 3642 3218 sibi

398 3279 615 3316 suarum
655 3264 937 3316 imlustria.
983 3262 1116 3317 Cum
1151 3265 1293 3319 enim
1341 3263 1618 3334 quodlibet
1667 3265 1968 3319 venationis

398 3368 567 3421 genus
599 3369 702 3406 non
735 3354 865 3408 laeve
894 3364 1194 3422 exerceret,
1232 3356 1407 3424 pisces
1441 3355 1662 3409 senibus
1693 3357 1962 3424 captabat.

403 3442 460 3495 In
495 3457 603 3510 quo
657 3443 872 3512 quidem
910 3451 964 3497 et.
1003 3444 1286 3498 eharitatis
1316 3445 1493 3500 oﬂicio
1541 3444 1881 3515 fungebatur,
1915 3455 1967 3500 et

396 3533 735 3602 juventutem
770 3535 854 3589 his
885 3535 1158 3591 laboribus
1200 3536 1497 3590 domabat:
1536 3552 1635 3591 nec
1683 3537 1896 3590 interim
1937 3552 1968 3589 a

399 3626 626 3680 colenda
672 3638 844 3682 matre
894 3629 1230 3697 discedebat,
1273 3630 1502 3699 ejusque
1560 3631 1832 3684 mandatis
1874 3645 1971 3687 ex-

403 3717 735 3782 hauriendis,
781 3719 822 3772 si
875 3719 1002 3787 quid
1050 3719 1135 3772 illa
1169 3720 1506 3788 praeciperet.
1554 3718 1672 3774 Jam
1722 3721 1968 3790 quintum

401 3825 600 3864 annum
643 3810 694 3864 in
741 3811 842 3867 hoc
877 3812 1123 3866 instituto
1154 3813 1486 3875 traducebat,
1528 3827 1648 3864 cum
1698 3812 1969 3882 ingentem

403 3903 560 3955 matri
594 3917 656 3956 ac
688 3903 785 3956 toti
822 3903 1271 3958 familiae-luctum
1302 3906 1501 3959 attulit.
1536 3903 1727 3958 Subito
1761 3903 1904 3956 enim
1941 3918 1972 3958 e

400 3994 508 4046 vita
545 3996 772 4064 rapitur,
802 4010 909 4047 non
944 3995 1133 4048 morbo
1159 4006 1466 4062 correptus,
1489 3995 1608 4048 'non
1655 4011 1717 4047 ex
1757 3993 1972 4048 insidiis

402 4083 778 4153 interemptus,
826 4087 919 4138 sed
967 4086 1200 4154 quodam
1245 4087 1331 4140 die
1379 4102 1501 4140 cum
1546 4087 1612 4139 ad
1653 4085 1969 4155 piscandun'.

402 4177 674 4244 profectus
714 4187 876 4241 esset,
915 4188 1158 4231 mortuus
1200 4193 1303 4230 una
1351 4195 1472 4231 cum
1503 4179 1840 4247 Chrysaphio
1879 4180 1974 4232 do-

402 4283 548 4321 mtuu
593 4276 920 4336 reportatur.
959 4267 1088 4322 Tam
1130 4270 1268 4323 tristi
1315 4271 1502 4322 nuntio
1552 4270 1618 4323 ad
1656 4269 1716 4323 S.
1755 4270 1971 4324 Emme-

401 4357 552 4423 liam,
599 4373 719 4426 qua:
771 4359 930 4411 trium
981 4361 1186 4413 dierum
1240 4357 1429 4413 itinere
1476 4359 1714 4414 distabat
1785 4359 1969 4424 allato,

405 4449 596 4503 mulier
630 4449 766 4502 alias
812 4448 1100 4503 fortissima
1146 4453 1385 4506 concidit
1416 4451 1702 4504 exanimis.
1748 4450 1819 4504 At
1858 4461 1968 4504 tum

2071 3269 2212 3323 hanc
2263 3268 2573 3324 felicitatem
2633 3265 2916 3332 obtigisse.
2966 3263 3235 3317 Praeterea
3284 3258 3642 3312 Athanasium

2071 3362 2270 3414 scimus
2321 3359 2643 3413 Alexandria
2677 3355 2976 3410 excessisse
3031 3367 3175 3407 anno
3203 3349 3330 3405 ⁸556.
3374 3349 3480 3402 Sed
3517 3348 3644 3399 dum

2071 3450 2280 3522 Syriam
2324 3459 2578 3520 peragrat
2617 3447 2868 3512 Basilius,
2911 3445 3096 3499 videre
3141 3443 3315 3512 potuit
3353 3441 3412 3494 S.
3466 3439 3641 3492 Euse-

2071 3545 2218 3599 bium
2265 3542 2719 3604 Samosatensem,
2755 3552 2986 3607 quocum
3014 3545 3070 3591 et
3096 3546 3222 3588 ante
3269 3532 3640 3602 episcopatum

2073 3651 2230 3692 suum
2267 3645 2322 3688 et
2359 3635 2409 3688 in
2437 3632 2748 3703 episcopatu
2780 3629 3080 3683 arctissima
3114 3625 3356 3680 amicitia
3421 3621 3646 3689 conjun-

2075 3735 2193 3780 ctus
2219 3725 2339 3778 fuit.
2371 3724 2646 3779 Neminem
2680 3722 3008 3785 sanevideo,
3031 3734 3188 3788 quem
3226 3717 3478 3770 libentius
3505 3715 3649 3766 inter

2073 3833 2166 3872 eos
2184 3833 2479 3884 numerem,
2505 3830 2640 3885 quos
2662 3829 2718 3868 se
2739 3813 2966 3867 Basilius
2988 3822 3200 3877 patrum
3228 3808 3345 3862 loco
3369 3807 3640 3867 habuisse,

2074 3918 2128 3963 et
2149 3909 2345 3962 animae
2372 3923 2482 3962 sua:
2509 3910 2671 3961 duces
2697 3914 2942 3960 secutum
2975 3918 3094 3957 esse
3121 3901 3274 3956 dicit.

2152 4000 2218 4055 ν.
2259 3998 2516 4052 Basiliam
2561 3995 2901 4050 Alexandriae
2931 3993 3150 4047 morbus
3182 3990 3414 4045 detinuit
3442 4003 3503 4041 ac
3535 4000 3648 4040 me-

2079 4100 2191 4145 tum
2219 4089 2404 4146 attulit
2439 4103 2506 4142 ne
2536 4087 2588 4141 in
2619 4087 2850 4156 patriam
2879 4085 3056 4140 hieme
3093 4083 3270 4136 redire
3301 4096 3405 4135 non
3439 4088 3644 4148 posset.

2081 4183 2216 4237 Dum
2253 4190 2430 4234 autem
2462 4179 2513 4232 in
2546 4177 2646 4231 hac
2679 4185 2922 4231 moratur
2951 4176 3083 4229 urbe
3112 4173 3197 4243 (ἰ),
3238 4173 3411 4226 allata:
3447 4179 3570 4225 sunt
3596 4169 3645 4222 ei

2077 4274 2277 4329 litterae
2332 4269 2644 4332 Eustathii,
2711 4268 3018 4337 pltil0$0phi
3069 4265 3346 4332 cujusdam
3403 4263 3645 4325 ethnici,

2079 4380 2239 4436 quem
2285 4365 2512 4418 Athenis
2557 4362 2768 4416 rediens
2817 4363 3057 4414 visurum
3101 4374 3160 4412 se
3212 4359 3264 4411 in
3308 4353 3647 4425 Cappadocia

2081 4467 2420 4527 speraverat,
2449 4455 2544 4510 sed
2567 4453 2851 4521 quatsitum
2886 4451 3129 4505 invenire
3155 4465 3258 4504 non
3280 4451 3469 4519 potuit.
3499 4447 3648 4500 Post-

402 4543 634 4595 uaxime
665 4540 859 4596 enituit
895 4543 1065 4597 virtus
1104 4542 1160 4596 S.
1195 4541 1465 4606 Macrina‘,
1498 4557 1617 4611 qua:
1657 4557 1763 4598 non
1795 4543 1969 4596 solum
2005 4515 2050 4569 Β
2083 4515 2146 4599 ea
2179 4542 2350 4597 morbi
2382 4541 2731 4604 obstiterunt,
2758 4539 3047 4609 quominus
3073 4555 3193 4592 cum
3222 4539 3438 4592 viseret.
3466 4535 3652 4606 Neque

403 4635 652 4688 invictam
695 4651 753 4690 se
781 4651 810 4690 a
842 4633 1024 4690 dolore
1070 4633 1318 4702 praestitit
1347 4674 1362 4697 ,
1397 4635 1488 4688 sed
1531 4634 1691 4688 etiam
1743 4643 1969 4688 matrem

403 4742 435 4780 e
482 4727 748 4796 profundo
791 4728 1039 4782 tnwroris
1085 4727 1386 4781 constantia
1432 4741 1526 4779 sua
1570 4729 1866 4781 revocavit.
1912 4725 1968 4778 Si

403 4815 726 4872 Naucratius
755 4834 898 4873 anno
937 4818 1065 4884 350,
1095 4828 1147 4870 ut
1181 4817 1313 4871 satis
1357 4817 1628 4885 probabile
1656 4827 1760 4876 est.
1804 4817 1856 4870 in
1887 4817 1970 4871 lu-

403 4923 520 4962 cem
545 4917 631 4962 est
659 4909 854 4973 editus,
888 4910 1008 4977 ejus
1063 4925 1209 4962 mors
1255 4909 1399 4962 circa
1447 4923 1643 4960 annum
1675 4907 1776 4961 557
1809 4908 1976 4963 collo-

402 5001 610 5065 cauda;
657 5002 855 5069 quippe
881 5017 1000 5054 cum
1046 5016 1188 5055 anno
1217 5001 1393 5054 aetatis
1433 4999 1691 5053 vicesimo
1737 5001 1976 5054 secundo

400 5092 710 5156 secesserit,
745 5092 989 5161 quinque
1022 5108 1192 5148 annos
1237 5092 1540 5147 traduxerit
1575 5093 1626 5146 in
1661 5092 1970 5148 solitudine.

477 5184 566 5238 IV.
607 5183 684 5238 Eo
728 5181 1033 5236 afﬂuentior
1071 5193 1126 5242 et
1154 5185 1373 5239 uberior
1407 5184 1510 5238 fuit
1543 5185 1595 5238 in
1625 5182 1824 5238 Basilio
1854 5198 1976 5252 gra-

403 5275 474 5328 tia
507 5275 779 5345 baptismi,
809 5275 952 5344 quod
983 5275 1140 5330 simul
1169 5290 1228 5330 se
1254 5277 1501 5332 ascetica:
1542 5277 1664 5330 vitae
1693 5290 1974 5331 consecra-

473 5451 550 5522 (η)
578 5451 698 5522 Lib.
732 5449 1054 5522 De_Spiritu
1084 5461 1285 5513 sancto,
1319 5466 1442 5522 cap.
1469 5452 1558 5508 29.

470 5521 546 5590 (ὑ)
577 5521 734 5592 Nyss.
785 5520 891 5574 va.
929 5521 1120 5586 Μαίη,
1153 5539 1204 5592 ρ.
1240 5521 1360 5577 132.

473 5593 546 5656 (ι’)
589 5590 722 5643 Nztz.
753 5606 838 5658 ep.
877 5592 931 5646 5.

475 5661 552 5730 (d)
591 5659 720 5713 Nat.
752 5677 832 5715 or.
865 5661 956 5716 90.

476 5735 543 5801 (ι’)
583 5731 677 5800 Ep.
718 5734 766 5786 1.

2082 4634 2250 4690 etiam
2287 4648 2407 4686 cum
2456 4648 2523 4687 eo
2559 4633 2792 4686 abeunte
2831 4631 2883 4684 in
2919 4631 3192 4685 Orientem
3238 4629 3504 4698 proﬁcisci
3553 4645 3650 4696 po-

2084 4726 2202 4779 tuit.
2238 4724 2528 4794 Postquam
2563 4725 2614 4778 in
2645 4725 2855 4794 Syriam
2889 4723 3033 4776 venit
3062 4721 3306 4781 Basilius.
3337 4722 3503 4774 audiit
3533 4722 3652 4791 phi-

2085 4820 2368 4888 losophum
2408 4818 2532 4871 inde
2565 4815 2762 4870 abiisse
2793 4815 2842 4867 in
2885 4812 3199 4883 Aigyptum.
3235 4813 3363 4866 llluc
3395 4811 3554 4864 ctiam
3595 4824 3653 4864 se

2086 4912 2346 4975 contulit,
2402 4924 2466 4963 ac
2523 4923 2591 4962 ne
2645 4907 2756 4962 illic
2804 4907 3021 4976 quidem
3072 4916 3314 4973 Optatum
3351 4905 3650 4972 philosophi

2083 5001 2444 5069 congressum
2499 5001 2712 5068 assequi
2763 4998 2958 5067 potuit.
3009 4996 3058 5051 ls
3103 4997 3246 5049 enim
3280 4996 3344 5048 ad
3376 4994 3567 5046 Persas
3601 5003 3655 5046 et

2085 5104 2365 5148 extremos
2400 5092 2662 5145 barbaros
2696 5089 2925 5143 abierat.
2977 5086 3214 5140 Tandem
3251 5087 3315 5139 ab
3346 5099 3410 5136 co
3445 5083 3655 5135 litteras

2089 5183 2302 5252 accepit
2351 5180 2719 5242 Alexandriae,
2771 5193 2838 5232 ex
2893 5177 3089 5244 quibus
3133 5176 3279 5230 illutn
3329 5175 3381 5226 in
3424 5171 3652 5240 patriam

2078 5275 2304 5332 rediisse
2333 5273 2602 5344 cognovit.
2628 5271 2856 5340 Scripsit
2887 5271 2952 5327 ad
2976 5285 3096 5326 eum
3123 5267 3352 5324 Basilius
3374 5281 3438 5321 ex
3465 5266 3652 5320 eadem

2151 5451 2221 5520 (f)
2260 5451 2359 5521 Ep.
2389 5451 2517 5517 225,
2553 5469 2607 5505 η.
2639 5451 2696 5506 2.

2150 5526 2226 5593 (g)
2269 5521 2502 5593 Eroagm.
2539 5521 2756 5588 Moral.,
2786 5537 2837 5592 p.
2867 5521 2992 5578 2l3.

2150 5591 2228 5662 (It)
2270 5591 2528 5662 Ep.204,
2565 5609 2617 5646 tt.
2647 5593 2700 5646 6.

2147 5661 2207 5733 (ἱ)
2256 5661 2430 5731 pr.
3535 5665 3558 5678 ⁵
