3958 6212
1554 305 1705 361 Vl'l'A
1754 306 1809 360 S.
1852 306 2116 361 BASILII.
3378 337 3448 375 xv

206 424 337 474 urbe
366 421 642 492 epistolam
672 420 961 489 leporibus
990 420 1265 482 refertam,
1298 420 1346 473 in
1379 436 1482 488 qua
1521 436 1578 473 se
1610 421 1775 475 Athe-
1804 426 1849 482 Α

208 528 302 566 nas
349 512 626 578 reliquisse
656 549 669 572 ,
707 521 767 563 ut
797 509 1138 563 Eustathium
1190 510 1417 574 videret,
1472 525 1535 564 ac
1582 512 1769 565 eodem

204 603 445 657 consilio
482 603 532 656 in
590 601 869 657 Orientem
925 602 1323 671 peregrinatum
1354 615 1473 655 esse
1506 602 1682 669 lingit;
1720 610 1774 654 et

204 709 325 745 cum
354 707 476 745 eum
502 702 574 745 tot
604 693 658 744 in
700 693 834 745 locis
866 692 1147 760 quaesitum
1184 706 1288 745 non
1333 692 1644 758 reperisset,
1677 692 1775 744 du-

201 786 415 838 bitasse
448 800 510 837 au
542 798 646 837 non
696 784 811 837 fato
855 792 947 836 aut
998 782 1213 835 fortuna
1259 784 1437 835 omnia
1495 791 1771 846 regantur.

203 873 349 936 Haec,
377 875 613 942 inquam,
648 875 715 925 ab
740 886 805 925 eo
822 882 1075 941 peracute
1107 870 1400 939 finguntur,
1428 886 1524 924 nec
1553 870 1775 939 proinde

206 964 440 1014 nimium
469 963 650 1015 stricte
699 962 868 1029 accipi
904 961 1123 1015 debent.
1160 962 1291 1013 Nam
1334 962 1473 1027 quod
1506 976 1563 1015 se
1605 962 1774 1015 Athe-

203 1054 283 1106 nis
324 1053 650 1108 discessisse
687 1054 782 1117 ait,
816 1062 875 1105 ut
920 1053 1296 1121 philosophum
1327 1055 1557 1117 videret,
1610 1054 1774 1108 urba-

202 1146 431 1197 nissima
472 1154 550 1197 est
589 1144 750 1198 amici
800 1145 1049 1199 desiderii
1098 1146 1440 1214 significatio,
1482 1162 1589 1200 non
1634 1146 1774 1215 quod

204 1236 349 1287 aliud
382 1234 695 1288 discedendi
727 1235 1016 1289 consilium
1046 1251 1149 1289 non
1194 1237 1463 1289 habuerit.
1506 1236 1777 1291 Dubitatio

201 1333 383 1376 autem
436 1324 543 1388 illa,
580 1338 687 1393 qua
718 1336 777 1377 se
811 1324 1071 1392 agitatum
1121 1324 1291 1379 fuisse
1321 1325 1471 1387 dicit,
1515 1340 1620 1379 non
1672 1326 1777 1380 alio

198 1425 413 1483 spectat
445 1416 570 1479 nisi,
599 1424 659 1468 ut
687 1416 907 1470 ethnico
942 1416 1259 1486 philosopho
1286 1433 1464 1470 veram
1493 1420 1555 1471 de
1586 1418 1775 1472 Provi-

202 1506 381 1557 dentia
421 1506 745 1559 sententiam
779 1506 990 1561 facilius
1024 1508 1279 1561 insinuet.
1312 1508 1461 1562 Hanc
1495 1510 1772 1577 epistolam

195 1596 443 1648 omnium
512 1598 742 1664 primam
822 1596 1227 1661 collocavimus,
1282 1608 1466 1667 utpote
1519 1601 1773 1667 scriptam

203 1700 345 1739 anno
377 1684 510 1751 557,
540 1685 688 1740 inter
722 1684 903 1740 Basilii
933 1687 1409 1756 peregrinationes.

1972 421 2219 477 Voluerat
2258 425 2429 495 primo
2463 424 2691 480 Basilius
2722 428 2773 482 iu
2808 428 3111 483 Tiberinum
3153 446 3270 485 sese
3310 436 3447 486 rcci-

1889 529 2034 583 pere.
2079 515 2173 569 Est
2209 526 2387 570 autem
2425 517 2677 573 Tiberina
2724 520 2871 590 regio
2896 513 3137 589 quaedam
3177 518 3447 593 Cappado-

1882 607 2003 669 cize,
2032 608 2082 659 in
2107 623 2211 675 qua
2237 611 2369 662 situs
2388 617 2471 663 est
2501 609 2764 665 Arianzus
2783 610 3022 681 Gregorii
3047 612 3223 665 natale
3248 618 3441 667 solum.

1895 696 2037 750 Num
2078 700 2237 768 igitur
2265 702 2480 769 cogitas,
2514 703 2686 771 inquit
2713 704 2766 757 in
2803 705 2961 772 epist.
2992 704 3079 766 H,
3109 722 3210 771 quo
3241 722 3331 773 ego
3356 724 3445 770 pe-

1886 788 2042 841 riculi
2076 790 2270 843 stultus
2312 796 2566 857 venerim,
2611 810 2728 845 cum
2765 795 2935 846 sedem
2968 795 3267 863 ltujusmodi
3296 794 3447 849 Tibe-

1885 881 2009 930 rina
2042 880 2184 932 orbis
2215 891 2472 935 terrarum
2496 884 2743 938 barathro
2770 898 3085 939 commutare
3115 887 3448 955 pertinaciter

1879 970 2121 1025 vellem?
2162 970 2382 1025 Videtur
2407 990 2527 1043 spes
2555 992 2674 1028 cum
2703 977 2961 1046 Gregorio
3001 978 3215 1031 vivendi
3252 977 3446 1045 prreci-

1879 1077 2043 1130 puum
2088 1062 2255 1117 fuisse
2280 1067 2651 1132 commodum,
2684 1070 2824 1139 quod
2865 1069 2966 1122 sibi
2995 1068 3223 1122 Basilius
3254 1068 3445 1137 praefe-

1880 1154 2045 1206 renda
2089 1154 2210 1208 aliis
2264 1155 2396 1210 locis
2434 1156 2683 1212 Tiberina
2732 1170 3072 1230 proponeret.
3121 1160 3227 1214 Sed
3280 1162 3445 1230 ipsius

1879 1257 2051 1298 mater
2073 1256 2125 1299 et
2146 1262 2321 1309 soror,
2356 1264 2580 1317 quarum
2608 1252 2865 1306 intererat
2887 1268 3005 1306 eum
3030 1267 3131 1305 nou
3159 1262 3262 1305 tam
3290 1252 3445 1319 longe.

1879 1339 2149 1404 secedere,
2198 1339 2322 1393 huic
2370 1343 2626 1407 consilio,
2669 1353 2727 1397 ut
2766 1344 3057 1399 verisimile
3089 1353 3192 1405 est,
3225 1342 3447 1395 obstite-

1879 1441 2022 1493 runt,
2048 1447 2110 1485 ac
2149 1436 2364 1493 orando
2390 1444 2443 1487 ct
2484 1435 2732 1490 instando
2756 1438 3047 1506 perfecere,
3081 1445 3138 1489 ut
3176 1434 3325 1488 illum
3358 1442 3443 1485 at-

1883 1523 2158 1576 traherent
2190 1525 2240 1576 in
2280 1526 2456 1578 locum
2482 1528 2595 1581 solo
2617 1528 2832 1583 ﬂumine
2877 1529 2944 1583 ab
2967 1542 3147 1582 earum
3181 1534 3447 1581 monaste—

1886 1613 1968 1665 rio
1996 1613 2266 1667 dissitum.

1956 1703 2246 1771 Postquam
2288 1703 2510 1769 degendi
2552 1718 2681 1757 cum
2723 1701 2979 1770 Gregorio
3032 1718 3155 1771 spes
3195 1704 3442 1769 evanuit,

270 1778 427 1845 Quod
459 1780 737 1833 metuebat
770 1778 1023 1841 Basilius,
1068 1780 1190 1832 dum
1224 1789 1369 1834 esset
1403 1780 1769 1847 Alexandria,

1888 1793 2117 1846 dolorem
2159 1810 2317 1847 suum
2350 1795 2576 1847 Basilius
2608 1808 2713 1846 non
2744 1794 2903 1846 corde
2934 1796 3152 1861 pressit,
3197 1796 3292 1849 sed
3331 1796 3447 1849 vio-

199 1884 270 1925 ne
301 1884 362 1923 se.
390 1869 614 1923 morbus
645 1870 697 1923 in
722 1868 950 1938 patriam
977 1868 1155 1922 hieme
1184 1870 1361 1924 redire
1394 1886 1499 1924 non
1530 1870 1766 1935 sineret;

200 1960 255 2013 id
289 1971 614 2028 argumento
656 1968 741 2014 est
770 1976 890 2013 eum
921 1962 986 2015 de
1015 1960 1171 2015 celeri
1220 1976 1282 2013 ac
1321 1970 1567 2031 prompto
1600 1963 1770 2016 reditu

198 2052 468 2121 cogitasse
520 2065 645 2104 cum
679 2051 792 2105 haec
821 2051 1101 2116 scriberet,
1140 2066 1203 2105 ac
1242 2054 1464 2120 proinde
1499 2052 1608 2119 jam
1658 2068 1773 2107 mo-

202 2145 435 2198 nasteria
464 2144 793 2209 Palaestinas,
838 2144 1149 2213 Ctelesyria?
1176 2154 1230 2199 et
1261 2144 1657 2215 Me50p0tamiae
1690 2146 1771 2199 vi-

202 2238 409 2291 sitasse.
442 2236 555 2290 Sed
579 2252 701 2290 cum
732 2252 873 2306 saepe
903 2237 1163 2305 ejusmodi
1196 2237 1397 2291 morbis
1424 2236 1768 2300 lahoraverit,

200 2342 299 2382 nec
350 2329 558 2383 idcirco
605 2343 733 2383 suos
776 2328 1130 2382 intermiserit
1181 2327 1414 2389 labores,
1468 2329 1764 2383 verisimile

202 2434 306 2473 non
347 2429 429 2473 est
475 2434 601 2472 eum
651 2419 832 2471 tandiu
873 2418 1209 2472 Alexandria:
1256 2419 1530 2472 detentum
1585 2418 1769 2476 fuisse.

202 2511 470 2564 ReverSns
518 2519 701 2563 autem
735 2510 785 2562 in
832 2509 1085 2577 patriam,
1129 2523 1248 2562 cum
1281 2517 1424 2564 totus
1468 2511 1681 2562 arderet
1708 2524 1770 2561 ea

204 2602 442 2655 imitandi
486 2602 667 2655 studio
698 2600 799 2670 (α),
830 2615 948 2668 quae
987 2600 1037 2652 in
1081 2600 1301 2655 remotis
1343 2601 1657 2668 regionibus
1690 2603 1773 2652 vi-

208 2694 381 2759 derat,
425 2692 635 2746 nullam
674 2692 882 2745 videtur
903 2707 1107 2743 moram
1134 2691 1535 2760 interposuisse,
1556 2693 1646 2745 sed
1666 2702 1777 2745 sta-

208 2785 299 2837 tim
346 2785 643 2847 perlecisse
674 2784 984 2844 consilium,
1024 2784 1164 2852 quod
1204 2783 1399 2836 dudum
1435 2783 1771 2847 extenderat,

209 2885 368 2927 ntsua
389 2874 580 2929 omnia
602 2874 929 2943 pauperibus
959 2875 1307 2929 distribueret
1338 2888 1401 2927 ac
1443 2888 1561 2928 sese
1590 2874 1641 2927 in
1686 2889 1777 2928 so-

208 2967 480 3022 litudinem
512 2969 794 3036 reciperet.

273 3058 359 3112 Vl.
416 3059 626 3112 Locum
681 3058 842 3127 elegit
894 3056 1131 3112 secessui
1193 3057 1463 3126 idoneum,
1530 3066 1772 3113 montem

1879 1883 2036 1935 latam
2088 1883 2154 1935 ab
2199 1884 2373 1938 amico
2422 1883 2803 1953 promissorum
2869 1882 3024 1937 fidem
3076 1895 3299 1952 questus
3339 1895 3442 1939 est.

1878 1973 1990 2027 Non
2029 1974 2288 2027 habemus
2333 1974 2612 2044 epistolam
2652 1974 2703 2026 iu
2740 1989 2843 2042 qua
2872 1975 2987 2027 lucc
3009 1975 3310 2039 scribebat;
3344 1976 3440 2029 sed

1878 2073 2054 2116 exstat
2085 2062 2327 2134 Gregorii
2370 2065 2645 2131 responsio
2670 2064 2767 2133 (g),
2804 2066 2889 2133 qui
2922 2064 3188 2131 obiectum
3235 2066 3441 2119 crimen

1874 2170 1980 2209 non
2010 2155 2295 2209 inliciaudo
2314 2156 2544 2224 repellit,
2574 2155 2664 2209 sed
2685 2155 2899 2223 pietatis
2921 2154 3228 2223 parentibus
3254 2154 3445 2207 debitae

1874 2250 2391 2303 commemoratione
2441 2252 2759 2319 deprecatur
2800 2266 2813 2301 :
2871 2265 2932 2303 ac
2982 2249 3091 2303 litis
3134 2249 3444 2302 dirimendte

1875 2356 2036 2393 causa
2068 2340 2168 2393 hoc
2209 2350 2694 2409 temperamentum
2734 2340 3007 2407 proponit,
3041 2350 3097 2393 ut
3144 2341 3337 2407 partim
3377 2343 3444 2393 ad

1876 2440 1932 2478 se
1966 2424 2212 2491 Basilius,
2245 2428 2447 2489 partim
2479 2428 2591 2495 ipse
2629 2428 2693 2480 ad
2722 2428 2973 2481 Basilium
3000 2430 3248 2480 ventitet.

1947 2516 2119 2569 Aliam
2146 2518 2425 2570 amisimus
2456 2516 2634 2569 Basilii
2671 2520 2975 2586 epistolam,
3008 2520 3060 2572 in
3097 2534 3198 2587 qua
3224 2517 3445 2584 jocaba-

1877 2616 1962 2658 tur
2010 2607 2059 2659 in
2092 2607 2422 2663 Tiberinam.
2468 2608 2714 2661 Vicissim
2763 2625 2884 2662 cum
2919 2610 3207 2678 Gregorius
3249 2610 3471 2680 ρεῖαν-³

1877 2699 2031 2753 battis
2064 2700 2117 2753 in
2148 2698 2451 2753 Caesaream
2473 2701 2558 2754 tibi
2582 2713 2737 2753 natus
2767 2711 2903 2763 erat,
2924 2712 2977 2754 et
3003 2704 3052 2755 iu
3073 2703 3447 2789 Poutumiquo

1876 2790 2179 2857 secedebat,
2213 2791 2451 2845 dicteriis
2496 2792 2768 2845 remordet
2812 2794 2888 2860 (lt)
2932 2811 2944 2823 -
2996 2793 3149 2847 Ponti
3200 2798 3448 2848 tenebras

1879 2881 2137 2948 exagitat,
2170 2883 2258 2935 ubi
2292 2881 2457 2934 solem
2487 2884 2552 2934 ad
2589 2893 2793 2935 certum
2826 2884 3037 2935 modum
3081 2886 3251 2952 accipi
3291 2886 3442 2941 dicit.

1884 2968 2034 3034 Quod
2058 2985 2265 3040 spectat
2288 2972 2353 3025 ad
2383 2971 2703 3038 Caesaream,
2750 2989 2847 3043 pro
2881 2973 2992 3027 luto
3027 2975 3212 3041 objicit
3243 2990 3446 3043 caupo-

1882 3077 1999 3126 nas,
2041 3072 2095 3116 et
2143 3064 2397 3132 quidquid
2431 3067 2589 3118 urbes
2631 3073 2787 3134 turpe
2819 3076 2874 3119 et
2916 3066 3318 3119 incommodum
3362 3065 3443 3120 fe-

210 3151 493 3218 quemdam
520 3150 586 3203 ad
626 3150 770 3216 ripas
800 3147 956 3201 Iridis
986 3147 1151 3211 lluvii,
1186 3150 1273 3218 qui
1310 3164 1373 3201 cx
1406 3148 1658 3202 Armenia
1685 3164 1774 3201 or—
1800 3131 1841 3185 (ἶ
1882 3166 2023 3207 runt.
2056 3153 2222 3209 Vocat
2254 3131 2508 3209 Basilium
2536 3157 2631 3209 luti
2668 3131 2946 3226 expertem
2976 3158 3177 3223 virum,
3210 3168 3264 3211 et
3296 3172 3447 3211 surn-

212 3254 291 3297 tus
318 3243 547 3298 Pontum
591 3243 799 3310 irrigat,
829 3251 882 3293 et
923 3243 973 3293 in
1011 3241 1276 3293 Euxinum
1310 3240 1537 3293 Pontum
1571 3241 1776 3294 delabi—

213 3344 291 3387 tur
316 3335 415 3404 (b).
451 3334 533 3386 Ad
568 3334 793 3386 alteram
841 3330 987 3384 ﬂuvii
1037 3332 1205 3397 ripam
1240 3331 1342 3383 sita
1374 3339 1489 3383 erat
1536 3330 1683 3391 villa,
1721 3330 1772 3382 in

212 3441 310 3494 qua
335 3426 585 3485 Basilius,
619 3424 756 3494 apud
781 3425 955 3475 aviam
980 3421 1270 3473 Macrinam
1295 3421 1552 3473 educatus
1580 3420 1770 3472 fuerat.

212 3515 316 3568 llac
360 3517 411 3567 in
462 3515 613 3579 villa,
652 3529 771 3582 quae
814 3524 1034 3580 paterna
1086 3512 1366 3563 hzcreditas
1400 3517 1520 3562 erat
1560 3509 1775 3561 familia:

211 3607 264 3659 S.
296 3606 505 3670 Basilii,
539 3614 595 3657 et
628 3612 748 3673 post
778 3615 1002 3656 mortem
1040 3600 1095 3654 S.
1129 3599 1401 3653 Emmeliaz
1434 3598 1511 3669 (ε)
1545 3598 1603 3652 S.
1638 3598 1771 3652 Gre-

212 3700 356 3763 gorio
402 3694 655 3765 Nysseno
700 3692 887 3757 cessit,
930 3700 1302 3758 constructum
1340 3696 1457 3741 erat
1508 3697 1778 3741 monaste-

212 3792 343 3844 rium
382 3805 412 3844 a
450 3791 661 3859 virgine
695 3785 953 3849 Macrina,
998 3786 1049 3837 iu
1084 3800 1187 3852 quo
1230 3782 1450 3836 fratrem
1483 3798 1639 3835 suum
1678 3781 1779 3834 Pc-

215 3894 346 3937 trum
380 3899 409 3935 a
444 3884 644 3936 teneris
672 3883 738 3934 ad
768 3896 981 3934 onmem
1015 3881 1269 3932 virtutem
1303 3878 1476 3938 ﬁnxit,
1512 3887 1566 3930 et
1594 3891 1777 3928 sacra-

215 3990 324 4027 rum
359 3976 663 4027 litterarum
696 3971 1002 4040 cognitione
1032 3968 1221 4022 imbuit
1247 3967 1345 4038 (ά).
1381 3968 1642 4021 Bentotus
1672 3983 1775 4019 non

214 4076 321 4119 erat
354 4066 445 4118 hic
480 4078 644 4132 pagus
678 4062 746 4115 ab
774 4062 904 4115 urbe
927 4060 1297 4123 Neocaesarea,
1340 4059 1480 4111 unde
1516 4056 1697 4111 Basilii
1725 4058 1775 4109 in

216 4156 353 4207 hunc
393 4154 571 4207 locum
603 4151 832 4205 adventu
859 4165 1000 4203 anno
1030 4148 1134 4202 375
1172 4157 1345 4201 terror
1376 4148 1607 4217 injectus
1640 4144 1779 4199 Nco—

216 4242 648 4306 cmsariensibus,
694 4240 846 4309 quasi
896 4239 1122 4292 Basilius
1159 4240 1211 4290 iu
1245 4253 1431 4291 eorum
1480 4238 1666 4289 urbem
1700 4239 1778 4291 in-

214 4334 355 4400 gredi
389 4340 632 4401 pararet.
665 4328 780 4383 Non
816 4338 992 4383 tamen
1029 4328 1303 4396 subjectus
1339 4336 1458 4379 erat
1503 4326 1776 4380 Ncoctesa-

213 4440 333 4489 reze,
367 4424 464 4477 sed
513 4422 705 4485 Ilione,
736 4421 943 4490 exigua:
971 4420 1171 4473 civitati
1217 4436 1320 4473 non
1355 4420 1540 4488 procul
1585 4422 1780 4475 distan-

219 4518 253 4570 ti
280 4516 380 4588 (ε),
429 4515 587 4585 cujus
632 4514 912 4582 episcopus
963 4511 1193 4565 Araxius
1239 4510 1296 4565 S.
1341 4511 1589 4565 Macrinrc
1632 4513 1776 4580 justa

215 4607 475 4673 persolvit
498 4618 603 4657 una
632 4618 751 4656 cum
780 4603 838 4655 S.
864 4601 1125 4670 Gregorio
1158 4599 1401 4671 Nysseno
1424 4602 1512 4669 qui
1540 4616 1659 4654 eum
1688 4617 1779 4654 vo-

217 4708 301 4748 cat
350 4695 595 4749 locorum
657 4692 869 4745 illorum
917 4694 1220 4760 episcopum
1247 4692 1337 4761 (0.
1383 4690 1533 4745 llunc
1585 4707 1776 4760 pagum

217 4790 447 4839 Annesos
515 4790 764 4835 vocatum
834 4782 999 4834 fuisse
1051 4782 1402 4850 perspicimus
1464 4797 1528 4836 ex
1596 4782 1779 4836 Basilii

216 4875 370 4942 episl.
406 4874 462 4936 5,
491 4873 543 4924 in
575 4888 676 4940 qua
713 4872 948 4937 loquitur
977 4871 1040 4924 de
1084 4871 1313 4939 quodam
1360 4872 1556 4940 agresti
1594 4888 1657 4925 ea:
1694 4874 1779 4940 iis,

214 4965 410 5035 inquit,
436 4965 525 5034 qui
552 4963 817 5015 nobiscum
848 4962 1064 5015 Annesis
1096 4972 1502 5016 commorantur.
1530 4961 1651 5017 llarc
1688 4978 1782 5016 au-

214 5067 318 5127 tem
364 5057 432 5110 de
477 5072 616 5125 pago
649 5066 797 5110 trans
836 5058 1028 5111 lridem
1072 5054 1175 5110 sito
1211 5054 1380 5123 accipi
1424 5056 1619 5109 debere
1660 5054 1782 5108 inde

215 5151 559 5218 perspicitur,
605 5151 746 5218 quod
779 5151 961 5203 Basilii
1007 5150 1239 5204 solitudo
1283 5149 1350 5202 ab
1376 5146 1521 5201 omni
1551 5161 1773 5202 prorsus

216 5245 491 5302 hominum
518 5244 919 5300 consuetudine
949 5251 1153 5297 remota
1194 5251 1356 5297 esset.

288 5369 361 5430 (ο)
393 5369 488 5438 Ep.
524 5368 650 5430 225,
691 5384 746 5420 n.
778 5366 834 5438 2_._

290 5440 361 5505 (β)
401 5432 561 5507 (ἶνες.
598 5439 758 5507 Nyss.
802 5433 908 5488 Vit.
942 5432 1222 5507 S._Macr.,
1254 5450 1308 5505 p.
1352 5434 1469 5489 182.

291 5514 361 5576 (ε)
390 5508 483 5563 0r.
510 5505 561 5561 in
593 5505 661 5562 xu
693 5516 879 5576 murta,
914 5520 963 5571 p.
998 5505 1121 5558 211.

295 5574 366 5647 (τι)
396 5580 548 5648 Nyss.
593 5579 695 5630 Vit.
725 5574 785 5630 S.
818 5575 1013 5637 Macr.,
1046 5592 1098 5643 p.
1128 5575 1249 5648 18$.

293 5646 356 5716 te)
396 5646 549 5720 Nj'ss.
586 5650 681 5720 θη.
717 5648 774 5698 in
800 5660 865 5698 xl.
892 5658 1069 5720 mare,
1093 5646 1309 5720 _p_._21’2!.

288 5721 351 5791 tt)
399 5715 495 5777 Vit.
524 5721 588 5778 s.
624 5718 823 5780 Μαστ..
854 5731 907 5785 p.
938 5715 1058 5779 200,
1086 5715 1208 5772 202.

1880 3245 1981 3297 mis
2021 3246 2251 3311 pedibus
2293 3244 2653 3311 incedentem,
2690 3258 2981 3317 pennatam
3030 3263 3094 3302 ac
3118 3248 3445 3317 pendulum,

1879 3348 1936 3389 ut
1967 3338 2212 3403 quamvis
2244 3337 2312 3389 sit
2350 3336 2660 3405 Cappadox,
2704 3337 3098 3406 Cappadociam
3149 3336 3334 3408 fugiat.
3372 3338 3448 3390 Ex

1878 3430 2073 3498 quibus
2104 3430 2282 3483 verbis
2322 3429 2516 3498 colligo
2552 3428 2811 3481 Basilium
2850 3429 3083 3482 nondum
3118 3430 3446 3493 secessisse,

1878 3537 1997 3573 cum
2038 3524 2147 3573 huc
2188 3521 2449 3573 scriberet
2495 3518 2810 3589 Gregorius,
2858 3519 2949 3573 sed
2988 3528 3167 3572 tamen
3195 3519 3302 3584 jam
3338 3530 3448 3572 sta-

1882 3613 2044 3665 tuisse
2079 3612 2468 3680 Cappadociam
2514 3610 2697 3680 fugere
2726 3619 2780 3665 et
2828 3611 2879 3664 in
2918 3611 3146 3665 Pontum
3191 3626 3249 3665 se
3300 3611 3438 3665 reci-

1880 3719 2025 3772 pere.

1950 3794 2182 3846 Basilius
2224 3793 2474 3847 omnibus
2517 3793 2681 3847 rebus
2728 3792 2801 3846 ila
2847 3807 2966 3846 sese
3013 3792 3306 3845 nudaverat
3358 3791 3445 3860 (i),

1884 3894 1941 3938 ut
1974 3886 2104 3937 nihil
2136 3884 2357 3937 haberet
2389 3890 2582 3953 pra'ter
2612 3898 2804 3952 corpus
2836 3892 2889 3937 et
2922 3884 3223 3936 necessaria
3256 3897 3449 3948 corpo-

1882 3978 1954 4029 ris
1977 3962 2367 4045 intcgumeuta.
2396 3973 2585 4029 Cilicio
2610 3989 2805 4041 corpus
2828 3975 3039 4041 tegebat
3057 3972 3144 4042 (j),
3170 3972 3260 4025 sed
3289 3981 3445 4025 noctu

1882 4078 2110 4130 tantum,
2163 4078 2221 4118 ut
2258 4066 2443 4119 oculos
2498 4065 2773 4118 hominum
2822 4066 3037 4118 vitaret.
3083 4064 3251 4118 Nemo
3301 4073 3446 4117 tanta

1882 4159 2055 4210 inedia
2090 4158 2320 4210 exstitit.
2356 4157 2487 4208 Erat
2514 4156 2615 4217 illi,
2643 4155 2814 4222 inquit
2841 4154 3238 4217 Nazianzenus.
3272 4157 3448 4207 tunica

1882 4266 2007 4310 una,
2054 4256 2101 4300 et
2137 4246 2356 4315 pallium
2396 4261 2577 4308 unum,
2624 4256 2669 4297 et
2711 4256 2908 4298 stratus
2958 4244 3102 4297 humi
3147 4245 3365 4298 lectulus
3403 4255 3451 4297 et

1882 4340 2105 4401 illuvies,
2138 4350 2183 4391 et
2225 4338 2420 4406 vigilite
2450 4337 2579 4406 (illa
2603 4338 2716 4405 ejus
2741 4338 2927 4390 decora
2957 4348 3005 4389 et
3038 4336 3374 4404 ornamenta)
3402 4346 3451 4387 et

1884 4429 2193 4482 suavissima
2233 4444 2373 4480 caena
2406 4438 2451 4478 et
2499 4427 2790 4488 obsonium,
2832 4427 2983 4495 panis
3022 4434 3070 4478 et
3105 4427 3208 4488 sal,
3239 4440 3448 4489 novum,

1886 4515 2120 4581 inquam,
2149 4514 2281 4564 illud
2321 4512 2724 4573 condimentum,
2756 4520 2803 4563 ct
2838 4512 2980 4575 potio
3006 4510 3177 4562 sobria
3212 4518 3261 4560 et
3301 4510 3454 4560 uber-

1887 4606 2047 4669 rima,
2093 4620 2250 4672 quam
2282 4604 2425 4655 nobis
2478 4602 2607 4654 nihil
2644 4602 2997 4654 laborantibus
3034 4602 3200 4670 fontes
3229 4599 3451 4667 profun-

1891 4696 2042 4748 dunt.
2089 4694 2173 4747 Ea:
2223 4696 2427 4762 quibus,
2472 4696 2577 4746 imo
2630 4710 2745 4745 cum
2780 4693 2990 4761 quibus,
3022 4692 3187 4743 morbi
3221 4706 3281 4743 ac
3311 4706 3452 4741 mor—
3486 4716 3487 4719 η

1892 4785 2072 4837 borum
2136 4784 2432 4837 curationes
2485 4792 2869 4851 promanarunt
2925 4795 2942 4831 :
3000 4782 3136 4849 quod
3188 4795 3454 4832 commune

1902 4877 2169 4943 utriusque
2204 4886 2434 4928 nostrum
2468 4875 2699 4927 studium
2734 4872 2849 4940 fuit.

1959 4967 2208 5020 Testatur
2239 4966 2400 5019 etiam
2426 4963 2699 5034 Nyssenus
2748 4961 2997 5015 Basiliam
3037 4959 3109 5029 (lt)
3154 4960 3454 5028 parcissimi

1890 5060 1993 5113 cibi
2032 5059 2225 5119 fuisse,
2257 5066 2310 5109 et
2341 5071 2465 5109 cum
2498 5070 2659 5107 carne
2686 5069 2779 5107 sua
2816 5068 2919 5105 nou
2950 5052 3124 5116 aliter,
3149 5067 3308 5121 quam
3334 5068 3454 5104 cum

1892 5165 2047 5205 servo
2075 5148 2299 5218 fugitivo
2320 5145 2705 5199 inexorabilem
2725 5145 3000 5198 dominum
3024 5144 3218 5213 egisse.
3245 5141 3453 5208 Quanto

1896 5244 2201 5298 sanctitatis
2230 5240 2281 5293 in
2313 5238 2490 5291 anima
2528 5249 2574 5291 et
2609 5252 2833 5308 corpore
2862 5239 3141 5291 servandae
3174 5235 3353 5291 studio
3378 5245 3457 5289 te-

1960 5363 2031 5433 (g)
2070 5363 2202 5416 Νη.
2229 5377 2313 5429 ep.
2345 5359 2397 5412 5.

1958 5436 2036 5503 (lt)
2078 5435 2173 5500 I'ip.
2206 5433 2257 5483 6.

1957 5499 2020 5573 (ι)
2077 5499 2200 5554 Naz.
2235 5516 2316 5555 Ol‘.
2344 5499 2432 5553 9-0.

1960 5574 2027 5643 (λ)
2066 5573 2193 5643 Ibid:

2079 5643 2142 5696 In
2170 5640 2335 5695 Basil.
2370 5657 2417 5709 ιι.
2447 5640 2564 5705 490³
2598 5639 2718 5693 496,
