3958 6212
436 367 524 407 va
1782 345 2313 402 l’ROLEGOMENA.

433 477 675 532 nerctur,
705 469 938 540 perspici
975 475 1152 538 potest
1175 482 1236 522 ex
1289 469 1374 523 his
1397 468 1643 524 Cassiani
1674 470 1750 540 (a)
1778 469 1960 526 verbis
1994 487 2006 522 :
2039 472 2087 528 Α
2117 468 2253 521 cium
2292 467 2542 522 ducebam
2575 482 2763 520 eorum
2794 482 2910 536 qua:
2941 481 3044 518 non
3075 464 3335 532 videntur,
3363 480 3421 519 ea
3467 480 3582 533 qua:
3609 467 3674 516 ri-

434 559 630 615 Fertur
683 559 745 615 S.
791 559 1002 624 Basilii,
1037 559 1228 627 inquit,
1281 557 1623 614 Ciesariensis
1663 561 1888 629 epismpi
1929 561 2013 613 di—

432 650 618 699 stricta
666 645 942 698 sententia.
994 644 1060 697 Et
1120 644 1412 707 mulierem,
1466 646 1659 715 inquit,
1705 646 1912 715 ignoro,
1961 656 2008 699 et

433 740 577 807 virgo
609 754 712 790 non
758 752 895 790 sum.
947 734 1220 791 Intantum
1269 737 1521 791 intellexit
1570 737 2007 805 incorruptionem

432 831 607 881 carnis
648 844 751 882 non
803 837 911 882 tant
942 830 997 883 in
1046 828 1282 883 mulieris
1312 844 1423 882 esse
1484 828 1821 894 abstinentia,
1852 845 2009 899 quam

432 918 486 972 in
527 919 825 987 integritate
855 919 1051 981 cordis,
1079 933 1195 986 qua:
1228 934 1341 972 rere
1377 919 1738 986 incorruptam
1763 926 2008 986 perpetuo

433 1009 834 1062 sanctimoniam
862 1010 1096 1076 corporis
1125 1008 1202 1062 vel
1253 1010 1438 1063 timore
1470 1008 1567 1063 Dei
1600 1008 1678 1063 vel
1715 1025 1893 1063 amore
1924 1025 2011 1061 ca-

434 1098 628 1154 stitatis
658 1101 941 1153 custodiat.

1046 1211 1275 1268 CAPUT
1314 1212 1402 1270 IV.

434 1300 472 1353 l.
512 1297 615 1371 Qui
656 1298 913 1371 Basiliam
954 1312 1140 1369 negant
1183 1302 1504 1371 professione
1540 1301 1846 1355 monasticae
1891 1302 2011 1355 vitae

507 1370 834 1439 obstrictum
862 1369 1051 1438 fuisse,
1096 1369 1412 1435 refelluntur
1463 1388 1527 1425 ea:
1571 1372 1735 1439 ipsius
1772 1371 2011 1424 testimo-

508 1439 630 1490 niis.
685 1438 746 1490 ΙΙ.
802 1437 1072 1493 Probatur
1116 1439 1378 1494 Basilium
1430 1441 1563 1493 nihil
1593 1437 1700 1494 sibi
1759 1457 1824 1494 ex
1862 1442 2011 1495 bouis

505 1511 615 1561 suis
642 1510 900 1578 reliquum
926 1509 1128 1578 fecisse.
1164 1510 1249 1564 ΙΙΙ.
1294 1510 1556 1579 Professio
1580 1511 1738 1565 etiam
1773 1512 2013 1564 nomina—

509 1580 683 1646 timet
714 1582 971 1649 conceptis
1004 1580 1166 1634 verbis
1194 1597 1295 1634 non
1324 1581 1661 1649 pronuntiata
1696 1580 1883 1634 violari
1909 1598 2011 1633 non

506 1657 731 1715 poterat.
775 1647 862 1701 IV.
913 1647 1195 1719 Gregorius
1228 1647 1453 1703 mediam
1499 1651 1637 1703 inter
1666 1649 2011 1703 anachoretus

507 1726 559 1790 et
614 1730 821 1771 ascetas
870 1730 1112 1790 actuosos
1164 1720 1301 1772 viam
1350 1720 1524 1788 elegit.
1580 1719 2010 1790 Migattesiapud

509 1784 820 1857 Gregorium
850 1789 1007 1841 iidem
1040 1806 1101 1841 ac
1140 1800 1330 1844 ascette
1361 1784 1562 1843 actioni
1594 1784 1778 1844 dediti.
1805 1789 1869 1842 ν.
1902 1784 2010 1842 Βα-

508 1859 661 1911 ιὲέὶιισ
716 1858 767 1911 in
802 1861 1136 1913 monasteriis
1165 1860 1275 1913 suis
1323 1860 1555 1913 medium
1598 1861 1736 1913 inter
1780 1860 2011 1914 anacho-

509 1938 644 1980 retas
667 1943 730 1980 ac
753 1929 985 1998 migades
1015 1930 1217 1983 vivendi
1251 1945 1415 1997 genus
1444 1930 1676 1983 instituit

508 2019 548 2072 Ι.
567 2018 919 2075 Doctissimus
940 2020 1173 2089 scriptor
1190 2020 1580 2077 Thomassinus
1603 2037 1794 2076 novam
1820 2037 2004 2093 quam-

438 2108 562 2163 dam
599 2111 665 2166 de
694 2110 899 2166 Basilio
930 2121 983 2167 et
1017 2110 1281 2181 Gregorio
1324 2111 1668 2168 Nazianzeno
1700 2113 2009 2184 Opinionem

440 2202 685 2267 invenit,
713 2217 835 2272 quae
862 2204 1001 2272 apud
1036 2206 1290 2274 antiquos
1322 2206 1562 2260 inaudita
1585 2220 1805 2274 prorsus
1830 2215 1883 2261 et
1914 2208 2012 2262 im-

442 2302 764 2359 memorata,
797 2294 1000 2364 placuit
1033 2305 1215 2351 tamen
1249 2298 1602 2353 celeberrimo
1630 2298 1810 2353 abbati
1841 2298 2012 2369 Trap-

366 2422 373 2431 .
439 2385 615 2452 pensi.
654 2382 908 2440 Summas
939 2385 1059 2443 illos
1099 2390 1244 2444 viros
1289 2389 1487 2443 fatetur
1521 2389 1912 2446 Thomassinus
1959 2392 2010 2445 in

447 2471 795 2528 solitudinem
831 2478 1146 2540 secessisse,
1180 2478 1272 2532 sed
1316 2477 1420 2532 illis
1455 2478 1740 2533 monastici
1775 2480 2012 2535 instituti

442 2584 623 2623 veram
645 2570 1033 2640 professionem
1053 2569 1274 2625 invidet.
1297 2568 1553 2641 Negat(b)
1574 2586 1685 2624 vere
1702 2573 2013 2626 monachum

439 2677 570 2727 esse,
614 2662 714 2716 nisi
760 2663 849 2731 qui
895 2678 948 2715 se
978 2661 1047 2715 ad
1091 2670 1256 2715 totum
1302 2661 1421 2714 vitta
1460 2670 1661 2730 tempus
1693 2664 1792 2715 hac
1832 2674 2017 2716 sancta

439 2752 759 2821 professione
782 2752 1098 2821 obstringat,
1129 2769 1285 2822 seque
1327 2753 1574 2808 omnibus
1602 2755 2015 2820 possessionibus

439 2845 625 2911 spoliet
654 2862 715 2899 ac
737 2848 918 2900 nudet.
954 2845 1177 2901 Difﬁcile
1196 2845 1444 2915 profecto
1470 2861 1574 2901 non
1600 2848 1707 2901 erit
1728 2858 2016 2917 utrumque

443 2937 509 2990 de
544 2934 748 2991 Basilio
781 2944 971 2991 nostro
998 2945 1268 3000 astruere,
1311 2945 1365 2990 et
1405 2937 1547 3004 quod
1589 2936 1833 2990 eruditus
1869 2936 2015 2992 Tho-

444 3028 718 3082 massinus
770 3027 981 3092 statuit,
1035 3035 1093 3080 ut
1142 3041 1266 3081 eum
1316 3027 1642 3082 monachum
1688 3042 1793 3081 non
1851 3028 2018 3084 fuisse

2112 562 2320 616 dentur.

2183 655 2299 709 Non
2345 654 2501 709 video
2540 652 2666 723 quid
2711 650 3108 722 significantius
3149 650 3316 719 possit
3350 648 3675 720 [Thomassi-

2114 762 2217 802 nus
2248 747 2545 816 requirere.
2580 744 2674 798 Vel
2706 745 2850 797 enim
2883 740 3011 796 nulli
3050 750 3177 796 tunc
3215 741 3467 797 monachi
3501 741 3675 803 fuere,

2111 838 2197 892 vel
2242 838 2471 893 Basilius
2515 836 2635 890 fuit.
2692 833 2893 889 Statuit
2930 833 3070 889 bona
3110 836 3293 888 omnia
3346 835 3586 890 vendere
3628 845 3684 890 et

2111 928 2438 1000 pauperibus
2468 928 2814 983 distribuere.
2865 926 3069 994 Quaerit
3110 926 3344 997 aliquem
3389 942 3453 982 ex
3503 927 3686 982 fratri-

2112 1021 2247 1087 bus,
2294 1023 2383 1090 qui
2437 1020 2794 1075 monasticum
2861 1018 3166 1073 institutum
3224 1020 3565 1089 proﬁteatur,
3627 1029 3687 1074 ut

2112 1126 2233 1167 cum
2268 1125 2335 1166 eo
2386 1110 2608 1165 brevem
2652 1108 2813 1176 hujus
2845 1108 2970 1163 vita:
3010 1106 3229 1163 ﬂuctum
3260 1117 3521 1165 transeat.
3553 1110 3685 1177 Quis

2113 1203 2166 1256 in
2198 1203 2302 1256 hoc
2336 1199 2562 1257 consilio
2611 1199 2698 1253 vel
2744 1197 3060 1254 facultatum
3112 1199 3554 1265 retinendarum,
3603 1200 3687 1254 vel

2113 1294 2398 1349 monastici
2426 1292 2659 1348 instituti
2703 1292 2768 1346 ad
2810 1299 3022 1361 tempus
3050 1291 3412 1362 amplectendi
3439 1292 3688 1347 volunta-

2115 1395 2218 1441 tem
2249 1387 2559 1456 suspicetur
2585 1385 2608 1439 ?
2636 1383 2890 1452 Quamvis
2933 1393 3117 1440 autem
3148 1383 3379 1440 Basilius
3412 1400 3517 1439 non
3544 1384 3691 1439 dicat

2113 1477 2391 1547 conceptis
2420 1476 2602 1532 verbis
2635 1475 2905 1531 imitatum
2950 1490 3009 1531 se
3039 1489 3161 1531 esse
3202 1476 3500 1546 perfectum
3555 1475 3689 1539 illud

2114 1568 2326 1624 vivendi
2352 1583 2543 1639 genus,
2571 1569 2712 1637 quod
2738 1569 2789 1622 in
2811 1567 2978 1623 variis
3022 1568 3371 1624 monasteriis
3403 1581 3692 1637 perspexe-

2114 1668 2218 1722 rat,
2248 1659 2343 1735 sed
2361 1667 2568 1713 tantum
2593 1659 2794 1713 imitari
2818 1658 3084 1714 statuisse
3109 1675 3125 1724 ;
3158 1673 3315 1713 nemo
3331 1667 3509 1713 tamen
3535 1657 3692 1712 dixe-

2115 1750 2186 1803 rit
2214 1762 2339 1803 eum
2378 1750 2447 1804 ab
2485 1749 2699 1819 incepto
2723 1750 2955 1821 turpiter
2979 1750 3324 1813 discessisse,
3353 1759 3409 1805 et
3433 1763 3550 1818 qua:
3575 1759 3690 1804 sta-

2042 1815 2085 1870 Β
2116 1849 2227 1893 tuta
2263 1853 2324 1893 ac
2346 1815 2642 1896 deliberata
2669 1815 2955 1906 habuerat,
2985 1841 3210 1897 minime
3232 1815 3546 1911 perfecisse.

2184 1928 2331 1983 Nihil
2364 1944 2497 1985 sane
2522 1944 2660 1999 opus
2708 1938 2792 1985 est
2839 1931 3129 2001 exquisitis
3182 1933 3514 2002 argumentis
3541 1933 3596 1988 in
3630 1948 3693 1988 re

2113 2020 2432 2077 manifesta.
2468 2021 2877 2078 Monumentum
2935 2024 3201 2079 habemus
3233 2025 3549 2081 monasticae
3589 2025 3693 2080 Ba-

2113 2111 2221 2166 silii
2270 2112 2624 2183 professionis
2662 2115 3049 2182 certissimum,
3085 2115 3233 2186 ipsas
3271 2114 3486 2186 regulas
3519 2116 3587 2171 ab
3623 2131 3691 2172 eo

2114 2202 2416 2260 institutas.
2459 2203 2604 2259 Nihil
2635 2206 2876 2261 severius
2918 2215 3012 2260 aut
3050 2206 3295 2262 strictius
3329 2206 3544 2277 praecipi
3597 2222 3696 2277 po-

2117 2304 2246 2361 test,
2285 2310 2445 2365 quam
2468 2310 2588 2368 qua:
2613 2311 2640 2349 a
2671 2296 2872 2353 Basilio
2895 2298 2960 2353 de
2985 2299 3238 2353 omnibus
3268 2313 3496 2368 prorsus
3524 2298 3693 2354 rebus

2118 2384 2488 2455 relinquendis
2526 2387 2929 2456 prmcipinntur.
2961 2386 3021 2440 Ei
3077 2387 3167 2456 qui
3208 2386 3373 2442 serite!
3406 2387 3549 2441 inter
3575 2386 3691 2440 fra-

2122 2486 2235 2532 tres
2266 2478 2580 2532 monasterii
2623 2478 2891 2546 ascriptus
2935 2487 3037 2543 est,
3100 2477 3303 2533 nullum
3335 2492 3559 2548 prorsus
3591 2492 3694 2532 ex-

2115 2567 2279 2622 eundi
2307 2567 2483 2623 locum
2521 2568 2776 2639 relinquit
2803 2584 2818 2623 :
2849 2571 2943 2624 sed
2975 2571 3301 2642 sacrilegum
3346 2587 3468 2627 esse
3512 2573 3696 2628 decla-

2118 2671 2203 2714 rat
2236 2658 2330 2733 (c),
2361 2661 2452 2729 qui
2492 2662 2559 2715 ad
2587 2661 2739 2716 aliud
2766 2663 2887 2717 vitze
2914 2677 3085 2733 genus
3118 2664 3334 2729 transit,
3363 2674 3419 2716 ut
3462 2665 3556 2734 qui
3595 2665 3697 2719 do-

2118 2752 2330 2806 narium
2366 2752 2478 2808 Deo
2509 2762 2886 2808 consecratum
2933 2753 3237 2809 abstulerit.
3269 2756 3325 2808 Si
3353 2757 3475 2825 quis
3512 2764 3695 2810 autem

2118 2843 2330 2899 dubitet
2349 2859 2416 2898 an
2453 2843 2685 2899 Basilius
2711 2844 2898 2900 iisdem
2923 2844 3064 2900 votis
3095 2845 3392 2901 obstrictus
3416 2846 3599 2912 fuerit,
3630 2863 3700 2903 ac

2120 2934 2155 2988 ii
2198 2949 2335 3004 quos
2374 2936 2639 3004 regendos
2685 2945 3034 3003 susceperat;
3079 2936 3262 3007 legere
3305 2946 3483 3006 potest
3509 2952 3698 3007 prom-

2121 3027 2289 3080 mium
2322 3026 2376 3079 in
2423 3025 2658 3096 Regulus
2694 3027 2965 3097 longiores
2992 3029 3132 3098 quod
3166 3029 3246 3084 sic
3283 3029 3470 3099 incipit
3500 3048 3513 3084 :
3550 3028 3698 3095 Quo-

443 3120 651 3189 probet,
688 3120 742 3174 id
800 3128 1119 3175 convertere
1160 3118 1214 3173 in
1263 3129 1639 3188 argumentum
1680 3133 1821 3174 verm
1873 3119 2018 3176 illius
2043 3151 2086 3209 ρ
2122 3116 2264 3168 niam
2309 3115 2416 3169 Deo
2456 3116 2696 3184 juvante,
2741 3116 2795 3169 in
2842 3117 3052 3171 nomine
3107 3117 3319 3172 Domini
3353 3119 3520 3172 nostri
3563 3118 3698 3173 .lesu

443 3213 755 3267 monasticze
780 3210 1151 3282 professionis.
1193 3207 1325 3263 Nam
1367 3210 1419 3264 in
1473 3209 1557 3265 his
1602 3225 1724 3280 qum
1783 3212 1850 3266 ad
1880 3226 2014 3266 san-

440 3312 588 3356 ctum
618 3300 939 3371 Gregorium
970 3300 1369 3353 Nazianzenum
1396 3309 1649 3368 spectant
1674 3316 1779 3355 non
1824 3302 2017 3357 immo-

446 3393 624 3455 rabor,
664 3392 914 3461 quamvis
948 3391 1182 3460 amplam
1223 3400 1462 3461 segetem
1515 3390 1662 3446 illius
1694 3407 1858 3462 opera
1885 3408 2015 3464 sup-

442 3484 684 3555 peditent
715 3502 728 3538 :
774 3483 866 3539 sed
905 3483 989 3537 his
1024 3482 1242 3537 erudito
1270 3482 1439 3537 sodali
1472 3483 1615 3537 illius
1648 3498 1870 3554 operum
1904 3488 2018 3539 edi-

447 3577 644 3632 tionem
674 3574 970 3631 elaboranti
1019 3576 1271 3639 servatis,
1306 3574 1561 3628 nonnulla
1602 3585 1811 3647 tantum
1846 3578 2016 3631 attin-

441 3684 587 3740 gam,
622 3681 741 3736 qua:
768 3680 799 3720 a
831 3665 1030 3722 Basilio
1060 3675 1249 3721 nostro
1275 3666 1457 3721 divelli
1490 3680 1594 3719 non
1623 3676 1867 3735 possunt.

514 3762 769 3831 Basiliam
799 3760 973 3830 ipsmn
1005 3760 1071 3814 de
1099 3774 1158 3814 se
1188 3759 1495 3829 loquentem
1525 3760 1833 3825 audiamus,
1866 3770 2018 3815 ante-

444 3870 604 3924 quam
632 3854 857 3908 aliorum
890 3852 1189 3907 referamus
1212 3853 1541 3907 testimonia.
1577 3850 1669 3906 Sic
1705 3862 2016 3923 susceptum

444 3964 473 4000 a
504 3962 564 4001 se
597 3946 909 4000 monasticae
939 3945 1063 3999 vitae
1105 3944 1439 4013 propositum
1481 3945 1708 4012 exponit
1757 3945 1809 3999 in
1855 3946 2014 4011 epist.

442 4038 570 4100 2'23,
599 4053 653 4090 n.
681 4035 749 4091 2:
787 4034 977 4105 Itaque
1014 4051 1132 4088 cum
1148 4035 1388 4104 legissem
1421 4034 1793 4103 Evangelium,
1821 4036 2016 4105 inquit,

444 4132 621 4199 ibique
646 4129 1020 4197 perspexissem
1066 4126 1354 4195 plurimum
1397 4126 1464 4179 ad
1504 4124 1875 4193 perfectionem
1928 4145 2017 4183 va-

444 4221 588 4283 lere,
634 4220 770 4271 bona
814 4233 913 4271 sua
940 4217 1237 4280 diuendere,
1289 4227 1337 4268 et
1383 4231 1501 4268 cum
1543 4217 1718 4286 egenis
1763 4217 2019 4283 fratribus

445 4311 926 4375 communicare,ac
951 4309 1097 4362 nulla
1124 4325 1340 4377 prorsus
1362 4309 1517 4378 hujus
1534 4310 1654 4363 vitae
1668 4310 2021 4366 sollicitudine

445 4407 713 4475 distringi,
750 4421 842 4458 nec
883 4404 991 4457 ulla
1021 4404 1296 4473 affectione
1342 4405 1410 4456 ad
1469 4421 1548 4458 res
1581 4416 1813 4460 terrenas
1845 4407 2019 4460 animo

2121 3206 2317 3261 Christi
2348 3206 2509 3261 simul
2556 3208 2887 3262 convenimus
2918 3226 3032 3274 nos,
3061 3211 3151 3280 qui
3180 3226 3340 3263 unum
3372 3219 3421 3263 et
3453 3211 3588 3264 idem
3620 3215 3697 3281 pii

2120 3301 2347 3354 instituti
2377 3300 2700 3370 prepositum
2724 3309 2976 3366 tenemus,
3010 3311 3112 3356 etc.
3133 3301 3310 3355 Οἰὲνα
3340 3303 3546 3356 καὶτὸν
3592 3305 3697 3358 αὑ-

2126 3393 2216 3445 τὸν
2248 3393 2453 3446 σκοπὸν
2475 3390 2568 3445 τοῦ
2616 3390 2733 3462 βίου
2768 3390 2861 3443 τοῦ
2901 3393 3021 3445 κατ’
3047 3392 3325 3446 εὐσεϐειαν
3356 3394 3697 3465 ἐνστησάμε-

2123 3502 2221 3537 νοι.
2256 3486 2424 3539 Dubia
2462 3485 2703 3555 profecm
2733 3500 2838 3538 non
2870 3495 2991 3538 erat
3020 3485 3301 3540 monachis
3333 3484 3696 3542 Caesariensi-

2123 3579 2220 3631 hus
2250 3575 2431 3631 Basilii
2466 3575 2752 3645 professio,
2794 3577 2880 3631 cui
2924 3592 3049 3633 cum
3075 3591 3281 3645 magum
3306 3578 3566 3633 molestiae
3607 3595 3700 3633 ac-

2120 3668 2382 3722 cidissent
2413 3667 2482 3721 ab
2508 3667 2741 3723 Eusebio
2763 3668 3022 3738 episcOpo
3043 3709 3061 3737 ,
3092 3667 3296 3723 factam
3323 3668 3390 3735 ei,
3427 3670 3517 3738 qui
3541 3669 3698 3739 prin-

2121 3761 2355 3828 cipatum
2383 3759 2518 3813 inter
2546 3760 2687 3828 ipsos
2715 3759 3002 3825 obtinebat,
3024 3759 3274 3828 injuriam
3300 3758 3537 3829 graviter
3560 3758 3701 3815 tule—

2123 3861 2249 3904 runt
2281 3849 2387 3921 id).
2422 3849 2519 3905 His
2550 3852 2687 3904 adde
2740 3859 2984 3905 veterum
3040 3850 3356 3905 testimonia
3408 3850 3498 3920 qui
3546 3849 3700 3906 Basi-

2124 3943 2252 3997 lium
2302 3953 2358 3997 et
2405 3939 2725 4012 Gregorium
2778 3942 2943 3994 vitam
3004 3942 3364 3995 monasticam
3416 3941 3701 4010 amplexos

2121 4047 2243 4088 esse
2279 4031 2544 4086 referunt.
2577 4031 2713 4087 Vide
2739 4030 2994 4086 Rufinum
3032 4032 3125 4086 lib.
3162 4048 3202 4099 ι,
3233 4046 3281 4087 c.
3315 4031 3379 4098 9;
3409 4033 3697 4087 Socratem

2122 4125 2213 4179 lib.
2245 4141 2321 4187 tv,
2351 4139 2402 4181 c.
2433 4123 2535 4190 26;
2574 4124 2933 4179 Sozomenum
2976 4124 3071 4180 lib.
3103 4140 3180 4191 vr,
3210 4141 3260 4181 c.
3289 4126 3376 4182 17.

2196 4215 2256 4269 ll.
2301 4215 2629 4285 Paupertas,
2675 4231 2839 4285 quam
2919 4217 3147 4288 requirit
3196 4215 3587 4272 Thomassinus
3632 4221 3700 4273 ad

2125 4309 2479 4362 monasticam
2513 4306 2929 4377 professionem,
2968 4308 3203 4361 maxime
3230 4308 3426 4362 enituit
3464 4308 3519 4362 in
3547 4307 3703 4365 Basi-

2132 4402 2225 4456 lio.
2257 4400 2510 4456 Testatur
2541 4398 2816 4471 Nyssenus
2847 4415 2969 4454 eum
3011 4401 3077 4452 ab
3107 4399 3262 4453 initio
3285 4401 3542 4456 statuisse
3564 4401 3704 4456 nihil

446 4499 703 4562 converti;
728 4497 995 4563 cupiebam
1021 4495 1258 4550 invenire
1286 4496 1521 4565 aliquem
1543 4514 1611 4551 ea:
1638 4497 1895 4565 fratribus
1928 4498 2019 4568 qui
2051 4499 2099 4559 ι)
2127 4491 2426 4560 possidere,
2462 4499 2517 4544 et
2547 4497 2752 4560 petram
2794 4488 3129 4543 immobilem
3164 4489 3329 4543 fuisse
3367 4491 3469 4544 hoc
3508 4493 3696 4545 consi-

445 4593 580 4646 ltanc
613 4592 733 4648 vita
760 4593 894 4645 viam
942 4589 1201 4658 elegisset,
1232 4598 1290 4641 ut
1335 4605 1439 4642 una
1484 4606 1601 4642 cum
1645 4590 1758 4656 ipso
1819 4590 2018 4645 brevem

436 4685 601 4754 hujus
636 4686 755 4738 vitm
777 4685 996 4753 fluctum
1033 4682 1332 4734 transirem.
1371 4682 1446 4733 Ac
1478 4683 1664 4735 multos
1692 4682 1904 4751 quidem
1940 4683 2021 4736 in-

446 4775 561 4826 ι·εηί
593 4774 950 4840 Alexandrini,
995 4770 1188 4824 multos
1231 4770 1389 4823 etiam
1423 4770 1479 4822 in
1507 4771 1708 4839 reliqua
1742 4769 1973 4840 (Egypto
2001 4788 2020 4824 :

446 4877 492 4919 et
520 4866 571 4918 in
602 4864 893 4919 l’alwstina
927 4864 1062 4917 alios
1092 4874 1140 4917 et
1164 4861 1450 4932 (Iw/esgria
1480 4878 1541 4914 ac
1568 4860 1969 4930 Mesopotamia.
2003 4902 2014 4915 .

451 4956 578 5011 "me
614 4972 734 5009 cum
768 4957 1009 5019 mirarer,
1042 4971 1103 5009 ac
1134 4954 1341 5008 beatam
1377 4963 1616 5019 putarem
1670 4956 1898 5007 virorum
1939 4957 2019 5008 vi-

447 5063 577 5109 tam,
607 5047 757 5130 quod_
781 5048 936 5116 factis
968 5051 1299 5101 ostenderent
1327 5062 1382 5101 se
1414 5046 1870 5113 mortificationem
1892 5046 2020 5100 Jesu

447 5143 500 5194 in
541 5155 758 5208 corpore
799 5139 1157 5207 circumferre,
1203 5138 1446 5207 optabam
1491 5147 1540 5190 et
1583 5138 1716 5205 ipse,
1768 5149 2020 5206 quantum

447 5245 649 5295 possem
693 5229 974 5297 attingere,
1019 5229 1259 5282 imitator
1299 5245 1408 5283 esse
1464 5229 1732 5281 hominum
1783 5229 2018 5284 illorum.

450 5320 799 5386 Quamobrem
834 5335 953 5372 cum
986 5320 1231 5373 vidissem
1280 5321 1556 5373 nonnullos
1604 5322 1656 5373 in
1700 5322 1872 5386 patria
1905 5323 2024 5374 imi-

452 5414 553 5466 tari
575 5413 787 5466 illorum
810 5412 1059 5465 instituta
1081 5396 1352 5476 conantes,
1388 5412 1515 5465 mihi
1544 5414 1686 5466 visus
1712 5429 1828 5465 sum
1865 5414 2022 5481 adju-

451 5505 611 5561 menti
644 5505 846 5575 aliquid
879 5505 1127 5573 reperisse
1162 5504 1231 5559 ad
1284 5520 1452 5557 meam
1497 5504 1736 5571 salutent,
1776 5517 1824 5559 et
1878 5506 2020 5560 iudi—

520 5636 600 5778 ia)
638 5638 879 5692 lnstttut.
915 5638 1006 5693 lib.
1037 5654 1110 5700 vr,
1143 5654 1189 5694 (δ.
1225 5641 1307 5695 l9.

549 5712 598 5778 by
636 5707 912 5778 Disciplin.
948 5711 1127 5765 ecrlrs.
1166 5722 1303 5778 part.

549 5712 598 5781 bi
636 5707 912 5781 Qisciplin.
948 5711 1127 5765 ecrlrs.
1166 5722 1303 5781 part.
1342 5726 1401 5779 ll,
1435 5711 1524 5767 lib.
1559 5730 1593 5777 ι,
1624 5729 1668 5767 c.
1699 5713 1785 5767 46.

537 5777 607 5849 (c)
652 5777 912 5851 ἔνετοι-ος.
948 5781 1038 5837 ‘24.

2126 4585 2277 4637 lium.
2329 4583 2473 4638 Idem
2528 4582 2787 4637 discimus
2831 4597 2894 4634 ex
2945 4578 3390 4649 Nazianzeuo(e)
3440 4579 3699 4635 Basilium

2126 4681 2363 4735 omnibus
2400 4677 2759 4747 facultatibus,
2785 4693 2914 4747 quas
2969 4690 3196 4745 unquam
3240 4675 3512 4737 habuerat,
3549 4692 3702 4744 a'quo

2123 4774 2300 4825 animo
2331 4770 2596 4840 projectis,
2636 4767 2818 4821 leviter
2841 4764 3096 4836 facileque
3125 4764 3242 4818 vitm
3271 4766 3485 4834 pelagus
3519 4777 3702 4819 trans-

2127 4865 2350 4918 misisse.

2207 4951 2498 5006 Existimat
2543 4948 2914 5004 Tillcmontins
2961 4945 3215 5000 Basilium
3261 4946 3445 5000 statim
3480 4946 3702 5016 quidem

2130 5062 2225 5099 sua
2270 5045 2450 5097 omnia
2478 5043 2802 5111 pauperibus
2826 5053 3195 5101 consecrasse,
3228 5054 3332 5093 non
3367 5049 3555 5093 tamen
3590 5050 3705 5094 sta-

2133 5138 2225 5190 tim
2262 5133 2624 5195 distribuisse.
2661 5131 2756 5185 sed
2790 5145 2912 5185 cum
2943 5127 3048 5184 sibi
3081 5127 3288 5195 aliquid
3340 5140 3701 5195 reservasset,

2133 5228 2298 5280 variis
2324 5224 2657 5294 temporibus
2682 5219 2933 5275 charitati
2975 5234 3090 5274 suae
3121 5217 3469 5273 satisfecisse.
3502 5216 3700 5272 Nititur

2133 5318 2481 5373 doctissimus
2516 5314 2750 5382 scriptor
2802 5313 3113 5366 testimonio
3168 5310 3418 5379 Νγεςιεηὶ,
3453 5309 3543 5378 qui
3596 5312 3705 5362 fra—

2135 5424 2269 5465 trem
2305 5424 2461 5461 suum
2503 5415 2736 5460 testatur
2762 5403 2830 5473 (f)
2883 5403 3261 5470 patrimonium
3310 5401 3626 5468 pauperibus
3655 5409 3703 5453 et

2135 5511 2256 5557 ante
2292 5499 2647 5554 sacerdotium
2677 5497 3027 5559 distribuisse,
3067 5504 3115 5547 ct
3149 5494 3374 5547 maxime
3396 5492 3553 5561 famis
3582 5504 3711 5595 tem:

2201 5632 2276 5701 (d)
2305 5632 2441 5701 Naz:
2460 5639 2594 5701 orat.
2619 5629 2709 5683 ‘20.

2206 5700 2271 5769 (ε)
2316 5702 2377 5754 lu
2412 5700 2577 5752 Basil.

2211 5767 2280 5842 if)
2314 5771 2377 5823 lu
2411 5770 2662 5833 Euneon,
2695 5784 2745 5837 p.
2777 5767 2899 5822 507.
