  <div class='ocr_page' id='page_1' title='image "/cluster/home/n/w/nwhite01/storage/ocr_20150623/29/mdp.39015012934371/026.png"; bbox 0 0 3958 6212; ppageno 0'>
   <div class='ocr_carea' id='block_1_1' title="bbox 1602 353 2166 410">
    <p class='ocr_par' dir='ltr' id='par_1_1' title="bbox 1602 353 2166 410">
     <span class='ocr_line' id='line_1_1' title="bbox 1602 353 2166 410; baseline 0.005 -3"><span class='ocrx_word' id='word_1_1' title='bbox 1602 353 1759 408; x_wconf 75' lang='lat' dir='ltr'><strong><em>VITA</em></strong></span> <span class='ocrx_word' id='word_1_2' title='bbox 1802 354 1855 406; x_wconf 82' lang='lat' dir='ltr'><strong><em>S.</em></strong></span> <span class='ocrx_word' id='word_1_3' title='bbox 1900 353 2166 410; x_wconf 70' lang='lat' dir='ltr'><strong><em>BASILII.</em></strong></span> 
     </span>
    </p>
   </div>
   <div class='ocr_carea' id='block_1_2' title="bbox 3388 360 3498 413">
    <p class='ocr_par' dir='ltr' id='par_1_2' title="bbox 3388 360 3498 413">
     <span class='ocr_line' id='line_1_2' title="bbox 3388 360 3498 413; baseline 0 0"><span class='ocrx_word' id='word_1_4' title='bbox 3388 360 3498 413; x_wconf 76' lang='lat' dir='ltr'><strong><em>xvit</em></strong></span> 
     </span>
    </p>
   </div>
   <div class='ocr_carea' id='block_1_3' title="bbox 249 476 3499 546">
    <p class='ocr_par' dir='ltr' id='par_1_3' title="bbox 249 476 3499 546">
     <span class='ocr_line' id='line_1_3' title="bbox 249 476 3499 546; baseline 0.001 -18"><span class='ocrx_word' id='word_1_5' title='bbox 249 492 403 545; x_wconf 84' lang='lat' dir='ltr'><strong><em>pore,</em></strong></span> <span class='ocrx_word' id='word_1_6' title='bbox 430 493 541 530; x_wconf 82' lang='lat' dir='ltr'><strong><em>cum</em></strong></span> <span class='ocrx_word' id='word_1_7' title='bbox 572 477 745 530; x_wconf 85' lang='lat' dir='ltr'><strong><em>adhuc</em></strong></span> <span class='ocrx_word' id='word_1_8' title='bbox 794 478 1000 531; x_wconf 89' lang='lat' dir='ltr'><strong><em>essetin</em></strong></span> <span class='ocrx_word' id='word_1_9' title='bbox 1032 476 1452 544; x_wconf 74' lang='lat' dir='ltr'><strong><em>presbyterorum</em></strong></span> <span class='ocrx_word' id='word_1_10' title='bbox 1490 477 1696 539; x_wconf 78' lang='lat' dir='ltr'><strong><em>ordine,</em></strong></span> <span class='ocrx_word' id='word_1_11' title='bbox 1736 494 1826 529; x_wconf 88' lang='lat' dir='ltr'><strong><em>nec</em></strong></span> <span class='ocrx_word' id='word_1_12' title='bbox 1856 483 1900 539; x_wconf 83' lang='grc' dir='ltr'><strong>Α</strong></span> <span class='ocrx_word' id='word_1_13' title='bbox 1927 478 2299 545; x_wconf 75' lang='lat' dir='ltr'><strong><em>professiones,</em></strong></span> <span class='ocrx_word' id='word_1_14' title='bbox 2340 478 2532 544; x_wconf 89' lang='lat' dir='ltr'><strong><em>inquit,</em></strong></span> <span class='ocrx_word' id='word_1_15' title='bbox 2601 496 2700 531; x_wconf 87' lang='lat' dir='ltr'><strong><em>non</em></strong></span> <span class='ocrx_word' id='word_1_16' title='bbox 2758 480 3013 542; x_wconf 77' lang='lat' dir='ltr'><strong><em>novimus,</em></strong></span> <span class='ocrx_word' id='word_1_17' title='bbox 3068 485 3416 546; x_wconf 79' lang='lat' dir='ltr'><strong><em>prtcterquam</em></strong></span> <span class='ocrx_word' id='word_1_18' title='bbox 3452 477 3499 531; x_wconf 97' lang='lat' dir='ltr'><strong><em>si</em></strong></span> 
     </span>
    </p>
   </div>
   <div class='ocr_carea' id='block_1_4' title="bbox 249 566 1828 636">
    <p class='ocr_par' dir='ltr' id='par_1_4' title="bbox 249 566 1828 636">
     <span class='ocr_line' id='line_1_4' title="bbox 249 566 1828 636; baseline -0.001 -15"><span class='ocrx_word' id='word_1_19' title='bbox 249 580 440 636; x_wconf 88' lang='lat' dir='ltr'><strong><em>postea</em></strong></span> <span class='ocrx_word' id='word_1_20' title='bbox 460 586 655 633; x_wconf 87' lang='lat' dir='ltr'><strong><em>eorum,</em></strong></span> <span class='ocrx_word' id='word_1_21' title='bbox 677 586 795 632; x_wconf 77' lang='lat' dir='ltr'><strong><em>qua:</em></strong></span> <span class='ocrx_word' id='word_1_22' title='bbox 824 569 1035 622; x_wconf 88' lang='lat' dir='ltr'><strong><em>residua</em></strong></span> <span class='ocrx_word' id='word_1_23' title='bbox 1079 568 1314 635; x_wconf 76' lang='lat' dir='ltr'><strong><em>fuerant,</em></strong></span> <span class='ocrx_word' id='word_1_24' title='bbox 1342 566 1517 620; x_wconf 88' lang='lat' dir='ltr'><strong><em>minus</em></strong></span> <span class='ocrx_word' id='word_1_25' title='bbox 1558 566 1828 622; x_wconf 79' lang='lat' dir='ltr'><strong><em>liberalem</em></strong></span> 
     </span>
    </p>
   </div>
   <div class='ocr_carea' id='block_1_5' title="bbox 251 660 446 728">
    <p class='ocr_par' dir='ltr' id='par_1_5' title="bbox 251 660 446 728">
     <span class='ocr_line' id='line_1_5' title="bbox 251 660 446 728; baseline 0.005 -18"><span class='ocrx_word' id='word_1_26' title='bbox 251 660 446 728; x_wconf 75' lang='lat' dir='ltr'><strong><em>fuisse.</em></strong></span> 
     </span>
    </p>
   </div>
   <div class='ocr_carea' id='block_1_6' title="bbox 323 747 1827 818">
    <p class='ocr_par' dir='ltr' id='par_1_6' title="bbox 323 747 1827 818">
     <span class='ocr_line' id='line_1_6' title="bbox 323 747 1827 818; baseline -0.003 -12"><span class='ocrx_word' id='word_1_27' title='bbox 323 749 572 818; x_wconf 75' lang='lat' dir='ltr'><strong><em>Coiijecit</em></strong></span> <span class='ocrx_word' id='word_1_28' title='bbox 615 748 1021 803; x_wconf 88' lang='lat' dir='ltr'><strong><em>Tillemontium</em></strong></span> <span class='ocrx_word' id='word_1_29' title='bbox 1071 748 1122 801; x_wconf 93' lang='lat' dir='ltr'><strong><em>in</em></strong></span> <span class='ocrx_word' id='word_1_30' title='bbox 1177 748 1319 802; x_wconf 88' lang='lat' dir='ltr'><strong><em>hanc</em></strong></span> <span class='ocrx_word' id='word_1_31' title='bbox 1367 747 1675 818; x_wconf 85' lang='lat' dir='ltr'><strong><em>opinionem</em></strong></span> <span class='ocrx_word' id='word_1_32' title='bbox 1728 749 1827 802; x_wconf 81' lang='lat' dir='ltr'><strong><em>alia</em></strong></span> 
     </span>
    </p>
   </div>
   <div class='ocr_carea' id='block_1_7' title="bbox 249 835 1830 907">
    <p class='ocr_par' dir='ltr' id='par_1_7' title="bbox 249 835 1830 907">
     <span class='ocr_line' id='line_1_7' title="bbox 249 835 1830 907; baseline -0.001 -16"><span class='ocrx_word' id='word_1_33' title='bbox 249 841 445 893; x_wconf 80' lang='lat' dir='ltr'><strong><em>rninus</em></strong></span> <span class='ocrx_word' id='word_1_34' title='bbox 485 849 626 891; x_wconf 85' lang='lat' dir='ltr'><strong><em>recta</em></strong></span> <span class='ocrx_word' id='word_1_35' title='bbox 671 838 859 907; x_wconf 78' lang='lat' dir='ltr'><strong><em>Opinio</em></strong></span> <span class='ocrx_word' id='word_1_36' title='bbox 891 838 957 890; x_wconf 91' lang='lat' dir='ltr'><strong><em>de</em></strong></span> <span class='ocrx_word' id='word_1_37' title='bbox 1006 846 1176 891; x_wconf 87' lang='lat' dir='ltr'><strong><em>morte</em></strong></span> <span class='ocrx_word' id='word_1_38' title='bbox 1220 836 1279 890; x_wconf 88' lang='lat' dir='ltr'><strong><em>S.</em></strong></span> <span class='ocrx_word' id='word_1_39' title='bbox 1317 835 1621 901; x_wconf 70' lang='lat' dir='ltr'><strong><em>Emmelize,</em></strong></span> <span class='ocrx_word' id='word_1_40' title='bbox 1669 853 1830 906; x_wconf 88' lang='lat' dir='ltr'><strong><em>quam</em></strong></span> 
     </span>
    </p>
   </div>
   <div class='ocr_carea' id='block_1_8' title="bbox 248 925 1832 998">
    <p class='ocr_par' dir='ltr' id='par_1_8' title="bbox 248 925 1832 998">
     <span class='ocr_line' id='line_1_8' title="bbox 248 925 1832 998; baseline -0.001 -15"><span class='ocrx_word' id='word_1_41' title='bbox 248 930 509 998; x_wconf 83' lang='lat' dir='ltr'><strong><em>episcopo</em></strong></span> <span class='ocrx_word' id='word_1_42' title='bbox 533 928 731 981; x_wconf 82' lang='lat' dir='ltr'><strong><em>Basilio</em></strong></span> <span class='ocrx_word' id='word_1_43' title='bbox 760 936 916 995; x_wconf 91' lang='lat' dir='ltr'><strong><em>putat</em></strong></span> <span class='ocrx_word' id='word_1_44' title='bbox 941 926 1161 980; x_wconf 82' lang='lat' dir='ltr'><strong><em>abiisse.</em></strong></span> <span class='ocrx_word' id='word_1_45' title='bbox 1208 925 1313 980; x_wconf 84' lang='lat' dir='ltr'><strong><em>Sed</em></strong></span> <span class='ocrx_word' id='word_1_46' title='bbox 1366 927 1416 979; x_wconf 92' lang='lat' dir='ltr'><strong><em>id</em></strong></span> <span class='ocrx_word' id='word_1_47' title='bbox 1464 937 1590 980; x_wconf 89' lang='lat' dir='ltr'><strong><em>ante</em></strong></span> <span class='ocrx_word' id='word_1_48' title='bbox 1618 929 1832 995; x_wconf 88' lang='lat' dir='ltr'><strong><em>episco-</em></strong></span> 
     </span>
    </p>
   </div>
   <div class='ocr_carea' id='block_1_9' title="bbox 248 1016 1823 1087">
    <p class='ocr_par' dir='ltr' id='par_1_9' title="bbox 248 1016 1823 1087">
     <span class='ocr_line' id='line_1_9' title="bbox 248 1016 1823 1087; baseline 0 -16"><span class='ocrx_word' id='word_1_49' title='bbox 248 1030 445 1087; x_wconf 80' lang='lat' dir='ltr'><strong>patum</strong></span> <span class='ocrx_word' id='word_1_50' title='bbox 474 1019 656 1073; x_wconf 85' lang='lat' dir='ltr'><strong><em>Basilii</em></strong></span> <span class='ocrx_word' id='word_1_51' title='bbox 706 1017 1026 1086; x_wconf 76' lang='lat' dir='ltr'><strong><em>contigisse,</em></strong></span> <span class='ocrx_word' id='word_1_52' title='bbox 1067 1027 1124 1071; x_wconf 91' lang='lat' dir='ltr'><strong><em>et</em></strong></span> <span class='ocrx_word' id='word_1_53' title='bbox 1166 1016 1327 1071; x_wconf 85' lang='lat' dir='ltr'><strong><em>fatuis</em></strong></span> <span class='ocrx_word' id='word_1_54' title='bbox 1370 1027 1609 1087; x_wconf 87' lang='lat' dir='ltr'><strong><em>tempore</em></strong></span> <span class='ocrx_word' id='word_1_55' title='bbox 1660 1019 1823 1071; x_wconf 86' lang='lat' dir='ltr'><strong><em>conti-</em></strong></span> 
     </span>
    </p>
   </div>
   <div class='ocr_carea' id='block_1_10' title="bbox 249 1107 1833 1180">
    <p class='ocr_par' dir='ltr' id='par_1_10' title="bbox 249 1107 1833 1180">
     <span class='ocr_line' id='line_1_10' title="bbox 249 1107 1833 1180; baseline 0.001 -17"><span class='ocrx_word' id='word_1_56' title='bbox 249 1114 427 1180; x_wconf 81' lang='lat' dir='ltr'><strong><em>gisse,</em></strong></span> <span class='ocrx_word' id='word_1_57' title='bbox 459 1125 574 1179; x_wconf 62' lang='lat' dir='ltr'><strong><em>qua:</em></strong></span> <span class='ocrx_word' id='word_1_58' title='bbox 610 1109 795 1163; x_wconf 85' lang='lat' dir='ltr'><strong><em>Basilii</em></strong></span> <span class='ocrx_word' id='word_1_59' title='bbox 832 1107 1083 1163; x_wconf 89' lang='lat' dir='ltr'><strong><em>cbaritati</em></strong></span> <span class='ocrx_word' id='word_1_60' title='bbox 1132 1108 1412 1162; x_wconf 83' lang='lat' dir='ltr'><strong><em>materiam</em></strong></span> <span class='ocrx_word' id='word_1_61' title='bbox 1448 1109 1615 1175; x_wconf 85' lang='lat' dir='ltr'><strong><em>dedit,</em></strong></span> <span class='ocrx_word' id='word_1_62' title='bbox 1641 1111 1833 1164; x_wconf 86' lang='lat' dir='ltr'><strong><em>certis-</em></strong></span> 
     </span>
    </p>
   </div>
   <div class='ocr_carea' id='block_1_11' title="bbox 250 1200 1834 1270">
    <p class='ocr_par' dir='ltr' id='par_1_11' title="bbox 250 1200 1834 1270">
     <span class='ocr_line' id='line_1_11' title="bbox 250 1200 1834 1270; baseline -0.002 -13"><span class='ocrx_word' id='word_1_63' title='bbox 250 1204 438 1267; x_wconf 88' lang='lat' dir='ltr'><strong><em>simis,</em></strong></span> <span class='ocrx_word' id='word_1_64' title='bbox 478 1213 534 1256; x_wconf 93' lang='lat' dir='ltr'><strong><em>ut</em></strong></span> <span class='ocrx_word' id='word_1_65' title='bbox 570 1202 701 1255; x_wconf 90' lang='lat' dir='ltr'><strong><em>mihi</em></strong></span> <span class='ocrx_word' id='word_1_66' title='bbox 738 1200 957 1270; x_wconf 79' lang='lat' dir='ltr'><strong><em>quidem</em></strong></span> <span class='ocrx_word' id='word_1_67' title='bbox 988 1200 1229 1263; x_wconf 86' lang='lat' dir='ltr'><strong><em>videtur,</em></strong></span> <span class='ocrx_word' id='word_1_68' title='bbox 1256 1201 1593 1270; x_wconf 81' lang='lat' dir='ltr'><strong><em>argumentis</em></strong></span> <span class='ocrx_word' id='word_1_69' title='bbox 1636 1200 1834 1269; x_wconf 57' lang='lat' dir='ltr'><strong><em>proba.</em></strong></span> 
     </span>
    </p>
   </div>
   <div class='ocr_carea' id='block_1_12' title="bbox 249 1293 1831 1359">
    <p class='ocr_par' dir='ltr' id='par_1_12' title="bbox 249 1293 1831 1359">
     <span class='ocr_line' id='line_1_12' title="bbox 249 1293 1831 1359; baseline -0.003 -10"><span class='ocrx_word' id='word_1_70' title='bbox 249 1295 425 1350; x_wconf 89' lang='lat' dir='ltr'><strong><em>bitur.</em></strong></span> <span class='ocrx_word' id='word_1_71' title='bbox 451 1294 628 1359; x_wconf 83' lang='lat' dir='ltr'><strong><em>Quare</em></strong></span> <span class='ocrx_word' id='word_1_72' title='bbox 671 1309 794 1349; x_wconf 88' lang='lat' dir='ltr'><strong><em>cum</em></strong></span> <span class='ocrx_word' id='word_1_73' title='bbox 840 1293 1073 1347; x_wconf 84' lang='lat' dir='ltr'><strong><em>Basilius</em></strong></span> <span class='ocrx_word' id='word_1_74' title='bbox 1116 1302 1417 1346; x_wconf 79' lang='lat' dir='ltr'><strong><em>maternam</em></strong></span> <span class='ocrx_word' id='word_1_75' title='bbox 1463 1293 1831 1347; x_wconf 69' lang='lat' dir='ltr'><strong><em>haereditatem</em></strong></span> 
     </span>
    </p>
   </div>
   <div class='ocr_carea' id='block_1_13' title="bbox 251 1384 1834 1454">
    <p class='ocr_par' dir='ltr' id='par_1_13' title="bbox 251 1384 1834 1454">
     <span class='ocr_line' id='line_1_13' title="bbox 251 1384 1834 1454; baseline -0.001 -13"><span class='ocrx_word' id='word_1_76' title='bbox 251 1386 419 1441; x_wconf 89' lang='lat' dir='ltr'><strong><em>famis</em></strong></span> <span class='ocrx_word' id='word_1_77' title='bbox 448 1397 689 1453; x_wconf 87' lang='lat' dir='ltr'><strong><em>tempore</em></strong></span> <span class='ocrx_word' id='word_1_78' title='bbox 730 1386 1076 1454; x_wconf 87' lang='lat' dir='ltr'><strong><em>perceperit;</em></strong></span> <span class='ocrx_word' id='word_1_79' title='bbox 1131 1384 1286 1438; x_wconf 80' lang='lat' dir='ltr'><strong><em>facile</em></strong></span> <span class='ocrx_word' id='word_1_80' title='bbox 1316 1385 1660 1453; x_wconf 89' lang='lat' dir='ltr'><strong><em>perspicitur.</em></strong></span> <span class='ocrx_word' id='word_1_81' title='bbox 1700 1400 1834 1453; x_wconf 90' lang='lat' dir='ltr'><strong><em>quo-</em></strong></span> 
     </span>
    </p>
   </div>
   <div class='ocr_carea' id='block_1_14' title="bbox 252 1477 1830 1548">
    <p class='ocr_par' dir='ltr' id='par_1_14' title="bbox 252 1477 1830 1548">
     <span class='ocr_line' id='line_1_14' title="bbox 252 1477 1830 1548; baseline -0.004 -14"><span class='ocrx_word' id='word_1_82' title='bbox 252 1482 420 1534; x_wconf 89' lang='lat' dir='ltr'><strong><em>modo</em></strong></span> <span class='ocrx_word' id='word_1_83' title='bbox 444 1480 534 1548; x_wconf 88' lang='lat' dir='ltr'><strong><em>qui</em></strong></span> <span class='ocrx_word' id='word_1_84' title='bbox 572 1493 633 1533; x_wconf 89' lang='lat' dir='ltr'><strong><em>se</em></strong></span> <span class='ocrx_word' id='word_1_85' title='bbox 664 1477 777 1545; x_wconf 90' lang='lat' dir='ltr'><strong><em>jam</em></strong></span> <span class='ocrx_word' id='word_1_86' title='bbox 830 1486 987 1531; x_wconf 85' lang='lat' dir='ltr'><strong><em>antea</em></strong></span> <span class='ocrx_word' id='word_1_87' title='bbox 1025 1477 1278 1530; x_wconf 86' lang='lat' dir='ltr'><strong><em>omnibus</em></strong></span> <span class='ocrx_word' id='word_1_88' title='bbox 1314 1477 1474 1531; x_wconf 87' lang='lat' dir='ltr'><strong><em>rebus</em></strong></span> <span class='ocrx_word' id='word_1_89' title='bbox 1510 1477 1830 1539; x_wconf 81' lang='lat' dir='ltr'><strong><em>nudaverat,</em></strong></span> 
     </span>
    </p>
   </div>
   <div class='ocr_carea' id='block_1_15' title="bbox 252 1564 1830 1634">
    <p class='ocr_par' dir='ltr' id='par_1_15' title="bbox 252 1564 1830 1634">
     <span class='ocr_line' id='line_1_15' title="bbox 252 1564 1830 1634; baseline -0.004 -12"><span class='ocrx_word' id='word_1_90' title='bbox 252 1570 399 1624; x_wconf 86' lang='lat' dir='ltr'><strong><em>idem</em></strong></span> <span class='ocrx_word' id='word_1_91' title='bbox 442 1580 568 1622; x_wconf 91' lang='lat' dir='ltr'><strong><em>tunc</em></strong></span> <span class='ocrx_word' id='word_1_92' title='bbox 618 1567 915 1621; x_wconf 88' lang='lat' dir='ltr'><strong><em>charitatis</em></strong></span> <span class='ocrx_word' id='word_1_93' title='bbox 964 1566 1235 1634; x_wconf 84' lang='lat' dir='ltr'><strong><em>specimen</em></strong></span> <span class='ocrx_word' id='word_1_94' title='bbox 1286 1567 1644 1620; x_wconf 89' lang='lat' dir='ltr'><strong><em>renovaverit.</em></strong></span> <span class='ocrx_word' id='word_1_95' title='bbox 1713 1564 1830 1617; x_wconf 88' lang='lat' dir='ltr'><strong><em>Non</em></strong></span> 
     </span>
    </p>
   </div>
   <div class='ocr_carea' id='block_1_16' title="bbox 252 1656 1830 1727">
    <p class='ocr_par' dir='ltr' id='par_1_16' title="bbox 252 1656 1830 1727">
     <span class='ocr_line' id='line_1_16' title="bbox 252 1656 1830 1727; baseline -0.003 -14"><span class='ocrx_word' id='word_1_96' title='bbox 252 1660 523 1714; x_wconf 74' lang='lat' dir='ltr'><strong><em>difﬁcilius</em></strong></span> <span class='ocrx_word' id='word_1_97' title='bbox 561 1659 868 1727; x_wconf 79' lang='lat' dir='ltr'><strong><em>explicatur</em></strong></span> <span class='ocrx_word' id='word_1_98' title='bbox 918 1657 1060 1727; x_wconf 87' lang='lat' dir='ltr'><strong><em>quod</em></strong></span> <span class='ocrx_word' id='word_1_99' title='bbox 1107 1658 1186 1711; x_wconf 89' lang='lat' dir='ltr'><strong><em>ait</em></strong></span> <span class='ocrx_word' id='word_1_100' title='bbox 1228 1657 1535 1727; x_wconf 81' lang='lat' dir='ltr'><strong><em>Nyssenus,</em></strong></span> <span class='ocrx_word' id='word_1_101' title='bbox 1573 1656 1830 1709; x_wconf 80' lang='lat' dir='ltr'><strong><em>Basiliam</em></strong></span> 
     </span>
    </p>
   </div>
   <div class='ocr_carea' id='block_1_17' title="bbox 252 1747 1831 1819">
    <p class='ocr_par' dir='ltr' id='par_1_17' title="bbox 252 1747 1831 1819">
     <span class='ocr_line' id='line_1_17' title="bbox 252 1747 1831 1819; baseline -0.002 -15"><span class='ocrx_word' id='word_1_102' title='bbox 252 1761 431 1819; x_wconf 88' lang='lat' dir='ltr'><strong><em>postea</em></strong></span> <span class='ocrx_word' id='word_1_103' title='bbox 462 1767 649 1804; x_wconf 87' lang='lat' dir='ltr'><strong><em>eorum</em></strong></span> <span class='ocrx_word' id='word_1_104' title='bbox 680 1766 798 1819; x_wconf 70' lang='lat' dir='ltr'><strong><em>quia</em></strong></span> <span class='ocrx_word' id='word_1_105' title='bbox 833 1748 1034 1817; x_wconf 85' lang='lat' dir='ltr'><strong><em>reliqua</em></strong></span> <span class='ocrx_word' id='word_1_106' title='bbox 1071 1758 1220 1801; x_wconf 89' lang='lat' dir='ltr'><strong><em>erant</em></strong></span> <span class='ocrx_word' id='word_1_107' title='bbox 1265 1764 1366 1802; x_wconf 91' lang='lat' dir='ltr'><strong><em>non</em></strong></span> <span class='ocrx_word' id='word_1_108' title='bbox 1418 1750 1591 1801; x_wconf 88' lang='lat' dir='ltr'><strong><em>minus</em></strong></span> <span class='ocrx_word' id='word_1_109' title='bbox 1632 1747 1831 1801; x_wconf 90' lang='lat' dir='ltr'><strong><em>libera-</em></strong></span> 
     </span>
    </p>
   </div>
   <div class='ocr_carea' id='block_1_18' title="bbox 1933 567 3502 638">
    <p class='ocr_par' dir='ltr' id='par_1_18' title="bbox 1933 567 3502 638">
     <span class='ocr_line' id='line_1_18' title="bbox 1933 567 3502 638; baseline -0.001 -17"><span class='ocrx_word' id='word_1_110' title='bbox 1933 569 2019 638; x_wconf 88' lang='lat' dir='ltr'><strong><em>qui</em></strong></span> <span class='ocrx_word' id='word_1_111' title='bbox 2080 585 2134 621; x_wconf 92' lang='lat' dir='ltr'><strong><em>se</em></strong></span> <span class='ocrx_word' id='word_1_112' title='bbox 2182 569 2283 634; x_wconf 92' lang='lat' dir='ltr'><strong><em>ipsi</em></strong></span> <span class='ocrx_word' id='word_1_113' title='bbox 2348 570 2720 623; x_wconf 81' lang='lat' dir='ltr'><strong><em>monachorum</em></strong></span> <span class='ocrx_word' id='word_1_114' title='bbox 2769 570 2943 623; x_wconf 82' lang='lat' dir='ltr'><strong><em>ordini</em></strong></span> <span class='ocrx_word' id='word_1_115' title='bbox 2995 567 3328 635; x_wconf 89' lang='lat' dir='ltr'><strong><em>ascripserint</em></strong></span> <span class='ocrx_word' id='word_1_116' title='bbox 3369 568 3502 635; x_wconf 89' lang='lat' dir='ltr'><strong><em>:qui</em></strong></span> 
     </span>
    </p>
   </div>
   <div class='ocr_carea' id='block_1_19' title="bbox 1931 655 3505 727">
    <p class='ocr_par' dir='ltr' id='par_1_19' title="bbox 1931 655 3505 727">
     <span class='ocr_line' id='line_1_19' title="bbox 1931 655 3505 727; baseline 0 -17"><span class='ocrx_word' id='word_1_117' title='bbox 1931 658 2137 727; x_wconf 85' lang='lat' dir='ltr'><strong><em>quidem</em></strong></span> <span class='ocrx_word' id='word_1_118' title='bbox 2168 659 2325 711; x_wconf 80' lang='lat' dir='ltr'><strong><em>tacite</em></strong></span> <span class='ocrx_word' id='word_1_119' title='bbox 2348 659 2509 711; x_wconf 88' lang='lat' dir='ltr'><strong><em>vitam</em></strong></span> <span class='ocrx_word' id='word_1_120' title='bbox 2535 661 2764 712; x_wconf 74' lang='lat' dir='ltr'><strong><em>cwlibem</em></strong></span> <span class='ocrx_word' id='word_1_121' title='bbox 2791 660 3032 712; x_wconf 87' lang='lat' dir='ltr'><strong><em>videntur</em></strong></span> <span class='ocrx_word' id='word_1_122' title='bbox 3062 657 3368 722; x_wconf 85' lang='lat' dir='ltr'><strong><em>suscepisse.</em></strong></span> <span class='ocrx_word' id='word_1_123' title='bbox 3409 655 3505 710; x_wconf 83' lang='lat' dir='ltr'><strong><em>Ve-</em></strong></span> 
     </span>
    </p>
   </div>
   <div class='ocr_carea' id='block_1_20' title="bbox 1934 748 3506 819">
    <p class='ocr_par' dir='ltr' id='par_1_20' title="bbox 1934 748 3506 819">
     <span class='ocr_line' id='line_1_20' title="bbox 1934 748 3506 819; baseline -0.001 -18"><span class='ocrx_word' id='word_1_124' title='bbox 1934 762 2227 801; x_wconf 88' lang='lat' dir='ltr'><strong><em>rumtamen</em></strong></span> <span class='ocrx_word' id='word_1_125' title='bbox 2264 751 2317 801; x_wconf 87' lang='lat' dir='ltr'><strong><em>in</em></strong></span> <span class='ocrx_word' id='word_1_126' title='bbox 2346 750 2456 802; x_wconf 82' lang='lat' dir='ltr'><strong><em>illis</em></strong></span> <span class='ocrx_word' id='word_1_127' title='bbox 2485 766 2686 819; x_wconf 88' lang='lat' dir='ltr'><strong><em>quoque</em></strong></span> <span class='ocrx_word' id='word_1_128' title='bbox 2709 750 2841 803; x_wconf 87' lang='lat' dir='ltr'><strong><em>illud</em></strong></span> <span class='ocrx_word' id='word_1_129' title='bbox 2870 750 3056 817; x_wconf 83' lang='lat' dir='ltr'><strong><em>opinor</em></strong></span> <span class='ocrx_word' id='word_1_130' title='bbox 3081 748 3329 817; x_wconf 78' lang='lat' dir='ltr'><strong><em>prwmitti</em></strong></span> <span class='ocrx_word' id='word_1_131' title='bbox 3351 764 3506 815; x_wconf 90' lang='lat' dir='ltr'><strong><em>opor-</em></strong></span> 
     </span>
    </p>
   </div>
   <div class='ocr_carea' id='block_1_21' title="bbox 1935 840 3498 908">
    <p class='ocr_par' dir='ltr' id='par_1_21' title="bbox 1935 840 3498 908">
     <span class='ocr_line' id='line_1_21' title="bbox 1935 840 3498 908; baseline 0 -17"><span class='ocrx_word' id='word_1_132' title='bbox 1935 848 2060 903; x_wconf 84' lang='lat' dir='ltr'><strong><em>tere,</em></strong></span> <span class='ocrx_word' id='word_1_133' title='bbox 2088 850 2142 890; x_wconf 91' lang='lat' dir='ltr'><strong><em>ut</em></strong></span> <span class='ocrx_word' id='word_1_134' title='bbox 2167 840 2266 905; x_wconf 86' lang='lat' dir='ltr'><strong><em>ipsi</em></strong></span> <span class='ocrx_word' id='word_1_135' title='bbox 2304 840 2709 906; x_wconf 78' lang='lat' dir='ltr'><strong><em>interrogentur,</em></strong></span> <span class='ocrx_word' id='word_1_136' title='bbox 2746 840 3133 908; x_wconf 88' lang='lat' dir='ltr'><strong><em>accipiaturque</em></strong></span> <span class='ocrx_word' id='word_1_137' title='bbox 3170 854 3349 891; x_wconf 90' lang='lat' dir='ltr'><strong><em>eorum</em></strong></span> <span class='ocrx_word' id='word_1_138' title='bbox 3383 854 3498 905; x_wconf 86' lang='lat' dir='ltr'><strong><em>pro-</em></strong></span> 
     </span>
    </p>
   </div>
   <div class='ocr_carea' id='block_1_22' title="bbox 1934 929 3499 999">
    <p class='ocr_par' dir='ltr' id='par_1_22' title="bbox 1934 929 3499 999">
     <span class='ocr_line' id='line_1_22' title="bbox 1934 929 3499 999; baseline -0.001 -16"><span class='ocrx_word' id='word_1_139' title='bbox 1934 930 2091 998; x_wconf 79' lang='lat' dir='ltr'><strong><em>fessio</em></strong></span> <span class='ocrx_word' id='word_1_140' title='bbox 2128 931 2269 983; x_wconf 90' lang='lat' dir='ltr'><strong><em>clara</em></strong></span> <span class='ocrx_word' id='word_1_141' title='bbox 2296 941 2341 982; x_wconf 88' lang='lat' dir='ltr'><strong><em>et</em></strong></span> <span class='ocrx_word' id='word_1_142' title='bbox 2375 932 2647 999; x_wconf 87' lang='lat' dir='ltr'><strong><em>perspicua</em></strong></span> <span class='ocrx_word' id='word_1_143' title='bbox 2679 948 2696 985; x_wconf 88' lang='lat'><strong><em>:</em></strong></span> <span class='ocrx_word' id='word_1_144' title='bbox 2728 940 2779 982; x_wconf 84' lang='lat' dir='ltr'><strong><em>ut</em></strong></span> <span class='ocrx_word' id='word_1_145' title='bbox 2812 947 2928 982; x_wconf 91' lang='lat' dir='ltr'><strong><em>cum</em></strong></span> <span class='ocrx_word' id='word_1_146' title='bbox 2962 947 3017 983; x_wconf 88' lang='lat' dir='ltr'><strong><em>se</em></strong></span> <span class='ocrx_word' id='word_1_147' title='bbox 3046 933 3114 982; x_wconf 90' lang='lat' dir='ltr'><strong><em>ad</em></strong></span> <span class='ocrx_word' id='word_1_148' title='bbox 3155 929 3499 983; x_wconf 85' lang='lat' dir='ltr'><strong><em>libidinosam</em></strong></span> 
     </span>
    </p>
   </div>
   <div class='ocr_carea' id='block_1_23' title="bbox 1932 1022 3506 1091">
    <p class='ocr_par' dir='ltr' id='par_1_23' title="bbox 1932 1022 3506 1091">
     <span class='ocr_line' id='line_1_23' title="bbox 1932 1022 3506 1091; baseline -0.001 -16"><span class='ocrx_word' id='word_1_149' title='bbox 1932 1024 2092 1075; x_wconf 88' lang='lat' dir='ltr'><strong><em>vitam</em></strong></span> <span class='ocrx_word' id='word_1_150' title='bbox 2120 1024 2489 1087; x_wconf 81' lang='lat' dir='ltr'><strong><em>converterint,</em></strong></span> <span class='ocrx_word' id='word_1_151' title='bbox 2522 1038 2704 1076; x_wconf 68' lang='lat' dir='ltr'><strong><em>eorum</em></strong></span> <span class='ocrx_word' id='word_1_152' title='bbox 2743 1024 2833 1091; x_wconf 88' lang='lat' dir='ltr'><strong><em>qui</em></strong></span> <span class='ocrx_word' id='word_1_153' title='bbox 2875 1022 3209 1090; x_wconf 88' lang='lat' dir='ltr'><strong><em>fornicantur</em></strong></span> <span class='ocrx_word' id='word_1_154' title='bbox 3238 1022 3506 1089; x_wconf 89' lang='lat' dir='ltr'><strong><em>punitioni</em></strong></span> 
     </span>
    </p>
   </div>
   <div class='ocr_carea' id='block_1_24' title="bbox 1932 1114 3503 1184">
    <p class='ocr_par' dir='ltr' id='par_1_24' title="bbox 1932 1114 3503 1184">
     <span class='ocr_line' id='line_1_24' title="bbox 1932 1114 3503 1184; baseline -0.001 -17"><span class='ocrx_word' id='word_1_155' title='bbox 1932 1114 2305 1182; x_wconf 80' lang='lat' dir='ltr'><strong><em>subjiciuntur.</em></strong></span> <span class='ocrx_word' id='word_1_156' title='bbox 2344 1114 2479 1169; x_wconf 84' lang='lat' dir='ltr'><strong><em>Hinc</em></strong></span> <span class='ocrx_word' id='word_1_157' title='bbox 2509 1116 2561 1169; x_wconf 92' lang='lat' dir='ltr'><strong><em>in</em></strong></span> <span class='ocrx_word' id='word_1_158' title='bbox 2602 1115 2805 1184; x_wconf 77' lang='lat' dir='ltr'><strong><em>Regula</em></strong></span> <span class='ocrx_word' id='word_1_159' title='bbox 2842 1116 3052 1179; x_wconf 89' lang='lat' dir='ltr'><strong><em>fusiori,</em></strong></span> <span class='ocrx_word' id='word_1_160' title='bbox 3085 1116 3343 1183; x_wconf 82' lang='lat' dir='ltr'><strong><em>interrog.</em></strong></span> <span class='ocrx_word' id='word_1_161' title='bbox 3372 1130 3424 1178; x_wconf 76' lang='grc' dir='ltr'><strong><em>χ,</em></strong></span> <span class='ocrx_word' id='word_1_162' title='bbox 3451 1125 3503 1166; x_wconf 88' lang='lat' dir='ltr'><strong><em>et</em></strong></span> 
     </span>
    </p>
   </div>
   <div class='ocr_carea' id='block_1_25' title="bbox 1932 1203 3504 1275">
    <p class='ocr_par' dir='ltr' id='par_1_25' title="bbox 1932 1203 3504 1275">
     <span class='ocr_line' id='line_1_25' title="bbox 1932 1203 3504 1275; baseline 0 -18"><span class='ocrx_word' id='word_1_163' title='bbox 1932 1205 2092 1273; x_wconf 84' lang='lat' dir='ltr'><strong><em>epist.</em></strong></span> <span class='ocrx_word' id='word_1_164' title='bbox 2115 1203 2207 1268; x_wconf 71' lang='lat'><strong><em>23,</em></strong></span> <span class='ocrx_word' id='word_1_165' title='bbox 2235 1220 2353 1273; x_wconf 85' lang='lat' dir='ltr'><strong><em>quae</em></strong></span> <span class='ocrx_word' id='word_1_166' title='bbox 2384 1215 2511 1260; x_wconf 83' lang='lat' dir='ltr'><strong><em>ante</em></strong></span> <span class='ocrx_word' id='word_1_167' title='bbox 2544 1221 2779 1260; x_wconf 89' lang='lat' dir='ltr'><strong><em>canones</em></strong></span> <span class='ocrx_word' id='word_1_168' title='bbox 2808 1208 3022 1275; x_wconf 70' lang='lat' dir='ltr'><strong><em>scriptae</em></strong></span> <span class='ocrx_word' id='word_1_169' title='bbox 3069 1214 3220 1267; x_wconf 89' lang='lat' dir='ltr'><strong><em>sunt,</em></strong></span> <span class='ocrx_word' id='word_1_170' title='bbox 3253 1220 3355 1259; x_wconf 91' lang='lat' dir='ltr'><strong><em>non</em></strong></span> <span class='ocrx_word' id='word_1_171' title='bbox 3401 1204 3504 1257; x_wconf 88' lang='lat' dir='ltr'><strong><em>alia</em></strong></span> 
     </span>
    </p>
   </div>
   <div class='ocr_carea' id='block_1_26' title="bbox 1934 1295 3503 1366">
    <p class='ocr_par' dir='ltr' id='par_1_26' title="bbox 1934 1295 3503 1366">
     <span class='ocr_line' id='line_1_26' title="bbox 1934 1295 3503 1366; baseline -0.001 -19"><span class='ocrx_word' id='word_1_172' title='bbox 1934 1297 2306 1364; x_wconf 64' lang='lat' dir='ltr'><strong><em>praescribitur</em></strong></span> <span class='ocrx_word' id='word_1_173' title='bbox 2341 1298 2608 1364; x_wconf 90' lang='lat' dir='ltr'><strong><em>professio</em></strong></span> <span class='ocrx_word' id='word_1_174' title='bbox 2659 1297 2743 1351; x_wconf 89' lang='lat' dir='ltr'><strong><em>his</em></strong></span> <span class='ocrx_word' id='word_1_175' title='bbox 2784 1298 2873 1366; x_wconf 89' lang='lat' dir='ltr'><strong><em>qui</em></strong></span> <span class='ocrx_word' id='word_1_176' title='bbox 2931 1296 3285 1350; x_wconf 81' lang='lat' dir='ltr'><strong><em>monasticam</em></strong></span> <span class='ocrx_word' id='word_1_177' title='bbox 3339 1295 3503 1349; x_wconf 81' lang='lat' dir='ltr'><strong><em>vitam</em></strong></span> 
     </span>
    </p>
   </div>
   <div class='ocr_carea' id='block_1_27' title="bbox 1934 1385 3503 1456">
    <p class='ocr_par' dir='ltr' id='par_1_27' title="bbox 1934 1385 3503 1456">
     <span class='ocr_line' id='line_1_27' title="bbox 1934 1385 3503 1456; baseline -0.001 -18"><span class='ocrx_word' id='word_1_178' title='bbox 1934 1385 2354 1453; x_wconf 79' lang='lat' dir='ltr'><strong><em>amplectuntur,</em></strong></span> <span class='ocrx_word' id='word_1_179' title='bbox 2387 1388 2489 1441; x_wconf 91' lang='lat' dir='ltr'><strong><em>nisi</em></strong></span> <span class='ocrx_word' id='word_1_180' title='bbox 2516 1397 2573 1440; x_wconf 89' lang='lat' dir='ltr'><strong><em>ut</em></strong></span> <span class='ocrx_word' id='word_1_181' title='bbox 2604 1389 2828 1441; x_wconf 90' lang='lat' dir='ltr'><strong><em>fratrum</em></strong></span> <span class='ocrx_word' id='word_1_182' title='bbox 2859 1388 3037 1441; x_wconf 89' lang='lat' dir='ltr'><strong><em>ordini</em></strong></span> <span class='ocrx_word' id='word_1_183' title='bbox 3065 1396 3185 1456; x_wconf 90' lang='lat' dir='ltr'><strong><em>post</em></strong></span> <span class='ocrx_word' id='word_1_184' title='bbox 3208 1386 3503 1455; x_wconf 80' lang='lat' dir='ltr'><strong><em>legitimam</em></strong></span> 
     </span>
    </p>
   </div>
   <div class='ocr_carea' id='block_1_28' title="bbox 1933 1478 3505 1546">
    <p class='ocr_par' dir='ltr' id='par_1_28' title="bbox 1933 1478 3505 1546">
     <span class='ocr_line' id='line_1_28' title="bbox 1933 1478 3505 1546; baseline 0.002 -18"><span class='ocrx_word' id='word_1_185' title='bbox 1933 1478 2381 1546; x_wconf 84' lang='lat' dir='ltr'><strong><em>approbationem</em></strong></span> <span class='ocrx_word' id='word_1_186' title='bbox 2442 1480 2809 1533; x_wconf 90' lang='lat' dir='ltr'><strong><em>ascribantur.</em></strong></span> <span class='ocrx_word' id='word_1_187' title='bbox 2856 1478 3022 1545; x_wconf 88' lang='lat' dir='ltr'><strong><em>llujus</em></strong></span> <span class='ocrx_word' id='word_1_188' title='bbox 3088 1490 3269 1533; x_wconf 88' lang='lat' dir='ltr'><strong><em>autem</em></strong></span> <span class='ocrx_word' id='word_1_189' title='bbox 3326 1478 3505 1531; x_wconf 67' lang='lat' dir='ltr'><strong><em>tacita:</em></strong></span> 
     </span>
    </p>
   </div>
   <div class='ocr_carea' id='block_1_29' title="bbox 1933 1568 3503 1638">
    <p class='ocr_par' dir='ltr' id='par_1_29' title="bbox 1933 1568 3503 1638">
     <span class='ocr_line' id='line_1_29' title="bbox 1933 1568 3503 1638; baseline -0.001 -17"><span class='ocrx_word' id='word_1_190' title='bbox 1933 1570 2283 1638; x_wconf 80' lang='lat' dir='ltr'><strong><em>professionis</em></strong></span> <span class='ocrx_word' id='word_1_191' title='bbox 2315 1586 2418 1624; x_wconf 90' lang='lat' dir='ltr'><strong><em>non</em></strong></span> <span class='ocrx_word' id='word_1_192' title='bbox 2451 1571 2630 1624; x_wconf 90' lang='lat' dir='ltr'><strong><em>minus</em></strong></span> <span class='ocrx_word' id='word_1_193' title='bbox 2667 1571 2857 1624; x_wconf 88' lang='lat' dir='ltr'><strong><em>stricta</em></strong></span> <span class='ocrx_word' id='word_1_194' title='bbox 2887 1579 3046 1622; x_wconf 87' lang='lat' dir='ltr'><strong><em>erant</em></strong></span> <span class='ocrx_word' id='word_1_195' title='bbox 3075 1568 3311 1634; x_wconf 83' lang='lat' dir='ltr'><strong><em>vincula,</em></strong></span> <span class='ocrx_word' id='word_1_196' title='bbox 3342 1584 3503 1637; x_wconf 89' lang='lat' dir='ltr'><strong><em>quam</em></strong></span> 
     </span>
    </p>
   </div>
   <div class='ocr_carea' id='block_1_30' title="bbox 1934 1660 3503 1731">
    <p class='ocr_par' dir='ltr' id='par_1_30' title="bbox 1934 1660 3503 1731">
     <span class='ocr_line' id='line_1_30' title="bbox 1934 1660 3503 1731; baseline -0.003 -16"><span class='ocrx_word' id='word_1_197' title='bbox 1934 1662 2075 1716; x_wconf 92' lang='lat' dir='ltr'><strong><em>illius</em></strong></span> <span class='ocrx_word' id='word_1_198' title='bbox 2096 1664 2255 1717; x_wconf 73' lang='lat' dir='ltr'><strong><em>clarae</em></strong></span> <span class='ocrx_word' id='word_1_199' title='bbox 2284 1672 2338 1716; x_wconf 91' lang='lat' dir='ltr'><strong><em>et</em></strong></span> <span class='ocrx_word' id='word_1_200' title='bbox 2359 1663 2676 1731; x_wconf 67' lang='lat' dir='ltr'><strong><em>perspicuae.</em></strong></span> <span class='ocrx_word' id='word_1_201' title='bbox 2708 1661 2841 1715; x_wconf 80' lang='lat' dir='ltr'><strong><em>Nam</em></strong></span> <span class='ocrx_word' id='word_1_202' title='bbox 2869 1662 3120 1726; x_wconf 90' lang='lat' dir='ltr'><strong><em>Basilius,</em></strong></span> <span class='ocrx_word' id='word_1_203' title='bbox 3151 1670 3206 1714; x_wconf 90' lang='lat' dir='ltr'><strong><em>ut</em></strong></span> <span class='ocrx_word' id='word_1_204' title='bbox 3228 1661 3337 1730; x_wconf 88' lang='lat' dir='ltr'><strong><em>jam</em></strong></span> <span class='ocrx_word' id='word_1_205' title='bbox 3371 1660 3503 1719; x_wconf 77' lang='lat' dir='ltr'><strong><em>dixi,</em></strong></span> 
     </span>
    </p>
   </div>
   <div class='ocr_carea' id='block_1_31' title="bbox 1931 1750 3506 1819">
    <p class='ocr_par' dir='ltr' id='par_1_31' title="bbox 1931 1750 3506 1819">
     <span class='ocr_line' id='line_1_31' title="bbox 1931 1750 3506 1819; baseline -0.003 -14"><span class='ocrx_word' id='word_1_206' title='bbox 1931 1766 2051 1805; x_wconf 88' lang='lat' dir='ltr'><strong><em>eum</em></strong></span> <span class='ocrx_word' id='word_1_207' title='bbox 2084 1752 2171 1819; x_wconf 91' lang='lat' dir='ltr'><strong><em>qui</em></strong></span> <span class='ocrx_word' id='word_1_208' title='bbox 2210 1768 2267 1806; x_wconf 90' lang='lat' dir='ltr'><strong><em>se</em></strong></span> <span class='ocrx_word' id='word_1_209' title='bbox 2305 1751 2505 1804; x_wconf 85' lang='lat' dir='ltr'><strong><em>dicavit</em></strong></span> <span class='ocrx_word' id='word_1_210' title='bbox 2537 1750 2645 1804; x_wconf 91' lang='lat' dir='ltr'><strong><em>Deo</em></strong></span> <span class='ocrx_word' id='word_1_211' title='bbox 2689 1762 2742 1805; x_wconf 91' lang='lat' dir='ltr'><strong><em>et</em></strong></span> <span class='ocrx_word' id='word_1_212' title='bbox 2774 1752 2966 1804; x_wconf 89' lang='lat' dir='ltr'><strong><em>deinde</em></strong></span> <span class='ocrx_word' id='word_1_213' title='bbox 2999 1750 3063 1803; x_wconf 91' lang='lat' dir='ltr'><strong><em>ad</em></strong></span> <span class='ocrx_word' id='word_1_214' title='bbox 3092 1751 3235 1803; x_wconf 91' lang='lat' dir='ltr'><strong><em>aliud</em></strong></span> <span class='ocrx_word' id='word_1_215' title='bbox 3266 1750 3386 1802; x_wconf 79' lang='lat' dir='ltr'><strong><em>vita:</em></strong></span> <span class='ocrx_word' id='word_1_216' title='bbox 3411 1764 3506 1817; x_wconf 84' lang='lat' dir='ltr'><strong><em>ge-</em></strong></span> 
     </span>
    </p>
   </div>
   <div class='ocr_carea' id='block_1_32' title="bbox 254 1836 3502 1910">
    <p class='ocr_par' dir='ltr' id='par_1_32' title="bbox 254 1836 3502 1910">
     <span class='ocr_line' id='line_1_32' title="bbox 254 1836 3502 1910; baseline -0.002 -17"><span class='ocrx_word' id='word_1_217' title='bbox 254 1842 359 1895; x_wconf 88' lang='lat' dir='ltr'><strong><em>lem</em></strong></span> <span class='ocrx_word' id='word_1_218' title='bbox 390 1842 576 1909; x_wconf 83' lang='lat' dir='ltr'><strong><em>fuisse.</em></strong></span> <span class='ocrx_word' id='word_1_219' title='bbox 613 1841 803 1910; x_wconf 75' lang='lat' dir='ltr'><strong><em>NeQUe</em></strong></span> <span class='ocrx_word' id='word_1_220' title='bbox 833 1840 980 1895; x_wconf 85' lang='lat' dir='ltr'><strong><em>enim</em></strong></span> <span class='ocrx_word' id='word_1_221' title='bbox 1014 1840 1233 1902; x_wconf 80' lang='lat' dir='ltr'><strong><em>mirulll,</em></strong></span> <span class='ocrx_word' id='word_1_222' title='bbox 1264 1839 1306 1892; x_wconf 82' lang='lat' dir='ltr'><strong><em>Si</em></strong></span> <span class='ocrx_word' id='word_1_223' title='bbox 1344 1839 1573 1908; x_wconf 86' lang='lat' dir='ltr'><strong><em>amplam</em></strong></span> <span class='ocrx_word' id='word_1_224' title='bbox 1600 1838 1829 1891; x_wconf 77' lang='lat' dir='ltr'><strong><em>haeredi-</em></strong></span> <span class='ocrx_word' id='word_1_225' title='bbox 1864 1836 1905 1889; x_wconf 87' lang='lat' dir='ltr'><strong><em>B</em></strong></span> <span class='ocrx_word' id='word_1_226' title='bbox 1933 1857 2033 1896; x_wconf 89' lang='lat' dir='ltr'><strong><em>nus</em></strong></span> <span class='ocrx_word' id='word_1_227' title='bbox 2066 1843 2308 1906; x_wconf 89' lang='lat' dir='ltr'><strong><em>transiit,</em></strong></span> <span class='ocrx_word' id='word_1_228' title='bbox 2354 1842 2554 1895; x_wconf 82' lang='lat' dir='ltr'><strong><em>factum</em></strong></span> <span class='ocrx_word' id='word_1_229' title='bbox 2592 1856 2712 1894; x_wconf 88' lang='lat' dir='ltr'><strong><em>esse</em></strong></span> <span class='ocrx_word' id='word_1_230' title='bbox 2741 1840 3086 1905; x_wconf 83' lang='lat' dir='ltr'><strong><em>sacrilegum,</em></strong></span> <span class='ocrx_word' id='word_1_231' title='bbox 3114 1848 3171 1892; x_wconf 90' lang='lat' dir='ltr'><strong><em>et</em></strong></span> <span class='ocrx_word' id='word_1_232' title='bbox 3212 1853 3502 1892; x_wconf 77' lang='lat' dir='ltr'><strong><em>consecra-</em></strong></span> 
     </span>
    </p>
   </div>
   <div class='ocr_carea' id='block_1_33' title="bbox 265 1928 1833 1999">
    <p class='ocr_par' dir='ltr' id='par_1_33' title="bbox 265 1928 1833 1999">
     <span class='ocr_line' id='line_1_33' title="bbox 265 1928 1833 1999; baseline -0.003 -14"><span class='ocrx_word' id='word_1_233' title='bbox 265 1942 425 1988; x_wconf 87' lang='lat' dir='ltr'><strong><em>tatem</em></strong></span> <span class='ocrx_word' id='word_1_234' title='bbox 453 1948 563 1986; x_wconf 89' lang='lat' dir='ltr'><strong><em>non</em></strong></span> <span class='ocrx_word' id='word_1_235' title='bbox 608 1934 796 1986; x_wconf 88' lang='lat' dir='ltr'><strong><em>statim</em></strong></span> <span class='ocrx_word' id='word_1_236' title='bbox 830 1940 995 1985; x_wconf 88' lang='lat' dir='ltr'><strong><em>totam</em></strong></span> <span class='ocrx_word' id='word_1_237' title='bbox 1026 1930 1291 1999; x_wconf 87' lang='lat' dir='ltr'><strong><em>percepit,</em></strong></span> <span class='ocrx_word' id='word_1_238' title='bbox 1323 1930 1417 1982; x_wconf 91' lang='lat' dir='ltr'><strong><em>sed</em></strong></span> <span class='ocrx_word' id='word_1_239' title='bbox 1463 1928 1713 1982; x_wconf 90' lang='lat' dir='ltr'><strong><em>nonnulla</em></strong></span> <span class='ocrx_word' id='word_1_240' title='bbox 1749 1944 1833 1981; x_wconf 87' lang='lat' dir='ltr'><strong><em>se-</em></strong></span> 
     </span>
    </p>
   </div>
   <div class='ocr_carea' id='block_1_34' title="bbox 260 2020 1833 2091">
    <p class='ocr_par' dir='ltr' id='par_1_34' title="bbox 260 2020 1833 2091">
     <span class='ocr_line' id='line_1_34' title="bbox 260 2020 1833 2091; baseline -0.003 -16"><span class='ocrx_word' id='word_1_241' title='bbox 260 2024 389 2087; x_wconf 87' lang='lat' dir='ltr'><strong><em>rius,</em></strong></span> <span class='ocrx_word' id='word_1_242' title='bbox 426 2036 481 2077; x_wconf 91' lang='lat' dir='ltr'><strong><em>ut</em></strong></span> <span class='ocrx_word' id='word_1_243' title='bbox 522 2026 575 2076; x_wconf 92' lang='lat' dir='ltr'><strong><em>in</em></strong></span> <span class='ocrx_word' id='word_1_244' title='bbox 612 2024 876 2091; x_wconf 78' lang='lat' dir='ltr'><strong><em>ejusmodi</em></strong></span> <span class='ocrx_word' id='word_1_245' title='bbox 908 2023 1068 2077; x_wconf 84' lang='lat' dir='ltr'><strong><em>rebus</em></strong></span> <span class='ocrx_word' id='word_1_246' title='bbox 1120 2021 1235 2075; x_wconf 84' lang='lat' dir='ltr'><strong><em>fieri</em></strong></span> <span class='ocrx_word' id='word_1_247' title='bbox 1286 2020 1447 2086; x_wconf 89' lang='lat' dir='ltr'><strong><em>solet,</em></strong></span> <span class='ocrx_word' id='word_1_248' title='bbox 1479 2021 1531 2074; x_wconf 93' lang='lat' dir='ltr'><strong><em>in</em></strong></span> <span class='ocrx_word' id='word_1_249' title='bbox 1573 2021 1690 2089; x_wconf 89' lang='lat' dir='ltr'><strong><em>ejus</em></strong></span> <span class='ocrx_word' id='word_1_250' title='bbox 1722 2035 1833 2072; x_wconf 90' lang='lat' dir='ltr'><strong><em>ma-</em></strong></span> 
     </span>
    </p>
   </div>
   <div class='ocr_carea' id='block_1_35' title="bbox 257 2124 772 2183">
    <p class='ocr_par' dir='ltr' id='par_1_35' title="bbox 257 2124 772 2183">
     <span class='ocr_line' id='line_1_35' title="bbox 257 2124 772 2183; baseline 0.004 -17"><span class='ocrx_word' id='word_1_251' title='bbox 257 2129 359 2167; x_wconf 89' lang='lat' dir='ltr'><strong><em>nus</em></strong></span> <span class='ocrx_word' id='word_1_252' title='bbox 380 2124 772 2183; x_wconf 72' lang='lat' dir='ltr'><strong><em>pervenerunt.</em></strong></span> 
     </span>
    </p>
   </div>
   <div class='ocr_carea' id='block_1_36' title="bbox 329 2202 1833 2283">
    <p class='ocr_par' dir='ltr' id='par_1_36' title="bbox 329 2202 1833 2283">
     <span class='ocr_line' id='line_1_36' title="bbox 329 2202 1833 2283; baseline -0.002 -26"><span class='ocrx_word' id='word_1_253' title='bbox 329 2205 454 2258; x_wconf 90' lang='lat' dir='ltr'><strong><em>lllud</em></strong></span> <span class='ocrx_word' id='word_1_254' title='bbox 486 2220 621 2271; x_wconf 76' lang='lat' dir='ltr'><strong><em>ergo</em></strong></span> <span class='ocrx_word' id='word_1_255' title='bbox 652 2214 903 2259; x_wconf 90' lang='lat' dir='ltr'><strong><em>constare</em></strong></span> <span class='ocrx_word' id='word_1_256' title='bbox 933 2204 1091 2258; x_wconf 86' lang='lat' dir='ltr'><strong><em>debet</em></strong></span> <span class='ocrx_word' id='word_1_257' title='bbox 1121 2202 1383 2283; x_wconf 72' lang='lat' dir='ltr'><strong><em>Basiliam</em></strong></span> <span class='ocrx_word' id='word_1_258' title='bbox 1428 2202 1615 2257; x_wconf 88' lang='lat' dir='ltr'><strong><em>sedulo</em></strong></span> <span class='ocrx_word' id='word_1_259' title='bbox 1650 2202 1833 2256; x_wconf 83' lang='lat' dir='ltr'><strong><em>obser-</em></strong></span> 
     </span>
    </p>
   </div>
   <div class='ocr_carea' id='block_1_37' title="bbox 258 2294 1836 2365">
    <p class='ocr_par' dir='ltr' id='par_1_37' title="bbox 258 2294 1836 2365">
     <span class='ocr_line' id='line_1_37' title="bbox 258 2294 1836 2365; baseline -0.001 -17"><span class='ocrx_word' id='word_1_260' title='bbox 258 2313 411 2352; x_wconf 76' lang='lat' dir='ltr'><strong><em>vasse</em></strong></span> <span class='ocrx_word' id='word_1_261' title='bbox 432 2299 581 2365; x_wconf 87' lang='lat' dir='ltr'><strong><em>quod</em></strong></span> <span class='ocrx_word' id='word_1_262' title='bbox 612 2298 736 2351; x_wconf 90' lang='lat' dir='ltr'><strong><em>aliis</em></strong></span> <span class='ocrx_word' id='word_1_263' title='bbox 763 2298 1093 2365; x_wconf 69' lang='lat' dir='ltr'><strong><em>praescripsit</em></strong></span> <span class='ocrx_word' id='word_1_264' title='bbox 1135 2298 1187 2350; x_wconf 92' lang='lat' dir='ltr'><strong><em>in</em></strong></span> <span class='ocrx_word' id='word_1_265' title='bbox 1226 2295 1443 2364; x_wconf 79' lang='lat' dir='ltr'><strong><em>Regulis</em></strong></span> <span class='ocrx_word' id='word_1_266' title='bbox 1486 2305 1596 2348; x_wconf 90' lang='lat' dir='ltr'><strong><em>tum</em></strong></span> <span class='ocrx_word' id='word_1_267' title='bbox 1633 2294 1836 2363; x_wconf 80' lang='lat' dir='ltr'><strong><em>longio-</em></strong></span> 
     </span>
    </p>
   </div>
   <div class='ocr_carea' id='block_1_38' title="bbox 259 2387 1834 2457">
    <p class='ocr_par' dir='ltr' id='par_1_38' title="bbox 259 2387 1834 2457">
     <span class='ocr_line' id='line_1_38' title="bbox 259 2387 1834 2457; baseline -0.001 -16"><span class='ocrx_word' id='word_1_268' title='bbox 259 2387 402 2442; x_wconf 88' lang='lat' dir='ltr'><strong><em>ribus</em></strong></span> <span class='ocrx_word' id='word_1_269' title='bbox 429 2397 544 2441; x_wconf 89' lang='lat' dir='ltr'><strong><em>tum</em></strong></span> <span class='ocrx_word' id='word_1_270' title='bbox 580 2388 954 2453; x_wconf 85' lang='lat' dir='ltr'><strong><em>brevioribus;</em></strong></span> <span class='ocrx_word' id='word_1_271' title='bbox 987 2404 1159 2457; x_wconf 85' lang='lat' dir='ltr'><strong><em>neque</em></strong></span> <span class='ocrx_word' id='word_1_272' title='bbox 1192 2404 1313 2443; x_wconf 89' lang='lat' dir='ltr'><strong><em>eum</em></strong></span> <span class='ocrx_word' id='word_1_273' title='bbox 1361 2390 1464 2442; x_wconf 88' lang='lat' dir='ltr'><strong><em>hac</em></strong></span> <span class='ocrx_word' id='word_1_274' title='bbox 1512 2388 1564 2440; x_wconf 92' lang='lat' dir='ltr'><strong><em>in</em></strong></span> <span class='ocrx_word' id='word_1_275' title='bbox 1606 2402 1663 2440; x_wconf 91' lang='lat' dir='ltr'><strong><em>re</em></strong></span> <span class='ocrx_word' id='word_1_276' title='bbox 1697 2387 1834 2440; x_wconf 83' lang='lat' dir='ltr'><strong><em>infe-</em></strong></span> 
     </span>
    </p>
   </div>
   <div class='ocr_carea' id='block_1_39' title="bbox 260 2477 1832 2546">
    <p class='ocr_par' dir='ltr' id='par_1_39' title="bbox 260 2477 1832 2546">
     <span class='ocr_line' id='line_1_39' title="bbox 260 2477 1832 2546; baseline -0.002 -14"><span class='ocrx_word' id='word_1_277' title='bbox 260 2481 451 2534; x_wconf 87' lang='lat' dir='ltr'><strong><em>riorem</em></strong></span> <span class='ocrx_word' id='word_1_278' title='bbox 483 2478 656 2533; x_wconf 89' lang='lat' dir='ltr'><strong><em>fuisse</em></strong></span> <span class='ocrx_word' id='word_1_279' title='bbox 682 2477 923 2532; x_wconf 83' lang='lat' dir='ltr'><strong><em>lllacrina</em></strong></span> <span class='ocrx_word' id='word_1_280' title='bbox 949 2494 1159 2543; x_wconf 89' lang='lat' dir='ltr'><strong><em>sorore,</em></strong></span> <span class='ocrx_word' id='word_1_281' title='bbox 1187 2494 1306 2546; x_wconf 66' lang='lat' dir='ltr'><strong><em>qua&#39;.</em></strong></span> <span class='ocrx_word' id='word_1_282' title='bbox 1333 2492 1392 2531; x_wconf 91' lang='lat' dir='ltr'><strong><em>se</em></strong></span> <span class='ocrx_word' id='word_1_283' title='bbox 1416 2494 1480 2531; x_wconf 80' lang='lat' dir='ltr'><strong><em>ex</em></strong></span> <span class='ocrx_word' id='word_1_284' title='bbox 1507 2477 1661 2532; x_wconf 88' lang='lat' dir='ltr'><strong><em>bonis</em></strong></span> <span class='ocrx_word' id='word_1_285' title='bbox 1684 2493 1832 2543; x_wconf 83' lang='lat' dir='ltr'><strong><em>:eqna</em></strong></span> 
     </span>
    </p>
   </div>
   <div class='ocr_carea' id='block_1_40' title="bbox 261 2567 1836 2641">
    <p class='ocr_par' dir='ltr' id='par_1_40' title="bbox 261 2567 1836 2641">
     <span class='ocr_line' id='line_1_40' title="bbox 261 2567 1836 2641; baseline -0.003 -18"><span class='ocrx_word' id='word_1_286' title='bbox 261 2584 411 2641; x_wconf 85' lang='lat' dir='ltr'><strong><em>parte</em></strong></span> <span class='ocrx_word' id='word_1_287' title='bbox 449 2572 597 2624; x_wconf 85' lang='lat' dir='ltr'><strong><em>inter</em></strong></span> <span class='ocrx_word' id='word_1_288' title='bbox 630 2570 800 2637; x_wconf 84' lang='lat' dir='ltr'><strong><em>ipsum</em></strong></span> <span class='ocrx_word' id='word_1_289' title='bbox 832 2584 895 2623; x_wconf 88' lang='lat' dir='ltr'><strong><em>ac</em></strong></span> <span class='ocrx_word' id='word_1_290' title='bbox 925 2568 1124 2623; x_wconf 85' lang='lat' dir='ltr'><strong><em>fratres</em></strong></span> <span class='ocrx_word' id='word_1_291' title='bbox 1155 2569 1340 2621; x_wconf 82' lang='lat' dir='ltr'><strong><em>divisis</em></strong></span> <span class='ocrx_word' id='word_1_292' title='bbox 1377 2567 1513 2621; x_wconf 90' lang='lat' dir='ltr'><strong><em>nihil</em></strong></span> <span class='ocrx_word' id='word_1_293' title='bbox 1558 2570 1659 2622; x_wconf 90' lang='lat' dir='ltr'><strong><em>sibi</em></strong></span> <span class='ocrx_word' id='word_1_294' title='bbox 1713 2569 1836 2621; x_wconf 79' lang='lat' dir='ltr'><strong><em>reli-</em></strong></span> 
     </span>
    </p>
   </div>
   <div class='ocr_carea' id='block_1_41' title="bbox 259 2657 1837 2728">
    <p class='ocr_par' dir='ltr' id='par_1_41' title="bbox 259 2657 1837 2728">
     <span class='ocr_line' id='line_1_41' title="bbox 259 2657 1837 2728; baseline -0.002 -16"><span class='ocrx_word' id='word_1_295' title='bbox 259 2675 418 2728; x_wconf 90' lang='lat' dir='ltr'><strong><em>quum</em></strong></span> <span class='ocrx_word' id='word_1_296' title='bbox 472 2658 674 2712; x_wconf 89' lang='lat' dir='ltr'><strong><em>fecisse</em></strong></span> <span class='ocrx_word' id='word_1_297' title='bbox 721 2666 945 2711; x_wconf 84' lang='lat' dir='ltr'><strong><em>testatur</em></strong></span> <span class='ocrx_word' id='word_1_298' title='bbox 978 2658 1079 2727; x_wconf 82' lang='grc' dir='ltr'><strong><em>(α),</em></strong></span> <span class='ocrx_word' id='word_1_299' title='bbox 1137 2658 1230 2711; x_wconf 90' lang='lat' dir='ltr'><strong><em>sed</em></strong></span> <span class='ocrx_word' id='word_1_300' title='bbox 1285 2657 1465 2711; x_wconf 90' lang='lat' dir='ltr'><strong><em>omnia</em></strong></span> <span class='ocrx_word' id='word_1_301' title='bbox 1508 2672 1602 2725; x_wconf 91' lang='lat' dir='ltr'><strong><em>per</em></strong></span> <span class='ocrx_word' id='word_1_302' title='bbox 1647 2672 1837 2709; x_wconf 89' lang='lat' dir='ltr'><strong><em>manus</em></strong></span> 
     </span>
    </p>
   </div>
   <div class='ocr_carea' id='block_1_42' title="bbox 260 2747 1837 2816">
    <p class='ocr_par' dir='ltr' id='par_1_42' title="bbox 260 2747 1837 2816">
     <span class='ocr_line' id='line_1_42' title="bbox 260 2747 1837 2816; baseline -0.003 -13"><span class='ocrx_word' id='word_1_303' title='bbox 260 2750 554 2804; x_wconf 65' lang='lat' dir='ltr'><strong><em>sacerdotis</em></strong></span> <span class='ocrx_word' id='word_1_304' title='bbox 596 2748 894 2803; x_wconf 88' lang='lat' dir='ltr'><strong><em>secumlum</em></strong></span> <span class='ocrx_word' id='word_1_305' title='bbox 967 2748 1207 2801; x_wconf 89' lang='lat' dir='ltr'><strong><em>divinum</em></strong></span> <span class='ocrx_word' id='word_1_306' title='bbox 1278 2757 1600 2816; x_wconf 65' lang='lat' dir='ltr'><strong><em>praeceptum</em></strong></span> <span class='ocrx_word' id='word_1_307' title='bbox 1659 2747 1837 2800; x_wconf 81' lang='lat' dir='ltr'><strong><em>distri-</em></strong></span> 
     </span>
    </p>
   </div>
   <div class='ocr_carea' id='block_1_43' title="bbox 262 2836 1836 2907">
    <p class='ocr_par' dir='ltr' id='par_1_43' title="bbox 262 2836 1836 2907">
     <span class='ocr_line' id='line_1_43' title="bbox 262 2836 1836 2907; baseline -0.003 -14"><span class='ocrx_word' id='word_1_308' title='bbox 262 2842 456 2893; x_wconf 75' lang='lat' dir='ltr'><strong><em>buisse.</em></strong></span> <span class='ocrx_word' id='word_1_309' title='bbox 497 2838 639 2893; x_wconf 86' lang='lat' dir='ltr'><strong><em>Cum</em></strong></span> <span class='ocrx_word' id='word_1_310' title='bbox 680 2847 863 2891; x_wconf 90' lang='lat' dir='ltr'><strong><em>autem</em></strong></span> <span class='ocrx_word' id='word_1_311' title='bbox 901 2837 1037 2891; x_wconf 86' lang='lat' dir='ltr'><strong><em>nihil</em></strong></span> <span class='ocrx_word' id='word_1_312' title='bbox 1081 2838 1301 2890; x_wconf 91' lang='lat' dir='ltr'><strong><em>omnino</em></strong></span> <span class='ocrx_word' id='word_1_313' title='bbox 1347 2837 1648 2907; x_wconf 86' lang='lat' dir='ltr'><strong><em>possideret</em></strong></span> <span class='ocrx_word' id='word_1_314' title='bbox 1684 2836 1836 2890; x_wconf 87' lang='lat' dir='ltr'><strong><em>Basi-</em></strong></span> 
     </span>
    </p>
   </div>
   <div class='ocr_carea' id='block_1_44' title="bbox 263 2930 1834 2999">
    <p class='ocr_par' dir='ltr' id='par_1_44' title="bbox 263 2930 1834 2999">
     <span class='ocr_line' id='line_1_44' title="bbox 263 2930 1834 2999; baseline -0.001 -14"><span class='ocrx_word' id='word_1_315' title='bbox 263 2930 384 2998; x_wconf 91' lang='lat' dir='ltr'><strong><em>lius,</em></strong></span> <span class='ocrx_word' id='word_1_316' title='bbox 416 2933 625 2985; x_wconf 80' lang='lat' dir='ltr'><strong><em>victum</em></strong></span> <span class='ocrx_word' id='word_1_317' title='bbox 661 2930 709 2983; x_wconf 92' lang='lat' dir='ltr'><strong><em>ei</em></strong></span> <span class='ocrx_word' id='word_1_318' title='bbox 741 2944 807 2983; x_wconf 80' lang='lat' dir='ltr'><strong><em>ex</em></strong></span> <span class='ocrx_word' id='word_1_319' title='bbox 848 2930 963 2999; x_wconf 89' lang='lat' dir='ltr'><strong><em>ipsa</em></strong></span> <span class='ocrx_word' id='word_1_320' title='bbox 998 2931 1172 2991; x_wconf 85' lang='lat' dir='ltr'><strong><em>domo,</em></strong></span> <span class='ocrx_word' id='word_1_321' title='bbox 1206 2931 1256 2982; x_wconf 90' lang='lat' dir='ltr'><strong><em>in</em></strong></span> <span class='ocrx_word' id='word_1_322' title='bbox 1302 2945 1407 2998; x_wconf 84' lang='lat' dir='ltr'><strong><em>qua</em></strong></span> <span class='ocrx_word' id='word_1_323' title='bbox 1449 2930 1683 2983; x_wconf 91' lang='lat' dir='ltr'><strong><em>nutritus</em></strong></span> <span class='ocrx_word' id='word_1_324' title='bbox 1717 2930 1834 2983; x_wconf 88' lang='lat' dir='ltr'><strong><em>fuc-</em></strong></span> 
     </span>
    </p>
   </div>
   <div class='ocr_carea' id='block_1_45' title="bbox 266 3020 1836 3091">
    <p class='ocr_par' dir='ltr' id='par_1_45' title="bbox 266 3020 1836 3091">
     <span class='ocr_line' id='line_1_45' title="bbox 266 3020 1836 3091; baseline -0.003 -16"><span class='ocrx_word' id='word_1_325' title='bbox 266 3032 363 3086; x_wconf 87' lang='lat' dir='ltr'><strong><em>rat,</em></strong></span> <span class='ocrx_word' id='word_1_326' title='bbox 393 3032 572 3075; x_wconf 89' lang='lat' dir='ltr'><strong><em>mater</em></strong></span> <span class='ocrx_word' id='word_1_327' title='bbox 602 3020 835 3090; x_wconf 82' lang='lat' dir='ltr'><strong><em>benigne</em></strong></span> <span class='ocrx_word' id='word_1_328' title='bbox 857 3020 1087 3089; x_wconf 86' lang='lat' dir='ltr'><strong><em>providit</em></strong></span> <span class='ocrx_word' id='word_1_329' title='bbox 1114 3020 1214 3091; x_wconf 83' lang='lat' dir='ltr'><strong><em>(b),</em></strong></span> <span class='ocrx_word' id='word_1_330' title='bbox 1240 3020 1427 3074; x_wconf 83' lang='lat' dir='ltr'><strong><em>saltem</em></strong></span> <span class='ocrx_word' id='word_1_331' title='bbox 1454 3032 1735 3090; x_wconf 82' lang='lat' dir='ltr'><strong><em>postquam</em></strong></span> <span class='ocrx_word' id='word_1_332' title='bbox 1770 3020 1836 3072; x_wconf 89' lang='lat' dir='ltr'><strong><em>ad</em></strong></span> 
     </span>
    </p>
   </div>
   <div class='ocr_carea' id='block_1_46' title="bbox 269 3111 1834 3184">
    <p class='ocr_par' dir='ltr' id='par_1_46' title="bbox 269 3111 1834 3184">
     <span class='ocr_line' id='line_1_46' title="bbox 269 3111 1834 3184; baseline -0.003 -19"><span class='ocrx_word' id='word_1_333' title='bbox 269 3114 568 3184; x_wconf 80' lang='lat' dir='ltr'><strong><em>presbyteri</em></strong></span> <span class='ocrx_word' id='word_1_334' title='bbox 630 3114 853 3181; x_wconf 86' lang='lat' dir='ltr'><strong><em>gradum</em></strong></span> <span class='ocrx_word' id='word_1_335' title='bbox 912 3124 1133 3165; x_wconf 84' lang='lat' dir='ltr'><strong><em>evecms</em></strong></span> <span class='ocrx_word' id='word_1_336' title='bbox 1184 3122 1285 3165; x_wconf 87' lang='lat' dir='ltr'><strong><em>est.</em></strong></span> <span class='ocrx_word' id='word_1_337' title='bbox 1354 3111 1486 3165; x_wconf 86' lang='lat' dir='ltr'><strong><em>Nam</em></strong></span> <span class='ocrx_word' id='word_1_338' title='bbox 1544 3112 1834 3165; x_wconf 81' lang='lat' dir='ltr'><strong><em>maximam</em></strong></span> 
     </span>
    </p>
   </div>
   <div class='ocr_carea' id='block_1_47' title="bbox 1938 1930 3506 2000">
    <p class='ocr_par' dir='ltr' id='par_1_47' title="bbox 1938 1930 3506 2000">
     <span class='ocr_line' id='line_1_47' title="bbox 1938 1930 3506 2000; baseline -0.004 -11"><span class='ocrx_word' id='word_1_339' title='bbox 1938 1945 2045 1989; x_wconf 90' lang='lat' dir='ltr'><strong><em>tum</em></strong></span> <span class='ocrx_word' id='word_1_340' title='bbox 2078 1936 2183 1989; x_wconf 90' lang='lat' dir='ltr'><strong><em>Deo</em></strong></span> <span class='ocrx_word' id='word_1_341' title='bbox 2217 1936 2500 1987; x_wconf 85' lang='lat' dir='ltr'><strong><em>donarium</em></strong></span> <span class='ocrx_word' id='word_1_342' title='bbox 2537 1933 2829 1987; x_wconf 83' lang='lat' dir='ltr'><strong><em>abstulisse</em></strong></span> <span class='ocrx_word' id='word_1_343' title='bbox 2857 1932 3170 2000; x_wconf 89' lang='lat' dir='ltr'><strong><em>pronuntiat</em></strong></span> <span class='ocrx_word' id='word_1_344' title='bbox 3197 1932 3291 2000; x_wconf 85' lang='lat' dir='ltr'><strong><em>(e).</em></strong></span> <span class='ocrx_word' id='word_1_345' title='bbox 3326 1930 3506 1995; x_wconf 83' lang='lat' dir='ltr'><strong><em>Quare</em></strong></span> 
     </span>
    </p>
   </div>
   <div class='ocr_carea' id='block_1_48' title="bbox 1934 2023 3505 2090">
    <p class='ocr_par' dir='ltr' id='par_1_48' title="bbox 1934 2023 3505 2090">
     <span class='ocr_line' id='line_1_48' title="bbox 1934 2023 3505 2090; baseline -0.003 -11"><span class='ocrx_word' id='word_1_346' title='bbox 1934 2041 2054 2079; x_wconf 89' lang='lat' dir='ltr'><strong><em>cum</em></strong></span> <span class='ocrx_word' id='word_1_347' title='bbox 2081 2026 2310 2080; x_wconf 82' lang='lat' dir='ltr'><strong><em>Basilius</em></strong></span> <span class='ocrx_word' id='word_1_348' title='bbox 2336 2025 2724 2078; x_wconf 86' lang='lat' dir='ltr'><strong><em>monachorum</em></strong></span> <span class='ocrx_word' id='word_1_349' title='bbox 2752 2023 2930 2077; x_wconf 89' lang='lat' dir='ltr'><strong><em>ordini</em></strong></span> <span class='ocrx_word' id='word_1_350' title='bbox 2979 2037 3073 2090; x_wconf 90' lang='lat' dir='ltr'><strong><em>per</em></strong></span> <span class='ocrx_word' id='word_1_351' title='bbox 3102 2031 3178 2075; x_wconf 87' lang='lat' dir='ltr'><strong><em>tot</em></strong></span> <span class='ocrx_word' id='word_1_352' title='bbox 3203 2037 3374 2075; x_wconf 89' lang='lat' dir='ltr'><strong><em>annos</em></strong></span> <span class='ocrx_word' id='word_1_353' title='bbox 3402 2040 3505 2075; x_wconf 86' lang='lat' dir='ltr'><strong><em>non</em></strong></span> 
     </span>
    </p>
   </div>
   <div class='ocr_carea' id='block_1_49' title="bbox 1935 2110 3509 2183">
    <p class='ocr_par' dir='ltr' id='par_1_49' title="bbox 1935 2110 3509 2183">
     <span class='ocr_line' id='line_1_49' title="bbox 1935 2110 3509 2183; baseline -0.004 -14"><span class='ocrx_word' id='word_1_354' title='bbox 1935 2121 2106 2169; x_wconf 83' lang='lat' dir='ltr'><strong><em>solum</em></strong></span> <span class='ocrx_word' id='word_1_355' title='bbox 2139 2116 2411 2183; x_wconf 86' lang='lat' dir='ltr'><strong><em>ascriptus</em></strong></span> <span class='ocrx_word' id='word_1_356' title='bbox 2444 2114 2633 2175; x_wconf 87' lang='lat' dir='ltr'><strong><em>fuerit,</em></strong></span> <span class='ocrx_word' id='word_1_357' title='bbox 2686 2114 2782 2167; x_wconf 90' lang='lat' dir='ltr'><strong><em>sed</em></strong></span> <span class='ocrx_word' id='word_1_358' title='bbox 2836 2112 3000 2165; x_wconf 90' lang='lat' dir='ltr'><strong><em>etiam</em></strong></span> <span class='ocrx_word' id='word_1_359' title='bbox 3054 2110 3357 2179; x_wconf 69' lang='lat' dir='ltr'><strong><em>praefuerit;</em></strong></span> <span class='ocrx_word' id='word_1_360' title='bbox 3397 2127 3509 2162; x_wconf 83' lang='lat' dir='ltr'><strong><em>mo-</em></strong></span> 
     </span>
    </p>
   </div>
   <div class='ocr_carea' id='block_1_50' title="bbox 1936 2201 3509 2275">
    <p class='ocr_par' dir='ltr' id='par_1_50' title="bbox 1936 2201 3509 2275">
     <span class='ocr_line' id='line_1_50' title="bbox 1936 2201 3509 2275; baseline -0.004 -15"><span class='ocrx_word' id='word_1_361' title='bbox 1936 2208 2139 2261; x_wconf 86' lang='lat' dir='ltr'><strong><em>nastica</em></strong></span> <span class='ocrx_word' id='word_1_362' title='bbox 2174 2208 2319 2261; x_wconf 92' lang='lat' dir='ltr'><strong><em>illius</em></strong></span> <span class='ocrx_word' id='word_1_363' title='bbox 2348 2207 2618 2275; x_wconf 83' lang='lat' dir='ltr'><strong><em>professio</em></strong></span> <span class='ocrx_word' id='word_1_364' title='bbox 2650 2205 2836 2274; x_wconf 81' lang='lat' dir='ltr'><strong><em>negari</em></strong></span> <span class='ocrx_word' id='word_1_365' title='bbox 2862 2219 2965 2257; x_wconf 90' lang='lat' dir='ltr'><strong><em>non</em></strong></span> <span class='ocrx_word' id='word_1_366' title='bbox 3000 2211 3214 2271; x_wconf 87' lang='lat' dir='ltr'><strong><em>potest:</em></strong></span> <span class='ocrx_word' id='word_1_367' title='bbox 3242 2201 3509 2268; x_wconf 68' lang='lat' dir='ltr'><strong><em>valdeque</em></strong></span> 
     </span>
    </p>
   </div>
   <div class='ocr_carea' id='block_1_51' title="bbox 1937 2286 3509 2363">
    <p class='ocr_par' dir='ltr' id='par_1_51' title="bbox 1937 2286 3509 2363">
     <span class='ocr_line' id='line_1_51' title="bbox 1937 2286 3509 2363; baseline -0.002 -11"><span class='ocrx_word' id='word_1_368' title='bbox 1937 2298 2224 2353; x_wconf 90' lang='lat' dir='ltr'><strong><em>absurdum</em></strong></span> <span class='ocrx_word' id='word_1_369' title='bbox 2266 2309 2350 2353; x_wconf 86' lang='lat' dir='ltr'><strong><em>est</em></strong></span> <span class='ocrx_word' id='word_1_370' title='bbox 2380 2286 2539 2352; x_wconf 79' lang='lat' dir='ltr'><strong><em>clara:</em></strong></span> <span class='ocrx_word' id='word_1_371' title='bbox 2567 2306 2620 2352; x_wconf 90' lang='lat' dir='ltr'><strong><em>et</em></strong></span> <span class='ocrx_word' id='word_1_372' title='bbox 2650 2298 2971 2351; x_wconf 90' lang='lat' dir='ltr'><strong><em>nominatim</em></strong></span> <span class='ocrx_word' id='word_1_373' title='bbox 3002 2302 3274 2363; x_wconf 70' lang='lat' dir='ltr'><strong><em>concepta:</em></strong></span> <span class='ocrx_word' id='word_1_374' title='bbox 3305 2294 3444 2361; x_wconf 68' lang='lat' dir='ltr'><strong><em>proft</em></strong></span> <span class='ocrx_word' id='word_1_375' title='bbox 3458 2313 3509 2349; x_wconf 68' lang='lat' dir='ltr'><strong><em>s-</em></strong></span> 
     </span>
    </p>
   </div>
   <div class='ocr_carea' id='block_1_52' title="bbox 1936 2385 3510 2457">
    <p class='ocr_par' dir='ltr' id='par_1_52' title="bbox 1936 2385 3510 2457">
     <span class='ocr_line' id='line_1_52' title="bbox 1936 2385 3510 2457; baseline -0.009 -10"><span class='ocrx_word' id='word_1_376' title='bbox 1936 2394 2105 2447; x_wconf 83' lang='lat' dir='ltr'><strong><em>sionis</em></strong></span> <span class='ocrx_word' id='word_1_377' title='bbox 2149 2394 2530 2446; x_wconf 82' lang='lat' dir='ltr'><strong><em>necessitatem</em></strong></span> <span class='ocrx_word' id='word_1_378' title='bbox 2566 2392 2613 2445; x_wconf 89' lang='lat' dir='ltr'><strong><em>ei</em></strong></span> <span class='ocrx_word' id='word_1_379' title='bbox 2646 2391 2946 2457; x_wconf 87' lang='lat' dir='ltr'><strong><em>imponere,</em></strong></span> <span class='ocrx_word' id='word_1_380' title='bbox 2976 2402 3095 2456; x_wconf 69' lang='lat' dir='ltr'><strong><em>qua:</em></strong></span> <span class='ocrx_word' id='word_1_381' title='bbox 3123 2386 3227 2438; x_wconf 89' lang='lat' dir='ltr'><strong><em>illis</em></strong></span> <span class='ocrx_word' id='word_1_382' title='bbox 3254 2385 3510 2453; x_wconf 85' lang='lat' dir='ltr'><strong><em>tempori-</em></strong></span> 
     </span>
    </p>
   </div>
   <div class='ocr_carea' id='block_1_53' title="bbox 1938 2476 3510 2549">
    <p class='ocr_par' dir='ltr' id='par_1_53' title="bbox 1938 2476 3510 2549">
     <span class='ocr_line' id='line_1_53' title="bbox 1938 2476 3510 2549; baseline -0.007 -11"><span class='ocrx_word' id='word_1_383' title='bbox 1938 2487 2036 2538; x_wconf 87' lang='lat' dir='ltr'><strong><em>bus</em></strong></span> <span class='ocrx_word' id='word_1_384' title='bbox 2085 2484 2308 2547; x_wconf 86' lang='lat' dir='ltr'><strong><em>omissa,</em></strong></span> <span class='ocrx_word' id='word_1_385' title='bbox 2360 2483 2551 2537; x_wconf 79' lang='lat' dir='ltr'><strong><em>Saltem</em></strong></span> <span class='ocrx_word' id='word_1_386' title='bbox 2610 2482 2664 2535; x_wconf 91' lang='lat' dir='ltr'><strong><em>in</em></strong></span> <span class='ocrx_word' id='word_1_387' title='bbox 2715 2478 3074 2549; x_wconf 80' lang='lat' dir='ltr'><strong><em>Cappadocia,</em></strong></span> <span class='ocrx_word' id='word_1_388' title='bbox 3108 2476 3332 2529; x_wconf 86' lang='lat' dir='ltr'><strong><em>nihildc</em></strong></span> <span class='ocrx_word' id='word_1_389' title='bbox 3360 2486 3510 2528; x_wconf 87' lang='lat' dir='ltr'><strong><em>votu-</em></strong></span> 
     </span>
    </p>
   </div>
   <div class='ocr_carea' id='block_1_54' title="bbox 1938 2574 2511 2629">
    <p class='ocr_par' dir='ltr' id='par_1_54' title="bbox 1938 2574 2511 2629">
     <span class='ocr_line' id='line_1_54' title="bbox 1938 2574 2511 2629; baseline -0.007 -1"><span class='ocrx_word' id='word_1_390' title='bbox 1938 2591 2055 2629; x_wconf 91' lang='lat' dir='ltr'><strong><em>rum</em></strong></span> <span class='ocrx_word' id='word_1_391' title='bbox 2089 2577 2140 2627; x_wconf 89' lang='lat' dir='ltr'><strong><em>vi</em></strong></span> <span class='ocrx_word' id='word_1_392' title='bbox 2174 2574 2511 2626; x_wconf 86' lang='lat' dir='ltr'><strong><em>detrahebat.</em></strong></span> 
     </span>
    </p>
   </div>
   <div class='ocr_carea' id='block_1_55' title="bbox 2006 2658 3507 2727">
    <p class='ocr_par' dir='ltr' id='par_1_55' title="bbox 2006 2658 3507 2727">
     <span class='ocr_line' id='line_1_55' title="bbox 2006 2658 3507 2727; baseline -0.006 -10"><span class='ocrx_word' id='word_1_393' title='bbox 2006 2664 2094 2720; x_wconf 87' lang='lat' dir='ltr'><strong><em>IV.</em></strong></span> <span class='ocrx_word' id='word_1_394' title='bbox 2136 2664 2423 2717; x_wconf 80' lang='lat' dir='ltr'><strong><em>Existimat</em></strong></span> <span class='ocrx_word' id='word_1_395' title='bbox 2462 2662 2854 2716; x_wconf 77' lang='lat' dir='ltr'><strong><em>&#39;l‘homassinus</em></strong></span> <span class='ocrx_word' id='word_1_396' title='bbox 2883 2659 3202 2727; x_wconf 81' lang='lat' dir='ltr'><strong><em>Gregorium</em></strong></span> <span class='ocrx_word' id='word_1_397' title='bbox 3244 2658 3375 2713; x_wconf 90' lang='lat' dir='ltr'><strong><em>nihil</em></strong></span> <span class='ocrx_word' id='word_1_398' title='bbox 3408 2658 3507 2709; x_wconf 73' lang='lat' dir='ltr'><strong><em>lori</em></strong></span> 
     </span>
    </p>
   </div>
   <div class='ocr_carea' id='block_1_56' title="bbox 1937 2749 3510 2824">
    <p class='ocr_par' dir='ltr' id='par_1_56' title="bbox 1937 2749 3510 2824">
     <span class='ocr_line' id='line_1_56' title="bbox 1937 2749 3510 2824; baseline -0.005 -15"><span class='ocrx_word' id='word_1_399' title='bbox 1937 2756 2219 2824; x_wconf 84' lang='lat' dir='ltr'><strong><em>reliquisse</em></strong></span> <span class='ocrx_word' id='word_1_400' title='bbox 2258 2754 2580 2808; x_wconf 87' lang='lat' dir='ltr'><strong><em>dubitatioui</em></strong></span> <span class='ocrx_word' id='word_1_401' title='bbox 2622 2755 2675 2806; x_wconf 88' lang='lat' dir='ltr'><strong><em>in</em></strong></span> <span class='ocrx_word' id='word_1_402' title='bbox 2717 2754 2963 2804; x_wconf 76' lang='lat' dir='ltr'><strong><em>c:u&#39;mine</em></strong></span> <span class='ocrx_word' id='word_1_403' title='bbox 2996 2750 3071 2803; x_wconf 85' lang='lat' dir='ltr'><strong><em>De</em></strong></span> <span class='ocrx_word' id='word_1_404' title='bbox 3104 2753 3212 2803; x_wconf 89' lang='lat' dir='ltr'><strong><em>vita</em></strong></span> <span class='ocrx_word' id='word_1_405' title='bbox 3268 2768 3388 2813; x_wconf 82' lang='lat' dir='ltr'><strong><em>sua,</em></strong></span> <span class='ocrx_word' id='word_1_406' title='bbox 3425 2749 3510 2802; x_wconf 75' lang='lat' dir='ltr'><strong><em>ubi</em></strong></span> 
     </span>
    </p>
   </div>
   <div class='ocr_carea' id='block_1_57' title="bbox 1936 2846 3511 2915">
    <p class='ocr_par' dir='ltr' id='par_1_57' title="bbox 1936 2846 3511 2915">
     <span class='ocr_line' id='line_1_57' title="bbox 1936 2846 3511 2915; baseline -0.006 -13"><span class='ocrx_word' id='word_1_407' title='bbox 1936 2865 1989 2902; x_wconf 84' lang='lat' dir='ltr'><strong><em>se</em></strong></span> <span class='ocrx_word' id='word_1_408' title='bbox 2035 2849 2127 2900; x_wconf 90' lang='lat' dir='ltr'><strong><em>diu</em></strong></span> <span class='ocrx_word' id='word_1_409' title='bbox 2178 2848 2494 2915; x_wconf 77' lang='lat' dir='ltr'><strong><em>ﬂuctuatum</em></strong></span> <span class='ocrx_word' id='word_1_410' title='bbox 2541 2855 2767 2899; x_wconf 83' lang='lat' dir='ltr'><strong><em>testatur</em></strong></span> <span class='ocrx_word' id='word_1_411' title='bbox 2804 2846 2999 2914; x_wconf 81' lang='lat' dir='ltr'><strong><em>ecquod</em></strong></span> <span class='ocrx_word' id='word_1_412' title='bbox 3028 2846 3143 2897; x_wconf 81' lang='lat' dir='ltr'><strong><em>vita:</em></strong></span> <span class='ocrx_word' id='word_1_413' title='bbox 3173 2860 3333 2912; x_wconf 81' lang='lat' dir='ltr'><strong><em>genus</em></strong></span> <span class='ocrx_word' id='word_1_414' title='bbox 3372 2852 3511 2895; x_wconf 77' lang='lat' dir='ltr'><strong><em>tene-</em></strong></span> 
     </span>
    </p>
   </div>
   <div class='ocr_carea' id='block_1_58' title="bbox 1937 2934 3511 3003">
    <p class='ocr_par' dir='ltr' id='par_1_58' title="bbox 1937 2934 3511 3003">
     <span class='ocr_line' id='line_1_58' title="bbox 1937 2934 3511 3003; baseline -0.003 -12"><span class='ocrx_word' id='word_1_415' title='bbox 1937 2950 2034 3003; x_wconf 86' lang='lat' dir='ltr'><strong><em>ret,</em></strong></span> <span class='ocrx_word' id='word_1_416' title='bbox 2065 2940 2202 2992; x_wconf 88' lang='lat' dir='ltr'><strong><em>inter</em></strong></span> <span class='ocrx_word' id='word_1_417' title='bbox 2240 2939 2611 2991; x_wconf 80' lang='lat' dir='ltr'><strong><em>monachorum</em></strong></span> <span class='ocrx_word' id='word_1_418' title='bbox 2643 2937 2865 2990; x_wconf 84' lang='lat' dir='ltr'><strong><em>latibula</em></strong></span> <span class='ocrx_word' id='word_1_419' title='bbox 2894 2947 2940 2989; x_wconf 93' lang='lat' dir='ltr'><strong><em>et</em></strong></span> <span class='ocrx_word' id='word_1_420' title='bbox 2984 2934 3191 2988; x_wconf 86' lang='lat' dir='ltr'><strong><em>urbium</em></strong></span> <span class='ocrx_word' id='word_1_421' title='bbox 3218 2939 3511 2988; x_wconf 85' lang='lat' dir='ltr'><strong><em>tumultua—</em></strong></span> 
     </span>
    </p>
   </div>
   <div class='ocr_carea' id='block_1_59' title="bbox 1939 3027 3511 3095">
    <p class='ocr_par' dir='ltr' id='par_1_59' title="bbox 1939 3027 3511 3095">
     <span class='ocr_line' id='line_1_59' title="bbox 1939 3027 3511 3095; baseline -0.004 -11"><span class='ocrx_word' id='word_1_422' title='bbox 1939 3032 2125 3095; x_wconf 82' lang='lat' dir='ltr'><strong><em>tiones,</em></strong></span> <span class='ocrx_word' id='word_1_423' title='bbox 2175 3032 2407 3083; x_wconf 88' lang='lat' dir='ltr'><strong><em>medium</em></strong></span> <span class='ocrx_word' id='word_1_424' title='bbox 2454 3031 2665 3083; x_wconf 88' lang='lat' dir='ltr'><strong><em>tandem</em></strong></span> <span class='ocrx_word' id='word_1_425' title='bbox 2708 3040 2942 3081; x_wconf 87' lang='lat' dir='ltr'><strong><em>secutum</em></strong></span> <span class='ocrx_word' id='word_1_426' title='bbox 2984 3044 3093 3080; x_wconf 88' lang='lat' dir='ltr'><strong><em>esse</em></strong></span> <span class='ocrx_word' id='word_1_427' title='bbox 3134 3027 3419 3090; x_wconf 84' lang='lat' dir='ltr'><strong><em>tramitem,</em></strong></span> <span class='ocrx_word' id='word_1_428' title='bbox 3455 3037 3511 3077; x_wconf 80' lang='lat' dir='ltr'><strong><em>ut</em></strong></span> 
     </span>
    </p>
   </div>
   <div class='ocr_carea' id='block_1_60' title="bbox 1939 3116 3511 3192">
    <p class='ocr_par' dir='ltr' id='par_1_60' title="bbox 1939 3116 3511 3192">
     <span class='ocr_line' id='line_1_60' title="bbox 1939 3116 3511 3192; baseline -0.006 -15"><span class='ocrx_word' id='word_1_429' title='bbox 1939 3125 2058 3177; x_wconf 89' lang='lat' dir='ltr'><strong><em>aliis</em></strong></span> <span class='ocrx_word' id='word_1_430' title='bbox 2089 3126 2163 3176; x_wconf 89' lang='lat' dir='ltr'><strong><em>ita</em></strong></span> <span class='ocrx_word' id='word_1_431' title='bbox 2190 3124 2477 3192; x_wconf 83' lang='lat' dir='ltr'><strong><em>prodesset,</em></strong></span> <span class='ocrx_word' id='word_1_432' title='bbox 2505 3132 2560 3175; x_wconf 90' lang='lat' dir='ltr'><strong><em>ut</em></strong></span> <span class='ocrx_word' id='word_1_433' title='bbox 2592 3137 2654 3175; x_wconf 87' lang='lat' dir='ltr'><strong><em>ne</em></strong></span> <span class='ocrx_word' id='word_1_434' title='bbox 2682 3123 2792 3189; x_wconf 84' lang='lat' dir='ltr'><strong><em>ipse</em></strong></span> <span class='ocrx_word' id='word_1_435' title='bbox 2809 3137 2917 3174; x_wconf 80' lang='lat' dir='ltr'><strong><em>sua:</em></strong></span> <span class='ocrx_word' id='word_1_436' title='bbox 2942 3120 3155 3189; x_wconf 79' lang='lat' dir='ltr'><strong><em>ofﬁceret</em></strong></span> <span class='ocrx_word' id='word_1_437' title='bbox 3174 3118 3352 3172; x_wconf 88' lang='lat' dir='ltr'><strong><em>saluti.</em></strong></span> <span class='ocrx_word' id='word_1_438' title='bbox 3374 3116 3511 3170; x_wconf 89' lang='lat' dir='ltr'><strong><em>Tum</em></strong></span> 
     </span>
    </p>
   </div>
   <div class='ocr_carea' id='block_1_61' title="bbox 267 3185 2853 3285">
    <p class='ocr_par' dir='ltr' id='par_1_61' title="bbox 267 3185 2853 3285">
     <span class='ocr_line' id='line_1_61' title="bbox 267 3185 2853 3285; baseline -0.002 -26"><span class='ocrx_word' id='word_1_439' title='bbox 267 3216 468 3274; x_wconf 88' lang='lat' dir='ltr'><strong><em>partem</em></strong></span> <span class='ocrx_word' id='word_1_440' title='bbox 523 3206 874 3259; x_wconf 87' lang='lat' dir='ltr'><strong><em>servitiorum</em></strong></span> <span class='ocrx_word' id='word_1_441' title='bbox 930 3203 1075 3257; x_wconf 87' lang='lat' dir='ltr'><strong><em>illius</em></strong></span> <span class='ocrx_word' id='word_1_442' title='bbox 1128 3203 1320 3257; x_wconf 88' lang='lat' dir='ltr'><strong><em>domus</em></strong></span> <span class='ocrx_word' id='word_1_443' title='bbox 1366 3202 1691 3273; x_wconf 83' lang='lat' dir='ltr'><strong><em>presbytero</em></strong></span> <span class='ocrx_word' id='word_1_444' title='bbox 1724 3206 1837 3257; x_wconf 86' lang='lat' dir='ltr'><strong><em>cui-</em></strong></span> <span class='ocrx_word' id='word_1_445' title='bbox 1865 3185 1907 3241; x_wconf 63' lang='grc' dir='ltr'><strong>(ἶ</strong></span> <span class='ocrx_word' id='word_1_446' title='bbox 1941 3216 2147 3285; x_wconf 61' lang='lat' dir='ltr'><strong><em>prore“</em></strong></span> <span class='ocrx_word' id='word_1_447' title='bbox 2190 3185 2289 3269; x_wconf 63' lang='lat' dir='ltr'><strong><em>ims</em></strong></span> <span class='ocrx_word' id='word_1_448' title='bbox 2341 3229 2531 3267; x_wconf 66' lang='lat' dir='ltr'><strong><em>versus</em></strong></span> <span class='ocrx_word' id='word_1_449' title='bbox 2556 3185 2800 3281; x_wconf 47' lang='lat' dir='ltr'><strong><em>cresin-ii</em></strong></span> <span class='ocrx_word' id='word_1_450' title='bbox 2840 3229 2853 3264; x_wconf 73' lang='grc' dir='ltr'><strong>ε</strong></span> 
     </span>
    </p>
   </div>
   <div class='ocr_carea' id='block_1_62' title="bbox 269 3295 1838 3363">
    <p class='ocr_par' dir='ltr' id='par_1_62' title="bbox 269 3295 1838 3363">
     <span class='ocr_line' id='line_1_62' title="bbox 269 3295 1838 3363; baseline 0.001 -14"><span class='ocrx_word' id='word_1_451' title='bbox 269 3299 406 3363; x_wconf 77' lang='lat' dir='ltr'><strong><em>dam,</em></strong></span> <span class='ocrx_word' id='word_1_452' title='bbox 462 3297 738 3351; x_wconf 88' lang='lat' dir='ltr'><strong><em>Dorotheo</em></strong></span> <span class='ocrx_word' id='word_1_453' title='bbox 793 3296 1031 3357; x_wconf 88' lang='lat' dir='ltr'><strong><em>nomine,</em></strong></span> <span class='ocrx_word' id='word_1_454' title='bbox 1088 3295 1179 3363; x_wconf 91' lang='lat' dir='ltr'><strong><em>qui</em></strong></span> <span class='ocrx_word' id='word_1_455' title='bbox 1233 3295 1416 3349; x_wconf 85' lang='lat' dir='ltr'><strong><em>Basilii</em></strong></span> <span class='ocrx_word' id='word_1_456' title='bbox 1472 3296 1838 3352; x_wconf 90' lang='lat' dir='ltr'><strong><em>collactaneus</em></strong></span> 
     </span>
    </p>
   </div>
   <div class='ocr_carea' id='block_1_63' title="bbox 265 3385 1839 3455">
    <p class='ocr_par' dir='ltr' id='par_1_63' title="bbox 265 3385 1839 3455">
     <span class='ocr_line' id='line_1_63' title="bbox 265 3385 1839 3455; baseline 0.003 -16"><span class='ocrx_word' id='word_1_457' title='bbox 265 3397 398 3449; x_wconf 84' lang='lat' dir='ltr'><strong><em>erat,</em></strong></span> <span class='ocrx_word' id='word_1_458' title='bbox 439 3388 672 3455; x_wconf 80' lang='lat' dir='ltr'><strong><em>ejusque</em></strong></span> <span class='ocrx_word' id='word_1_459' title='bbox 723 3386 950 3440; x_wconf 90' lang='lat' dir='ltr'><strong><em>nutricis</em></strong></span> <span class='ocrx_word' id='word_1_460' title='bbox 995 3386 1186 3439; x_wconf 85' lang='lat' dir='ltr'><strong><em>unicus</em></strong></span> <span class='ocrx_word' id='word_1_461' title='bbox 1225 3385 1390 3450; x_wconf 81' lang='lat' dir='ltr'><strong><em>ﬁlius.</em></strong></span> <span class='ocrx_word' id='word_1_462' title='bbox 1425 3402 1488 3441; x_wconf 89' lang='lat' dir='ltr'><strong><em>ea</em></strong></span> <span class='ocrx_word' id='word_1_463' title='bbox 1531 3389 1839 3443; x_wconf 89' lang='lat' dir='ltr'><strong><em>conditione</em></strong></span> 
     </span>
    </p>
   </div>
   <div class='ocr_carea' id='block_1_64' title="bbox 269 3477 1839 3547">
    <p class='ocr_par' dir='ltr' id='par_1_64' title="bbox 269 3477 1839 3547">
     <span class='ocr_line' id='line_1_64' title="bbox 269 3477 1839 3547; baseline 0.001 -18"><span class='ocrx_word' id='word_1_464' title='bbox 269 3479 502 3543; x_wconf 89' lang='lat' dir='ltr'><strong><em>tradidit,</em></strong></span> <span class='ocrx_word' id='word_1_465' title='bbox 536 3488 595 3531; x_wconf 93' lang='lat' dir='ltr'><strong><em>ut</em></strong></span> <span class='ocrx_word' id='word_1_466' title='bbox 631 3477 832 3532; x_wconf 86' lang='lat' dir='ltr'><strong><em>Basilio</em></strong></span> <span class='ocrx_word' id='word_1_467' title='bbox 881 3478 1134 3530; x_wconf 88' lang='lat' dir='ltr'><strong><em>alimenta</em></strong></span> <span class='ocrx_word' id='word_1_468' title='bbox 1171 3478 1561 3547; x_wconf 84' lang='lat' dir='ltr'><strong><em>suppeditaret.</em></strong></span> <span class='ocrx_word' id='word_1_469' title='bbox 1607 3480 1698 3534; x_wconf 89' lang='lat' dir='ltr'><strong><em>Sic</em></strong></span> <span class='ocrx_word' id='word_1_470' title='bbox 1742 3495 1839 3533; x_wconf 89' lang='lat' dir='ltr'><strong><em>au-</em></strong></span> 
     </span>
    </p>
   </div>
   <div class='ocr_carea' id='block_1_65' title="bbox 269 3572 1840 3639">
    <p class='ocr_par' dir='ltr' id='par_1_65' title="bbox 269 3572 1840 3639">
     <span class='ocr_line' id='line_1_65' title="bbox 269 3572 1840 3639; baseline 0.001 -16"><span class='ocrx_word' id='word_1_471' title='bbox 269 3580 371 3625; x_wconf 83' lang='lat' dir='ltr'><strong><em>tent</em></strong></span> <span class='ocrx_word' id='word_1_472' title='bbox 411 3572 657 3633; x_wconf 89' lang='lat' dir='ltr'><strong><em>tradidit,</em></strong></span> <span class='ocrx_word' id='word_1_473' title='bbox 690 3582 747 3625; x_wconf 93' lang='lat' dir='ltr'><strong><em>ut</em></strong></span> <span class='ocrx_word' id='word_1_474' title='bbox 790 3586 1128 3639; x_wconf 72' lang='lat' dir='ltr'><strong><em>nequaquam</em></strong></span> <span class='ocrx_word' id='word_1_475' title='bbox 1167 3572 1365 3625; x_wconf 87' lang='lat' dir='ltr'><strong><em>donum</em></strong></span> <span class='ocrx_word' id='word_1_476' title='bbox 1394 3581 1558 3635; x_wconf 88' lang='lat' dir='ltr'><strong><em>esset,</em></strong></span> <span class='ocrx_word' id='word_1_477' title='bbox 1590 3573 1682 3626; x_wconf 88' lang='lat' dir='ltr'><strong><em>sed</em></strong></span> <span class='ocrx_word' id='word_1_478' title='bbox 1710 3587 1840 3626; x_wconf 91' lang='lat' dir='ltr'><strong><em>usus</em></strong></span> 
     </span>
    </p>
   </div>
   <div class='ocr_carea' id='block_1_66' title="bbox 262 3661 1840 3731">
    <p class='ocr_par' dir='ltr' id='par_1_66' title="bbox 262 3661 1840 3731">
     <span class='ocr_line' id='line_1_66' title="bbox 262 3661 1840 3731; baseline 0.001 -15"><span class='ocrx_word' id='word_1_479' title='bbox 262 3677 355 3731; x_wconf 91' lang='lat' dir='ltr'><strong><em>per</em></strong></span> <span class='ocrx_word' id='word_1_480' title='bbox 378 3664 569 3716; x_wconf 83' lang='lat' dir='ltr'><strong><em>vitam.</em></strong></span> <span class='ocrx_word' id='word_1_481' title='bbox 606 3662 777 3728; x_wconf 86' lang='lat' dir='ltr'><strong><em>Quam</em></strong></span> <span class='ocrx_word' id='word_1_482' title='bbox 826 3662 1040 3715; x_wconf 88' lang='lat' dir='ltr'><strong><em>alienus</em></strong></span> <span class='ocrx_word' id='word_1_483' title='bbox 1091 3662 1253 3715; x_wconf 86' lang='lat' dir='ltr'><strong><em>fuerit</em></strong></span> <span class='ocrx_word' id='word_1_484' title='bbox 1292 3661 1522 3717; x_wconf 89' lang='lat' dir='ltr'><strong><em>Basilius</em></strong></span> <span class='ocrx_word' id='word_1_485' title='bbox 1550 3664 1619 3718; x_wconf 88' lang='lat' dir='ltr'><strong><em>ab</em></strong></span> <span class='ocrx_word' id='word_1_486' title='bbox 1650 3678 1712 3717; x_wconf 90' lang='lat' dir='ltr'><strong><em>ea</em></strong></span> <span class='ocrx_word' id='word_1_487' title='bbox 1760 3680 1840 3718; x_wconf 90' lang='lat' dir='ltr'><strong><em>re-</em></strong></span> 
     </span>
    </p>
   </div>
   <div class='ocr_carea' id='block_1_67' title="bbox 265 3753 1837 3825">
    <p class='ocr_par' dir='ltr' id='par_1_67' title="bbox 265 3753 1837 3825">
     <span class='ocr_line' id='line_1_67' title="bbox 265 3753 1837 3825; baseline 0.002 -19"><span class='ocrx_word' id='word_1_488' title='bbox 265 3754 544 3817; x_wconf 89' lang='lat' dir='ltr'><strong><em>missione,</em></strong></span> <span class='ocrx_word' id='word_1_489' title='bbox 580 3768 675 3807; x_wconf 88' lang='lat' dir='ltr'><strong><em>seu</em></strong></span> <span class='ocrx_word' id='word_1_490' title='bbox 727 3754 904 3820; x_wconf 85' lang='lat' dir='ltr'><strong><em>potius</em></strong></span> <span class='ocrx_word' id='word_1_491' title='bbox 943 3753 1321 3817; x_wconf 88' lang='lat' dir='ltr'><strong><em>dissolutione,</em></strong></span> <span class='ocrx_word' id='word_1_492' title='bbox 1357 3770 1476 3824; x_wconf 81' lang='lat' dir='ltr'><strong><em>quae</em></strong></span> <span class='ocrx_word' id='word_1_493' title='bbox 1518 3755 1589 3809; x_wconf 93' lang='lat' dir='ltr'><strong><em>illi</em></strong></span> <span class='ocrx_word' id='word_1_494' title='bbox 1621 3754 1837 3825; x_wconf 82' lang='lat' dir='ltr'><strong><em>alliugi-</em></strong></span> 
     </span>
    </p>
   </div>
   <div class='ocr_carea' id='block_1_68' title="bbox 265 3842 1831 3913">
    <p class='ocr_par' dir='ltr' id='par_1_68' title="bbox 265 3842 1831 3913">
     <span class='ocr_line' id='line_1_68' title="bbox 265 3842 1831 3913; baseline -0.001 -18"><span class='ocrx_word' id='word_1_495' title='bbox 265 3854 368 3907; x_wconf 86' lang='lat' dir='ltr'><strong><em>tur,</em></strong></span> <span class='ocrx_word' id='word_1_496' title='bbox 410 3859 477 3898; x_wconf 74' lang='lat' dir='ltr'><strong><em>ex</em></strong></span> <span class='ocrx_word' id='word_1_497' title='bbox 534 3845 638 3897; x_wconf 89' lang='lat' dir='ltr'><strong><em>hoc</em></strong></span> <span class='ocrx_word' id='word_1_498' title='bbox 688 3842 933 3898; x_wconf 84' lang='lat' dir='ltr'><strong><em>Cassiani</em></strong></span> <span class='ocrx_word' id='word_1_499' title='bbox 1001 3843 1309 3898; x_wconf 89' lang='lat' dir='ltr'><strong><em>testimonio</em></strong></span> <span class='ocrx_word' id='word_1_500' title='bbox 1360 3844 1684 3913; x_wconf 88' lang='lat' dir='ltr'><strong><em>perspicitur</em></strong></span> <span class='ocrx_word' id='word_1_501' title='bbox 1710 3843 1831 3913; x_wconf 85' lang='lat' dir='ltr'><strong><em>(c);</em></strong></span> 
     </span>
    </p>
   </div>
   <div class='ocr_carea' id='block_1_69' title="bbox 264 3932 1837 4003">
    <p class='ocr_par' dir='ltr' id='par_1_69' title="bbox 264 3932 1837 4003">
     <span class='ocr_line' id='line_1_69' title="bbox 264 3932 1837 4003; baseline 0.001 -16"><span class='ocrx_word' id='word_1_502' title='bbox 264 3932 463 3988; x_wconf 80' lang='lat' dir='ltr'><strong><em>Fertur</em></strong></span> <span class='ocrx_word' id='word_1_503' title='bbox 496 3936 777 3999; x_wconf 83' lang='lat' dir='ltr'><strong><em>sententia,</em></strong></span> <span class='ocrx_word' id='word_1_504' title='bbox 811 3935 1006 4003; x_wconf 86' lang='lat' dir='ltr'><strong><em>inquit,</em></strong></span> <span class='ocrx_word' id='word_1_505' title='bbox 1043 3937 1211 3989; x_wconf 89' lang='lat' dir='ltr'><strong><em>sancti</em></strong></span> <span class='ocrx_word' id='word_1_506' title='bbox 1254 3933 1444 3988; x_wconf 88' lang='lat' dir='ltr'><strong><em>Basilii</em></strong></span> <span class='ocrx_word' id='word_1_507' title='bbox 1492 3934 1837 3989; x_wconf 75' lang='lat' dir='ltr'><strong><em>Cazsariensis</em></strong></span> 
     </span>
    </p>
   </div>
   <div class='ocr_carea' id='block_1_70' title="bbox 264 4026 1835 4097">
    <p class='ocr_par' dir='ltr' id='par_1_70' title="bbox 264 4026 1835 4097">
     <span class='ocr_line' id='line_1_70' title="bbox 264 4026 1835 4097; baseline 0.001 -18"><span class='ocrx_word' id='word_1_508' title='bbox 264 4029 515 4096; x_wconf 80' lang='lat' dir='ltr'><strong><em>episcOpi,</em></strong></span> <span class='ocrx_word' id='word_1_509' title='bbox 545 4028 614 4079; x_wconf 88' lang='lat' dir='ltr'><strong><em>ad</em></strong></span> <span class='ocrx_word' id='word_1_510' title='bbox 646 4028 923 4097; x_wconf 88' lang='lat' dir='ltr'><strong><em>quemdant</em></strong></span> <span class='ocrx_word' id='word_1_511' title='bbox 952 4026 1159 4094; x_wconf 91' lang='lat' dir='ltr'><strong><em>prolata</em></strong></span> <span class='ocrx_word' id='word_1_512' title='bbox 1203 4026 1547 4097; x_wconf 82' lang='lat' dir='ltr'><strong><em>Syncletium,</em></strong></span> <span class='ocrx_word' id='word_1_513' title='bbox 1589 4028 1685 4080; x_wconf 90' lang='lat' dir='ltr'><strong><em>tali</em></strong></span> <span class='ocrx_word' id='word_1_514' title='bbox 1732 4043 1835 4097; x_wconf 90' lang='lat' dir='ltr'><strong><em>quo</em></strong></span> 
     </span>
    </p>
   </div>
   <div class='ocr_carea' id='block_1_71' title="bbox 265 4122 1839 4190">
    <p class='ocr_par' dir='ltr' id='par_1_71' title="bbox 265 4122 1839 4190">
     <span class='ocr_line' id='line_1_71' title="bbox 265 4122 1839 4190; baseline 0.001 -17"><span class='ocrx_word' id='word_1_515' title='bbox 265 4124 495 4173; x_wconf 72' lang='lat' dir='ltr'><strong><em>diximus</em></strong></span> <span class='ocrx_word' id='word_1_516' title='bbox 542 4130 718 4187; x_wconf 85' lang='lat' dir='ltr'><strong><em>tepore</em></strong></span> <span class='ocrx_word' id='word_1_517' title='bbox 762 4131 1085 4186; x_wconf 87' lang='lat' dir='ltr'><strong><em>torpentem:</em></strong></span> <span class='ocrx_word' id='word_1_518' title='bbox 1113 4122 1203 4190; x_wconf 89' lang='lat' dir='ltr'><strong><em>qui</em></strong></span> <span class='ocrx_word' id='word_1_519' title='bbox 1248 4138 1366 4173; x_wconf 89' lang='lat' dir='ltr'><strong><em>cum</em></strong></span> <span class='ocrx_word' id='word_1_520' title='bbox 1420 4137 1474 4175; x_wconf 87' lang='lat' dir='ltr'><strong><em>se</em></strong></span> <span class='ocrx_word' id='word_1_521' title='bbox 1515 4122 1839 4174; x_wconf 87' lang='lat' dir='ltr'><strong><em>renuntiasse</em></strong></span> 
     </span>
    </p>
   </div>
   <div class='ocr_carea' id='block_1_72' title="bbox 267 4212 1836 4282">
    <p class='ocr_par' dir='ltr' id='par_1_72' title="bbox 267 4212 1836 4282">
     <span class='ocr_line' id='line_1_72' title="bbox 267 4212 1836 4282; baseline -0.001 -17"><span class='ocrx_word' id='word_1_522' title='bbox 267 4215 457 4267; x_wconf 88' lang='lat' dir='ltr'><strong><em>diceret</em></strong></span> <span class='ocrx_word' id='word_1_523' title='bbox 497 4214 621 4265; x_wconf 87' lang='lat' dir='ltr'><strong><em>huic</em></strong></span> <span class='ocrx_word' id='word_1_524' title='bbox 649 4214 867 4275; x_wconf 88' lang='lat' dir='ltr'><strong><em>mundo,</em></strong></span> <span class='ocrx_word' id='word_1_525' title='bbox 904 4215 1146 4282; x_wconf 79' lang='lat' dir='ltr'><strong><em>qua&#39;dam</em></strong></span> <span class='ocrx_word' id='word_1_526' title='bbox 1175 4214 1273 4267; x_wconf 89' lang='lat' dir='ltr'><strong><em>sibi</em></strong></span> <span class='ocrx_word' id='word_1_527' title='bbox 1301 4215 1362 4265; x_wconf 89' lang='lat' dir='ltr'><strong><em>de</em></strong></span> <span class='ocrx_word' id='word_1_528' title='bbox 1396 4214 1625 4281; x_wconf 84' lang='lat' dir='ltr'><strong><em>propriis</em></strong></span> <span class='ocrx_word' id='word_1_529' title='bbox 1661 4212 1836 4280; x_wconf 84' lang='lat' dir='ltr'><strong><em>facul-</em></strong></span> 
     </span>
    </p>
   </div>
   <div class='ocr_carea' id='block_1_73' title="bbox 268 4302 1835 4365">
    <p class='ocr_par' dir='ltr' id='par_1_73' title="bbox 268 4302 1835 4365">
     <span class='ocr_line' id='line_1_73' title="bbox 268 4302 1835 4365; baseline -0.004 -10"><span class='ocrx_word' id='word_1_530' title='bbox 268 4305 461 4357; x_wconf 88' lang='lat' dir='ltr'><strong><em>tatibus</em></strong></span> <span class='ocrx_word' id='word_1_531' title='bbox 493 4304 797 4365; x_wconf 81' lang='lat' dir='ltr'><strong><em>reservavit,</em></strong></span> <span class='ocrx_word' id='word_1_532' title='bbox 837 4302 1017 4355; x_wconf 82' lang='lat' dir='ltr'><strong><em>nolens</em></strong></span> <span class='ocrx_word' id='word_1_533' title='bbox 1063 4302 1307 4355; x_wconf 77' lang='lat' dir='ltr'><strong><em>exercitio</em></strong></span> <span class='ocrx_word' id='word_1_534' title='bbox 1341 4316 1591 4352; x_wconf 89' lang='lat' dir='ltr'><strong><em>manuum</em></strong></span> <span class='ocrx_word' id='word_1_535' title='bbox 1619 4316 1835 4352; x_wconf 86' lang='lat' dir='ltr'><strong><em>suarum</em></strong></span> 
     </span>
    </p>
   </div>
   <div class='ocr_carea' id='block_1_74' title="bbox 263 4389 1839 4459">
    <p class='ocr_par' dir='ltr' id='par_1_74' title="bbox 263 4389 1839 4459">
     <span class='ocr_line' id='line_1_74' title="bbox 263 4389 1839 4459; baseline -0.004 -12"><span class='ocrx_word' id='word_1_536' title='bbox 263 4395 576 4459; x_wconf 80' lang='lat' dir='ltr'><strong><em>sustentari,</em></strong></span> <span class='ocrx_word' id='word_1_537' title='bbox 605 4404 653 4446; x_wconf 89' lang='lat' dir='ltr'><strong><em>et</em></strong></span> <span class='ocrx_word' id='word_1_538' title='bbox 687 4393 1041 4445; x_wconf 88' lang='lat' dir='ltr'><strong><em>humilitatem</em></strong></span> <span class='ocrx_word' id='word_1_539' title='bbox 1075 4407 1247 4446; x_wconf 86' lang='lat' dir='ltr'><strong><em>veram</em></strong></span> <span class='ocrx_word' id='word_1_540' title='bbox 1300 4391 1537 4443; x_wconf 87' lang='lat' dir='ltr'><strong><em>nuditate</em></strong></span> <span class='ocrx_word' id='word_1_541' title='bbox 1575 4400 1623 4443; x_wconf 86' lang='lat' dir='ltr'><strong><em>et</em></strong></span> <span class='ocrx_word' id='word_1_542' title='bbox 1666 4389 1839 4457; x_wconf 89' lang='lat' dir='ltr'><strong><em>operis</em></strong></span> 
     </span>
    </p>
   </div>
   <div class='ocr_carea' id='block_1_75' title="bbox 2152 3348 3281 3419">
    <p class='ocr_par' dir='ltr' id='par_1_75' title="bbox 2152 3348 3281 3419">
     <span class='ocr_line' id='line_1_75' title="bbox 2152 3348 3281 3419; baseline -0.004 -15"><span class='ocrx_word' id='word_1_543' title='bbox 2152 3350 2331 3404; x_wconf 86' lang='lat' dir='ltr'><strong><em>Media</em></strong></span> <span class='ocrx_word' id='word_1_544' title='bbox 2366 3354 2499 3403; x_wconf 88' lang='lat' dir='ltr'><strong><em>inter</em></strong></span> <span class='ocrx_word' id='word_1_545' title='bbox 2528 3349 2665 3412; x_wconf 84' lang='lat' dir='ltr'><strong><em>illos,</em></strong></span> <span class='ocrx_word' id='word_1_546' title='bbox 2695 3350 2889 3419; x_wconf 85' lang='lat' dir='ltr'><strong><em>hosque</em></strong></span> <span class='ocrx_word' id='word_1_547' title='bbox 2924 3350 3147 3416; x_wconf 66' lang='lat' dir='ltr'><strong><em>procella</em></strong></span> <span class='ocrx_word' id='word_1_548' title='bbox 3176 3348 3281 3409; x_wconf 86' lang='lat' dir='ltr'><strong><em>via,</em></strong></span> 
     </span>
    </p>
   </div>
   <div class='ocr_carea' id='block_1_76' title="bbox 2013 3417 3416 3483">
    <p class='ocr_par' dir='ltr' id='par_1_76' title="bbox 2013 3417 3416 3483">
     <span class='ocr_line' id='line_1_76' title="bbox 2013 3417 3416 3483; baseline -0.005 -7"><span class='ocrx_word' id='word_1_549' title='bbox 2013 3421 2275 3476; x_wconf 74' lang='lat' dir='ltr'><strong><em>Meditans</em></strong></span> <span class='ocrx_word' id='word_1_550' title='bbox 2324 3434 2375 3473; x_wconf 90' lang='lat' dir='ltr'><strong><em>ut</em></strong></span> <span class='ocrx_word' id='word_1_551' title='bbox 2407 3423 2514 3483; x_wconf 83' lang='lat' dir='ltr'><strong><em>isti,</em></strong></span> <span class='ocrx_word' id='word_1_552' title='bbox 2547 3417 2879 3473; x_wconf 80' lang='lat' dir='ltr'><strong><em>commodum</em></strong></span> <span class='ocrx_word' id='word_1_553' title='bbox 2916 3419 3129 3471; x_wconf 86' lang='lat' dir='ltr'><strong><em>illorum</em></strong></span> <span class='ocrx_word' id='word_1_554' title='bbox 3160 3417 3416 3471; x_wconf 70' lang='lat' dir='ltr'><strong><em>annulans</em></strong></span> 
     </span>
    </p>
   </div>
   <div class='ocr_carea' id='block_1_77' title="bbox 1944 3579 3513 3651">
    <p class='ocr_par' dir='ltr' id='par_1_77' title="bbox 1944 3579 3513 3651">
     <span class='ocr_line' id='line_1_77' title="bbox 1944 3579 3513 3651; baseline -0.004 -16"><span class='ocrx_word' id='word_1_555' title='bbox 1944 3582 2141 3636; x_wconf 87' lang='lat' dir='ltr'><strong><em>Deinde</em></strong></span> <span class='ocrx_word' id='word_1_556' title='bbox 2164 3582 2313 3635; x_wconf 84' lang='lat' dir='ltr'><strong><em>addit</em></strong></span> <span class='ocrx_word' id='word_1_557' title='bbox 2343 3597 2358 3634; x_wconf 88' lang='lat'><strong>:</strong></span> <span class='ocrx_word' id='word_1_558' title='bbox 2392 3580 2533 3651; x_wconf 79' lang='lat' dir='ltr'><strong><em>Ergo</em></strong></span> <span class='ocrx_word' id='word_1_559' title='bbox 2559 3597 2677 3632; x_wconf 91' lang='lat' dir='ltr'><strong><em>cum</em></strong></span> <span class='ocrx_word' id='word_1_560' title='bbox 2716 3582 2834 3632; x_wconf 74' lang='lat' dir='ltr'><strong><em>vilic</em></strong></span> <span class='ocrx_word' id='word_1_561' title='bbox 2862 3580 2975 3647; x_wconf 89' lang='lat' dir='ltr'><strong><em>ejus</em></strong></span> <span class='ocrx_word' id='word_1_562' title='bbox 3002 3579 3227 3645; x_wconf 89' lang='lat' dir='ltr'><strong><em>scriptor</em></strong></span> <span class='ocrx_word' id='word_1_563' title='bbox 3260 3579 3357 3640; x_wconf 89' lang='lat' dir='ltr'><strong><em>ait,</em></strong></span> <span class='ocrx_word' id='word_1_564' title='bbox 3395 3593 3513 3628; x_wconf 84' lang='lat' dir='ltr'><strong><em>ma-</em></strong></span> 
     </span>
    </p>
   </div>
   <div class='ocr_carea' id='block_1_78' title="bbox 1940 3670 3519 3739">
    <p class='ocr_par' dir='ltr' id='par_1_78' title="bbox 1940 3670 3519 3739">
     <span class='ocr_line' id='line_1_78' title="bbox 1940 3670 3519 3739; baseline -0.004 -11"><span class='ocrx_word' id='word_1_565' title='bbox 1940 3675 2099 3728; x_wconf 88' lang='lat' dir='ltr'><strong><em>luisse</em></strong></span> <span class='ocrx_word' id='word_1_566' title='bbox 2143 3689 2262 3727; x_wconf 85' lang='lat' dir='ltr'><strong><em>eum</em></strong></span> <span class='ocrx_word' id='word_1_567' title='bbox 2320 3674 2633 3725; x_wconf 88' lang='lat' dir='ltr'><strong><em>monachum</em></strong></span> <span class='ocrx_word' id='word_1_568' title='bbox 2685 3687 2816 3738; x_wconf 88' lang='lat' dir='ltr'><strong><em>esse,</em></strong></span> <span class='ocrx_word' id='word_1_569' title='bbox 2854 3686 3013 3739; x_wconf 85' lang='lat' dir='ltr'><strong><em>quant</em></strong></span> <span class='ocrx_word' id='word_1_570' title='bbox 3074 3670 3351 3722; x_wconf 72' lang='lat' dir='ltr'><strong><em>sa’culart&#39;s</em></strong></span> <span class='ocrx_word' id='word_1_571' title='bbox 3397 3672 3519 3722; x_wconf 70' lang='lat' dir='ltr'><strong><em>vitae</em></strong></span> 
     </span>
    </p>
   </div>
   <div class='ocr_carea' id='block_1_79' title="bbox 1939 3760 3511 3833">
    <p class='ocr_par' dir='ltr' id='par_1_79' title="bbox 1939 3760 3511 3833">
     <span class='ocr_line' id='line_1_79' title="bbox 1939 3760 3511 3833; baseline -0.006 -16"><span class='ocrx_word' id='word_1_572' title='bbox 1939 3780 2231 3833; x_wconf 84' lang='lat' dir='ltr'><strong><em>sequacem,</em></strong></span> <span class='ocrx_word' id='word_1_573' title='bbox 2267 3777 2545 3830; x_wconf 88' lang='lat' dir='ltr'><strong><em>pauperem</em></strong></span> <span class='ocrx_word' id='word_1_574' title='bbox 2572 3778 2729 3824; x_wconf 83' lang='lat' dir='ltr'><strong><em>quant</em></strong></span> <span class='ocrx_word' id='word_1_575' title='bbox 2764 3760 3092 3828; x_wconf 74' lang='lat' dir='ltr'><strong><em>opulentum,</em></strong></span> <span class='ocrx_word' id='word_1_576' title='bbox 3150 3773 3253 3810; x_wconf 90' lang='lat' dir='ltr'><strong><em>non</em></strong></span> <span class='ocrx_word' id='word_1_577' title='bbox 3296 3760 3359 3808; x_wconf 86' lang='lat' dir='ltr'><strong><em>de</em></strong></span> <span class='ocrx_word' id='word_1_578' title='bbox 3395 3774 3511 3809; x_wconf 79' lang='lat' dir='ltr'><strong><em>nio-</em></strong></span> 
     </span>
    </p>
   </div>
   <div class='ocr_carea' id='block_1_80' title="bbox 1942 3849 3515 3922">
    <p class='ocr_par' dir='ltr' id='par_1_80' title="bbox 1942 3849 3515 3922">
     <span class='ocr_line' id='line_1_80' title="bbox 1942 3849 3515 3922; baseline -0.005 -15"><span class='ocrx_word' id='word_1_579' title='bbox 1942 3856 2143 3907; x_wconf 86' lang='lat' dir='ltr'><strong><em>nastica</em></strong></span> <span class='ocrx_word' id='word_1_580' title='bbox 2185 3853 2393 3922; x_wconf 86' lang='lat' dir='ltr'><strong><em>proprie</em></strong></span> <span class='ocrx_word' id='word_1_581' title='bbox 2433 3851 2758 3920; x_wconf 86' lang='lat' dir='ltr'><strong><em>professione</em></strong></span> <span class='ocrx_word' id='word_1_582' title='bbox 2797 3852 3084 3917; x_wconf 85' lang='lat' dir='ltr'><strong><em>capiendus</em></strong></span> <span class='ocrx_word' id='word_1_583' title='bbox 3108 3849 3264 3901; x_wconf 83' lang='lat' dir='ltr'><strong><em>nobis</em></strong></span> <span class='ocrx_word' id='word_1_584' title='bbox 3297 3860 3394 3909; x_wconf 88' lang='lat' dir='ltr'><strong><em>est,</em></strong></span> <span class='ocrx_word' id='word_1_585' title='bbox 3427 3849 3515 3899; x_wconf 82' lang='lat' dir='ltr'><strong><em>sed</em></strong></span> 
     </span>
    </p>
   </div>
   <div class='ocr_carea' id='block_1_81' title="bbox 1939 3938 3517 4008">
    <p class='ocr_par' dir='ltr' id='par_1_81' title="bbox 1939 3938 3517 4008">
     <span class='ocr_line' id='line_1_81' title="bbox 1939 3938 3517 4008; baseline -0.005 -11"><span class='ocrx_word' id='word_1_586' title='bbox 1939 3944 2003 3997; x_wconf 87' lang='lat' dir='ltr'><strong><em>de</em></strong></span> <span class='ocrx_word' id='word_1_587' title='bbox 2036 3947 2141 3997; x_wconf 90' lang='lat' dir='ltr'><strong><em>vita</em></strong></span> <span class='ocrx_word' id='word_1_588' title='bbox 2172 3943 2518 3998; x_wconf 75' lang='lat' dir='ltr'><strong><em>swcularibus</em></strong></span> <span class='ocrx_word' id='word_1_589' title='bbox 2572 3943 2713 3993; x_wconf 89' lang='lat' dir='ltr'><strong><em>curis</em></strong></span> <span class='ocrx_word' id='word_1_590' title='bbox 2750 3943 3017 4008; x_wconf 72' lang='lat' dir='ltr'><strong><em>expedita,</em></strong></span> <span class='ocrx_word' id='word_1_591' title='bbox 3055 3949 3102 3992; x_wconf 91' lang='lat' dir='ltr'><strong><em>et</em></strong></span> <span class='ocrx_word' id='word_1_592' title='bbox 3148 3940 3209 3991; x_wconf 89' lang='lat' dir='ltr'><strong><em>de</em></strong></span> <span class='ocrx_word' id='word_1_593' title='bbox 3261 3938 3517 4005; x_wconf 79' lang='lat' dir='ltr'><strong><em>frequenti</em></strong></span> 
     </span>
    </p>
   </div>
   <div class='ocr_carea' id='block_1_82' title="bbox 1941 4031 3519 4101">
    <p class='ocr_par' dir='ltr' id='par_1_82' title="bbox 1941 4031 3519 4101">
     <span class='ocr_line' id='line_1_82' title="bbox 1941 4031 3519 4101; baseline -0.006 -14"><span class='ocrx_word' id='word_1_594' title='bbox 1941 4037 2005 4088; x_wconf 90' lang='lat' dir='ltr'><strong><em>ab</em></strong></span> <span class='ocrx_word' id='word_1_595' title='bbox 2035 4035 2253 4088; x_wconf 87' lang='lat' dir='ltr'><strong><em>urbibus</em></strong></span> <span class='ocrx_word' id='word_1_596' title='bbox 2280 4050 2508 4088; x_wconf 90' lang='lat' dir='ltr'><strong><em>secessu.</em></strong></span> <span class='ocrx_word' id='word_1_597' title='bbox 2544 4032 2722 4101; x_wconf 86' lang='lat' dir='ltr'><strong><em>Longe</em></strong></span> <span class='ocrx_word' id='word_1_598' title='bbox 2758 4035 2981 4086; x_wconf 79' lang='lat' dir='ltr'><strong><em>aberrat</em></strong></span> <span class='ocrx_word' id='word_1_599' title='bbox 3008 4031 3352 4085; x_wconf 87' lang='lat' dir='ltr'><strong><em>doctissimus</em></strong></span> <span class='ocrx_word' id='word_1_600' title='bbox 3380 4032 3519 4082; x_wconf 86' lang='lat' dir='ltr'><strong><em>scri-</em></strong></span> 
     </span>
    </p>
   </div>
   <div class='ocr_carea' id='block_1_83' title="bbox 1942 4122 3515 4197">
    <p class='ocr_par' dir='ltr' id='par_1_83' title="bbox 1942 4122 3515 4197">
     <span class='ocr_line' id='line_1_83' title="bbox 1942 4122 3515 4197; baseline -0.005 -18"><span class='ocrx_word' id='word_1_601' title='bbox 1942 4138 2064 4197; x_wconf 82' lang='lat' dir='ltr'><strong><em>ptor</em></strong></span> <span class='ocrx_word' id='word_1_602' title='bbox 2095 4128 2163 4182; x_wconf 88' lang='lat' dir='ltr'><strong><em>ab</em></strong></span> <span class='ocrx_word' id='word_1_603' title='bbox 2202 4127 2359 4194; x_wconf 91' lang='lat' dir='ltr'><strong><em>hujus</em></strong></span> <span class='ocrx_word' id='word_1_604' title='bbox 2394 4126 2688 4181; x_wconf 88' lang='lat' dir='ltr'><strong><em>testimonii</em></strong></span> <span class='ocrx_word' id='word_1_605' title='bbox 2729 4123 3021 4186; x_wconf 85' lang='lat' dir='ltr'><strong><em>sententia,</em></strong></span> <span class='ocrx_word' id='word_1_606' title='bbox 3044 4125 3184 4191; x_wconf 90' lang='lat' dir='ltr'><strong><em>quod</em></strong></span> <span class='ocrx_word' id='word_1_607' title='bbox 3215 4138 3336 4175; x_wconf 91' lang='lat' dir='ltr'><strong><em>cum</em></strong></span> <span class='ocrx_word' id='word_1_608' title='bbox 3370 4122 3515 4173; x_wconf 78' lang='lat' dir='ltr'><strong><em>Basi-</em></strong></span> 
     </span>
    </p>
   </div>
   <div class='ocr_carea' id='block_1_84' title="bbox 1945 4210 3514 4284">
    <p class='ocr_par' dir='ltr' id='par_1_84' title="bbox 1945 4210 3514 4284">
     <span class='ocr_line' id='line_1_84' title="bbox 1945 4210 3514 4284; baseline -0.005 -15"><span class='ocrx_word' id='word_1_609' title='bbox 1945 4218 1996 4269; x_wconf 88' lang='lat' dir='ltr'><strong><em>lii</em></strong></span> <span class='ocrx_word' id='word_1_610' title='bbox 2033 4219 2192 4271; x_wconf 84' lang='lat' dir='ltr'><strong><em>rebus</em></strong></span> <span class='ocrx_word' id='word_1_611' title='bbox 2237 4218 2407 4271; x_wconf 88' lang='lat' dir='ltr'><strong><em>lucem</em></strong></span> <span class='ocrx_word' id='word_1_612' title='bbox 2438 4215 2635 4269; x_wconf 79' lang='lat' dir='ltr'><strong><em>all‘erre</em></strong></span> <span class='ocrx_word' id='word_1_613' title='bbox 2682 4215 2873 4284; x_wconf 88' lang='lat' dir='ltr'><strong><em>possit,</em></strong></span> <span class='ocrx_word' id='word_1_614' title='bbox 2898 4213 3059 4281; x_wconf 89' lang='lat' dir='ltr'><strong><em>paulo</em></strong></span> <span class='ocrx_word' id='word_1_615' title='bbox 3092 4212 3398 4266; x_wconf 88' lang='lat' dir='ltr'><strong><em>accuratius</em></strong></span> <span class='ocrx_word' id='word_1_616' title='bbox 3434 4210 3514 4261; x_wconf 83' lang='lat' dir='ltr'><strong><em>iu-</em></strong></span> 
     </span>
    </p>
   </div>
   <div class='ocr_carea' id='block_1_85' title="bbox 1944 4309 2631 4375">
    <p class='ocr_par' dir='ltr' id='par_1_85' title="bbox 1944 4309 2631 4375">
     <span class='ocr_line' id='line_1_85' title="bbox 1944 4309 2631 4375; baseline 0.001 -14"><span class='ocrx_word' id='word_1_617' title='bbox 1944 4310 2308 4375; x_wconf 76' lang='lat' dir='ltr'><strong><em>vcstigandum</em></strong></span> <span class='ocrx_word' id='word_1_618' title='bbox 2342 4309 2493 4361; x_wconf 87' lang='lat' dir='ltr'><strong><em>nobis</em></strong></span> <span class='ocrx_word' id='word_1_619' title='bbox 2528 4316 2631 4362; x_wconf 87' lang='lat' dir='ltr'><strong><em>est.</em></strong></span> 
     </span>
    </p>
   </div>
   <div class='ocr_carea' id='block_1_86' title="bbox 2017 4392 3514 4469">
    <p class='ocr_par' dir='ltr' id='par_1_86' title="bbox 2017 4392 3514 4469">
     <span class='ocr_line' id='line_1_86' title="bbox 2017 4392 3514 4469; baseline -0.007 -15"><span class='ocrx_word' id='word_1_620' title='bbox 2017 4401 2267 4469; x_wconf 62' lang='lat' dir='ltr'><strong><em>Gregorii</em></strong></span> <span class='ocrx_word' id='word_1_621' title='bbox 2314 4402 2498 4464; x_wconf 87' lang='lat' dir='ltr'><strong><em>verba,</em></strong></span> <span class='ocrx_word' id='word_1_622' title='bbox 2532 4414 2653 4467; x_wconf 67' lang='lat' dir='ltr'><strong><em>qua!</em></strong></span> <span class='ocrx_word' id='word_1_623' title='bbox 2686 4414 2866 4452; x_wconf 87' lang='lat' dir='ltr'><strong><em>lucum</em></strong></span> <span class='ocrx_word' id='word_1_624' title='bbox 2921 4396 3165 4451; x_wconf 87' lang='lat' dir='ltr'><strong><em>fecerunt</em></strong></span> <span class='ocrx_word' id='word_1_625' title='bbox 3192 4392 3514 4449; x_wconf 87' lang='lat' dir='ltr'><strong><em>Thomassi-</em></strong></span> 
     </span>
    </p>
   </div>
   <div class='ocr_carea' id='block_1_87' title="bbox 265 4479 1834 4573">
    <p class='ocr_par' dir='ltr' id='par_1_87' title="bbox 265 4479 1834 4553">
     <span class='ocr_line' id='line_1_87' title="bbox 265 4479 1834 4553; baseline -0.004 -14"><span class='ocrx_word' id='word_1_626' title='bbox 265 4488 593 4549; x_wconf 76' lang='lat' dir='ltr'><strong><em>contritione,</em></strong></span> <span class='ocrx_word' id='word_1_627' title='bbox 612 4485 1019 4553; x_wconf 86' lang='lat' dir='ltr'><strong><em>monasteriique</em></strong></span> <span class='ocrx_word' id='word_1_628' title='bbox 1054 4483 1371 4553; x_wconf 87' lang='lat' dir='ltr'><strong><em>subjectioue</em></strong></span> <span class='ocrx_word' id='word_1_629' title='bbox 1397 4483 1699 4551; x_wconf 86' lang='lat' dir='ltr'><strong><em>conquirere</em></strong></span> <span class='ocrx_word' id='word_1_630' title='bbox 1720 4498 1737 4533; x_wconf 91' lang='lat'><strong><em>:</em></strong></span> <span class='ocrx_word' id='word_1_631' title='bbox 1773 4479 1834 4532; x_wconf 77' lang='lat' dir='ltr'><strong><em>Et</em></strong></span> 
     </span>
    </p>
   </div>
   <div class='ocr_carea' id='block_1_88' title="bbox 1941 4479 3519 4573">
    <p class='ocr_par' dir='ltr' id='par_1_88' title="bbox 1948 4486 3519 4561">
     <span class='ocr_line' id='line_1_88' title="bbox 1948 4486 3519 4561; baseline -0.006 -13"><span class='ocrx_word' id='word_1_632' title='bbox 1948 4512 2034 4558; x_wconf 87' lang='lat' dir='ltr'><strong><em>uo,</em></strong></span> <span class='ocrx_word' id='word_1_633' title='bbox 2065 4511 2129 4548; x_wconf 72' lang='lat' dir='ltr'><strong><em>ex</em></strong></span> <span class='ocrx_word' id='word_1_634' title='bbox 2162 4494 2403 4548; x_wconf 87' lang='lat' dir='ltr'><strong><em>carmine</em></strong></span> <span class='ocrx_word' id='word_1_635' title='bbox 2449 4494 2623 4561; x_wconf 85' lang='lat' dir='ltr'><strong><em>primo</em></strong></span> <span class='ocrx_word' id='word_1_636' title='bbox 2670 4493 2949 4558; x_wconf 85' lang='lat' dir='ltr'><strong><em>desumpta</em></strong></span> <span class='ocrx_word' id='word_1_637' title='bbox 3010 4498 3155 4549; x_wconf 88' lang='lat' dir='ltr'><strong><em>sunt,</em></strong></span> <span class='ocrx_word' id='word_1_638' title='bbox 3191 4486 3278 4539; x_wconf 88' lang='lat' dir='ltr'><strong><em>ubi</em></strong></span> <span class='ocrx_word' id='word_1_639' title='bbox 3330 4494 3519 4539; x_wconf 79' lang='lat' dir='ltr'><strong><em>narrat</em></strong></span> 
     </span>
    </p>
   </div>
   <div class='ocr_carea' id='block_1_89' title="bbox 265 4570 1837 4645">
    <p class='ocr_par' dir='ltr' id='par_1_89' title="bbox 265 4570 1837 4645">
     <span class='ocr_line' id='line_1_89' title="bbox 265 4570 1837 4645; baseline -0.004 -16"><span class='ocrx_word' id='word_1_640' title='bbox 265 4588 577 4636; x_wconf 87' lang='lat' dir='ltr'><strong><em>senatorem.</em></strong></span> <span class='ocrx_word' id='word_1_641' title='bbox 603 4578 791 4645; x_wconf 85' lang='lat' dir='ltr'><strong><em>inquit,</em></strong></span> <span class='ocrx_word' id='word_1_642' title='bbox 821 4576 1071 4644; x_wconf 83' lang='lat' dir='ltr'><strong><em>Syncleti,</em></strong></span> <span class='ocrx_word' id='word_1_643' title='bbox 1104 4572 1396 4642; x_wconf 85' lang='lat' dir='ltr'><strong><em>perdidisti,</em></strong></span> <span class='ocrx_word' id='word_1_644' title='bbox 1442 4581 1492 4625; x_wconf 88' lang='lat' dir='ltr'><strong><em>et</em></strong></span> <span class='ocrx_word' id='word_1_645' title='bbox 1529 4570 1837 4625; x_wconf 84' lang='lat' dir='ltr'><strong><em>monachum</em></strong></span> 
     </span>
    </p>
   </div>
   <div class='ocr_carea' id='block_1_90' title="bbox 267 4671 587 4738">
    <p class='ocr_par' dir='ltr' id='par_1_90' title="bbox 267 4671 587 4738">
     <span class='ocr_line' id='line_1_90' title="bbox 267 4671 587 4738; baseline -0.006 -16"><span class='ocrx_word' id='word_1_646' title='bbox 267 4686 364 4723; x_wconf 87' lang='lat' dir='ltr'><strong><em>non</em></strong></span> <span class='ocrx_word' id='word_1_647' title='bbox 394 4671 587 4738; x_wconf 83' lang='lat' dir='ltr'><strong><em>fecisti.</em></strong></span> 
     </span>
    </p>
   </div>
   <div class='ocr_carea' id='block_1_91' title="bbox 333 4756 1839 4816">
    <p class='ocr_par' dir='ltr' id='par_1_91' title="bbox 333 4756 1839 4816">
     <span class='ocr_line' id='line_1_91' title="bbox 333 4756 1839 4816; baseline -0.005 0"><span class='ocrx_word' id='word_1_648' title='bbox 333 4762 419 4816; x_wconf 91' lang='lat' dir='ltr'><strong><em>lll.</em></strong></span> <span class='ocrx_word' id='word_1_649' title='bbox 454 4761 588 4814; x_wconf 86' lang='lat' dir='ltr'><strong><em>Illud</em></strong></span> <span class='ocrx_word' id='word_1_650' title='bbox 622 4771 803 4814; x_wconf 90' lang='lat' dir='ltr'><strong><em>autem</em></strong></span> <span class='ocrx_word' id='word_1_651' title='bbox 833 4759 1249 4813; x_wconf 86' lang='lat' dir='ltr'><strong><em>Thomassinum</em></strong></span> <span class='ocrx_word' id='word_1_652' title='bbox 1281 4756 1332 4811; x_wconf 94' lang='lat' dir='ltr'><strong><em>in</em></strong></span> <span class='ocrx_word' id='word_1_653' title='bbox 1357 4771 1597 4813; x_wconf 87' lang='lat' dir='ltr'><strong><em>errorem</em></strong></span> <span class='ocrx_word' id='word_1_654' title='bbox 1626 4757 1839 4811; x_wconf 90' lang='lat' dir='ltr'><strong><em>videtur</em></strong></span> 
     </span>
    </p>
   </div>
   <div class='ocr_carea' id='block_1_92' title="bbox 268 4847 1832 4922">
    <p class='ocr_par' dir='ltr' id='par_1_92' title="bbox 268 4847 1832 4922">
     <span class='ocr_line' id='line_1_92' title="bbox 268 4847 1832 4922; baseline -0.004 -19"><span class='ocrx_word' id='word_1_655' title='bbox 268 4853 605 4922; x_wconf 86' lang='lat' dir='ltr'><strong><em>potissimum</em></strong></span> <span class='ocrx_word' id='word_1_656' title='bbox 652 4852 955 4913; x_wconf 81' lang='lat' dir='ltr'><strong><em>induxisse,</em></strong></span> <span class='ocrx_word' id='word_1_657' title='bbox 981 4850 1123 4919; x_wconf 87' lang='lat' dir='ltr'><strong><em>quod</em></strong></span> <span class='ocrx_word' id='word_1_658' title='bbox 1166 4848 1446 4912; x_wconf 81' lang='lat' dir='ltr'><strong><em>Basiliam,</em></strong></span> <span class='ocrx_word' id='word_1_659' title='bbox 1488 4847 1832 4916; x_wconf 81' lang='lat' dir='ltr'><strong><em>Gregorium,</em></strong></span> 
     </span>
    </p>
   </div>
   <div class='ocr_carea' id='block_1_93' title="bbox 269 4937 1833 5012">
    <p class='ocr_par' dir='ltr' id='par_1_93' title="bbox 269 4937 1833 5012">
     <span class='ocr_line' id='line_1_93' title="bbox 269 4937 1833 5012; baseline -0.006 -14"><span class='ocrx_word' id='word_1_660' title='bbox 269 4940 527 4998; x_wconf 68' lang='lat' dir='ltr'><strong><em>Joannem</em></strong></span> <span class='ocrx_word' id='word_1_661' title='bbox 573 4943 1020 5012; x_wconf 79' lang='lat' dir='ltr'><strong><em>Chrysostomum</em></strong></span> <span class='ocrx_word' id='word_1_662' title='bbox 1072 4950 1130 4994; x_wconf 90' lang='lat' dir='ltr'><strong><em>et</em></strong></span> <span class='ocrx_word' id='word_1_663' title='bbox 1181 4939 1317 4993; x_wconf 89' lang='lat' dir='ltr'><strong><em>alios</em></strong></span> <span class='ocrx_word' id='word_1_664' title='bbox 1372 4937 1637 5005; x_wconf 88' lang='lat' dir='ltr'><strong><em>ejusmodi</em></strong></span> <span class='ocrx_word' id='word_1_665' title='bbox 1690 4938 1833 4989; x_wconf 89' lang='lat' dir='ltr'><strong><em>nulla</em></strong></span> 
     </span>
    </p>
   </div>
   <div class='ocr_carea' id='block_1_94' title="bbox 267 5025 1835 5101">
    <p class='ocr_par' dir='ltr' id='par_1_94' title="bbox 267 5025 1835 5101">
     <span class='ocr_line' id='line_1_94' title="bbox 267 5025 1835 5101; baseline -0.005 -17"><span class='ocrx_word' id='word_1_666' title='bbox 267 5030 598 5101; x_wconf 84' lang='lat' dir='ltr'><strong><em>professione</em></strong></span> <span class='ocrx_word' id='word_1_667' title='bbox 628 5030 948 5083; x_wconf 87' lang='lat' dir='ltr'><strong><em>nominatim</em></strong></span> <span class='ocrx_word' id='word_1_668' title='bbox 978 5028 1271 5081; x_wconf 87' lang='lat' dir='ltr'><strong><em>obstrictos</em></strong></span> <span class='ocrx_word' id='word_1_669' title='bbox 1307 5025 1480 5079; x_wconf 88' lang='lat' dir='ltr'><strong><em>fuisse</em></strong></span> <span class='ocrx_word' id='word_1_670' title='bbox 1524 5026 1835 5086; x_wconf 83' lang='lat' dir='ltr'><strong><em>crediderit,</em></strong></span> 
     </span>
    </p>
   </div>
   <div class='ocr_carea' id='block_1_95' title="bbox 272 5116 1838 5189">
    <p class='ocr_par' dir='ltr' id='par_1_95' title="bbox 272 5116 1838 5189">
     <span class='ocr_line' id='line_1_95' title="bbox 272 5116 1838 5189; baseline -0.009 -9"><span class='ocrx_word' id='word_1_671' title='bbox 272 5125 361 5180; x_wconf 87' lang='lat' dir='ltr'><strong><em>sed</em></strong></span> <span class='ocrx_word' id='word_1_672' title='bbox 391 5122 693 5175; x_wconf 84' lang='lat' dir='ltr'><strong><em>voluntaria</em></strong></span> <span class='ocrx_word' id='word_1_673' title='bbox 725 5122 925 5189; x_wconf 88' lang='lat' dir='ltr'><strong><em>pietate</em></strong></span> <span class='ocrx_word' id='word_1_674' title='bbox 967 5119 1279 5187; x_wconf 84' lang='lat' dir='ltr'><strong><em>perfecisse,</em></strong></span> <span class='ocrx_word' id='word_1_675' title='bbox 1314 5131 1434 5186; x_wconf 70' lang='lat' dir='ltr'><strong><em>qua:</em></strong></span> <span class='ocrx_word' id='word_1_676' title='bbox 1466 5116 1713 5169; x_wconf 87' lang='lat' dir='ltr'><strong><em>monachi</em></strong></span> <span class='ocrx_word' id='word_1_677' title='bbox 1746 5118 1838 5167; x_wconf 85' lang='lat' dir='ltr'><strong><em>im-</em></strong></span> 
     </span>
    </p>
   </div>
   <div class='ocr_carea' id='block_1_96' title="bbox 274 5207 1839 5283">
    <p class='ocr_par' dir='ltr' id='par_1_96' title="bbox 274 5207 1839 5283">
     <span class='ocr_line' id='line_1_96' title="bbox 274 5207 1839 5283; baseline -0.005 -16"><span class='ocrx_word' id='word_1_678' title='bbox 274 5215 440 5283; x_wconf 89' lang='lat' dir='ltr'><strong><em>posita</em></strong></span> <span class='ocrx_word' id='word_1_679' title='bbox 467 5224 717 5269; x_wconf 81' lang='lat' dir='ltr'><strong><em>votorum</em></strong></span> <span class='ocrx_word' id='word_1_680' title='bbox 762 5212 1082 5266; x_wconf 89' lang='lat' dir='ltr'><strong><em>necessitate</em></strong></span> <span class='ocrx_word' id='word_1_681' title='bbox 1112 5210 1403 5264; x_wconf 80' lang='lat' dir='ltr'><strong><em>faciebant.</em></strong></span> <span class='ocrx_word' id='word_1_682' title='bbox 1442 5207 1556 5262; x_wconf 75' lang='lat' dir='ltr'><strong><em>Non</em></strong></span> <span class='ocrx_word' id='word_1_683' title='bbox 1582 5207 1839 5262; x_wconf 86' lang='lat' dir='ltr'><strong><em>illusisset</em></strong></span> 
     </span>
    </p>
   </div>
   <div class='ocr_carea' id='block_1_97' title="bbox 278 5299 1836 5371">
    <p class='ocr_par' dir='ltr' id='par_1_97' title="bbox 278 5299 1836 5371">
     <span class='ocr_line' id='line_1_97' title="bbox 278 5299 1836 5371; baseline -0.005 -13"><span class='ocrx_word' id='word_1_684' title='bbox 278 5321 421 5359; x_wconf 80' lang='lat' dir='ltr'><strong><em>error</em></strong></span> <span class='ocrx_word' id='word_1_685' title='bbox 443 5304 761 5360; x_wconf 89' lang='lat' dir='ltr'><strong><em>doctissimo</em></strong></span> <span class='ocrx_word' id='word_1_686' title='bbox 803 5302 1081 5371; x_wconf 90' lang='lat' dir='ltr'><strong><em>scriptori,</em></strong></span> <span class='ocrx_word' id='word_1_687' title='bbox 1116 5302 1159 5355; x_wconf 91' lang='lat' dir='ltr'><strong><em>si</em></strong></span> <span class='ocrx_word' id='word_1_688' title='bbox 1190 5302 1418 5370; x_wconf 82' lang='lat' dir='ltr'><strong><em>legisset</em></strong></span> <span class='ocrx_word' id='word_1_689' title='bbox 1449 5299 1705 5353; x_wconf 90' lang='lat' dir='ltr'><strong><em>attentius</em></strong></span> <span class='ocrx_word' id='word_1_690' title='bbox 1744 5300 1836 5351; x_wconf 86' lang='lat' dir='ltr'><strong><em>de-</em></strong></span> 
     </span>
    </p>
   </div>
   <div class='ocr_carea' id='block_1_98' title="bbox 279 5390 1823 5464">
    <p class='ocr_par' dir='ltr' id='par_1_98' title="bbox 279 5390 1823 5464">
     <span class='ocr_line' id='line_1_98' title="bbox 279 5390 1823 5464; baseline -0.007 -11"><span class='ocrx_word' id='word_1_691' title='bbox 279 5399 463 5453; x_wconf 77' lang='lat' dir='ltr'><strong><em>cimum</em></strong></span> <span class='ocrx_word' id='word_1_692' title='bbox 497 5412 697 5453; x_wconf 88' lang='lat' dir='ltr'><strong><em>nouum</em></strong></span> <span class='ocrx_word' id='word_1_693' title='bbox 722 5397 903 5452; x_wconf 87' lang='lat' dir='ltr'><strong><em>Basilii</em></strong></span> <span class='ocrx_word' id='word_1_694' title='bbox 938 5410 1198 5452; x_wconf 87' lang='lat' dir='ltr'><strong><em>canouem</em></strong></span> <span class='ocrx_word' id='word_1_695' title='bbox 1226 5392 1326 5464; x_wconf 78' lang='grc' dir='ltr'><strong><em>(ά).</em></strong></span> <span class='ocrx_word' id='word_1_696' title='bbox 1370 5390 1618 5446; x_wconf 87' lang='lat' dir='ltr'><strong><em>Virorum</em></strong></span> <span class='ocrx_word' id='word_1_697' title='bbox 1649 5399 1823 5444; x_wconf 89' lang='lat' dir='ltr'><strong><em>autem</em></strong></span> 
     </span>
    </p>
   </div>
   <div class='ocr_carea' id='block_1_99' title="bbox 339 5628 994 5701">
    <p class='ocr_par' dir='ltr' id='par_1_99' title="bbox 339 5628 994 5701">
     <span class='ocr_line' id='line_1_99' title="bbox 339 5628 994 5701; baseline -0.002 -19"><span class='ocrx_word' id='word_1_698' title='bbox 339 5633 415 5701; x_wconf 88' lang='lat' dir='ltr'><strong><em>(a)</em></strong></span> <span class='ocrx_word' id='word_1_699' title='bbox 444 5629 554 5701; x_wconf 15' lang='lat' dir='ltr'><strong><em>iVit.</em></strong></span> <span class='ocrx_word' id='word_1_700' title='bbox 588 5628 760 5683; x_wconf 76' lang='lat' dir='ltr'><strong><em>Macr.</em></strong></span> <span class='ocrx_word' id='word_1_701' title='bbox 787 5644 839 5697; x_wconf 93' lang='lat' dir='ltr'><strong><em>p.</em></strong></span> <span class='ocrx_word' id='word_1_702' title='bbox 876 5628 994 5682; x_wconf 78' lang='lat' dir='ltr'><strong><em>l9‘2.</em></strong></span> 
     </span>
    </p>
   </div>
   <div class='ocr_carea' id='block_1_100' title="bbox 338 5700 821 5771">
    <p class='ocr_par' dir='ltr' id='par_1_100' title="bbox 338 5700 821 5771">
     <span class='ocr_line' id='line_1_100' title="bbox 338 5700 821 5771; baseline -0.002 -19"><span class='ocrx_word' id='word_1_703' title='bbox 338 5700 409 5771; x_wconf 77' lang='grc' dir='ltr'><strong><em>(ὁ)</em></strong></span> <span class='ocrx_word' id='word_1_704' title='bbox 439 5700 617 5771; x_wconf 46' lang='lat' dir='ltr'><strong><em>Epit]</em></strong></span> <span class='ocrx_word' id='word_1_705' title='bbox 648 5714 704 5753; x_wconf 89' lang='lat' dir='ltr'><strong><em>et</em></strong></span> <span class='ocrx_word' id='word_1_706' title='bbox 733 5701 821 5751; x_wconf 71' lang='lat'><strong><em>38.</em></strong></span> 
     </span>
    </p>
   </div>
   <div class='ocr_carea' id='block_1_101' title="bbox 342 5764 1133 5842">
    <p class='ocr_par' dir='ltr' id='par_1_101' title="bbox 342 5764 1133 5842">
     <span class='ocr_line' id='line_1_101' title="bbox 342 5764 1133 5842; baseline 0.005 -21"><span class='ocrx_word' id='word_1_707' title='bbox 342 5764 408 5842; x_wconf 77' lang='grc' dir='ltr'><strong><em>(ε)</em></strong></span> <span class='ocrx_word' id='word_1_708' title='bbox 438 5764 676 5825; x_wconf 79' lang='lat' dir='ltr'><strong><em>Institut.</em></strong></span> <span class='ocrx_word' id='word_1_709' title='bbox 721 5771 814 5827; x_wconf 85' lang='lat' dir='ltr'><strong><em>lib.</em></strong></span> <span class='ocrx_word' id='word_1_710' title='bbox 854 5784 948 5836; x_wconf 75' lang='lat' dir='ltr'><strong><em>VII,</em></strong></span> <span class='ocrx_word' id='word_1_711' title='bbox 983 5784 1036 5825; x_wconf 88' lang='lat' dir='ltr'><strong><em>c.</em></strong></span> <span class='ocrx_word' id='word_1_712' title='bbox 1070 5764 1133 5825; x_wconf 78' lang='grc'><strong>19</strong></span> 
     </span>
    </p>
   </div>
   <div class='ocr_carea' id='block_1_102' title="bbox 1948 4577 3525 4655">
    <p class='ocr_par' dir='ltr' id='par_1_102' title="bbox 1948 4577 3525 4655">
     <span class='ocr_line' id='line_1_102' title="bbox 1948 4577 3525 4655; baseline -0.008 -14"><span class='ocrx_word' id='word_1_713' title='bbox 1948 4586 2250 4655; x_wconf 84' lang='lat' dir='ltr'><strong><em>Theologus</em></strong></span> <span class='ocrx_word' id='word_1_714' title='bbox 2314 4586 2438 4645; x_wconf 86' lang='lat' dir='ltr'><strong><em>sibi,</em></strong></span> <span class='ocrx_word' id='word_1_715' title='bbox 2486 4592 2606 4651; x_wconf 89' lang='lat' dir='ltr'><strong><em>post</em></strong></span> <span class='ocrx_word' id='word_1_716' title='bbox 2654 4593 2871 4651; x_wconf 89' lang='lat' dir='ltr'><strong><em>captum</em></strong></span> <span class='ocrx_word' id='word_1_717' title='bbox 2926 4596 2955 4633; x_wconf 93' lang='lat' dir='ltr'><strong><em>a</em></strong></span> <span class='ocrx_word' id='word_1_718' title='bbox 3010 4593 3175 4634; x_wconf 83' lang='lat' dir='ltr'><strong><em>carne</em></strong></span> <span class='ocrx_word' id='word_1_719' title='bbox 3232 4577 3525 4631; x_wconf 79' lang='lat' dir='ltr'><strong><em>recedendi</em></strong></span> 
     </span>
    </p>
   </div>
   <div class='ocr_carea' id='block_1_103' title="bbox 1948 4672 3525 4739">
    <p class='ocr_par' dir='ltr' id='par_1_103' title="bbox 1948 4672 3525 4739">
     <span class='ocr_line' id='line_1_103' title="bbox 1948 4672 3525 4739; baseline -0.006 -6"><span class='ocrx_word' id='word_1_720' title='bbox 1948 4680 2257 4739; x_wconf 87' lang='lat' dir='ltr'><strong><em>consilium,</em></strong></span> <span class='ocrx_word' id='word_1_721' title='bbox 2309 4677 2576 4731; x_wconf 74' lang='lat' dir='ltr'><strong><em>difﬁcilem</em></strong></span> <span class='ocrx_word' id='word_1_722' title='bbox 2625 4676 2881 4729; x_wconf 89' lang='lat' dir='ltr'><strong><em>incidisse</em></strong></span> <span class='ocrx_word' id='word_1_723' title='bbox 2940 4672 3411 4734; x_wconf 82' lang='lat' dir='ltr'><strong><em>deliberationem,</em></strong></span> <span class='ocrx_word' id='word_1_724' title='bbox 3451 4684 3525 4723; x_wconf 65' lang='lat' dir='ltr'><strong><em>ex</em></strong></span> 
     </span>
    </p>
   </div>
   <div class='ocr_carea' id='block_1_104' title="bbox 1949 4763 3521 4839">
    <p class='ocr_par' dir='ltr' id='par_1_104' title="bbox 1949 4763 3521 4839">
     <span class='ocr_line' id='line_1_104' title="bbox 1949 4763 3521 4839; baseline -0.011 -12"><span class='ocrx_word' id='word_1_725' title='bbox 1949 4772 2161 4827; x_wconf 87' lang='lat' dir='ltr'><strong><em>duabus</em></strong></span> <span class='ocrx_word' id='word_1_726' title='bbox 2188 4771 2289 4824; x_wconf 78' lang='lat' dir='ltr'><strong><em>viis</em></strong></span> <span class='ocrx_word' id='word_1_727' title='bbox 2336 4770 2444 4823; x_wconf 89' lang='lat' dir='ltr'><strong><em>Deo</em></strong></span> <span class='ocrx_word' id='word_1_728' title='bbox 2477 4770 2647 4839; x_wconf 79' lang='lat' dir='ltr'><strong><em>gratis</em></strong></span> <span class='ocrx_word' id='word_1_729' title='bbox 2696 4782 2941 4836; x_wconf 65' lang='lat' dir='ltr'><strong><em>quianam</em></strong></span> <span class='ocrx_word' id='word_1_730' title='bbox 2980 4776 3122 4817; x_wconf 84' lang='lat' dir='ltr'><strong><em>esset</em></strong></span> <span class='ocrx_word' id='word_1_731' title='bbox 3152 4763 3521 4833; x_wconf 64' lang='lat' dir='ltr'><strong><em>praestantior,</em></strong></span> 
     </span>
    </p>
   </div>
   <div class='ocr_carea' id='block_1_105' title="bbox 1945 4855 3513 4932">
    <p class='ocr_par' dir='ltr' id='par_1_105' title="bbox 1945 4855 3513 4932">
     <span class='ocr_line' id='line_1_105' title="bbox 1945 4855 3513 4932; baseline -0.008 -13"><span class='ocrx_word' id='word_1_732' title='bbox 1945 4879 2112 4932; x_wconf 88' lang='lat' dir='ltr'><strong><em>seque</em></strong></span> <span class='ocrx_word' id='word_1_733' title='bbox 2155 4863 2305 4917; x_wconf 90' lang='lat' dir='ltr'><strong><em>initis</em></strong></span> <span class='ocrx_word' id='word_1_734' title='bbox 2348 4862 2741 4929; x_wconf 78' lang='lat' dir='ltr'><strong><em>subductisque</em></strong></span> <span class='ocrx_word' id='word_1_735' title='bbox 2783 4858 3086 4912; x_wconf 86' lang='lat' dir='ltr'><strong><em>rationibus</em></strong></span> <span class='ocrx_word' id='word_1_736' title='bbox 3116 4856 3196 4910; x_wconf 91' lang='lat' dir='ltr'><strong><em>sic</em></strong></span> <span class='ocrx_word' id='word_1_737' title='bbox 3225 4855 3365 4924; x_wconf 89' lang='lat' dir='ltr'><strong><em>apud</em></strong></span> <span class='ocrx_word' id='word_1_738' title='bbox 3391 4855 3513 4907; x_wconf 85' lang='lat' dir='ltr'><strong><em>ani-</em></strong></span> 
     </span>
    </p>
   </div>
   <div class='ocr_carea' id='block_1_106' title="bbox 1945 4958 2411 5011">
    <p class='ocr_par' dir='ltr' id='par_1_106' title="bbox 1945 4958 2411 5011">
     <span class='ocr_line' id='line_1_106' title="bbox 1945 4958 2411 5011; baseline -0.006 0"><span class='ocrx_word' id='word_1_739' title='bbox 1945 4972 2090 5011; x_wconf 87' lang='lat' dir='ltr'><strong><em>mum</em></strong></span> <span class='ocrx_word' id='word_1_740' title='bbox 2119 4958 2372 5011; x_wconf 83' lang='lat' dir='ltr'><strong><em>statuisse</em></strong></span> <span class='ocrx_word' id='word_1_741' title='bbox 2399 4974 2411 5008; x_wconf 89' lang='lat'>:</span> 
     </span>
    </p>
   </div>
   <div class='ocr_carea' id='block_1_107' title="bbox 2045 5108 3208 5191">
    <p class='ocr_par' dir='ltr' id='par_1_107' title="bbox 2045 5108 3208 5191">
     <span class='ocr_line' id='line_1_107' title="bbox 2045 5108 3208 5191; baseline -0.006 -25"><span class='ocrx_word' id='word_1_742' title='bbox 2045 5114 2251 5191; x_wconf 45' lang='lat' dir='ltr'><strong><em>Meo-qm</em></strong></span> <span class='ocrx_word' id='word_1_743' title='bbox 2265 5114 2370 5191; x_wconf 68' lang='grc' dir='ltr'><strong><em>τινί</em></strong></span> <span class='ocrx_word' id='word_1_744' title='bbox 2388 5110 2549 5184; x_wconf 76' lang='grc' dir='ltr'>ἦλθον</span> <span class='ocrx_word' id='word_1_745' title='bbox 2576 5112 2799 5191; x_wconf 61' lang='grc' dir='ltr'><strong><em>ᾲζύγῳν</em></strong></span> <span class='ocrx_word' id='word_1_746' title='bbox 2825 5110 2926 5191; x_wconf 57' lang='grc' dir='ltr'><strong><em>ἔα).</em></strong></span> <span class='ocrx_word' id='word_1_747' title='bbox 2947 5108 3208 5191; x_wconf 30' lang='grc' dir='ltr'><strong><em>’μιγάδωγ</em></strong></span> 
     </span>
    </p>
   </div>
   <div class='ocr_carea' id='block_1_108' title="bbox 2048 5175 3483 5253">
    <p class='ocr_par' dir='ltr' id='par_1_108' title="bbox 2048 5175 3483 5253">
     <span class='ocr_line' id='line_1_108' title="bbox 2048 5175 3483 5253; baseline -0.008 -17"><span class='ocrx_word' id='word_1_748' title='bbox 2048 5185 2167 5237; x_wconf 81' lang='grc' dir='ltr'><strong><em>Τῶν</em></strong></span> <span class='ocrx_word' id='word_1_749' title='bbox 2190 5175 2295 5253; x_wconf 77' lang='grc' dir='ltr'><strong><em>’μὲν</em></strong></span> <span class='ocrx_word' id='word_1_750' title='bbox 2324 5184 2383 5235; x_wconf 78' lang='grc' dir='ltr'><strong><em>τὸ</em></strong></span> <span class='ocrx_word' id='word_1_751' title='bbox 2412 5175 2655 5237; x_wconf 58' lang='grc' dir='ltr'><strong><em>ξυννοῧν.</em></strong></span> <span class='ocrx_word' id='word_1_752' title='bbox 2686 5175 2794 5233; x_wconf 61' lang='grc' dir='ltr'><strong><em>⁸,ἰῶν</em></strong></span> <span class='ocrx_word' id='word_1_753' title='bbox 2821 5181 2877 5233; x_wconf 73' lang='grc' dir='ltr'><strong><em>δὲ</em></strong></span> <span class='ocrx_word' id='word_1_754' title='bbox 2912 5175 2976 5231; x_wconf 68' lang='grc' dir='ltr'>τὸ</span> <span class='ocrx_word' id='word_1_755' title='bbox 3002 5177 3235 5250; x_wconf 70' lang='grc' dir='ltr'>χρηστὸν</span> <span class='ocrx_word' id='word_1_756' title='bbox 3278 5175 3483 5248; x_wconf 76' lang='grc' dir='ltr'><strong><em>φέρων.</em></strong></span> 
     </span>
    </p>
   </div>
   <div class='ocr_carea' id='block_1_109' title="bbox 2049 5318 3149 5384">
    <p class='ocr_par' dir='ltr' id='par_1_109' title="bbox 2049 5318 3149 5384">
     <span class='ocr_line' id='line_1_109' title="bbox 2049 5318 3149 5384; baseline -0.007 -12"><span class='ocrx_word' id='word_1_757' title='bbox 2049 5318 2278 5372; x_wconf 77' lang='lat' dir='ltr'><strong><em>Gradior</em></strong></span> <span class='ocrx_word' id='word_1_758' title='bbox 2318 5328 2519 5371; x_wconf 54' lang='lat' dir='ltr'><strong><em>solutos</em></strong></span> <span class='ocrx_word' id='word_1_759' title='bbox 2552 5318 2689 5369; x_wconf 89' lang='lat' dir='ltr'><strong><em>inter</em></strong></span> <span class='ocrx_word' id='word_1_760' title='bbox 2714 5326 2868 5384; x_wconf 87' lang='lat' dir='ltr'><strong><em>atque</em></strong></span> <span class='ocrx_word' id='word_1_761' title='bbox 2892 5330 3149 5383; x_wconf 85' lang='lat' dir='ltr'><strong><em>mtgaaes,</em></strong></span> 
     </span>
    </p>
   </div>
   <div class='ocr_carea' id='block_1_110' title="bbox 2050 5386 3231 5455">
    <p class='ocr_par' dir='ltr' id='par_1_110' title="bbox 2050 5386 3231 5455">
     <span class='ocr_line' id='line_1_110' title="bbox 2050 5386 3231 5455; baseline -0.007 -14"><span class='ocrx_word' id='word_1_762' title='bbox 2050 5389 2294 5442; x_wconf 78' lang='lat' dir='ltr'><strong><em>Meditari</em></strong></span> <span class='ocrx_word' id='word_1_763' title='bbox 2323 5398 2375 5441; x_wconf 88' lang='lat' dir='ltr'><strong><em>ut</em></strong></span> <span class='ocrx_word' id='word_1_764' title='bbox 2402 5388 2478 5451; x_wconf 89' lang='lat' dir='ltr'><strong><em>hi,</em></strong></span> <span class='ocrx_word' id='word_1_765' title='bbox 2516 5389 2763 5455; x_wconf 84' lang='lat' dir='ltr'><strong><em>prodesse</em></strong></span> <span class='ocrx_word' id='word_1_766' title='bbox 2791 5398 2842 5439; x_wconf 92' lang='lat' dir='ltr'><strong><em>ut</em></strong></span> <span class='ocrx_word' id='word_1_767' title='bbox 2870 5386 2945 5438; x_wconf 86' lang='lat' dir='ltr'><strong><em>illi</em></strong></span> <span class='ocrx_word' id='word_1_768' title='bbox 2972 5388 3231 5453; x_wconf 79' lang='lat' dir='ltr'><strong><em>cogitans.</em></strong></span> 
     </span>
    </p>
   </div>
   <div class='ocr_carea' id='block_1_111' title="bbox 2018 5620 2380 5692">
    <p class='ocr_par' dir='ltr' id='par_1_111' title="bbox 2018 5620 2380 5692">
     <span class='ocr_line' id='line_1_111' title="bbox 2018 5620 2380 5692; baseline -0.003 -18"><span class='ocrx_word' id='word_1_769' title='bbox 2018 5622 2093 5692; x_wconf 91' lang='lat' dir='ltr'><strong><em>(d)</em></strong></span> <span class='ocrx_word' id='word_1_770' title='bbox 2123 5620 2220 5692; x_wconf 75' lang='lat' dir='ltr'><strong><em>Ep.</em></strong></span> <span class='ocrx_word' id='word_1_771' title='bbox 2258 5620 2380 5675; x_wconf 69' lang='lat'><strong><em>199.</em></strong></span> 
     </span>
    </p>
   </div>
   <div class='ocr_carea' id='block_1_112' title="bbox 2022 5689 2491 5761">
    <p class='ocr_par' dir='ltr' id='par_1_112' title="bbox 2022 5689 2491 5761">
     <span class='ocr_line' id='line_1_112' title="bbox 2022 5689 2491 5761; baseline -0.004 -16"><span class='ocrx_word' id='word_1_772' title='bbox 2022 5689 2083 5761; x_wconf 72' lang='lat' dir='ltr'><strong><em>(ej</em></strong></span> <span class='ocrx_word' id='word_1_773' title='bbox 2110 5689 2370 5760; x_wconf 82' lang='lat' dir='ltr'><strong><em>lnterrog.</em></strong></span> <span class='ocrx_word' id='word_1_774' title='bbox 2406 5689 2491 5743; x_wconf 79' lang='lat' dir='ltr'><strong><em>M.</em></strong></span> 
     </span>
    </p>
   </div>
  </div>
