3958 6212
1758 338 2124 396 PROLEGOM
2132 339 2288 395 ENA.

429 470 560 520 Cum
589 477 653 518 ex
686 463 771 518 his
809 477 929 533 quas
973 461 1286 532 praecedunt
1319 467 1376 513 et
1419 467 1741 528 sequuntur,
1774 468 1886 511 tum
1929 472 1990 510 ex
2026 466 2074 519 Α
2100 456 2420 511 accuratius.
2465 455 2607 510 Idem
2661 455 2950 510 discrimen
3009 455 3327 511 observatur
3376 455 3427 509 in
3468 455 3714 510 oratio-

431 556 674 624 plurilnis
706 555 828 607 aliis
855 551 1104 622 Gregorii
1151 551 1287 606 locis
1335 550 1813 605 demonstrandum
1847 550 2002 604 nobis

2125 565 2170 604 te
2196 549 2259 604 21
2295 568 2307 602 :
2339 551 2400 603 Οἱ
2449 549 2726 619 μοναδικοὶ
2755 549 2847 601 καὶ
2879 550 3124 620 μιγάδες9
3149 552 3196 602 οἱ
3245 552 3344 620 τῆς
3373 548 3713 617 ἁπλότητος

429 654 514 698 est
547 645 783 712 ὰςύγους
824 644 966 706 illos,
997 643 1050 699 id
1092 651 1176 697 est.
1225 642 1429 696 solutos
1471 650 1524 696 et
1567 640 1677 710 jugi
1727 650 1998 710 expertes,

2125 641 2196 694 ta‘t.
2236 643 2339 712 τῆς
2383 641 2688 713 ἀκριϐείας,
2717 641 2831 694 ὅσοι
2862 641 2959 710 τῆς
3001 640 3233 709 θεωρίας
3278 641 3371 692 καὶ
3417 640 3534 692 ὅσοι
3579 638 3716 706 τῆς

433 737 794 789 anaclioretas
827 731 996 786 fuisse
1021 733 1136 786 sive
1159 731 1406 785 homines
1434 727 1875 799 contemplationi
1905 728 2000 782 de-
2105 731 2378 802 πράξεως.
2436 730 2686 785 Solitarii
2721 741 2770 784 et
2801 732 3053 798 migades,
3096 731 3184 798 qui
3213 730 3516 796 simpliciter
3551 727 3715 780 vivi-

436 827 598 892 ditus,
634 824 870 892 migades
915 836 1066 887 vero,
1099 831 1312 876 ascetas
1345 821 1398 874 in
1428 818 1650 886 agendis
1707 818 1866 873 rebus
1906 832 2002 872 oc—
2105 823 2194 886 tis,
2223 832 2270 876 et
2301 823 2390 890 qui
2418 831 2695 887 accurate;
2721 822 2809 878 aui
2839 820 3281 889 contemplationi,
3310 831 3356 872 et
3387 819 3475 888 qui
3506 819 3709 870 actio-

437 926 700 984 cupatos:
732 929 829 968 nec
863 911 1185 981 Gregorium
1221 910 1557 966 deliberasse
1600 918 1778 963 utrum
1811 923 2004 961 mona-
2106 913 2162 966 ni
2188 929 2279 965 vos
2315 913 2474 964 dalis.

440 1005 630 1057 sticam
672 1002 857 1066 vitam,
891 1018 960 1055 an
1009 999 1300 1055 saeculares
1350 999 1614 1053 tumultus
1649 997 2005 1067 amplectere-

2177 1003 2303 1058 Ηωο
2333 1014 2508 1059 autem
2538 1004 2724 1066 verba,
2754 1004 2804 1055 οἱ
2857 1002 3141 1074 μοναδικοι
3184 1000 3276 1053 καὶ
3320 999 3564 1070 μιγάδες,
3602 999 3706 1049 sic

439 1105 551 1156 tur,
581 1093 674 1147 sed
722 1108 790 1146 ex
839 1093 1049 1147 duobus
1094 1099 1399 1144 ascetarum
1428 1088 1740 1158 generibus,
1772 1101 2003 1155 quorum

2125 1099 2282 1151 'c-dtlit
2325 1096 2530 1159 Billius,
2567 1096 2808 1149 monachi
2851 1105 2899 1149 et
2925 1097 2978 1148 in
3016 1095 3267 1148 sodalitio
3324 1094 3568 1146 viventes.
3612 1094 3703 1142 Al

441 1186 535 1240 alii
579 1183 1047 1254 contemplationi,
1101 1183 1192 1236 alii
1235 1181 1440 1236 actioni
1497 1189 1642 1235 totos
1688 1192 1747 1234 se
1787 1179 2003 1243 dabant,

2125 1187 2356 1244 ποΐεεῑο
2395 1189 2667 1255 migadum
2715 1187 2930 1241 nomine
2963 1200 3066 1238 non
3104 1184 3353 1251 intelligit
3379 1181 3705 1251 Gregorius

431 363 561 403 κνῑιι

439 1289 621 1332 utrum
649 1289 985 1346 sequeretur.

511 1369 657 1424 Luce
693 1370 892 1424 clarius
929 1379 1012 1422 est
1059 1365 1296 1435 ἁζύγους
1335 1373 1392 1420 et
1437 1363 1678 1435 migades
1708 1364 1814 1420 duo
1843 1361 2010 1418 fuisse

445 1464 688 1518 instituta
728 1463 1005 1515 hominum
1036 1461 1146 1514 Deo
1199 1469 1658 1514 consecratorum.
1700 1456 1835 1512 Nam
1883 1473 2011 1512 cum

442 1553 743 1619 Gregorius
767 1551 1098 1606 deliberaret
1127 1560 1307 1604 utrum
1329 1550 1577 1619 eligeret,
1601 1549 1713 1618 jam
1743 1558 2012 1603 statuerat

448 1662 568 1700 sese
593 1645 703 1700 Deo
742 1657 1086 1710 consecrare,
1122 1651 1179 1696 ut
1211 1657 1280 1697 ex
1313 1643 1396 1697 bis
1431 1642 1611 1698 verbis
1649 1641 1880 1711 perspici
1915 1655 2013 1710 po-

448 1749 552 1792 test
580 1753 594 1791 ε

552 1851 798 1904 Animum
823 1857 1080 1913 premebat
1107 1863 1226 1899 nam
1255 1863 1424 1916 gravis
1446 1847 1592 1898 turbo
1621 1860 1789 1898 meum

552 1921 690 1974 Dum
715 1935 890 1989 qutero
914 1921 1109 1989 primas
1139 1919 1190 1969 in
1223 1919 1368 1969 bonis
1393 1919 1642 1985 quidnam
1677 1917 1832 1983 (erat.

551 1993 595 2042 Α
636 2006 789 2042 carne
823 1990 1020 2040 dudum
1047 1988 1251 2054 longius
1287 1989 1520 2040 recedere

552 2061 820 2113 Statutum
853 2053 1373 2123 habebantgtuncque
1401 2056 1654 2124 [irmabar
1686 2053 1877 2124 magis.

551 2129 618 2180 At
645 2128 894 2196 cogitanti
923 2128 986 2180 de
1012 2127 1106 2178 viis
1137 2126 1296 2194 gratis
1327 2124 1459 2187 Deo,

553 2193 985 2250 Praestantiorem
1008 2213 1112 2250 non
1143 2193 1258 2249 erat
1284 2206 1577 2264 promptum
1602 2193 1731 2247 mihi

553 2265 812 2335 Reperire.

520 2376 769 2431 Haerebat
817 2390 945 2446 ergo
983 2375 1277 2445 Gregorius
1319 2389 1427 2428 non
1468 2373 1609 2429 inter
1654 2376 2009 2430 monasticam

453 2481 509 2523 et
540 2469 854 2523 sazcularem
894 2469 1086 2534 vitam,
1118 2467 1213 2520 sed
1250 2467 1391 2520 inter
1425 2467 1866 2521 anachoreticam
1898 2469 2011 2521 sive

459 2558 937 2627 contemplativam
978 2568 1034 2611 et
1084 2568 1385 2611 actuosam.
1415 2554 1557 2621 Quos
1605 2556 1748 2611 enim
1777 2555 2015 2626 ἀζύγους

452 2659 632 2715 vocat,
687 2666 874 2705 eorum
930 2650 1162 2704 instituti
1215 2650 1460 2718 exempla
1506 2665 1574 2704 ex
1621 2649 1737 2703 Elia
1787 2660 1841 2705 et
1894 2650 2016 2704 liliis

448 2743 692 2798 Jonadab
716 2754 770 2797 et
793 2740 999 2796 Joanne
1020 2741 1262 2810 Baptista
1291 2739 1503 2809 repetit.
1522 2739 1852 2794 Retrabebat
1871 2740 2015 2794 illum

383 2892 387 2898 _
457 2839 524 2891 ab
554 2836 657 2890 hac
687 2836 798 2889 vita
830 2835 1133 2888 litterarum
1177 2848 1457 2888 sacrarum
1506 2847 1680 2896 amor,
1711 2832 1904 2899 quibus
1933 2846 2022 2886 ex-

456 2931 700 2985 colendis
730 2946 835 2984 non
862 2930 1021 2985 valde
1061 2930 1340 2998 appositus
1368 2944 1585 2983 eremus
1613 2947 1626 2982 :
1660 2928 1896 2997 illudque
1926 2929 2013 2981 ἰη-

452 3020 724 3075 commodi
764 3021 818 3074 in
868 3020 1133 3088 ejusmodi
1163 3019 1475 3072 hominibus
1514 3018 1844 3086 reperiebat,
1875 3018 2019 3086 quod

457 3110 682 3163 multum
731 3108 1086 3178 sibimetipsis
1130 3107 1470 3177 prodessent,
1529 3115 1585 3160 at
1639 3106 1759 3162 aliis
1819 3102 2022 3176 nequa;

455 3215 639 3269 quam.
674 3196 802 3252 Haec
833 3198 1074 3267 profecto
1113 3197 1565 3252 anachoretarum
1599 3206 1656 3250 et
1689 3199 2022 3267 contempla-

461 3291 590 3345 tioni
623 3290 928 3344 deditorum
978 3287 1258 3344 hominum
1307 3287 1523 3359 propria
1559 3297 1708 3352 sunt,
1737 3304 1874 3357 quos
1905 3305 2014 3344 me-

458 3381 566 3434 rito
597 3390 753 3434 vocat
782 3378 1037 3448 ἀζύγους,
1070 3391 1128 3434 ιιι
1153 3383 1246 3449 qui
1277 3382 1343 3434 ab
1377 3380 1530 3435 omni.
1559 3379 1688 3450 jugo
1722 3380 1896 3443 liberi,
1925 3396 2026 3436 nec

459 3471 582 3524 ullis
604 3485 821 3540 prorsus
846 3472 1073 3525 vinculis
1113 3471 1325 3525 astricti
1374 3480 1575 3525 essent.
1612 3471 1765 3536 Quod
1812 3480 2022 3539 spectat

458 3561 524 3614 ad
557 3561 812 3628 migades,
841 3561 955 3614 sive
995 3575 1092 3615 eos
1125 3561 1217 3630 qui
1251 3576 1374 3615 cum
1415 3561 1537 3616 aliis
1567 3560 1884 3625 miscentur,
1911 3576 2015 3614 non

461 3650 691 3704 ditiicilis
718 3660 800 3704 est
837 3651 1231 3719 interpretatio.
1267 3649 1393 3706 Illos
1431 3651 1576 3704 enim
1622 3650 1819 3705 ibidem
1865 3660 2024 3704 vocat

461 3738 816 3811 πρακτικούς,
848 3740 900 3794 id
931 3751 1014 3794 est
1051 3751 1324 3804 actuosus,
1354 3755 1555 3808 eosque
1582 3739 1875 3808 plurimum
1906 3739 2026 3792 aliis

460 3833 736 3900 prodesse,
781 3841 837 3884 at
895 3830 947 3884 in
996 3831 1206 3899 magnis
1262 3829 1579 3884 tumultibus
1611 3829 1819 3882 versari
1872 3828 2021 3882 dicit.

461 3925 638 3988 Quare
668 3924 898 3977 mediam
931 3923 1071 3976 inter
1098 3934 1357 3991 utrosque
1386 3923 1530 3976 viam
1562 3929 1779 3974 secutus
1809 3929 1913 3984 est,
1937 3918 2027 3973 vel

461 4015 642 4084 potius
675 4026 961 4082 utrumque
991 4015 1294 4068 institutum
1346 4012 1508 4067 simul
1549 4010 1854 4080 conjunxit,
1883 4021 1941 4064 ut
1972 4019 2029 4064 et

461 4108 764 4160 litterarum
804 4121 1084 4160 sacrarum
1132 4105 1328 4160 studiis
1359 4114 1415 4160 et
1443 4102 1686 4159 fovenda:
1732 4112 2024 4172 parentum

462 4199 755 4252 senectutis
774 4196 948 4252 ollicio
973 4195 1334 4251 satisfaceret.

450 4331 454 4341 .
535 4289 691 4359 Saepe
721 4290 854 4343 alias
894 4291 961 4343 de
995 4289 1188 4344 iisdem
1219 4288 1522 4357 migadibus
1565 4290 1675 4358 agit
1707 4286 2027 4359 Gregorius,

465 4397 532 4437 ac
562 4382 763 4451 ubique
797 4382 851 4436 in
899 4397 1017 4436 eam
1060 4397 1221 4452 quam
1265 4381 1502 4436 diximus
1560 4383 1903 4436 sententiam.
1939 4379 2032 4435 Sic

2109 1281 2428 1336 cmnobitas.
2471 1279 2604 1332 Nam
2637 1278 2920 1333 ctenobitae
2951 1277 3181 1331 mediam
3215 1277 3361 1329 illam
3401 1276 3542 1328 viam
3594 1275 3694 1326 in-

2114 1381 2196 1424 ter
2229 1373 2586 1424 anachoretas
2637 1379 2692 1422 et
2733 1368 2976 1438 migades
3027 1369 3301 1432 tenebant,
3345 1383 3503 1435 quam
3568 1367 3703 1434 ipse

2111 1460 2402 1531 Gregorius
2432 1461 2762 1529 sequendum
2804 1459 2907 1512 sibi
2942 1473 3062 1513 esse
3101 1459 3277 1513 duxit.
3319 1457 3468 1512 Unde
3499 1457 3549 1510 in
3582 1473 3692 1508 ea—

2113 1553 2234 1607 dem
2265 1552 2512 1606 oratione
2551 1552 2628 1604 ait
2674 1549 2974 1605 coenobitas
3019 1549 3072 1601 in
3119 1547 3351 1617 Egypto
3378 1545 3536 1600 simul
3559 1560 3701 1599 esse

2114 1645 2366 1698 eremitas
2393 1651 2452 1697 et
2492 1643 2751 1712 migades.
2800 1640 2916 1694 Duo
2963 1641 3106 1694 enim
3151 1640 3435 1708 distinguit
3490 1654 3695 1692 mona-

2117 1735 2340 1789 chorum
2373 1748 2569 1803 genera
2597 1735 2648 1786 in
2686 1732 2978 1786 solitudine
3004 1731 3298 1783 viventium
3326 1749 3338 1782 :
3371 1729 3434 1781 Οἱ
3460 1727 3558 1798 μὲν
3590 1727 3695 1781 τὸν

2046 1801 2089 1854 Β
2115 1825 2292 1895 πάντη
2330 1801 2610 1895 μοναδικόν
2653 1840 2714 1874 τε
2769 1822 2862 1875 καὶ
2916 1822 3146 1892 ἄμικτον
3176 1818 3515 1882 διαθλοῦντες
3543 1817 3686 1888 βίον,

2115 1920 2324 1981 ἑαυτοῖς
2359 1918 2535 1988 μόνοις
2558 1913 2983 1987 προσλαλοῦντες
3006 1916 3099 1966 καὶ
3120 1912 3198 1983 τῷ
3238 1911 3374 1981 Θεῷ,
3409 1912 3502 1963 καὶ
3526 1909 3694 1962 τοῦτο

2119 2009 2277 2078 μόνον
2314 2009 2517 2078 κόσμον
2545 1991 2776 2074 εἰδότες,
2807 2006 2929 2058 ὅσον
2972 2006 3030 2057 ὲν
3056 2006 3123 2074 τῇ
3153 2002 3357 2074 ἐρημίᾳ
3383 1999 3686 2071 γνωρίζου-

2117 2097 2308 2151 σιν.οἰ
2365 2095 2423 2148 δὲ
2476 2095 2638 2165 νόμον
2686 2095 2906 2164 ἀγάπης
2937 2096 3000 2164 τῇ
3059 2091 3311 2161 κοινωνίᾳ
3341 2089 3685 2160 στέργοντες,

2117 2189 2371 2262 ὲρημικοί
2416 2205 2477 2241 τε
2523 2187 2658 2258 ὁμοῦ
2706 2187 2799 2240 καὶ
2840 2185 3080 2256 μιγάδες.
3128 2182 3364 2248 Quorum
3406 2182 3500 2235 alii
3523 2183 3689 2234 vitam

2115 2297 2330 2350 prcrsus
2363 2279 2679 2345 solitariam,
2711 2288 2759 2331 et
2803 2277 2867 2330 ab
2915 2278 3182 2329 hominum
3219 2275 3463 2328 societate
3509 2288 3688 2326 remo—

2121 2386 2228 2429 tam
2282 2384 2462 2444 agunt,
2525 2373 2605 2425 sui
2655 2371 2890 2439 ipsorum
2948 2379 3154 2421 tantum
3215 2377 3260 2420 et
3296 2366 3392 2419 Dei
3429 2365 3691 2433 colloquio

2123 2467 2372 2533 fruentes,
2421 2475 2575 2536 atque
2623 2464 2758 2515 hanc
2825 2462 3083 2514 duntaxat
3129 2470 3282 2515 terra:
3335 2467 3536 2526 partem
3592 2471 3692 2523 pro

2122 2558 2316 2610 mundo
2361 2556 2625 2618 habentes,
2681 2569 2839 2624 quam
2878 2553 2932 2604 in
2970 2550 3251 2606 solitudine
3297 2549 3562 2618 cognitam
3589 2550 3694 2598 ha-

2125 2649 2260 2702 bent.
2285 2647 2396 2700 Alii
2439 2655 2610 2698 autem
2639 2644 2916 2697 charitatis
2953 2644 3114 2712 legem
3148 2657 3238 2711 per
3279 2639 3696 2694 communionem

2124 2749 2171 2792 et
2211 2740 2511 2792 societatem
2573 2737 2819 2800 colentes,
2872 2733 3101 2788 solitarii
3145 2731 3301 2786 simul
3352 2740 3399 2784 et
3458 2730 3697 2798 migades

2125 2838 2270 2882 sunt.
2303 2828 2437 2882 lllud
2470 2825 2636 2881 etiam
2667 2825 2918 2877 laudatur
2959 2838 2988 2876 a
3017 2822 3281 2892 Gregorio
3305 2820 3380 2891 (a)
3412 2820 3467 2873 in
3504 2833 3694 2872 mona-

2127 2921 2244 2975 chis
2288 2918 2643 2974 Nazianzenis
2670 2932 2686 2970 :
2711 2917 2902 2988 Μέτρα
2949 2914 3052 2984 τῆς
3083 2915 3164 2977 είς
3195 2913 3256 2965 τὸ
3300 2911 3474 2965 κοινὸν
3507 2913 3700 2981 ἐπιμι-

2130 3011 2248 3077 ξίας
2273 3013 2367 3065 καὶ
2400 3011 2822 3082 ὑποχωρήσεως,
2855 3009 2952 3078 τῆς
2987 3007 3086 3079 μὲν
3117 3006 3242 3070 τοὺς
3272 3005 3463 3067 ἄλλους
3496 3002 3698 3056 παιδαο

2128 3104 2430 3174 γωγούσης,
2461 3103 2560 3174 τῆς
2591 3102 2647 3154 δὲ
2676 3100 2754 3170 τῷ
2785 3100 3056 3170 Πνεύματι
3092 3095 3573 3170 μυσταγωγούσης,
3602 3095 3702 3147 καὶ

2123 3198 2222 3268 τῆς
2251 3196 2351 3266 μὲν
2395 3197 2452 3248 ὲν
2503 3193 2582 3264 τῷ
2631 3192 2796 3263 κοινῷ
2824 3191 2885 3245 τὸ
2917 3192 3131 3247 ἄκοινον
3177 3188 3568 3260 φυλαττούσης,
3596 3189 3700 3258 τῆς

2124 3287 2181 3340 δὲ
2210 3269 2274 3339 ὲν
2313 3283 2391 3356 τῷ
2437 3283 2651 3355 ἁμίκτῳ
2683 3283 2742 3336 τὸ
2786 3282 3104 3352 φιλάδελφον
3153 3282 3247 3336 κα)⁵
3295 3281 3698 3352 φιλάνθρωπον.

2129 3381 2318 3436 Modus
2354 3390 2466 3434 tum
2509 3385 2565 3433 in
2613 3396 2885 3433 commune
2911 3379 3223 3446 prodeundi,
3257 3386 3366 3431 tum
3394 3379 3696 3440 secedendi,

2126 3474 2279 3537 illud,
2336 3473 2404 3524 ad
2458 3471 2589 3524 alios
2636 3471 3006 3536 instituendos,
3061 3469 3176 3532 hoc,
3210 3479 3264 3521 ut
3311 3469 3413 3535 ipsi
3467 3467 3700 3536 Spiritus

2127 3561 2386 3632 mysteriis
2410 3562 2735 3626 imbuuntur,
2775 3570 2931 3630 atque
2965 3561 3040 3613 ita
3066 3566 3362 3629 utrumque,
3388 3569 3435 3612 et
3469 3560 3523 3612 in
3552 3576 3702 3612 com-

2129 3655 2272 3708 muni
2301 3653 2636 3708 solitudinem
2666 3664 2888 3718 serrent,
2919 3662 2965 3705 et
3003 3653 3058 3706 in
3086 3652 3371 3705 solitudine
3410 3653 3703 3719 fraternam

2131 3745 2539 3799 benevolentiam
2581 3753 2628 3797 et
2683 3745 3014 3797 charitatem.
3071 3742 3327 3808 Quamvis
3359 3757 3487 3811 ergo
3527 3743 3703 3811 miga-

2132 3839 2226 3890 des
2249 3836 2411 3889 iidem
2447 3835 2718 3889 interdum
2753 3836 2864 3889 sint
2913 3836 3052 3902 apud
3088 3833 3372 3889 nonnullos
3407 3833 3704 3901 scriptorcs

2130 3943 2195 3982 ac
2223 3927 2528 3991 coenobitae,
2561 3938 2616 3980 at
2642 3937 2792 3981 certe
2823 3926 3084 3995 Gregorio
3112 3941 3218 3980 non
3249 3934 3425 3994 potest
3466 3925 3581 3978 haec
3615 3924 3702 3977 in-

2134 4019 2443 4086 terpretatio
2473 4015 2675 4085 allingi,
2708 4017 2799 4087 qui
2824 4017 2878 4070 in
2909 4017 3192 4071 cmnobitis
3227 4017 3498 4084 migadum
3530 4015 3700 4068 vitam

2133 4125 2252 4164 cum
2311 4110 2766 4164 anachoretarum
2823 4109 3073 4163 instituto
3149 4107 3399 4176 conjungi
3460 4106 3702 4161 volebat.

2132 4202 2272 4267 Quin
2321 4202 2485 4254 etiam
2523 4201 2818 4254 Maximum
2871 4200 3273 4270 philosophum,
3314 4200 3406 4268 qui
3454 4199 3704 4268 proiecto

2133 4294 2402 4349 ctenobita
2431 4308 2535 4347 non
2571 4303 2708 4358 erat,
2737 4292 2832 4347 sed
2864 4292 3044 4360 potius
3073 4306 3198 4346 erro
3227 4290 3443 4360 quidam
3471 4298 3523 4344 et
3551 4288 3663 4358 fugi
3683 4319 3702 4329 ο

2135 4386 2295 4451 tivus,
2327 4385 2467 4438 inter
2484 4385 2723 4453 migades
2749 4393 2996 4437 numerat
3020 4383 3117 4452 (ὁ).
3146 4381 3298 4436 Hunc
3319 4382 3462 4436 enim
3493 4382 3701 4447 laudat,

462 4473 700 4542 loquitur
731 4473 785 4526 in
819 4473 1070 4528 oratione
1108 4472 1136 4525 1
1164 4489 1180 4526 :
1207 4471 1326 4525 Κᾶν
1366 4472 1448 4524 ἑτι
1483 4472 1722 4542 ἀκριϐῶς
1746 4471 2022 4543 ὲξετάσῃς,

2133 4478 2275 4546 quod
2311 4475 2372 4528 τὸ
2401 4475 2716 4528 κοινωνικὸν
2744 4477 2838 4529 καὶ
2878 4474 3187 4545 ἐπίμικτον,
3212 4474 3532 4537 institutum,
3563 4474 3705 4540 quod

458 4567 583 4618 ὅσον
613 4564 674 4618 τὸ
705 4564 866 4634 μέσον
889 4562 998 4618 τῶν
1025 4565 1083 4617 ὲν
1109 4563 1390 4632 συζυγίαις
1413 4563 1548 4634 πρὸς
1571 4564 1698 4626 τοὺς
1745 4563 2028 4632 ἀγάμους;

461 4656 582 4710 Κᾶν
616 4655 824 4718 τούτοις
865 4654 1047 4720 πάλιν,
1072 4653 1180 4708 τῶν
1211 4656 1310 4725 τῆς
1340 4657 1573 4728 ἐρημίας
1597 4656 1729 4727 πρὸς
1762 4657 1889 4718 τοὺς
1915 4675 2029 4710 κοι-

463 4749 720 4811 νωνικοὺς
751 4748 845 4801 καὶ
884 4747 1114 4818 μιγάδας
1135 4764 1148 4778 ’
1173 4746 1281 4801 τῶν
1306 4747 1686 4818 ὲξητασμένων
1727 4748 1821 4801 καὶ
1849 4749 2031 4801 διαϐε-

462 4840 706 4910 ϐηκότων
739 4840 797 4892 ὲν
829 4838 1052 4910 θεωρίᾳ,
1094 4839 1232 4910 πρὸς
1277 4841 1404 4902 τοὺς
1438 4839 1624 4904 άπλῶς
1672 4840 2030 4896 κατευθύνονο

459 4949 580 4995 τας.
621 4933 771 4997 Quod
799 4933 843 4984 si
879 4937 1180 4985 accuratius
1212 4947 1320 4985 rem
1341 4935 1627 4999 expendas,
1657 4942 1912 5000 quantum
1942 4935 2027 4988 in-

463 5023 739 5076 tervallum
773 5023 906 5074 inter
945 5023 1252 5091 conjugatos
1283 5035 1329 5075 et
1353 5022 1596 5076 cwlibes?
1629 5021 1711 5075 Ex
1735 5023 1814 5076 his
1847 5041 2031 5076 rursus

461 5125 718 5184 quantum
741 5115 877 5166 inter
897 5130 982 5166 eos
1016 5115 1105 5182 qui
1131 5131 1184 5166 tn
1207 5130 1380 5166 eremo
1420 5124 1716 5177 versantur,
1749 5126 1793 5167 et
1826 5132 1910 5168 eos
1938 5116 2029 5184 qui

463 5222 759 5259 communes
800 5215 918 5258 sunt
959 5223 1020 5257 ac
1067 5207 1332 5274 migades:
1383 5207 1517 5257 inter
1540 5221 1627 5258 eos
1657 5208 1744 5274 qui
1784 5221 2031 5260 accurate

463 5300 654 5366 (legunt
688 5309 734 5351 et
775 5299 830 5350 iu
877 5298 1312 5365 contemplatione
1351 5297 1702 5365 profecerunt,
1731 5309 1779 5350 et
1826 5316 1910 5352 eos
1939 5303 2029 5369 qui

465 5392 768 5459 simpliciter
797 5402 991 5444 rectam
1031 5390 1169 5442 viam
1207 5389 1410 5441 ineunt.
1453 5387 1693 5456 Migades
1729 5404 1857 5458 ergo
1888 5391 2029 5445 inter

464 5482 685 5536 caalibes
716 5492 772 5534 et
821 5481 1164 5535 continentes
1201 5489 1572 5542 recensentur,
1609 5495 1716 5534 non
1760 5495 1919 5534 secus
1964 5497 2029 5535 ac

465 5573 564 5641 ipsi
601 5575 977 5637 anachorettc;
1015 5570 1109 5626 sed
1154 5569 1314 5640 primi
1346 5569 1642 5640 simplicius
1691 5572 1896 5639 vivunt,
1933 5575 2023 5629 isti

539 5689 614 5757 tu)
649 5687 741 5742 0r.
784 5689 870 5741 te.

537 5760 610 5829 (ὁ)
649 5761 742 5813 Ur.
773 5760 861 5812 7:5.

2117 4570 2442 4622 °societatem
2481 4568 2602 4620 colit
2654 4579 2700 4621 et
2728 4567 3091 4634 permiscetur,
3118 4566 3408 4622 ιιι-θηιίιὶοω
3438 4577 3492 4621 et
3516 4568 3706 4621 solita-

2139 4662 2230 4714 riae
2268 4662 2388 4714 vita:
2416 4660 2729 4730 praetulerit.

2208 4754 2269 4808 γ.
2306 4752 2431 4808 Haec
2472 4753 2712 4822 pluribus
2750 4751 3029 4806 referenda
3072 4751 3356 4817 duximus,
3414 4759 3471 4804 ut
3523 4760 3579 4806 et
3635 4753 3705 4806 de

2135 4844 2392 4915 Gregorio
2422 4855 2476 4898 et
2514 4845 2580 4898 de
2611 4845 2806 4897 Basilio
2837 4844 3119 4909 sciremus,
3147 4843 3415 4912 quodnam
3449 4842 3572 4895 vita:
3605 4858 3702 4912 ge-

2137 4951 2237 4989 nus
2268 4935 2405 4989 alter
2432 4935 2672 5004 elegerit,
2711 4935 2844 4987 alter
2887 4933 3324 4987 in"monasteriis
3349 4935 3461 4985 suis
3495 4934 3703 4986 consti-

2138 5025 2320 5078 tuerit.
2347 5023 2477 5076 Nam
2513 5024 2744 5077 medium
2779 5022 2906 5076 illud
2935 5023 3075 5075 inter
3108 5022 3461 5075 anachoretas
3507 5031 3563 5074 et
3599 5023 3697 5073 mi-

2136 5118 2299 5186 gades
2326 5117 2648 5181 institutum,
2672 5116 2812 5184 quod
2836 5114 3128 5184 Gregorius
3154 5115 3286 5168 tanti
3313 5113 3565 5178 faciebat,
3589 5115 3703 5181 ipse

2135 5210 2296 5262 etiam
2349 5205 2578 5260 Basilius
2621 5207 2673 5258 in
2721 5207 3062 5260 monasteriis
3105 5207 3219 5260 suis
3267 5205 3518 5259 instituit.
3586 5205 3703 5258 Non

2136 5299 2278 5353 enim
2313 5299 2456 5352 hanc
2487 5297 2666 5350 Basilii
2694 5297 2906 5350 laudem
2938 5296 3278 5366 praetermisit
3306 5296 3621 5365 Gregorius,
3645 5307 3704 5350 ut

2137 5404 2204 5444 ex
2238 5390 2320 5442 his
2353 5389 2530 5443 verbis
2561 5389 2911 5456 perspicimus
2934 5389 3004 5456 (ιτ)
3041 5405 3054 5439 :
3081 5386 3186 5439 Τοῦ
3209 5388 3385 5439 τοίνυν
3433 5386 3700 5457 ἐρημικοῢ

2129 5481 2245 5550 βίου
2286 5479 2503 5532 καὶτοῦ
2542 5480 2763 5550 μιγάδος
2795 5480 3113 5550 μαχομένων
3147 5479 3282 5548 πρὸς
3325 5478 3582 5548 ἀλλήλους
3625 5479 3698 5540 ὼς

2127 5574 2195 5626 τά
2224 5571 2393 5625 πολλὰ
2438 5573 2529 5625 καὶ
2563 5572 2938 5642 διϊσταμένων,
2974 5572 3066 5624 καὶ
3097 5569 3374 5640 οὐδετέρου
3410 5570 3624 5632 πάντως
3662 5571 3694 5640 ἢ

2213 5690 2279 5761 (ιι)
2320 5690 2468 5744 Orat.
2506 5691 2604 5774 eo.
