3958 6212
1668 343 1825 397 νιΤΑ
1869 347 1925 400 S.
1970 345 2235 403 BASlLll.

3472 363 3562 406 XIX

310 453 372 508 εδ
400 453 591 520 καλὸν,
619 455 652 526 ἢ
676 454 737 508 τὸ
762 454 965 525 φαῦλον
991 456 1344 527 ἀνεπίμικτον
1371 458 1581 529 ἔχοντος
1600 478 1611 489 ·
1643 461 1777 516 ἀλλὰ
1800 462 1888 515 τοῦ

2001 465 2293 519 eremiticae
2312 465 2433 519 vitae
2461 465 2774 520 commoda:
2799 464 3019 520 arcebat
3059 464 3395 520 incommoda
3421 466 3573 521 Basi-

316 546 415 616 μὲν
462 544 694 615 ἡσυχίου
746 546 849 615 μὲν
878 546 1030 608 ὄντος
1076 546 1293 616 μᾶλλον,
1344 549 1440 601 καὶ
1477 550 1891 620 καθεστηκότος,

312 638 410 691 καὶ
455 638 581 707 θεῷ
614 640 955 706 συνάγοντοςο
982 640 1081 691 οὐκ
1099 639 1303 708 ἀτύφου
1321 640 1377 693 δὲ
1399 641 1486 694 διὰ
1502 642 1562 694 τὸ
1577 643 1673 711 τῆς
1692 643 1895 713 ἀρετῆς

309 729 677 782 ἀὸασάνιστον
705 729 802 782 καὶ
832 729 1160 799 ἀσύγκριτον
1187 748 1200 761 ⁸
1236 731 1330 784 τοῦ
1360 732 1415 785 δὲ
1448 734 1893 804 πρακτικωτέρου

314 822 413 891 μὲν
440 822 642 891 μᾶλλον
672 823 769 875 καὶ
794 824 1225 894 χρησιμωτέρου,
1243 825 1303 877 τὸ
1331 825 1633 897 Θορυὸὡδες
1665 829 1725 880 οὐ
1760 828 1894 896 φεύ-

309 929 522 980 γοντες,
557 916 653 967 καὶ
681 914 906 977 τούτους
930 916 1127 984 ἄριστα
1162 917 1493 986 κατήλλαξεν
1524 918 1774 989 ἀλλήλοις
1800 920 1895 972 καὶ

310 1003 677 1074 συνεκέρασεν
697 1020 712 1034 ο
757 1005 1064 1075 ἁσκητήρια
1094 1006 1189 1058 καὶ
1218 1009 1551 1077 μοναστήρια
1574 1008 1895 1079 δειμάμενος

311 1093 438 1162 μὲν,
473 1095 534 1145 οὺ
562 1095 754 1165 necem
781 1096 836 1146 ea.
859 1096 967 1150 τῶν
998 1098 1326 1151 κοινωνικῶν
1356 1101 1450 1152 καὶ
1479 1100 1743 1169 μιγάδων,
1774 1101 1894 1153 οὐδὲ

308 1180 502 1253 ὥσπερ
518 1184 705 1253 τειχίῳ
727 1186 834 1238 τινί
865 1185 1013 1254 μέσῳ
1036 1186 1206 1239 ταῦτα
1233 1188 1525 1256 διαλαϐὼν,
1557 1191 1651 1242 καὶ
1679 1192 1774 1243 ἀπ’
1798 1191 1893 1243 ἀλ-

311 1274 491 1344 λήλων
520 1276 785 1347 χωρίσας,
821 1277 958 1330 ἀλλὰ
1000 1278 1228 1347 πλησίον
1264 1279 1505 1349 συνάψας
1554 1282 1644 1333 καὶ
1678 1281 1901 1346 διεικζέύ-Δ

310 1366 412 1431 ξας
435 1384 449 1395 ·
488 1368 574 1419 ἶνα
606 1368 743 1437 μήτε
774 1368 835 1420 τὸ
868 1368 1152 1437 φιλόσοφον
1185 1369 1624 1442 ἀκοινώνητονῇ,
1668 1375 1805 1444 μήτε
1835 1374 1896 1426 τὺ

312 1458 617 1527 πρακτικὸν
639 1458 991 1527 ἀφιλόσοφον.
1034 1461 1162 1512 Cum
1204 1461 1365 1528 igitur
1396 1463 1638 1516 solitaria
1682 1466 1810 1530 vita,
1850 1476 1895 1517 et

312 1564 373 1598 ea
399 1564 520 1616 qua:
549 1550 798 1601 societate
834 1550 1049 1618 gaudet,
1080 1558 1136 1601 ut
1175 1550 1456 1617 plurimum
1496 1552 1632 1605 inter
1659 1568 1711 1605 se
1737 1554 1897 1605 dissi-

313 1637 517 1704 derent,
559 1656 620 1692 ac
660 1650 1003 1708 pugnarent:
1044 1653 1327 1712 neutraque
1365 1646 1595 1707 omnino,
1632 1646 1709 1698 vel
1756 1661 1897 1697 como

316 1733 495 1797 moda,
541 1732 619 1786 vel
647 1732 979 1787 incommoda
1009 1750 1105 1788 sua
1131 1752 1264 1802 pura
1306 1745 1355 1788 et
1388 1738 1619 1790 immista
1652 1738 1895 1800 haberet;

1997 557 2053 611 lii
2082 572 2210 612 cura
2236 557 2290 611 in
2314 557 2395 611 eis
2426 557 2762 623 erudiendis;
2788 556 2943 625 cujus
2973 557 3050 610 rei
3077 555 3393 625 praclarum
3433 556 3571 611 indi-

1996 648 2136 702 cium
2160 656 2243 702 est
2264 647 2493 717 epistola
2526 658 2736 712 octava,
2768 664 2927 717 quam
2959 649 3229 717 paulisper
3252 650 3442 704 abesse
3476 666 3570 705 co-

1997 750 2151 794 actus
2189 741 2425 808 scripsit,
2464 749 2523 794 ut
2556 754 2651 793 eos
2673 742 2739 794 ad
2774 741 3093 794 evertendas
3122 742 3444 795 Arianorum
3476 758 3566 795 ar-

1996 830 2172 898 gutias
2196 829 2572 883 communiret.
2620 829 2848 883 Dubium
2894 845 2997 883 non
3040 840 3123 884 est
3167 832 3295 899 quin
3337 832 3466 887 socii
3511 842 3568 885 et

1998 921 2296 974 imitatores
2332 919 2515 974 Basilii
2548 920 2749 975 fuerint
2794 937 2916 975 cum
2965 922 3016 975 in
3060 922 3163 975 ﬁde
3210 922 3569 986 defendenda,

2000 1023 2109 1065 tum
2136 1013 2193 1065 in'
2222 1011 2343 1064 aliis
2363 1011 2545 1074 rebus,
2571 1026 2706 1080 quas
2744 1012 2994 1065 Ecclesia:
3020 1027 3181 1066 causa
3210 1014 3377 1082 gessit
3400 1014 3451 1066 in
3484 1028 3571 1067 so»

1998 1105 2247 1157 litudine.
2291 1104 2451 1157 Certe
2484 1118 2589 1156 non
2616 1103 2751 1156 alios
2777 1104 3045 1169 designat,
3078 1118 3198 1155 cum
3225 1103 3303 1156 ait
3333 1104 3386 1157 in
3405 1104 3564 1173 epist.

1997 1195 2087 1259 5!,
2113 1212 2165 1248 ιι.
2190 1194 2245 1257 ‘2,
2283 1209 2341 1249 se
2370 1210 2490 1249 cum
2524 1195 2706 1248 multis
2745 1195 2795 1247 in
2838 1196 3007 1263 patria
3044 1194 3213 1248 Deum
3252 1196 3561 1250 timentibus

1998 1286 2350 1341 insolabiliter
2385 1287 2638 1353 doluisse,
2693 1286 2834 1354 quod
2880 1286 3101 1339 Diauius
3145 1286 3387 1340 formulas
3428 1286 3569 1340 Cou-

1997 1379 2344 1448 stantinopoli
2397 1380 2569 1432 allata:
2616 1379 3049 1447 subscripsisset.
3079 1379 3258 1448 Atque
3300 1379 3416 1433 lucc
3449 1379 3571 1447 qui-

1999 1472 2122 1527 dem
2148 1473 2214 1524 de
2236 1472 2432 1525 Basilio
2465 1470 2687 1540 ejusque
2709 1470 3005 1539 discipulis.

2068 1564 2137 1617 At
2160 1562 2300 1616 forte
2332 1563 2397 1615 de
2430 1561 2693 1630 Gregorio
2723 1561 2958 1613 dubitari
2992 1559 3187 1629 possit,
3210 1568 3386 1613 utrum
3418 1574 3477 1613 se
3511 1560 3563 1612 in

1998 1655 2386 1708 monasterium
2427 1654 2710 1719 receperit.
2765 1652 2961 1705 Verum
3008 1653 3221 1706 etiamsi
3277 1654 3567 1706 asceticum

2001 1746 2299 1798 institutum
2337 1744 2389 1797 in
2423 1745 2662 1813 paternis
2696 1745 2900 1798 uadibus
2944 1745 3289 1808 excoluisset,
3339 1745 3471 1799 nihil
3519 1745 3569 1797 id

317 1837 491 1875 verum
519 1822 612 1875 illa
638 1825 805 1893 magis
827 1827 1035 1893 quidem
1066 1827 1352 1896 tranquilla
1392 1837 1439 1880 et
1482 1831 1770 1897 composita
1814 1846 1895 1882 es-
1929 1817 1969 1870 Β
1999 1838 2064 1889 de
2094 1836 2211 1902 ejus
2249 1846 2496 1890 votorum
2531 1837 2887 1905 perpetuitate
2911 1837 3242 1901 detraheret,
3274 1851 3375 1892 nec
3406 1837 3569 1891 idcir—

313 1925 414 1976 set,
454 1932 515 1969 ac
538 1914 649 1969 Deo
681 1918 885 1970 animos
908 1916 1171 1986 copularet
1200 1933 1220 1970 :
1253 1928 1497 1972 cteterum
1530 1922 1593 1972 ob
1617 1938 1731 1973 eam
1762 1937 1892 1974 cau—

315 2023 425 2059 sam
451 2007 597 2074 fastu
628 2024 734 2061 non
765 2019 997 2072 careret,
1029 2011 1165 2079 quod
1191 2012 1353 2064 virtus
1379 2028 1480 2065 non
1508 2012 1892 2081 exploraretur,

315 2115 405 2151 nec
434 2101 488 2152 in
518 2102 973 2169 comparationem
1002 2103 1233 2165 veniret;
1256 2105 1366 2156 lucc
1383 2116 1556 2157 autem
1580 2107 1748 2174 magis
1775 2106 1894 2175 qui-

315 2192 433 2247 dem
462 2202 690 2247 actuosa
721 2203 769 2247 et
808 2194 959 2246 utilis
981 2203 1134 2257 esset,
1175 2211 1348 2248 verum
1386 2213 1419 2249 a
1455 2198 1763 2252 tumultibus
1794 2201 1893 2254 mi-

316 2304 411 2341 nus
427 2286 599 2341 libera
624 2303 643 2340 :
671 2286 926 2355 praeclare
953 2302 1040 2341 eas
1071 2287 1206 2339 inter
1237 2305 1291 2341 se
1314 2290 1665 2344 reconciliavit
1699 2309 1760 2345 ac
1778 2310 1893 2357 per-

317 2383 545 2445 miscuit,
570 2383 783 2450 pietatis
810 2383 1058 2435 nimirum
1077 2385 1349 2453 gymnasia
1376 2392 1421 2434 et
1450 2383 1765 2435 monasteria
1797 2399 1890 2435 ea:-

321 2488 554 2541 struens,
584 2493 690 2529 non
713 2487 887 2530 tamen
912 2477 1063 2541 longe
1089 2478 1441 2545 discrepantia
1470 2478 1532 2531 ab
1558 2478 1628 2531 iis
1657 2495 1772 2546 qua:
1798 2495 1887 2533 so-

315 2572 556 2623 cietatem
606 2569 809 2632 colunt,
854 2581 904 2622 et
947 2570 1355 2636 permiscentur;
1409 2586 1499 2624 nec
1563 2570 1700 2623 velut
1743 2587 1889 2624 muro

313 2664 556 2731 quapiam
593 2661 867 2731 interjecto
904 2663 1013 2716 haec
1048 2664 1286 2717 instituta
1321 2665 1649 2731 distinguens
1684 2671 1837 2731 atque
1860 2680 1889 2715 a

314 2756 605 2808 seinuicem
637 2770 906 2821 separans,
934 2770 1112 2807 verum
1140 2770 1298 2824 prope
1325 2755 1640 2823 conjungens
1671 2772 1733 2807 ac
1760 2755 1891 2806 diri-

315 2864 455 2900 mens
493 2863 512 2899 :
552 2856 609 2899 ut
652 2862 744 2900 nec
773 2848 1138 2914 contemplatio
1180 2849 1662 2901 communicationis
1702 2863 1889 2915 expers

314 2947 462 3001 esset,
520 2953 613 2990 nec
661 2937 799 2989 actio
852 2939 1281 3006 contemplatione
1333 2950 1552 2994 careret.
1604 2936 1891 2992 Existimat

322 3029 703 3083 'l‘illemontius
737 3033 1183 3084 anacliorctarum
1212 3032 1352 3084 aedes
1380 3047 1550 3100 prope
1572 3033 1824 3087 etenobia
1857 3048 1885 3085 a

318 3119 514 3175 Basilio
557 3121 730 3176 fuisse
776 3132 1096 3176 exstructas.
1160 3122 1213 3176 ln
1260 3140 1364 3191 quo
1414 3125 1629 3193 quidem
1681 3125 1889 3193 decepit

314 3225 433 3264 eum
464 3209 613 3263 Billii
636 3212 1033 3279 interpretatio,
1083 3212 1171 3280 qui
1221 3212 1306 3267 hic
1339 3229 1550 3282 quoque
1587 3216 1888 3270 cmnobitas

320 3302 591 3370 migadum
661 3303 877 3356 nomine
932 3304 1211 3359 intellexit.
1282 3302 1374 3357 Sic
1400 3306 1543 3357 enim
1608 3305 1884 3360 reddidit:

321 3391 538 3443 Pietatis
572 3392 823 3445 nimirum
848 3396 1120 3462 gymnasia
1156 3404 1205 3447 et
1239 3396 1554 3448 monasteria
1589 3406 1883 3460 exstruens,

320 3492 615 3534 nontamen
649 3481 803 3550 longo
830 3484 1099 3537 intervallo
1124 3484 1188 3537 ab
1220 3484 1284 3537 iis
1322 3486 1411 3554 qui
1444 3488 1496 3537 in
1534 3487 1777 3539 sodalitio
1812 3490 1886 3540 vi-

318 3585 456 3627 sunt.
485 3572 777 3628 Refellitur
803 3576 919 3629 haec
954 3576 1321 3643 interpretatio
1345 3592 1411 3630 ex
1449 3586 1557 3630 tota
1594 3578 1773 3633 Basilii
1805 3580 1887 3632 hi-

324 3666 512 3731 storia,
552 3680 717 3735 quem
744 3667 1030 3721 carnobitis
1053 3668 1329 3733 prazl'uisse
1354 3679 1584 3734 constat,
1625 3685 1729 3723 non
1756 3685 1888 3723 ana-

316 3758 553 3811 charetis
601 3773 770 3828 prOpe
807 3759 1105 3814 ctenobitas
1141 3762 1465 3815 constitutis.
1508 3761 1710 3815 Deinde
1758 3777 1888 3817 vero

321 3851 591 3920 migadum
630 3851 849 3906 nomine
883 3868 989 3906 non
1018 3854 1317 3918 ctenobitae,
1354 3855 1448 3908 sed
1485 3865 1684 3909 asceta:
1716 3858 1886 3910 actio-

318 3943 369 3994 ni
401 3943 589 4008 dediti,
619 3953 678 3996 ut
708 3944 770 3997 in-
786 3944 1151 4013 superioribus
1182 3946 1335 4010 locis,
1358 3947 1708 4013 designantur
1740 3966 1753 4002 :
1789 3962 1889 4003 nec

320 4034 677 4089 anachoretas
700 4033 930 4089 Basilius
963 4051 1134 4105 prope
1156 4038 1396 4107 migades
1427 4040 1705 4093 constituit
1742 4059 1753 4093 :
1793 4043 1887 4096 sed

319 4134 608 4193 utrumque
631 4127 936 4179 institutum
969 4128 1113 4180 nullo
1144 4144 1363 4197 prorsus
1387 4147 1541 4185 muro
1563 4132 1886 4201 diremptum

320 4231 436 4271 esse
464 4218 653 4281 voluit,
694 4220 878 4289 sicque
913 4231 1217 4289 utrumque,
1242 4222 1500 4277 ccenohiis
1526 4226 1885 4289 exstruendis,

322 4307 623 4377 conjunxit,
673 4321 735 4361 ut
772 4324 873 4363 nec
902 4311 1350 4364 anachoretarum
1382 4313 1595 4366 deesset
1634 4313 1885 4377 solitudo,

320 4412 417 4451 nec
472 4400 743 4467 migadum
802 4398 1043 4453 ofliciosa
1112 4399 1366 4464 cltaritas,
1427 4403 1722 4469 primorum
1791 4420 1889 4456 au-

1996 1943 2061 1982 co
2095 1928 2264 1982 videri
2299 1929 2540 1991 deberet,
2576 1937 2669 1982 aut
2708 1928 3052 1982 continentiae
3093 1928 3423 1995 professione
3472 1927 3569 1982 ob-

1997 2021 2217 2074 strictus
2260 2036 2363 2076 non
2403 2020 2591 2083 fuisse,
2630 2030 2720 2073 aut
2757 2036 2861 2073 non
2901 2035 2960 2073 se
2994 2020 3244 2074 omnibus
3278 2019 3435 2073 rebus
3471 2034 3569 2087 pro

1996 2114 2213 2168 Christo
2256 2115 2507 2168 nudasse.
2556 2114 2698 2179 Quot
2741 2113 2885 2168 enim
2928 2114 3098 2167 tribus
3140 2112 3327 2181 primis
3358 2110 3569 2165 saxulis

1995 2203 2256 2272 ejusmodi
2291 2206 2449 2257 vitam
2482 2213 2607 2258 ante
2636 2213 2911 2258 exstructa
2952 2204 3277 2258 monasteria
3319 2210 3566 2271 egerunt,

1994 2300 2061 2350 de
2115 2298 2308 2366 quibus
2350 2308 2527 2351 tamen
2564 2298 2669 2351 dici
2707 2312 2811 2351 non
2856 2306 3032 2366 potest
3071 2296 3212 2364 quod
3252 2297 3317 2350 de
3346 2295 3566 2360 Basilio,

1993 2387 2277 2457 Gregorio,
2314 2386 2520 2442 Joanne
2566 2389 2959 2458 ChrysoStenro
3003 2398 3057 2441 et
3103 2388 3223 2441 aliis
3256 2388 3569 2456 pronuntiat

1995 2477 2402 2543 Thomassinus,
2451 2481 2597 2534 nulla
2653 2496 2747 2535 eos
2793 2481 2903 2534 voti
2949 2481 3271 2534 necessitate
3316 2481 3569 2535 astrictos

1993 2569 2203 2624 fuisse?
2242 2570 2373 2635 Quis
2401 2571 2608 2625 dubitet
2635 2571 2763 2639 quin
2791 2572 2850 2624 S.
2880 2570 3181 2640 Cyprianus
3212 2579 3469 2639 perpetuo
3489 2584 3569 2623 se-

1992 2676 2050 2715 se
2094 2662 2409 2732 obligaverit
2454 2671 2599 2726 voto,
2646 2678 2766 2716 cum
2794 2663 2935 2717 bona
2968 2677 3064 2717 sua
3106 2662 3429 2730 pauperibus
3458 2662 3569 2715 dis-

1995 2754 2203 2816 tribuit,
2253 2769 2317 2807 ac
2350 2755 2736 2808 continentiam
2785 2755 2957 2808 adhuc
2989 2755 3410 2809 catechumenus
3449 2769 3569 2806 am-

1992 2846 2184 2914 plexus
2216 2845 2337 2900 est?
2365 2845 2589 2899 Miratur
2620 2845 2842 2900 Pontius
2868 2855 3071 2899 tantum
3097 2847 3149 2899 in
3178 2846 3568 2901 catechumeno

1990 2938 2275 2991 fervorem.
2308 2935 2456 2989 Inter
2484 2936 2607 3004 fidei
2638 2954 2768 3002 sutc,
2817 2938 3008 3007 inquit,
3054 2939 3225 3005 prima
3267 2937 3563 2989 rudimenta

1990 3029 2120 3082 nihil
2148 3029 2294 3082 aﬁud
2327 3031 2549 3083 credidit
2594 3028 2703 3084 Deo
2731 3031 2970 3099 dignum,
3004 3045 3162 3097 quam
3209 3029 3254 3082 si
3300 3027 3568 3081 continen-

1916 3160 1956 3213 Ο
1993 3124 2121 3173 tiam
2163 3129 2458 3174 tueretur...
2499 3120 2631 3186 Quis
2663 3139 2892 3191 unquam
2932 3123 3069 3173 tanti
3112 3120 3354 3173 miraculi
3383 3120 3567 3173 memi-

1995 3210 2109 3262 nit?
2159 3209 2340 3279 lnepta
2372 3226 2595 3279 prorsus
2644 3221 2700 3265 et
2742 3214 2972 3265 absurda
3012 3210 3260 3264 laudandi
3315 3210 3472 3274 ratio,
3517 3210 3562 3263 si

1992 3303 2375 3356 continentiam
2398 3304 2705 3373 Cyprianus
2727 3314 3038 3372 perpetuam
3065 3316 3171 3355 non
3199 3311 3439 3365 voverat,
3468 3303 3563 3356 sed

1991 3394 2055 3445 ad
2083 3403 2292 3461 tempus
2312 3394 2539 3447 colebat.
2572 3393 2750 3460 Quare
2775 3394 2989 3448 etiamsi
3036 3393 3352 3463 Gregorium
3380 3408 3566 3447 mona-

1990 3484 2153 3539 steria
2194 3500 2301 3538 non
2345 3486 2680 3551 habuissent,
2725 3500 2829 3540 non
2873 3484 3081 3539 idcirco
3129 3497 3381 3551 magnum
3434 3483 3565 3538 illud

1988 3584 2369 3629 ornamentum
2403 3578 2703 3631 monastico
2742 3577 2989 3631 instituto
3029 3576 3166 3645 eripi
3206 3585 3404 3645 posset.
3456 3576 3564 3631 Sed

1991 3676 2171 3721 tamen
2208 3668 2423 3737 probari
2459 3677 2632 3737 potest
2674 3683 2797 3721 eum
2843 3686 2949 3723 non
2982 3668 3257 3723 minimam
3286 3670 3409 3723 vita:
3438 3681 3566 3736 par-

2004 3766 2115 3812 tem
2156 3760 2209 3813 in
2237 3760 2563 3815 monasterio
2588 3760 2907 3815 traduxisse.
2934 3761 2986 3813 In
3018 3761 3342 3815 monasterio
3376 3760 3560 3814 Basilii

1988 3859 2353 3905 commoratus
2408 3860 2491 3904 est
2551 3849 2860 3918 aliquandiu
2922 3861 3209 3918 antequam
3279 3851 3561 3921 presbyter

1990 3951 2289 4005 crearetur,
2329 3953 2385 3996 et
2427 3942 2639 4009 qualem
2683 3943 2757 3997 ibi
2801 3944 2967 3996 vitam
2989 3945 3180 4011 egerit,
3210 3944 3426 4012 egregie
3456 3944 3554 3995 de-

1988 4024 2257 4089 scribit'in
2281 4048 2366 4101 ep.
2389 4032 2422 4086 8
2456 4044 2506 4087 et
2535 4034 2589 4088 9.
2617 4033 2770 4089 Unde
2808 4048 2913 4088 non
2945 4032 3472 4108 immeritoBasilius
3498 4032 3550 4085 in

1988 4124 2146 4192 epist.
2174 4122 2302 4187 Q25,
2327 4141 2383 4177 ιι.
2418 4124 2473 4191 5,
2506 4134 2731 4178 testatur
2770 4139 2952 4178 secum
2990 4125 3040 4177 in
3070 4121 3557 4185 monasterioGre-

1990 4216 2200 4281 gorium
2251 4216 2391 4269 idem
2429 4215 2553 4269 vitae
2596 4216 2898 4269 institutum
2944 4225 3185 4269 secutum
3228 4229 3369 4268 esse.
3406 4213 3562 4281 Fugit

1988 4305 2282 4374 Gregorius
2329 4307 2381 4359 in
2427 4308 2669 4361 eamdem
2709 4307 3049 4361 solitudinem
3087 4309 3366 4375 presbyter
3399 4320 3554 4358 crea-

1991 4406 2094 4450 tus.
2132 4396 2281 4451 Haud
2307 4398 2418 4452 scio
2447 4413 2513 4450 au
2538 4400 2590 4450 in
2625 4398 2964 4451 solitudinem
2990 4398 3299 4452 mOnasterii
3325 4411 3382 4451 se
3409 4410 3558 4449 rece-

322 4498 422 4540 tem
471 4489 690 4543 abesset
737 4488 906 4545 fastus
938 4490 1258 4559 periculum,
1304 4501 1359 4545 et
1398 4492 1755 4560 posteriorum
1801 4502 1883 4546 tu—
1914 4502 1959 4557 1)
1988 4488 2146 4556 perit,
2172 4503 2292 4541 cum
2324 4488 2586 4542 rursusiu
2611 4499 2843 4542 montem
2868 4488 3143 4557 fugitpost
3164 4485 3555 4540 ordinationem

318 4579 533 4632 inultus.

384 4670 525 4724 Idem
550 4686 693 4739 ergo
742 4672 1071 4741 propositum
1124 4671 1223 4728 fuit
1264 4672 1527 4742 Gregorio
1560 4683 1611 4729 et
1648 4674 1877 4730 Basilio.

322 4759 543 4832 Utrique
583 4765 928 4817 solitudinem
964 4780 1082 4819 cum
1118 4767 1289 4821 sacris
1328 4768 1526 4822 litteris
1559 4769 1885 4838 conjungere

320 4852 509 4906 volenti
540 4868 638 4906 nec
659 4855 1109 4909 anacltoretarum
1138 4858 1410 4911 arridebat
1432 4860 1537 4912 vita
1581 4875 1677 4913 nec
1713 4862 1885 4929 miga-

317 4944 457 4996 duut.
495 4944 573 4996 Ac
609 4944 676 4997 de
701 4944 900 4999 Basilio
925 4946 1141 5014 quidem
1185 4956 1331 5001 certa
1378 4957 1431 5002 et
1466 4950 1740 5017 explorata
1794 4966 1880 5005 res

288 5042 408 5109 ‘est,
450 5048 575 5087 eum
624 5035 820 5089 vixisse
865 5036 917 5089 in
955 5039 1281 5093 monasterio
1332 5050 1386 5094 et
1438 5040 1717 5109 discipulis
1767 5041 1881 5096 suis

315 5125 551 5179 eamdem
604 5127 817 5179 vivendi
862 5126 1088 5181 fortnam
1137 5131 1550 5199 praescripsisse,
1599 5148 1763 5201 quam
1825 5134 1878 5186 in

318 5218 651 5271 iuonasteriis
683 5216 900 5288 [Egypti
933 5220 1163 5283 viderat,
1212 5223 1283 5275 ita
1317 5232 1375 5276 ut
1421 5238 1520 5276 nec
1559 5225 1882 5277 necessariis

317 5309 380 5361 ad
420 5324 600 5363 sacras
643 5310 855 5365 litteras
899 5312 1179 5380 prmsidiis,
1219 5325 1273 5366 ut
1303 5316 1669 5381 anaclioretm,
1725 5331 1882 5368 care«

318 5405 451 5457 rent,
500 5412 599 5451 nec
647 5408 705 5452 ut
758 5401 1016 5469 migades,
1072 5402 1293 5455 nimium
1347 5404 1627 5456 cliaritatis
1686 5406 1879 5459 officiis

316 5492 697 5547 mersarentur,
738 5487 833 5539 sed
864 5488 1253 5541 meditarentur
1278 5500 1332 5543 ut
1355 5492 1536 5559 primi,
1560 5494 1879 5559 prodessent

315 5576 368 5620 ut
402 5572 641 5624 secundi.
685 5571 803 5641 Ipse
843 5579 1152 5632 monasterii
1205 5579 1337 5634 situs
1389 5580 1649 5635 adferebat
1695 5585 1875 5638 omnia

379 5755 452 5827 (ᾳ)
493 5760 673 5808 Carm.
706 5757 767 5809 de
796 5757 918 5811 vita.

1991 4577 2350 4633 Sasimensem
2381 4579 2478 4649 (a),
2516 4589 2625 4642 aut,
2642 4594 2763 4633 cum
2798 4595 2940 4633 anno
2981 4577 3087 4631 575
3131 4574 3432 4631 Seleuciam
3467 4590 3557 4627 se-

1990 4671 2172 4735 cessit,
2204 4681 2262 4723 ut
2286 4673 2427 4739 quod
2462 4672 2658 4725 dudum
2695 4676 3010 4725 decreverat
3039 4669 3245 4723 amicos
3267 4676 3321 4722 et
3344 4667 3554 4736 negotia

1988 4759 2191 4828 fugere,
2224 4760 2274 4812 id
2305 4762 2515 4813 tandem
2542 4760 2843 4828 perficeret.
2878 4760 2982 4812 Sed
3005 4768 3149 4812 certe
3182 4756 3413 4811 dubitari
3452 4772 3553 4809 nou

1989 4859 2165 4918 potest
2193 4851 2343 4918 quin,
2388 4852 2611 4919 abjectis
2658 4850 3263 4918 Constantinopolitanae
3302 4848 3555 4903 Ecclesia:

1987 4940 2387 5007 gubernaculis,
2420 4942 2529 4994 ruri
2556 4942 2801 4993 monachi
2830 4941 2993 4993 vitam
3022 4939 3210 5008 egerit,
3242 4950 3300 4992 ut
3329 4946 3557 4991 testatur

1987 5029 2366 5100 Hieronymus,
2403 5042 2457 5086 et
2494 5048 2614 5086 cum
2644 5031 2923 5087 monachis
2950 5031 3167 5086 vixerit.
3204 5039 3262 5084 ut
3298 5030 3555 5084 discimus

1986 5136 2053 5173 ex
2082 5120 2361 5188 Facundo,
2388 5122 2483 5177 lib.
2518 5138 2615 5187 vn,
2640 5137 2690 5177 c.
2725 5123 2781 5176 7.
2817 5142 2825 5151 -

2598 5215 2826 5270 CAPUT
2868 5215 2933 5270 ν.

1986 5304 2028 5360 1.
2069 5304 2125 5357 S.
2157 5305 2387 5359 Basilius
2414 5324 2530 5360 cum
2560 5307 2837 5361 Eustathio
2872 5308 3152 5362 Sebasteno
3180 5304 3417 5358 amicitia
3436 5320 3555 5357 con-

2050 5377 2314 5444 jungitur.
2367 5377 2423 5430 ll.
2470 5381 2655 5444 Qualis
2696 5381 2775 5431 vir
2832 5379 3029 5431 exstitit
3084 5374 3416 5427 Eustathius.
3464 5374 3549 5427 Ill.

2056 5446 2268 5512 Derepit
2300 5451 2455 5499 etiam
2485 5449 2544 5501 S.
2576 5448 2857 5501 Eusebium
2901 5447 3316 5501 Santosalensem
3356 5445 3554 5496 Eusta-

2057 5518 2194 5566 thius
2221 5520 2344 5581 [ἐιιεὶ
2382 5523 2614 5569 studium
2657 5531 2701 5571 et
2742 5519 3072 5571 sanctitatem
3111 5531 3218 5583 pra:
3264 5531 3317 5566 se
3361 5517 3549 5581 lerens.

2056 5584 2141 5638 IV.
2176 5586 2465 5641 Damnatus
2502 5594 2700 5643 videtur
2729 5589 2882 5641 ruisae
2914 5590 2964 5640 in
2990 5588 3206 5641 concilio
3239 5583 3547 5652 Gaugrensi.
