3958 6212
418 355 489 393 ιιι
1764 341 1981 397 PBOLE

2086 342 2290 400 MENA.

495 456 572 535 V._
610 454 884 535 Nonnulja
930 457 1393 535 adversusuhauc.
1429 460 1749 535 sententiain
1772 460 1992 535 _objecta_
2023 464 2067 519 Α
2093 460 2253 523 ciam,
2279 474 2342 515 ac
2363 460 2556 516 iterum
2588 476 2647 516 se
2678 461 2866 517 eodem
2890 464 3121 519 artiﬁcio
3144 466 3411 535 purgavit.
3439 467 3675 523 Addixit

495 528 785 580 solvuntur.
824 527 906 581 Vl.
943 527 1055 580 Non
1081 527 1221 580 Aelii
1257 528 1503 597 magister
1533 527 1869 595 Eustathius,
1903 532 1993 583 sed

493 597 659 650 Aerii.

502 752 542 789 ι.
582 735 802 789 Videtur
830 734 1058 789 Basilius
1083 743 1210 787 tunc
1239 735 1468 803 primum
1510 733 1804 789 amicitiam
1837 733 1991 788 iniis-

423 839 484 879 se
543 839 666 879 cum
732 824 1010 879 Eustathio
1072 824 1373 880 Sebasteno
1411 824 1638 893 ejusque
1692 824 1990 894 discipulis,

423 932 545 972 cum
593 915 752 970 rediit
793 931 858 969 ex
899 915 1137 971 Oriente.
1188 914 1302 985 Ipse
1350 916 1490 971 enim
1530 919 1597 970 ad
1643 916 1745 971 hoc
1782 924 1993 988 tempus

422 1008 634 1063 initium
669 1007 834 1061 refert
862 1006 1020 1075 hujus
1044 1006 1464 1075 conjunctionis,
1497 1008 1566 1063 ob
1593 1022 1754 1077 quam
1782 1012 1990 1079 gravis-

421 1098 571 1153 simae
603 1096 652 1151 ei
684 1098 941 1152 molestia:
970 1107 1026 1150 et
1071 1113 1100 1150 a
1142 1098 1381 1166 pluribus
1408 1096 1526 1153 aliis
1559 1113 1615 1152 et
1645 1099 1713 1154 ab
1740 1099 1856 1170 ipso
1893 1101 1989 1156 de-

421 1205 567 1244 mum
591 1190 873 1244 Eustathio
896 1191 1225 1244 acciderunt.
1250 1188 1533 1261 Narrat(a)
1560 1204 1619 1245 se
1637 1205 1702 1245 ex
1730 1204 1995 1249 monaste-

420 1280 519 1334 riis
539 1280 776 1336 Orientis
806 1289 861 1333 et
891 1278 1110 1349 Egypti
1147 1279 1478 1345 redeuntem,
1520 1296 1643 1335 cum
1693 1284 1848 1350 hujus
1870 1286 1991 1340 vita:

422 1371 720 1426 imitatores
746 1370 797 1425 in
831 1373 999 1440 patria
1036 1371 1345 1439 reperisset,
1371 1371 1572 1442 aliquid
1608 1372 1895 1441 atljutnenti
1922 1378 1989 1430 ad

420 1462 648 1517 salutem
691 1462 792 1517 sibi
825 1463 996 1516 visum
1034 1477 1153 1516 esse
1183 1465 1440 1531 reperire.
1483 1463 1630 1517 Multi
1671 1478 1792 1518 eum
1823 1465 1991 1519 abdu-

418 1556 614 1608 ccbant
656 1553 723 1607 ab
768 1554 869 1607 hac
899 1553 1306 1616 consuetudine,
1334 1561 1390 1607 et
1428 1566 1457 1606 a
1504 1553 1745 1608 moribus
1786 1568 1851 1608 ac
1888 1553 1990 1608 ﬁde

417 1643 682 1699 Lustathii
719 1645 1015 1697 cavendum
1049 1644 1365 1697 monebant.
1388 1642 1495 1696 Sed
1517 1640 1750 1696 Basilius
1775 1642 1841 1695 de
1881 1643 1986 1695 vita

417 1735 688 1788 Eustathii
731 1732 994 1802 judicium
1047 1732 1254 1787 ferebat
1298 1747 1365 1786 ex
1411 1732 1496 1787 his
1531 1746 1652 1801 qua:
1675 1731 1845 1787 oculis
1876 1732 1987 1786 suis

2095 565 2156 605 se
2177 550 2374 605 Basilio
2403 552 2711 622 Ancyrano,
2743 555 2906 623 eique
2933 570 3152 625 operam
3185 558 3399 612 navavit
3429 559 3481 612 in
3507 558 3677 613 refel-

2094 644 2254 698 lendo
2287 641 2467 706 Aetio,
2515 658 2672 712 quem
2726 643 2876 699 falsis
2905 646 3222 703 criminibus
3268 650 3405 716 apud
3449 647 3671 704 Gallum

2093 734 2357 790 Caesarem
2395 734 2449 787 in
2485 733 2739 788 invidiam
2777 736 3132 801 adduxerunt,
3174 738 3218 790 si
3248 739 3379 793 ﬁdes
3405 738 3670 792 adbihen-

2093 822 2159 877 da
2204 821 2563 891 Philostorgio
2609 820 2710 893 (ά).
2754 822 3029 879 Dederunt
3064 827 3112 880 ei
3155 827 3361 889 Ariani,
3414 836 3548 883 teste
3604 828 3670 882 S.

2090 914 2384 971 Athanasio
2405 914 2495 987 (ε),
2519 916 2882 985 episcopatum
2901 915 3275 984 Sebastenum,
3305 929 3361 973 ut
3383 936 3506 975 eum
3531 934 3674 974 cen-

2091 1007 2338 1062 siliorum
2390 1022 2607 1062 suorum
2662 1007 2955 1076 adjutorem
3021 1010 3300 1064 haberent.
3352 1010 3458 1067 Sed
3502 1010 3676 1080 paulo

2094 1106 2221 1166 post
2262 1113 2385 1153 cum
2430 1098 2645 1168 plurimi
2674 1100 2908 1169 episcopi
2961 1101 3030 1154 ab
3074 1101 3289 1157 Arianis
3333 1104 3672 1173 impietatem

2094 1200 2279 1260 aperte
2306 1191 2727 1261 praedicantibus
2751 1208 2871 1248 sese
2900 1194 3286 1264 disiungerent,
3311 1210 3375 1250 ac
3402 1196 3571 1266 gratia
3612 1206 3674 1250 et

2056 1283 2416 1338 auctoritate
2465 1283 2753 1353 plurimum
2806 1284 3067 1349 valerent,
3105 1287 3286 1355 junxit
3335 1301 3395 1342 se
3428 1301 3548 1342 cum
3581 1288 3673 1342 eis

2092 1366 2429 1437 Edstathius,
2461 1388 2760 1443 eorumque
2787 1384 2969 1444 partes
3007 1385 3245 1431 sectatus
3271 1386 3354 1431 est
3385 1376 3436 1431 in
3472 1378 3669 1433 conci-

2090 1464 2162 1518 lio
2183 1463 2492 1535 Ancyrano,
2519 1465 2607 1519 ubi
2632 1464 3098 1521 Consubstantiale
3141 1468 3668 1522 anathematizatum

2088 1564 2191 1618 est,
2226 1567 2280 1608 et
2309 1556 2361 1610 in
2390 1554 2742 1622 Seleuciensi,
2771 1557 2861 1611 tibi
2897 1556 3166 1627 proposita
3200 1566 3283 1611 est
3320 1557 3669 1612 Antiochena

2070 1636 2211 1699 'ﬁdei
2236 1644 2486 1700 formula.
2525 1646 2690 1700 Paulo
2728 1656 2852 1716 post
2879 1647 3095 1702 Arianis
3120 1646 3517 1703 dominantibus
3535 1664 3671 1703 suc-

2089 1737 2276 1790 cubuit
2319 1737 2660 1804 Eustathius,
2717 1753 2782 1794 ac
2823 1740 3090 1794 haeretica:
3128 1738 3371 1793 formula:
3419 1740 3670 1794 subscri-

418 1826 667 1891 videbat;
696 1824 1019 1879 humilitatis
1046 1833 1422 1894 argumentum
1463 1837 1585 1878 esse
1627 1824 1860 1878 ducebat
1891 1825 1989 1877 lzu-
2020 1834 2061 1888 Β
2092 1830 2219 1897 psit,
2268 1843 2368 1883 nec
2411 1838 2592 1883 tamen
2640 1830 3028 1900 depositionem
3067 1839 3121 1885 et
3153 1830 3402 1884 exsilium
3451 1828 3665 1900 eﬁugit.

417 1916 597 1971 milem
639 1927 844 1972 vestem
884 1915 1291 1985 :suspicionem
1339 1928 1552 1970 omnem
1606 1914 1864 1970 arcebant
1916 1915 1985 1970 ab

413 2010 534 2079 ejus
563 2009 744 2064 animo
765 2009 1140 2064 vestimentum
1175 2024 1442 2073 crassum,
1493 2023 1649 2075 zona,
1687 2023 1719 2064 e
1751 2009 1866 2063 rudi
1892 2023 1985 2062 co-

418 2106 500 2157 rio
547 2103 939 2168 calceamenta,
991 2113 1264 2157 austerum
1306 2101 1519 2154 vivendi
1555 2115 1743 2169 genus.
1801 2101 1986 2170 Itaque

420 2208 667 2250 morosus
709 2204 829 2248 erat
868 2194 1039 2248 laudis
1067 2192 1334 2247 Eustathii
1371 2192 1654 2258 defensor;
1698 2207 1762 2247 ac
1802 2208 1867 2247 ne
1897 2191 1985 2246 illa

416 2286 631 2354 quidem
667 2286 946 2352 probabat,
974 2300 1093 2355 quae
1119 2286 1184 2341 de
1207 2285 1347 2340 illius
1370 2287 1472 2341 ﬁde
1498 2286 1832 2349 dicebantur,
1860 2298 1983 2338 eum

412 2379 482 2433 ab
512 2378 641 2431 Ario
669 2378 918 2432 edoctum
949 2392 1090 2440 esse,
1131 2393 1196 2432 ac
1227 2378 1340 2431 Arii
1373 2379 1621 2449 dogmata
1656 2376 1794 2431 clam
1827 2391 1982 2443 spar-

413 2479 577 2533 gere;
606 2466 700 2519 sed
736 2481 856 2519 cum
897 2467 1012 2520 hmc
1047 2464 1277 2521 Basilius
1326 2481 1598 2536 nunquam
1638 2466 1753 2533 ipse
1794 2479 1892 2534 per
1924 2481 1983 2521 se

414 2557 694 2622 audiisset,
728 2558 1095 2627 sycophantas
1136 2570 1256 2613 esse
1294 2558 1535 2628 putabat,
1566 2559 1657 2626 qui
1695 2558 1807 2612 hate
1833 2574 1984 2612 nun-

416 2649 641 2702 tiabant.
665 2646 924 2717 Equidem
949 2663 1054 2702 non
1089 2650 1259 2709 miror
1287 2649 1340 2703 itt
1369 2649 1656 2704 candidum
1677 2647 1860 2703 Basilii
1891 2664 1983 2719 pe-

415 2751 534 2795 ctus
559 2742 762 2795 aditum
803 2756 908 2796 non
941 2742 1211 2809 habuisse,
1251 2757 1371 2811 qua:
1402 2744 1472 2798 de
1511 2743 1792 2799 Eustatbiu
1838 2745 1984 2799 dice-

417 2834 631 2886 bantur.
663 2834 910 2900 Accepta:
951 2833 1095 2886 enim
1141 2834 1210 2887 ab
1249 2834 1381 2889 Ario
1420 2835 1712 2903 disciplinae
1744 2844 1864 2902 post
1907 2846 1984 2890 tot

412 2940 584 2979 annos
603 2926 689 2978 vix
714 2924 825 2994 jam
854 2924 943 2978 ulli
971 2933 1135 2979 testes
1169 2926 1220 2977 in
1245 2924 1584 2995 Cappadocia
1619 2936 1937 2995 supererant
1963 2944 1977 2980 :

411 3018 679 3073 occultum
725 3018 963 3088 ejusdem
1015 3018 1233 3073 haeresis
1269 3019 1505 3074 studium
1553 3036 1657 3074 non
1690 3021 1846 3075 facile
1887 3023 1982 3076 dc-

415 3110 670 3180 prehendi
698 3119 928 3179 poteral.
961 3108 1067 3163 Sed
1105 3124 1343 3164 amorem
1388 3111 1442 3165 in
1481 3110 1819 3165 Eustathium
1866 3112 1982 3167 Ion-

2092 1917 2275 1972 Rcdiit
2294 1920 2394 1972 sub
2414 1917 2654 1982 Juliano,
2689 1934 2753 1973 ac
2777 1919 2939 1974 variis
2962 1921 3213 1989 deinceps
3246 1918 3489 1974 formulis
3526 1922 3668 1975 sub-

2091 2011 2306 2081 scripsit
2332 2012 2477 2065 Zelis
2503 2021 2557 2065 et
2584 2011 2886 2082 Lampsaci,
2917 2012 3134 2067 Arianis
3154 2026 3366 2081 semper
3392 2012 3663 2078 infensus,

2090 2110 2144 2156 et
2167 2118 2287 2156 cum
2316 2104 2382 2157 iis
2410 2104 2501 2172 qui
2540 2101 2863 2157 Semiariani
2897 2103 3235 2169 dicebantur,
3262 2113 3408 2158 arcte
3427 2104 3665 2174 conjun-

2090 2202 2232 2247 ctus.
2249 2193 2364 2269 Sed
2404 2203 2579 2247 tamen
2620 2193 2992 2263 persecutione
3023 2202 3144 2262 post
3174 2193 3462 2248 concilium
3490 2191 3666 2247 Lam-

2090 2299 2382 2354 psacenum
2412 2286 2838 2356 ingravescente,
2885 2285 3205 2355 subscripsit
3246 2287 3512 2341 haeretica:
3545 2285 3667 2340 for-

2091 2376 2249 2431 mula;
2280 2395 2295 2431 :
2331 2388 2530 2432 etcum
2556 2392 2618 2432 ea
2648 2392 2735 2432 res
2763 2392 3014 2447 magnum
3051 2378 3168 2447 ejus
3196 2377 3396 2431 nomini
3423 2378 3665 2432 dedecus

2090 2468 2350 2533 inureret,
2385 2467 2612 2524 Romam
2644 2468 2817 2537 petiit,
2842 2469 2930 2524 ubi
2957 2468 3228 2524 Nicmnam
3269 2469 3425 2523 fidem
3450 2470 3666 2538 profes-

2088 2574 2184 2615 sus
2227 2567 2328 2625 est,
2381 2573 2447 2613 ac
2471 2574 2537 2614 ea
2570 2559 2879 2615 conditione
2910 2574 2942 2614 a
2973 2559 3187 2615 Liberio
3222 2574 3354 2630 papa
3388 2565 3661 2632 receptus.

2089 2649 2322 2706 Rediens
2345 2649 2601 2714 libellum,
2626 2651 2718 2721 qui
2739 2651 2984 2705 eamdem
3009 2651 3166 2705 ﬁdem
3195 2651 3530 2718 continebat,
3564 2653 3666 2708 ob-

2091 2741 2209 2795 tulit
2234 2742 2444 2812 synodo
2476 2739 2808 2810 Thyanensi.
2840 2740 3025 2796 Crevit
3063 2742 3388 2796 Arianorum
3417 2744 3660 2811 potentia

2087 2833 2188 2888 sub
2219 2831 2465 2897 Valente,
2515 2848 2579 2887 ac
2621 2843 2824 2887 metum
2869 2832 3046 2888 intulit
3077 2832 3380 2898 Eustathio,
3437 2850 3504 2889 ne
3530 2850 3663 2889 sen-

2088 2924 2253 2978 temia
2275 2924 2327 2977 in
2358 2940 2480 2978 eum
2516 2924 2643 2979 olim
2675 2923 2781 2978 lata
2815 2935 3184 2979 renovaretur.
3220 2925 3398 2992 Quare
3421 2928 3658 2982 medium

2085 3027 2145 3067 se
2163 3028 2284 3067 esse
2311 3012 2618 3068 Catholicos
2641 3014 2780 3070 inter
2809 3023 2864 3069 et
2893 3015 3177 3083 haereticos
3199 3016 3387 3081 voluit,
3412 3026 3471 3069 ut
3492 3026 3547 3071 et
3570 3016 3660 3069 fa-

2088 3117 2187 3156 ma:
2217 3118 2329 3157 sua:
2356 3103 2680 3169 consuleret,
2732 3118 2833 3158 nec
2862 3103 3096 3158 Arianos
3129 3104 3385 3158 irritaret.
3412 3104 3661 3160 Detrain

413 3202 534 3271 gius
564 3199 902 3268 promovebit
938 3198 1189 3264 Basilius,
1233 3200 1325 3269 qui
1354 3216 1480 3255 cum
1521 3216 1642 3255 eum
1670 3198 1979 3256 Constanti-
2009 3188 2051 3247 C
2084 3196 2132 3248 ei
2168 3193 2396 3249 Basilius
2434 3195 2576 3248 hunc
2620 3195 2781 3249 medii
2813 3194 3045 3263 hominis
3082 3204 3279 3249 statum
3317 3205 3370 3250 et
3400 3196 3451 3249 in
3487 3198 3658 3252 verba

415 3290 592 3362 nopoli
631 3289 736 3344 labi
779 3299 834 3343 et
864 3291 964 3343 sub
999 3290 1221 3345 Valente
1253 3291 1417 3346 relabi
1450 3291 1672 3356 videbit,
1717 3293 1837 3346 ficta
1866 3292 1982 3360 ejus

412 3383 728 3453 paenitentia
771 3384 1026 3452 deceptus
1059 3383 1126 3436 ab
1152 3398 1218 3436 eo
1246 3382 1517 3451 diligendo
1561 3393 1616 3438 et
1646 3383 1982 3439 defendendo

412 3487 518 3527 non
545 3472 806 3538 discedet,
832 3487 932 3526 nec
958 3473 1007 3527 ei
1034 3474 1464 3528 communionem
1496 3475 1845 3543 renuntiabit,
1878 3476 1978 3530 nisi

414 3580 535 3618 cum
569 3563 718 3618 illius
749 3565 1042 3634 nequitiam
1075 3578 1182 3619 non
1209 3565 1381 3618 solum
1417 3564 1587 3619 oculis
1630 3580 1693 3620 ac
1736 3567 1981 3620 manibus

413 3656 852 3724 comprehendet,
891 3656 985 3710 sed
1022 3656 1186 3710 etiam
1211 3655 1558 3711 insanabilem
1593 3670 1712 3710 esse
1740 3656 1981 3711 animad-

413 3757 607 3800 vertet.

484 3835 551 3889 ll.
597 3833 740 3889 Nihil
772 3836 917 3889 cnim
953 3834 1095 3890 aliud
1118 3834 1220 3889 fuit
1253 3834 1362 3889 vita
1393 3835 1678 3899 Eustathii,
1723 3836 1822 3891 nisi
1855 3851 1978 3905 per-

410 3937 571 4000 petua
621 3928 843 3982 haeresis
895 3939 952 3982 et
1003 3928 1281 3982 catholica:
1333 3928 1593 3982 doctrinae
1645 3928 1978 3994 vicissitudo,

411 4030 570 4089 prout
611 4021 922 4075 alterutrum
974 4021 1275 4075 ambitiosis
1311 4020 1428 4089 ejus
1463 4020 1705 4075 consiliis
1745 4019 1974 4074 favebat.

410 4113 673 4183 Egressus
699 4110 1049 4175 Alexandria,
1091 4112 1178 4165 ubi
1231 4112 1370 4164 inter
1416 4111 1632 4166 intimos
1665 4111 1780 4165 Arii
1824 4111 1980 4166 disci-

410 4204 563 4274 pulos
600 4203 794 4267 fuerat,
838 4205 891 4257 in
935 4205 1140 4259 clerum
1177 4204 1571 4258 Antiochenum
1615 4214 1841 4259 conatus
1891 4214 1977 4260 est

407 4295 674 4363 obrepere
705 4293 803 4364 (ὁ),
851 4294 1051 4357 oblata,
1094 4304 1151 4347 ut
1182 4295 1472 4349 verisimde
1516 4304 1621 4360 est,
1664 4310 1812 4351 sana:
1855 4296 1977 4351 ﬁdei

407 4383 772 4449 confessione,
799 4387 895 4440 sed
932 4401 961 4440 a
993 4385 1052 4440 S.
1092 4385 1368 4440 Eustathio
1399 4387 1630 4455 rejectus
1664 4398 1749 4442 est
1776 4389 1846 4442 ob
1876 4388 1977 4442 im-

407 4477 682 4546 pietatem.
718 4473 916 4530 Vernm
952 4478 1020 4531 ab
1062 4477 1276 4531 Arianis
1312 4487 1495 4546 postea
1529 4487 1777 4548 receptus
1802 4478 1978 4534 credi-

409 4578 518 4632 tur,
544 4583 608 4622 ac
646 4567 786 4622 forte
815 4567 884 4622 ab
913 4567 1140 4633 Eulalio,
1172 4569 1263 4639 qui
1299 4568 1522 4625 Paulino
1545 4570 1807 4626 successit
1835 4586 1974 4626 anno

406 4660 531 4723 551,
562 4660 613 4713 in
656 4661 799 4714 hunc
840 4660 1041 4714 clerum
1079 4662 1279 4714 ascitus
1313 4669 1415 4716 est.
1448 4660 1641 4717 Pulsus
1685 4661 1786 4717 hac
1819 4662 1973 4729 urbe,

405 4749 496 4802 ubi
538 4749 751 4803 Aetium
797 4749 995 4803 dicitur
1029 4749 1296 4813 docuisse,
1338 4749 1494 4804 rediit
1533 4751 1584 4804 in
1624 4752 1875 4822 patriam,
1909 4768 1974 4808 ac

408 4838 729 4906 llermogeni
785 4839 1114 4908 impietatem
1165 4838 1308 4894 illius
1356 4842 1734 4895 condemnanti
1787 4857 1972 4897 sanam

405 4927 528 4980 fidei
575 4926 971 4982 confessionem
1017 4929 1212 4984 obtulit
1267 4927 1361 5000 (ε),
1394 4939 1448 4982 et
1492 4928 1560 4983 ab
1587 4944 1652 4984 eo
1695 4931 1974 4986 ordinatus

403 5029 507 5073 est.
544 5017 621 5072 Eo
646 5028 858 5073 mortuo
894 5020 1119 5074 contulit
1155 5035 1215 5076 se
1247 5022 1314 5074 ad
1357 5019 1641 5075 Eusebium
1666 5020 1971 5076 Consumti-

405 5109 796 5178 nopolilamtm,
838 5124 869 5163 a
905 5125 1013 5180 quo
1042 5112 1227 5181 pulsus
1253 5112 1322 5166 ob
1347 5112 1556 5181 aliquas
1590 5126 1803 5176 causas,
1835 5127 1971 5181 quas

406 5197 634 5253 Basilius
682 5196 886 5252 referre
930 5197 1101 5252 noluit
1133 5198 1458 5269 (depositum
1506 5198 1670 5252 fuisse
1697 5199 1771 5251 ait
1799 5198 1968 5252 Sozo-

408 5305 596 5346 tnenus
619 5305 686 5345 eo
717 5291 859 5360 quod
889 5290 1067 5344 minus
1090 5291 1260 5347 fidelis
1287 5293 1339 5346 in
1365 5292 1667 5347 commissis
1690 5293 1968 5361 dispensa-

407 5384 643 5440 tionibus
692 5384 1054 5454 deprehensus
1101 5382 1309 5445 fuisset)
1387 5386 1546 5442 rediit
1593 5385 1646 5440 in
1689 5385 1967 5455 Cappado-

477 5567 554 5635 (a)
595 5565 692 5631 Ep.
713 5564 843 5626 2%3,
878 5582 930 5618 ιι.
954 5564 1008 5619 5.

477 5638 550 5704 (In
590 5637 846 5691 Albanas.
882 5635 980 5702 Ep.
1011 5635 1080 5688 ad
1106 5635 1246 5691 solit.

477 5712 549 5776 (ι’)
589 5706 685 5776 Ep.
718 5705 842 5768 Ἠλὶ,
875 5721 928 5758 ιι.
953 5705 1006 5758 9.

475 5777 554 5847 (ά)
593 5775 709 5832 Lib.
740 5791 821 5836 ιιι.
850 5791 897 5828 c.
936 5776 1020 5840 lli,
1045 5775 1132 5829 ‘27.

2082 3285 2294 3341 Nicaena
2316 3288 2504 3355 jurare
2541 3286 2718 3355 coegit
2746 3299 2890 3341 anno
2917 3285 3041 3341 575.
3091 3287 3162 3339 At
3191 3285 3280 3340 ille
3310 3287 3399 3340 ubi
3422 3288 3553 3341 vidit
3585 3304 3654 3342 ex

2080 3392 2144 3433 ea
2174 3392 2235 3432 re
2287 3391 2541 3447 magnum
2588 3375 2806 3446 aliquod
2850 3377 3245 3431 incommodum
3291 3379 3423 3433 oriri
3471 3394 3652 3448 posse,

2081 3479 2297 3521 omnem
2320 3463 2671 3519 acerbitatem
2708 3465 2762 3517 in
2784 3463 3041 3518 Basiliam
3071 3461 3281 3529 eﬁ‘udit,
3323 3472 3380 3517 ut
3416 3464 3657 3533 placaret

2081 3554 2336 3609 Arianos.
2366 3553 2574 3608 Secuta;
2600 3563 2728 3609 sunt
2757 3553 2922 3609 variae
2955 3552 3220 3618 formulae,
3263 3568 3491 3622 quarum
3521 3554 3657 3609 alte-

2085 3660 2225 3710 ram,
2256 3645 2471 3702 Gelasio
2502 3646 2734 3716 quodam
2767 3660 2900 3716 prop
2913 3654 3133 3710 oncutc,
3156 3647 3208 3699 in
3239 3646 3422 3701 Cilicia
3452 3649 3657 3716 recepit

2082 3740 2269 3794 eodem
2292 3753 2460 3805 anno,
2489 3739 2713 3794 alteram
2750 3738 2929 3809 Cyzici
2971 3739 3181 3794 duobus
3221 3749 3337 3809 post
3358 3740 3533 3795 annis.
3562 3738 3657 3795 lu-

2085 3829 2244 3884 terim
2277 3840 2477 3893 tamen,
2500 3845 2601 3885 nec
2627 3829 2845 3884 Arianis
2873 3830 3124 3885 catholici
3161 3817 3443 3901 dogmatis.
3463 3830 3651 3885 defer.-

2082 3934 2193 3986 sor,
2240 3935 2340 3976 nec
2380 3921 2672 3976 Catholicis
2705 3921 2938 3975 Arianus
2982 3921 3154 3977 videri
3207 3921 3435 3987 volebat,
3478 3922 3652 3977 donec

2084 4013 2302 4067 tandem
2331 4028 2473 4067 anno
2495 4011 2601 4067 575
2637 4025 2867 4068 exeunte
2891 4013 3172 4084 perfractis
3199 4015 3449 4069 omnibus
3480 4017 3650 4085 pudo-

2080 4107 2156 4161 ris
2186 4105 2456 4176 repagulis
2477 4120 2598 4161 sese
2625 4121 2745 4162 cum
2770 4105 2987 4162 Arianis
3021 4106 3198 4176 palam
3221 4114 3277 4161 et
3295 4116 3493 4177 aperte
3515 4122 3649 4161 cou-

2072 4196 2274 4264 junxit.

2146 4286 2237 4343 lll.
2275 4286 2420 4343 Talis
2456 4298 2576 4343 erat
2599 4288 2938 4353 Eustathius,
2989 4289 3075 4343 cui
3109 4288 3340 4345 Basilius
3371 4291 3423 4344 in
3472 4292 3646 4346 maxi-

2077 4380 2180 4434 mis
2247 4380 2409 4435 rebus
2478 4379 2781 4434 conlidebat
2823 4382 2915 4449 (1),
2974 4381 3128 4451 cujus
3183 4382 3470 4451 discipulos
3521 4384 3646 4438 vitae

2078 4485 2189 4525 suae
2210 4470 2518 4540 praesidium
2539 4483 2661 4525 esse
2694 4471 2925 4525 ducebat
2959 4473 3055 4540 (g).
3090 4470 3195 4526 Sed
3232 4487 3334 4526 non
3364 4472 3464 4526 soli
3495 4472 3647 4529 Basi-

2079 4559 2150 4614 lio
2174 4559 2485 4615 Eustathius
2514 4558 2703 4615 illusit.
2728 4558 2929 4613 Praeter
2958 4561 3089 4614 duos
3127 4561 3493 4617 (Imsarienses
3530 4565 3648 4634 epi-

2079 4667 2292 4721 scopos,
2349 4666 2487 4722 quos
2522 4665 2682 4720 supra
2735 4650 2972 4708 diximus
3009 4652 3291 4707 Eustathio
3328 4654 3599 4724 ignovisse
3627 4698 3643 4725 ,

2086 4744 2401 4799 amicissimi
2422 4743 2593 4799 cidem
2615 4751 2774 4798 erant
2792 4744 3221 4813 praestantissimi
3240 4745 3362 4810 viri,
3391 4745 3645 4805 Silvanus

2081 4835 2386 4903 Tarsensis,
2441 4850 2506 4890 ac
2557 4834 2671 4905 ipse
2698 4835 2881 4900 etiam,
2936 4849 3094 4905 quem
3122 4834 3356 4893 Basilius
3393 4839 3646 4895 Ecclesiae

2077 4929 2241 4983 decus
2269 4936 2326 4981 et
2350 4926 2596 4982 columen
2618 4941 2744 4993 esse.
2760 4927 2988 4992 sciebat,
3018 4928 3078 4982 S.
3107 4927 3368 4985 Eusebius
3389 4930 3647 4987 Samosa-
3712 4991 3721 5005 η

2079 5018 2266 5073 tensis.
2290 5016 2454 5071 Multa
2485 5017 2538 5070 in
2569 5016 2761 5072 litteris
2785 5015 2966 5071 Basilii
3004 5029 3217 5074 exstant
3255 5021 3504 5076 amicitiae
3535 5023 3648 5078 Eu-

2076 5110 2208 5164 subii
2263 5116 2320 5162 et
2365 5107 2632 5163 Eustathii
2681 5108 2876 5163 indicia
2910 5108 3010 5180 (It).
3055 5110 3105 5166 ls
3154 5122 3462 5168 nascentem
3503 5115 3648 5169 inter

2076 5197 2329 5254 Basilium
2366 5207 2422 5251 et
2455 5198 2792 5254 Eustathiun.
2838 5200 3162 5256 discordiam
3203 5205 3395 5259 sedare
3418 5218 3644 5262 conatus

2075 5300 2178 5346 est.
2224 5289 2460 5345 Vocatus
2501 5305 2643 5345 anno
2673 5291 2778 5345 572
2802 5292 2856 5346 in
2892 5294 3201 5349 Armeniam
3235 5294 3464 5353 Basilius
3499 5313 3527 5351 a
3579 5299 3640 5353 S.

2077 5382 2289 5438 Meletio
2312 5393 2365 5435 et
2391 5380 2691 5449 Theodoto.
2729 5394 2836 5440 tum
2871 5394 2930 5442 ut
2953 5387 3149 5443 festum
3175 5389 3462 5458 quemdam
3496 5389 3640 5445 diem

2172 5568 2224 5630 ε)
2254 5562 2382 5615 Ibid.

2173 5632 2218 5701 Ι)
2256 5631 2351 5701 Ep.
2384 5631 2507 5686 H9.

2151 5708 2224 5768 (g;
2264 5700 2359 5767 Ep.
2394 5702 2513 5756 151.

2152 5772 2228 5841 (It)
2260 5770 2352 5848 ρι’.
2393 5774 2474 5826 12.
2568 5815 2572 5818 .
