3958 6212
1609 304 2179 379 \iTa's.btquL
3421 321 3514 376 xii

242 447 374 496 'cum
416 442 494 496 eis
541 439 864 503 celebraret,
899 445 1016 493 tum
1058 447 1120 492 ἰιι
1149 438 1213 493 de
1245 439 1526 494 Eustatbio
1564 451 1839 512 ageretur,
1871 452 1918 508 Α
1950 445 2002 498 in
2035 441 2242 512 synodo
2294 438 2715 494 Neocazsariensi
2755 435 3278 492 e'xcomm’unicatum
3303 472 3320 500 ,
3369 443 3424 490 et
3460 437 3514 490 in

215 562 218 564 -
248 534 446 588 adesse
471 533 669 596 noluit,
702 541 987 604 propterea
1025 532 1169 599 quod
1198 532 1485 599 Eusebius,
1523 550 1552 587 a
1587 550 1692 603 quo
1723 535 1840 604 plu-

248 625 453 676 rimum
504 625 741 693 praesidii
806 626 873 677 ad
926 623 1191 678 Eustatbii
1245 624 1611 679 defensionem
1657 641 1842 695 spera-

245 713 340 767 bat
376 715 483 783 (a),
519 730 586 769 eo
618 716 802 769 venire
833 731 942 768 non
984 715 1173 782 potuit.
1221 716 1490 770 Ilabemus
1527 717 1578 769 in
1608 717 1840 786 epistola

246 803 353 858 105
409 803 780 875 Sophronium
838 805 1106 860 Eustathii
1175 806 1494 874 discipulum
1554 807 1839 862 Samosata

243 897 714 964 proﬁciscentem,
762 898 991 962 visendi,
1047 907 1102 950 ut
1138 898 1434 952 verisimile
1466 908 1570 960 est,
1624 899 1840 953 Eusebii

242 1003 440 1043 causa.
470 989 626 1044 IIanc
657 991 722 1044 de
753 989 1040 1044 Eustathio
1067 990 1340 1043 hominum
1367 992 1840 1059 priestantissimo-

239 1095 366 1135 rum
434 1084 743 1150 Opinionem
789 1082 1166 1136 commovebat
1213 1082 1458 1135 simulata
1515 1097 1620 1135 nou
1666 1082 1838 1137 solum

241 1173 578 1227 orthodoxa:
615 1173 738 1227 ﬁdei
783 1173 1070 1240 professio.
1112 1172 1204 1225 sed
1235 1173 1394 1225 etiam
1447 1174 1710 1226 acerrima
1745 1176 1840 1227 de-

244 1261 453 1318 fensio.
490 1261 702 1318 Nemini
735 1278 866 1316 sane
913 1263 968 1316 in
999 1264 1101 1317 hoc
1132 1278 1328 1332 genere
1355 1263 1708 1324 concedebat,
1747 1263 1837 1316 tibi

241 1368 302 1407 se
338 1355 631 1409 catholicis
655 1355 939 1408 addicebat
976 1356 1248 1423 partibus;
1286 1370 1350 1408 ac
1387 1355 1618 1408 mirabili
1672 1355 1837 1408 animi

242 1447 450 1500 ardore
487 1449 944 1515 consequebatur,
989 1456 1047 1500 ut
1083 1455 1138 1500 et
1179 1447 1464 1514 praeterita:
1510 1446 1650 1498 illius
1688 1446 1838 1499 labes

239 1535 563 1591 inﬁrmitati
609 1538 978 1591 tribuerentur
1007 1537 1280 1603 humanm,
1315 1553 1414 1592 nec
1447 1552 1687 1607 praesens
1731 1538 1836 1590 ulla

244 1628 299 1681 in
322 1630 698 1697 suspicionem
721 1631 946 1698 perﬁdia
977 1631 1204 1684 veniret.

316 1721 474 1785 Quod
528 1722 672 1774 enim
719 1722 1103 1777 subscribendo
1129 1721 1594 1791 Constantinopoli
1644 1736 1835 1790 pecca-

245 1822 430 1874 verat,
473 1813 526 1865 id
555 1812 928 1867 celeberrimis
957 1823 1146 1868 contra
1170 1813 1495 1877 Eudoxium,
1527 1814 1832 1883 Euippium,

241 1902 567 1974 Georgium,
596 1915 653 1956 et
673 1903 935 1957 Acacium
967 1903 1162 1959 litteris
1195 1903 1271 1974 (b)
1304 1905 1525 1972 eXpiare
1554 1905 1702 1958 visus
1727 1915 1830 1970 est,

244 2011 382 2066 quas
413 1998 480 2050 ad
509 2010 702 2050 omnes
732 1994 1002 2050 Ecclesias
1032 1996 1199 2052 misit.
1232 1995 1470 2066 Negabat
1499 2011 1592 2050 eos
1619 1997 1829 2064 episco-

242 2103 341 2159 pos
375 2102 499 2142 csse
544 2097 602 2141 et
635 2087 873 2155 Spiritus
920 2088 1094 2142 sancti
1131 2087 1444 2156 participes.
1475 2085 1630 2142 Unde
1667 2087 1833 2142 etiam

245 2179 470 2233 minimc
496 2179 665 2233 cessit
691 2179 811 2232 latze
839 2179 893 2231 in
925 2193 984 2233 se
1011 2178 1293 2233 sententia:
1312 2217 1328 2240 ,
1355 2179 1605 2246 quamvis
1627 2193 1656 2231 a
1683 2180 1834 2245 quiu-

245 2272 422 2338 gentis
453 2270 727 2340 episcopis
768 2271 1054 2324 damnatus
1083 2276 1248 2321 esset.
1283 2267 1519 2322 Rediens
1564 2282 1594 2320 e
1630 2267 1834 2322 Darda-

247 2363 356 2430 nia,
383 2376 549 2430 quam
581 2361 637 2414 in
681 2357 953 2428 regionem
993 2357 1260 2428 relegatus
1299 2357 1507 2410 videtur
1535 2355 1726 2422 fuisse,
1757 2356 1834 2409 aI-

240 2453 385 2506 taria
413 2450 667 2504 Basilidis
701 2450 898 2505 evertit
939 2460 993 2504 et
1031 2450 1084 2503 in
1123 2449 1358 2518 pr0priis
1389 2449 1592 2503 mensis
1624 2451 1833 2504 sacriﬁ-

246 2543 388 2595 cavit
422 2540 520 2612 (c).
574 2540 893 2609 Segregavit
933 2540 1098 2593 etiam
1129 2554 1158 2591 a
1195 2553 1290 2593 sua
1334 2540 1714 2596 communione
1745 2543 1831 2594 El-

249 2635 449 2700 pidium
501 2633 842 2687 Satalensem
902 2631 1238 2701 episcopum,
1291 2646 1355 2688 eo
1412 2634 1554 2701 quod
1605 2633 1653 2688 is
1707 2650 1830 2689 cum

247 2727 491 2780 Amasete
540 2725 795 2793 episc0po
848 2725 1294 2779 communicaret.
1349 2723 1653 2790 Quinetiam
1721 2742 1829 2781 non

253 2818 419 2872 multo
465 2828 760 2884 antequam
812 2831 842 2868 a
874 2815 1058 2869 Basilii
1089 2816 1472 2870 communione
1505 2817 1828 2883 discederet,

249 2909 509 2964 ecclesias
528 2910 774 2961 Amasene
807 2915 862 2960 et
887 2905 1140 2960 Zeiorum
1171 2906 1465 2960 insectatus
1500 2907 1698 2973 fuerat,
1729 2908 1831 2962 ibi-

253 3016 366 3071 que.
397 3001 744 3071 presbyteros
785 3009 840 3054 et
879 3000 1139 3054 diaconos
1190 2999 1569 3054 constituerat.
1620 3000 1829 3070 Lapsus

252 3096 347 3150 sub
375 3093 603 3148 Valenti:
631 3092 746 3161 (ά),
784 3092 1028 3146 fraudem
1075 3092 1176 3146 sibi
1224 3092 1423 3146 factam
1468 3092 1521 3146 in
1571 3096 1830 3148 ceucione

251 3185 581 3254 deploravit,
619 3194 782 3253 atque
806 3184 944 3237 hanc
971 3183 1232 3252 purgandi
1259 3185 1423 3238 errati
1451 3185 1716 3238 rationem
1745 3185 1827 3237 in-

250 3278 422 3342 venit,
464 3287 525 3330 ut
553 3278 781 3332 Romam
817 3275 1088 3344 profectus
1120 3276 1248 3330 inde
1287 3275 1505 3330 Patrum
1548 3277 1710 3331 ﬁdem
1745 3292 1829 3330 re."-

248 3367 434 3423 ferret.
483 3371 603 3435 Quo
635 3368 804 3437 magis
839 3369 1153 3421 crederetur
1180 3369 1304 3422 huic
1329 3368 1533 3421 homini
1567 3368 1653 3438 (ε)
1681 3409 1696 3432 ,
1732 3369 1828 3422 ad-

249 3461 467 3530 iuvabat
499 3469 780 3514 austerum
808 3459 1021 3513 vivendi
1063 3475 1232 3528 genus
1257 3500 1273 3525 ,
1302 3469 1356 3515 et
1395 3461 1560 3514 multa
1609 3476 1829 3531 magna-

253 3569 368 3606 rum
400 3553 697 3607 simulacra
730 3553 1012 3606 virtutum.
1039 3552 1266 3606 Tantam
1293 3554 1610 3606 charitatem
1636 3569 1744 3620 prae
1770 3567 1828 3606 se

250 3647 454 3700 ferebat
474 3645 558 3715 (Ῑ)
587 3654 646 3698 ιιι
675 3661 774 3715 pro
797 3645 986 3714 quavis
1014 3645 1194 3698 anima
1228 3645 1489 3699 sollicitus
1515 3646 1824 3711 videretur;

259 3739 337 3809 (g)
375 3740 740 3793 constantiam
781 3739 832 3791 in
869 3739 974 3791 vita
1006 3749 1244 3802 scrvare,
1291 3749 1344 3792 et
1371 3739 1706 3791 mendacium
1745 3739 1826 3791 vel

244 3831 301 3884 in
332 3828 579 3885 'minimis
610 3831 773 3884 rebus
803 3839 858 3882 ut
893 3829 1154 3884 horribile
1185 3830 1437 3899 quiddam
1471 3830 1710 3883 aversari
1743 3829 1824 3881 vi-

246 3922 494 3977 debetur.

314 4013 403 4067 IV.
434 4012 753 4067 Eustathius
773 4012 1105 4067 Sebastenus
1125 4013 1268 4067 circa
1299 4012 1426 4067 illud
1459 4021 1687 4080 tempus,
1717 4026 1823 4079 quo

247 4120 305 4159 se
334 4104 568 4158 Basilius
603 4105 669 4157 ad
720 4104 836 4172 ejus
871 4105 1163 4159 amicitiam
1209 4107 1502 4175 applicuit,
1548 4106 1824 4174 depositus

245 4206 327 4252 est
375 4197 428 4249 in
470 4195 706 4250 concilio
735 4194 1083 4249 Melitinensi.
1137 4194 1241 4249 Sed
1277 4198 1389 4250 haec
1416 4196 1705 4265 ignominia
1743 4197 1824 4249 tti-

245 4289 317 4341 hil
364 4298 496 4342 tunc
539 4287 724 4342 nocuit
753 4287 1060 4350 Enstatbio,
1108 4289 1198 4357 qui
1250 4290 1617 4358 episcopatum
1665 4305 1820 4344 suum

246 4381 470 4434 retinuit
506 4397 524 4433 :
564 4380 673 4432 imo
707 4379 870 4434 decus
897 4380 945 4434 ei
975 4382 1116 4448 apud
1149 4382 1316 4435 bonos
1346 4381 1550 4434 addidit
1577 4423 1591 4446 ,
1639 4391 1822 4448 utpote

1943 534 2279 588 Antiochena
2331 531 2636 586 convictum
2691 527 2934 599 periurii.
2986 528 3093 582 Sed
3142 528 3257 580 haec
3283 527 3516 581 concilia

1943 625 2101 680 nobis
2129 625 2364 678 tenebrae
2395 634 2538 678 sunt.
2569 623 2749 692 Longe
2778 621 2973 676 clarior
2995 630 3050 676 et
3087 619 3351 674 illustrior
3380 629 3511 688 syn-

1942 717 2079 771 odus
2136 716 2466 785 Gangrensis
2507 716 2561 770 in
2604 715 2996 784 Paphlagonia,
3051 714 3117 768 ad
3180 720 3342 782 quam
3389 725 3513 766 cum

1942 807 2136 862 delata:
2165 807 2396 861 fuissent
2423 822 2628 877 magna;
2674 807 2741 860 tle
2777 805 3046 860 Eusta‘thii
3075 803 3353 872 discipulis
3381 814 3514 872 quea-

1942 899 2102 963 rclze,
2140 899 2326 965 viginti
2357 913 2594 953 canones
2624 899 2690 950 ad
2735 899 2850 952 haec
2883 897 3172 952 resecauda
3212 897 3342 949 vitia
3381 909 3514 949 con-

1942 991 2139 1052 stituti,
2182 1005 2319 1058 quos
2364 991 2601 1059 synodus
2637 988 2907 1042 Armenia:
2933 987 3202 1056 episcopis
3242 985 3512 1040 inscribit.

1942 1081 2285 1136 Eustathium
2347 1081 2705 1135 Sebastenum
2779 1079 2936 1148 hujus
2997 1079 3188 1148 synodi
3245 1077 3514 1132 sententia

1942 1182 2182 1226 netatum
2240 1172 2403 1226 fuisse
2464 1169 2703 1226 referunt
2752 1169 3002 1225 Socrates
3049 1169 3131 1240 (i)
3181 1168 3514 1223 etSozome—

1947 1279 2048 1317 nus
2071 1263 2139 1333 (j)
2168 1280 2182 1317 :
2214 1264 2306 1317 sed
2327 1279 2510 1318 eorum
2537 1263 2839 1317 testimonia
2869 1278 3090 1331 prorsus
3129 1261 3378 1329 rejiciunt
3411 1259 3511 1312 Ba-

1942 1357 2129 1410 ronius
2157 1354 2254 1426 (ις),
2276 1355 2513 1423 Dupinus
2545 1364 2600 1410 et
2627 1354 3058 1423 Blondellus(l),
3087 1367 3314 1426 quorum
3332 1353 3512 1420 opinio

1942 1447 2096 1501 valde
2127 1425 2420 1516 probabilis
2443 1447 2656 1500 videtur
2679 1446 3044 1501 Tillemontio.
3080 1425 3187 1499 Sed
3220 1443 3512 1512 quominus

1941 1538 2165 1592 eruditis
2215 1538 2320 1592 illis
2352 1538 2484 1592 viris
2533 1541 2746 1607 penitus
2789 1538 3091 1604 assentiar,
3147 1537 3388 1592 detinent
3424 1540 3511 1588 me

1939 1629 2196 1684 nonnulla
2232 1631 2502 1684 rationum
2533 1639 2828 1684 momenta.

2014 1724 2072 1777 1ο
2121 1723 2340 1777 Summa
2375 1733 2458 1778 est
2489 1723 2831 1778 necessitudo
2853 1731 3157 1791 temporum
3188 1731 3238 1775 et
3269 1719 3508 1774 locorum

1867 1795 1908 1850 Β
1939 1828 2062 1866 cum
2111 1813 2392 1867 Eustathio
2443 1813 2764 1867 Sebasteno.
2805 1813 2852 1866 Is
2904 1813 3046 1866 enim
3096 1811 3378 1865 monastici
3429 1811 3510 1862 iii-

1939 1905 2110 1961 stituti
2146 1919 2337 1961 auctor
2362 1907 2571 1960 exstitit
2596 1906 2736 1976 apud
2770 1905 3055 1960 Armenios
3077 1943 3092 1966 ,
3122 1903 3274 1958 Ponti
3305 1901 3509 1956 incolas

1936 2007 1990 2050 et
2024 1981 2416 2066 Paphlagonas,
2444 2007 2498 2050 ιιι
2532 2013 2600 2053 ex
2642 1996 2943 2051 So-zomeno
2968 1996 3226 2050 discimus
3255 1993 3369 2064 (ιιι).
3403 1993 3507 2047 So:

1937 2089 2147 2142 zomeui
2183 2090 2552 2142 testimonium
2585 2089 2868 2143 conﬁrmat
2901 2088 3132 2144 Basilius
3179 2088 3258 2157 (η)
3279 2127 3296 2151 ,
3328 2087 3416 2154 qui
3449 2090 3507 2139 se

1937 2179 2004 2232 ad
2033 2179 2372 2233 Eustathium
2395 2221 2411 2247 ,
2467 2191 2525 2233 ut
2558 2181 2889 2249 praecipuum
2927 2180 3011 2234 his
3058 2180 3110 2233 in
3147 2178 3284 2234 locis
3315 2192 3504 2231 mona-

1936 2269 2085 2324 sticae
2118 2271 2242 2324 vitae
2280 2273 2634 2340 magistrum,
2683 2271 2938 2325 contulit.
2987 2269 3102 2324 Non
3148 2269 3305 2339 pauci
3347 2275 3506 2322 erant

1934 2362 2222 2417 Eustathio
2249 2365 2522 2431 discipuli.
2554 2379 2786 2432 quorum
2810 2363 3115 2418 charissimi
3140 2362 3342 2431 quique
3362 2371 3507 2415 sem.

1934 2473 2029 2526 per
2058 2473 2180 2511 cum
2210 2457 2409 2512 Basilio
2441 2459 2657 2513 fuerunt
2684 2459 2758 2530 (ο)
2788 2479 2799 2512 :
2839 2458 3076 2513 nonnulli
3109 2470 3240 2511 vero
3273 2456 3348 2528 (p)
3381 2469 3506 2523 pra-

1935 2551 2016 2602 vis
2044 2551 2156 2603 suis
2192 2551 2434 2604 moribus
2463 2552 2820 2605 monasticam
2869 2551 3170 2604 institutum
3211 2550 3505 2604 dedecora-

1935 2651 2080 2696 ruut.
2133 2642 2294 2695 Plura
2330 2645 2658 2696 monasteria
2682 2685 2697 2708 ,
2738 2645 2852 2698 sive
2896 2645 3074 2711 plures
3113 2643 3501 2705 I'raternitates,

1933 2745 1994 2789 ut
2027 2736 2261 2805 appellat
2293 2736 2546 2801 Basilius,
2585 2737 2863 2791 Eustathio
2912 2737 3182 2805 subjectas
3215 2736 3381 2790 fuisse
3415 2736 3500 2788 vel

1933 2827 2124 2880 saltem
2170 2829 2378 2895 magnis
2418 2843 2540 2881 cum
2579 2842 2644 2881 eo
2673 2827 3161 2882 necessitudinibus
3199 2827 3498 2890 devinctae,

1933 2918 2286 2971 observamus
2324 2918 2390 2970 ad
2439 2918 2596 2985 epist.
2625 2915 2729 2971 2‘23
2752 2960 2766 2983 ,
2820 2935 2875 2970 η.
2908 2917 2955 2970 5.
3015 2917 3172 2972 Stare.
3218 2933 3349 2985 ergo
3372 2933 3498 2979 ,non

1931 3018 2110 3075 potest
2139 3001 2352 3062 Baronii
2381 3010 2670 3073 sententia,
2703 3009 2792 3078 qui
2817 3023 2881 3061 ne
2908 3009 2957 3062 id
2988 3009 3200 3077 quidem
3227 3009 3504 3074 concedit,

1933 3099 2274 3154 Eustathium
2338 3100 2696 3155 monasticam
2758 3099 2923 3152 vitam
2997 3099 3298 3168 professum
3357 3112 3498 3152 esse.

1931 3187 2135 3242 Pra:ter
2163 3187 2342 3242 Basdii
2393 3190 2770 3243 auctoritatem
2821 3188 3083 3242 habemus
3110 3187 3389 3256 Epiphauii
3421 3196 3502 3240 t’e-

1933 3280 2248 3334 stimonium
2287 3278 2400 3349 (q),
2429 3281 2521 3349 qui
2574 3280 2911 3333 Eustathium
2964 3289 3014 3334 et
3059 3279 3281 3332 Aeriam
3339 3279 3501 3332 simul

1931 3374 2217 3426 asceticam
2264 3373 2432 3426 vitam
2468 3371 2776 3427 exercuisse
2804 3371 2935 3426 dicit
2968 3411 2985 3436 ,
3016 3380 3074 3424 ut
3106 3371 3365 3425 adversus
3398 3369 3504 3424 Ba-

1931 3465 2142 3518 ronimn
2179 3467 2434 3520 observat
2465 3464 2863 3520 Tillemontius.
2897 3464 3051 3530 Quod
3082 3473 3260 3518 autem
3295 3473 3504 3532 spectat

1931 3557 1996 3609 ad
2025 3556 2217 3625 synodi
2252 3554 2586 3623 Gangrensis
2638 3565 2868 3625 tempus,
2901 3570 3097 3626 magna
3136 3565 3222 3610 est
3251 3571 3312 3610 ea
3347 3556 3414 3610 de
3443 3570 3504 3611 ro

1929 3650 2326 3704 sententiarum
2358 3649 2598 3704 varietas
2623 3689 2638 3711 ,
2681 3649 2800 3702 a'liis
2840 3649 2984 3703 circa
3019 3663 3219 3702 annum
3252 3648 3360 3702 540
3385 3649 3504 3715 hoc

1929 3739 2217 3793 concilium
2251 3739 2673 3801 collocantibus,
2710 3737 2828 3791 aliis
2859 3748 2976 3807 post
3000 3754 3200 3792 annum
3225 3739 3365 3792 560:
3404 3739 3499 3792 sed

1928 3844 2086 3883 nemo
2133 3829 2262 3884 illud
2300 3831 2368 3885 ab
2411 3840 2571 3885 aetate
2621 3829 2885 3884 Eusuubii
2941 3831 3222 3885 Sebastcni
3271 3830 3498 3885 divellit.

1925 3921 2060 3976 Cum
2088 3936 2223 3990 ergo.
2247 3923 2484 3991 synodus
2522 3920 2854 3991 Gangreusis
2883 3921 3246 3985 Eustathium,
3278 3921 3364 3976 vel
3393 3924 3503 3977 sal-

1930 4025 2038 4070 tem
2071 4017 2214 4071 illius
2249 4016 2543 4085 discipulos
2577 4015 2845 4070 sententia
2873 4030 2969 4069 sua
3003 4017 3310 4083 notaverit;
3344 4031 3498 4070 cuin-

1927 4121 2032 4175 que
2065 4107 2254 4161 iisdem
2287 4107 2338 4160 in
2385 4107 2521 4161 locis
2566 4107 2866 4174 eodemque
2917 4107 3501 4175 temporeEustathius

1929 4195 2261 4252 Sebastenus
2289 4198 2578 4251 monastici
2609 4197 2838 4251 instituti
2871 4198 2974 4249 dux
3010 4207 3066 4251 et
3099 4205 3287 4252 auctor
3315 4195 3498 4261 fuerit,

1925 4305 2024 4344 cur
2061 4289 2200 4342 alius
2229 4300 2504 4357 quaeratur
2538 4285 2895 4342 Eustathius?

1998 4382 2058 4434 2-
2114 4379 2227 4434 Non
2257 4395 2446 4446 magna
2473 4393 2588 4433 erat
2615 4379 2756 4434 inter
2777 4378 3044 4434 Eustatbii
3069 4380 3358 4445 discipulos
3379 4392 3500 4432 sen-

245 4475 310 4528 ab
345 4473 614 4542 improbis
646 4451 865 4526 A’rianis
919 4475 1118 4528 inusta.
1165 4473 1259 4527 IIis
1308 4473 1450 4527 enim
1495 4475 1628 4528 adeo
1672 4475 1820 4528 cordi
1854 4479 1900 4538 ι)
1931 4473 2221 4526 tentiarum
2267 4471 2594 4524 consensio:
2631 4470 2770 4523 unde
2815 4469 3084 4523 nonnullis
3127 4469 3370 4538 quaedam
3413 4479 3499 4522 at-

244 4565 344 4618 I'uit
377 4568 494 4620 haec
546 4567 821 4635 synodus,
879 4576 937 4619 ut
985 4567 1232 4635 quamvis
1270 4566 1583 4620 Eustathius
1630 4582 1817 4620 eorum

243 4657 490 4712 formulae
519 4673 664 4712 anno
693 4657 796 4711 360
831 4659 1242 4727 subscripsisset
1271 4658 1366 4727 (li)
1392 4698 1408 4721 ,
1462 4672 1583 4711 eum
1632 4666 1812 4712 tamen

244 4751 553 4822 episcopatu
597 4751 812 4818 penitus
851 4751 1174 4819 deiecerunt,
1217 4761 1498 4818 propterea
1537 4747 1677 4817 quod
1721 4763 1816 4800 an-

248 4854 332 4897 tea
362 4845 414 4896 in
440 4844 670 4898 concilio
705 4843 1026 4899 Mclitinensi
1060 4844 1336 4913 depositus
1373 4844 1567 4896 fuerat.
1620 4841 1816 4894 Narrat

248 4938 498 4990 Socrates
523 4952 647 4990 eum
676 4936 743 4989 ab
770 4937 973 4990 Eulalia
1000 4945 1174 5010 patre,
1202 4933 1812 5004 episcopottjzesariensi,

241 5029 556 5084 damnatum
587 5048 601 5082 :
631 5030 683 5082 id
712 5029 997 5083 confirmat
1022 5029 1378 5093 Sozomenus,
1410 5028 1666 5097 additque
1693 5040 1814 5079 eum

314 5208 387 5273 (ιι)
430 5206 524 5269 Ep.
555 5205 644 5266 98,
689 5222 740 5257 ιι.
776 5207 822 5257 I.

314 5271 386 5341 (al
421 5275 668 5342 EtLQH.
706 5298 755 5328 ιι.
786 5283 850 5334 b;
912 5274 1041 5332 ίὶῖἰι,
1074 5289 1127 5324 ιι.
1155 5271 1208 5324 ‘2.

317 5346 385 5415 (ς)
421 5348 515 5410 Ep.
540 5346 648 5415 9.35
671 5384 684 5406 ,
716 5364 770 5398 ιι.
804 5348 871 5407 ‘2;
925 5345 1052 5405 Ξῖὶι,
1090 5362 1141 5394 tr.
1176 5343 1224 5395 5.

313 5414 390 5486 (Δ)
552 5414 677 5486 244,
713 5433 762 5468 ιι.
791 5416 842 5466 5.

336 5485 397 5554 e)
425 5484 519 5551 Ep.
544 5485 666 5546 225,
706 5504 759 5537 ιι.
792 5486 844 5535 :2.

336 5487 632 5554 e)Ep.9ﬂ

311 5487 388 5623 in
423 5555 635 5622 ep.79.

310 5623 387 5690 (q)
425 5626 518 5692 Ep.
552 5623 641 5684 99.
681 5642 733 5676 ιι.
767 5623 818 5676 3.

334 5696 388 5763 II)
429 5693 519 5763 Ep.
552 5695 676 5756 9.65,
717 5711 770 5745 ιι.

429 5694 519 5775 Ep.
552 5695 676 5756 9.65,
717 5711 770 5745 ιι.
796 5695 827 5777 ⁸ἲ

332 5781 350 5816 ι
377 5764 397 5831 )
427 5762 541 5818 Lib.
573 5781 634 5825 ιι,
668 5781 714 5815 c.
743 5763 827 5815 4b.

519 5882 785 5942 Parnm.
817 5877 934 5937 Gn.
969 5873 1205 5936 XXIX.

1933 4563 2123 4617 tribuit
2156 4565 2415 4632 synodus,
2450 4577 2569 4630 qua:
2594 4563 2645 4615 in
2679 4562 2811 4616 alios
2835 4578 2942 4616 non
2977 4562 3202 4615 confert.
3235 4563 3324 4614 Ait
3353 4563 3495 4616 enim

1927 4672 2030 4708 non
2071 4671 2394 4708 communem
2419 4671 2528 4708 esse
2550 4656 2781 4708 omnium
2813 4656 3158 4718 sententiam,
3187 4655 3274 4706 sed
3305 4670 3495 4706 unum-

1919 4761 2170 4814 quemque
2198 4747 2335 4814 quod
2357 4747 2454 4798 sibi
2480 4747 2734 4812 placuerit
2757 4748 2811 4798 id
2835 4747 3124 4808 asciscere;
3155 4747 3291 4798 unde
3321 4754 3368 4798 et
3395 4743 3499 4797 Ec-

1923 4839 2092 4891 clesia:
2122 4837 2378 4902 rituperia
2405 4849 2449 4889 et
2475 4838 2702 4904 sibiipsis
2733 4839 2982 4890 damnum
3006 4837 3291 4890 conciliant
3316 4852 3336 4890 :
3357 4835 3498 4890 Οὔτε

1924 4928 2033 4998 γὰρ
2061 4928 2212 4996 κοινὴ
2241 4927 2432 4996 γνώμη
2463 4928 2641 4979 αὐτῶν
2671 4928 2924 4980 ἁπάντων
2956 4926 3190 4993 ἐγένετο,
3221 4926 3335 4978 ἀλλ’
3368 4926 3498 4979 ἕκα-

1927 5037 2082 5082 στος,
2128 5017 2265 5086 ὂπέρ
2316 5017 2381 5071 ἂν
2425 5000 2767 5088 ὲνεΘυμήΟή,
2822 5017 2978 5069 τοῦτο
3025 5017 3363 5087 προσέθηκεν
3406 5019 3495 5070 ἐπὶ

1999 5195 2077 5265 (Αἱ)
2120 5193 2236 5248 Lib.
2265 5209 2347 5257 tu,
2380 5193 2546 5265 c._14.

1995 5263 2066 5336 (It)
2119 5265 2197 5336 ᾼά
2231 5281 2355 5316 ann.
2378 5263 2507 5316 564.

1992 5333 2080 5401 (Ι)
2117 5334 2190 5386 De
2215 5336 2461 5399 primatu,
2501 5348 2551 5399 β.
2578 5333 2707 5389 158.

1989 5408 2085 5478 (mi
2120 5405 2356 5478 bibunt,
2387 5417 2440 5455 c.
2472 5402 2555 5478 I_4.

1987 5473 2088 5550 (ιθ)
2118 5473 2457 5550 βρηῖὶὸη-ιι.
2487 5474 2540 5526 5.

1989 5542 2065 5615 (ο)
2118 5544 2260 5615 Ibid.
2287 5561 2338 5615 lt.
2367 5542 2424 5595 5.

1990 5549 2066 5684 (οζ
2120 5549 2251 5624 Ibid.
2287 5561 2338 5595 ιι.

1990 5623 2043 5681 (p
2118 5615 2212 5684 Ep.
2246 5612 2367 5665 119.

1978 5688 2052 5756 (q)
2116 5683 2317 5738 Haeres.
2344 5696 2498 5739 Lxxv.
