3958 6212
433 314 544 352 XX"

1781 296 2318 356 PROLEGOMENA.

430 416 648 488 διαϐολῇ
677 416 775 486 τῆς
818 414 1173 485 Ἐκκλησίας,
1220 414 1312 467 καὶ
1343 412 1537 466 ἑαυτοῦ
1576 413 1767 486 βλάϐῃ.
1815 415 1868 470 ld
1911 433 1986 472 aut

2113 434 2214 470 non
2246 435 2332 471 eos
2377 417 2634 471 abstinere
2677 419 2805 470 dicit
2846 417 3173 488 Epiphanius
3207 435 3227 474 :
3262 416 3529 476 Philaster
3566 437 3682 478 vero

433 521 540 564 tem
567 509 826 578 praeclare
867 507 1118 578 congruit
1148 521 1270 560 cum
1304 505 1565 561 Eustathii
1597 504 1882 563 Sebasteni
1922 511 2002 564 in-

430 601 657 667 stitutis,
691 600 783 671 qui
811 641 826 666 ,
867 608 926 654 ut
954 598 1093 653 infra
1126 598 1448 664 videbimus,
1485 616 1592 656 non
1630 600 1874 656 emnobia
1911 601 2002 655 ubi

429 709 618 750 omnes
653 693 811 747 unius
846 692 1118 762 praepositi
1154 700 1320 746 nutus
1353 693 1664 758 intuentur,
1711 694 1803 748 sed
1838 694 2000 746 aliam

426 785 662 852 speciem
695 782 942 837 asceticae
976 783 1132 849 vitae,
1165 783 1273 847 .ubi
1321 780 1495 851 major
1539 783 1708 839 multo
1750 783 1997 849 libertas,

427 875 681 931 instituit.

496 968 553 1020 5·
598 966 654 1020 In
680 966 942 1020 Eustathii
984 964 1260 1034 discipulis
1298 965 1413 1020 haec
1465 965 1810 1034 reprehendit
1863 979 1999 1036 syn-

425 1061 582 1126 odus,
613 1059 755 1128 quod
791 1059 1007 1128 nuptias
1028 1058 1421 1126 vituperarent,
1451 1058 1595 1111 viros
1630 1058 1696 1112 ab
1715 1058 1995 1122 uxoribus,

423 1165 622 1206 uxores
653 1165 682 1204 a
715 1151 852 1204 viris
887 1149 1291 1212 abstraherent,
1322 1151 1464 1203 unde
1493 1147 1758 1202 adulteria
1787 1164 1816 1202 a
1856 1163 1996 1202 non-

421 1244 588 1300 nullis
631 1243 920 1298 commissa
956 1260 969 1295 :
1014 1242 1155 1310 quod
1195 1239 1286 1294 Dei
1347 1238 1536 1292 domos
1587 1247 1998 1293 contemnerent

423 1344 480 1390 et
506 1336 751 1404 privatos
783 1341 1082 1388 conventus
1103 1329 1393 1395 haberent,
1413 1327 1714 1383 oblationes
1744 1329 1798 1383 in
1829 1328 1996 1386 eccle-

421 1428 518 1481 siis
551 1427 665 1482 ﬁeri
706 1425 898 1481 solitas
933 1424 1033 1480 sibi
1073 1431 1129 1477 et
1155 1421 1290 1486 suis,
1335 1428 1392 1474 ut
1415 1419 1780 1476 sanctioribus
1810 1421 1993 1476 vindi-

420 1527 620 1572 carent
652 1534 666 1571 :
699 1515 842 1585 quod
870 1514 1145 1570 insolitum
1174 1511 1486 1566 vestimenti
1516 1526 1684 1581 genus
1698 1520 1992 1581 gestarent,

419 1607 678 1662 mulieres
709 1606 850 1660 virili
883 1615 1032 1660 veste
1062 1605 1377 1669 induerent,
1415 1603 1652 1672 virgines
1683 1603 1992 1671 tonderent,

417 1711 622 1751 servos-
646 1711 678 1750 a
717 1694 951 1750 dominis
973 1693 1314 1748 abducerent
1346 1707 1361 1744 :
1398 1691 1540 1760 quod
1590 1691 1677 1746 die
1709 1691 1992 1747 Dominico

2111 519 2158 562 et
2187 510 2324 561 hanc
2339 509 2414 562 eis
2448 510 2630 562 tribuit
2661 509 3050 564 abstinentiam.

2180 643 2313 698 Cum
2337 659 2466 715 ergo
2501 645 2634 699 nihil
2656 644 2771 702 fere
2803 647 2855 701 in
2885 646 3152 703 Eustathii
3185 649 3459 720 discipulis
3491 665 3681 721 repre-

2108 734 2306 789 hendat
2345 738 2582 808 synodus
2608 735 2942 806 Gangrensis
2967 780 2984 804 ,
3023 741 3165 808 quod
3218 757 3322 795 non
3369 743 3574 810 pariter
3624 743 3680 797 iu

2107 824 2268 878 Aerio
2316 824 2583 880 Eustathii
2639 824 2922 881 Sebasteni
2989 827 3249 896 discipulo
3297 830 3681 898 reprehensum

2106 912 2304 978 fuerit,
2343 913 2560 969 difﬁcile
2587 924 2671 970 est
2703 917 3018 971 existimare
3040 917 3386 992 .Eustathimn
3410 957 3428 984 ,
3475 920 3541 974 de
3571 935 3682 990 quo

2106 1003 2346 1073 synodus
2382 1004 2639 1074 loquitur,
2675 1019 2782 1059 non
2831 1004 2996 1061 fuisse
3023 1007 3169 1060 Aerii
3201 1009 3539 1077 magistrum.
3585 1011 3683 1063 At-

2103 1108 2210 1163 que
2236 1094 2363 1150 hinc
2385 1097 2550 1150 etiam
2579 1105 2732 1166 patet
2762 1098 3032 1152 immerito
3057 1096 3449 1153 Tillemontium
3489 1101 3683 1156 existi-

2104 1201 2254 1240 mare
2296 1187 2435 1242 hanc
2467 1197 2671 1243 sectam
2707 1189 2816 1244 cito
2843 1191 3168 1245 exstinctam
3208 1190 3402 1256 fuisse,
3455 1207 3555 1247 nec
3593 1193 3677 1246 ul-

2103 1274 2209 1329 lam
2243 1277 2308 1330 de
2350 1276 2439 1330 illa
2474 1287 2596 1346 post
2637 1280 2900 1350 synodum
2927 1279 3293 1350 Gangrensem
3342 1281 3392 1335 in
3436 1282 3680 1337 historiae

2103 1369 2465 1422 monumentis
2505 1371 2830 1426 mentionem
2879 1385 3184 1426 occurrere.
3230 1371 3344 1426 Etsi
3390 1373 3536 1426 enim
3577 1375 3682 1429 sub

2107 1459 2374 1515 Eustathii
2411 1462 2629 1518 nomine
2674 1464 2885 1533 cognita
2925 1479 3029 1518 non
3070 1463 3173 1518 fuit
3203 1464 3534 1533 Epiphanio,
3559 1463 3678 1520 Διι-

2100 1551 2316 1620 gustino
2349 1559 2404 1605 et
2429 1549 2721 1606 Philastrio
2743 1593 2759 1619 ,
2790 1563 2939 1608 certe
2974 1555 3040 1607 ab
3070 1554 3186 1620 ejus
3224 1555 3490 1625 discipulo
3511 1556 3679 1613 Aerio

2100 1639 2300 1693 famam
2331 1639 2568 1710 aliquam
2597 1650 2650 1696 et
2682 1656 2876 1696 nomen
2919 1643 3142 1711 accepit.

409 1789 744 1859 ieiunarent,
788 1796 845 1842 et
883 1784 1088 1854 jejunia
1137 1785 1189 1839 in
1223 1784 1468 1840 ecclesiis
1504 1783 1818 1853 praescripta
1852 1797 1983 1838 con-
2018 1782 2062 1836 B
2158 1772 2432 1832 Eustathii
2463 1776 2744 1833 Sebasteni
2791 1777 3081 1846 discipulos
3126 1777 3210 1832 his
3259 1778 3556 1832 canonibus
3597 1779 3675 1832 lo-

421 1887 724 1934 temnerent
766 1891 783 1933 :
821 1879 962 1948 quod
1011 1875 1254 1932 nonnulli
1293 1889 1481 1932 eorum
1521 1874 1768 1929 carnium
1797 1891 1985 1944 usum,

415 1983 473 2026 ut
504 1971 874 2042 illegitimum,
929 1978 1348 2034 aversarentur,
1385 1982 1442 2028 et
1487 1974 1544 2028 in
1579 1973 1828 2030 domibus
1857 1987 1986 2028 con-

407 2063 719 2132 jugatorum
745 2077 814 2116 ne
850 2075 1040 2132 preces
1065 2060 1281 2131 quidem
1310 2060 1428 2118 ﬁeri
1460 2063 1659 2122 debere
1687 2065 1986 2122 contende-

413 2163 534 2208 rent
557 2172 571 2208 :
598 2156 664 2208 de
715 2153 999 2208 sacriﬁciis
1040 2159 1217 2206 autem
1249 2151 1323 2208 ibi
1363 2169 1508 2226 saepe
1536 2156 1731 2212 oblatis
1766 2166 1988 2228 tangere

413 2246 1051 2317 nollent:presbyteros,
1105 2247 1195 2316 qui
1236 2262 1434 2303 uxores
1467 2249 1698 2316 duxere,
1741 2261 1988 2306 contem-

412 2348 625 2402 nerent,
674 2354 774 2394 nec
794 2354 980 2394 eorum
1007 2340 1255 2396 sacriﬁcii
1279 2342 1565 2409 participes
1598 2356 1717 2398 esse
1754 2342 1982 2398 vellent:

412 2441 710 2501 martyrum
758 2431 1010 2488 basilicas
1050 2441 1106 2487 et
1149 2448 1272 2502 quae
1313 2434 1422 2490 illic
1451 2437 1621 2501 ﬁunt,
1662 2435 1988 2490 condemna-

411 2535 568 2590 rent,
600 2525 830 2593 denique
874 2523 1132 2579 divitibus
1177 2541 1284 2580 non
1315 2525 1493 2580 omnia
1525 2540 1618 2579 sua
1652 2526 1988 2594 projicienti-

411 2617 514 2670 bus
547 2630 697 2683 spem
737 2616 878 2684 apud
913 2617 1078 2671 Deum
1131 2617 1546 2686 praecluderent.
1595 2617 1707 2673 Cur
1749 2619 1866 2673 hac
1919 2617 1988 2673 ad

417 2709 684 2764 Eustathii
716 2708 1000 2764 Sebasteni
1033 2710 1330 2780 discipulos
1363 2709 1686 2776 referamus,
1721 2725 1828 2766 non
1865 2710 1984 2766 leve

409 2808 786 2870 argumentum
845 2802 1155 2872 suppeditat
1206 2803 1404 2858 Acrius
1463 2804 1516 2858 in
1571 2807 1675 2858 hoc
1732 2802 1988 2859 sodalitio

407 2894 566 2964 longe
624 2893 1041 2960 celeberrimus,
1096 2895 1180 2949 cui
1230 2894 1396 2949 multa
1449 2895 1764 2950 tribuuntur
1811 2894 1988 2951 simil-

409 2988 538 3041 lima
581 2987 644 3041 iis
694 3002 815 3056 quae
867 2988 1102 3055 synodus
1141 2986 1472 3057 Gangrensis
1513 2986 1887 3057 reprehendit.
1939 2985 1988 3042 ls

407 3079 575 3142 enim,
601 3087 736 3131 teste
759 3075 1056 3144 Epiphanio
1084 3077 1184 3144 (α),
1203 3092 1450 3146 magnam
1475 3077 1754 3132 hominum
1781 3077 1988 3132 utrius-

405 3182 513 3234 que
548 3181 710 3220 sexus
743 3166 1144 3221 nmltitudiuem
1177 3167 1478 3232 abstraxit,
1511 3167 1833 3238 quibuscum
1867 3167 1983 3239 pri-
2014 3141 2058 3201 (ἶ

409 3265 569 3308 vatos
598 3263 894 3308 conventus
940 3254 1190 3309 habebat.
1241 3254 1867 3312 Paschaecelebritatem
1895 3257 1982 3312 ri-

407 3346 612 3412 debat,
639 3346 919 3415 jejunabat
946 3347 1032 3402 die
1069 3347 1348 3402 Dominica
1371 3387 1388 3414 ,
1416 3348 1626 3418 quibus
1646 3359 1827 3404 autem
1871 3348 1986 3405 die-

405 3441 508 3491 bus
531 3436 731 3508 jejunia
779 3438 1087 3492 indicuntur
1127 3439 1196 3494 ab
1220 3438 1459 3495 Ecclesia
1486 3479 1502 3504 ,
1531 3439 1870 3496 vescebatur.
1900 3439 1985 3494 vll-

405 3526 512 3583 lius
538 3537 837 3584 sectatores
859 3527 982 3583 vino
1000 3536 1055 3583 et
1073 3529 1329 3586 carnibus
1356 3529 1706 3601 indulgebant
1729 3531 1982 3598 diluculo,

407 3628 523 3672 tum
559 3633 680 3672 cum
715 3617 897 3674 ﬁdeles
940 3616 1140 3687 jejunla
1179 3621 1454 3689 paschalia
1482 3621 1840 3678 celebrarent.
1874 3621 1984 3677 lm-

408 3711 744 3765 moderatum
794 3710 1122 3780 paupertatis
1151 3711 1388 3766 studium
1413 3751 1430 3778 ,
1467 3713 1605 3782 quod
1642 3713 1986 3783 reprehendit

405 3801 664 3872 synodus,
690 3802 822 3857 satis
849 3802 1054 3858 redolet
1083 3803 1356 3873 ingenium
1378 3803 1525 3858 Aeril
1554 3843 1570 3869 ,
1600 3804 1691 3873 qui
1717 3818 1841 3858 cum
1871 3818 1986 3858 ma-

402 3893 633 3966 gistrum
657 3907 814 3947 suum
843 3891 1184 3948 Eustathium
1226 3894 1434 3950 videret
1467 3893 1874 3948 ecclesiasticos
1899 3907 1986 3947 re-

405 3984 552 4037 ditus
585 3983 919 4038 inmanibus
967 3983 1294 4051 habentem,
1339 3985 1464 4040 inde
1505 4001 1694 4040 ansam
1739 3984 1986 4055 capiebat

403 4076 472 4130 de
496 4088 561 4128 eo
589 4073 945 4138 detrahendi,
989 4089 1055 4130 ac
1110 4075 1364 4130 omnibus
1413 4075 1694 4130 dictitandi
1727 4091 1833 4130 non
1861 4091 1984 4132 eum

401 4181 525 4220 esse
553 4165 643 4235 qui
679 4166 943 4220 hactenus
977 4165 1184 4229 fuerat,
1229 4166 1322 4222 sed
1353 4165 1420 4222 ad
1459 4180 1574 4221 rem
1604 4175 1866 4221 attentum
1886 4207 1904 4235 ,
1931 4177 1986 4223 et

401 4255 741 4312 cumulandis
783 4255 975 4321 opibus
1020 4265 1190 4311 totum
1244 4257 1574 4314 incumbere.
1614 4257 1862 4314 Libertas
1901 4259 1983 4315 vi-

402 4348 558 4402 vendi
585 4347 650 4401 ad
675 4346 957 4400 arbitrium
981 4355 1036 4402 et
1058 4347 1346 4412 sentiendi,
1379 4364 1538 4418 quam
1556 4349 1608 4404 in
1633 4361 1778 4405 secta
1801 4365 1828 4403 a
1856 4366 1985 4422 syn-

399 4439 504 4491 odo
549 4436 802 4490 damnata
848 4436 1348 4503 animadvertimus,
1402 4453 1506 4492 non
1542 4440 1782 4495 aberata
1820 4455 1982 4511 grege

2095 1885 2216 1925 cum
2243 1871 2456 1926 dedisse
2485 1871 2611 1925 hinc
2641 1871 2806 1925 etiam
2839 1869 3164 1924 conﬁrmare
3188 1884 3494 1940 possumus,
3530 1870 3674 1939 quod

2094 1962 2208 2032 ipsa
2256 1962 2494 2033 synodus
2532 1963 2668 2016 nihil
2713 1963 2778 2016 de
2804 1961 3087 2016 Eustathio
3113 2003 3126 2026 ,
3163 1970 3220 2014 ut
3260 1961 3384 2014 mali
3428 1971 3670 2026 auctore,

2094 2053 2337 2124 asperius
2363 2060 2587 2108 statuat.
2624 2053 2716 2108 Sic
2743 2053 2887 2108 enim
2913 2051 3101 2122 incipit
3133 2052 3372 2122 synodus
3401 2069 3413 2105 :
3453 2050 3673 2123 Ἐπειδὴ

2095 2145 2423 2200 συνελθοῦσα
2471 2148 2506 2216 ὴ
2556 2143 2834 2216 ἁγιωτάτῃ
2882 2143 3099 2208 σύνοδος
3130 2143 3238 2196 τῶν
3272 2143 3584 2196 ἐπισκόπων
3616 2146 3674 2196 ὲν

2091 2235 2158 2305 τῇ
2192 2233 2332 2287 κατὰ
2361 2233 2616 2305 Γάγγραν
2643 2234 2907 2305 ἐκκλησίᾳ
2931 2273 2946 2298 ,
2981 2233 3070 2286 διά
3113 2250 3262 2298 τινας
3291 2233 3673 2303 ἐκκλησιαστι-

2093 2325 2196 2390 xi;
2240 2325 2467 2397 χρείας,
2517 2325 2861 2398 ζητουμένων
2909 2325 3005 2380 καὶ
3048 2326 3157 2380 τῶν
3202 2327 3320 2379 κατ’
3350 2325 3672 2391 Εὐστάθιον,

2092 2416 2316 2490 εὕρισκε
2363 2417 2532 2471 πολλὰ
2600 2418 2854 2489 ἀθέσμως
2901 2412 3160 2488 γινόμενα
3203 2415 3306 2471 ὑπὸ
3338 2417 3542 2470 τούτων
3574 2418 3675 2471 αὑ-

2091 2511 2202 2565 τῶν
2245 2511 2354 2564 τῶν
2393 2511 2523 2583 περὶ
2559 2511 2889 2564 Εὑστάθιον·
2939 2509 3250 2578 ἀναγκαίως
3299 2507 3530 2583 ὥρισεν,
3581 2510 3674 2562 καὶ

2093 2605 2228 2657 πᾶσι
2281 2603 2512 2674 φανερὸν
2571 2603 2794 2672 ποιῆσαι
2842 2601 3204 2672 ἐσπούδασεν,
3259 2603 3339 2665 εἰς
3391 2601 3673 2672 ἀναίρεσιν

2093 2695 2200 2750 τῶν
2240 2697 2330 2749 ὑπ’
2372 2694 2535 2748 αὑτοῦ
2576 2694 2763 2757 κακῶς
2805 2694 3125 2765 γινομένων.
3175 2692 3437 2758 Quoniam
3483 2706 3670 2744 convc-

2093 2789 2245 2844 niens
2293 2790 2624 2843 sanctissima
2670 2788 2899 2858 synodus
2951 2788 3306 2856 episcoporum
3349 2786 3404 2838 in
3449 2784 3672 2838 ecclesia

2094 2874 2389 2951 Gangrensi
2441 2891 2648 2949 propter
2685 2879 3067 2934 ecclesiasticas
3109 2878 3364 2948 quasdam
3403 2886 3451 2930 et
3492 2892 3672 2929 neces-

2091 2973 2264 3024 sarias
2299 2985 2526 3034 causas,
2569 2985 2687 3022 cum
2732 2978 2779 3022 et
2829 2970 2892 3022 de
2930 2969 2994 3022 iis
3047 2983 3164 3038 qua:
3211 2968 3279 3021 ad
3326 2965 3670 3019 Eustathium

2092 3068 2363 3130 spectant,
2389 3072 2709 3131 quaereretur
2729 3099 2743 3122 ,
2776 3061 2942 3114 multa
2980 3061 3170 3129 reperit
3207 3059 3406 3129 nefarie
3433 3062 3496 3113 ab
3537 3063 3670 3132 ipsis

2092 3153 2198 3207 illis
2229 3151 2500 3208 Eustathii
2521 3151 2794 3220 discipulis
2815 3153 2967 3221 ﬁeri;
2997 3154 3286 3207 necessario
3307 3169 3369 3206 ea
3392 3154 3454 3208 de
3483 3170 3538 3208 re
3560 3166 3673 3208 sta-

2094 3246 2213 3312 tuit,
2252 3261 2314 3300 ac
2345 3245 2739 3310 notaomnibus
2779 3244 2953 3313 facere
2995 3245 3252 3309 decrevit,
3287 3261 3404 3314 quae
3440 3245 3576 3298 male
3600 3247 3670 3299 ab

2091 3351 2152 3391 eo
2176 3335 2335 3404 ﬁunt.
2373 3329 2690 3405 chcndum
2718 3349 2840 3390 esse
2879 3334 2972 3389 ὑπ’
2993 3335 3203 3397 αὐτῶν.
3239 3344 3292 3390 et
3324 3335 3668 3403 vertendum,

2091 3442 2209 3498 qua:
2241 3425 2377 3481 male
2413 3426 2476 3480 ab
2507 3425 2614 3480 illis
2652 3425 2810 3494 ﬁunt,
2851 3427 3176 3495 perspicitur
3207 3443 3272 3481 ex
3301 3427 3385 3482 his
3417 3442 3537 3496 quae
3577 3442 3670 3482 se-

2092 3523 2351 3589 quuntur,
2387 3517 2483 3573 zeal.
2519 3518 2628 3589 γὰρ
2656 3519 2721 3573 ὲκ
2744 3517 2837 3571 τοῦ
2873 3518 3330 3590 καταμέμφεσθαι
3355 3519 3552 3583 αὐτοὺς
3574 3519 3672 3575 τδν

2091 3603 2306 3682 γάμον·
2341 3628 2465 3667 nam
2493 3628 2557 3666 ea:
2591 3628 2649 3666 eo
2681 3612 2820 3680 quod
2852 3613 3063 3681 nuptias
3099 3612 3410 3681 vituperent,
3444 3622 3546 3667 etc.
3574 3610 3671 3667 Ni-

2091 3707 2168 3762 bil
2198 3721 2330 3763 sane
2367 3706 2424 3762 in
2462 3707 2569 3762 hac
2591 3707 2782 3777 synodi
2815 3706 3131 3776 praefatione
3159 3707 3429 3776 reperias,
3459 3720 3526 3760 ex
3558 3721 3671 3776 quo

2091 3808 2408 3853 accusatum
2439 3797 2609 3852 fuisse
2637 3796 2978 3851 Eustathium
3010 3806 3214 3866 pateat.
3247 3794 3458 3865 Ubique
3495 3797 3546 3850 in
3582 3796 3670 3851 di-

2091 3888 2330 3958 scipulos
2368 3888 2596 3943 crimina
2624 3886 2965 3956 rejiciuntur,
3002 3886 3148 3940 nulla
3171 3887 3272 3956 ipsi
3302 3886 3480 3942 inusta
3510 3886 3665 3956 igno-

2091 3981 2278 4048 minia,
2314 3980 2562 4049 quamvis
2602 3978 2836 4033 maxima
2884 3977 3028 4033 inuri
3063 3978 3334 4044 debuerit,
3361 3978 3408 4033 si
3464 3977 3668 4033 facino-

2090 4088 2210 4128 rum
2258 4081 2448 4128 auetor
2489 4070 2830 4126 existimatus
2881 4069 3089 4126 fuisset.
3136 4071 3313 4140 Atque
3363 4071 3415 4125 id
3444 4071 3667 4141 quidem

2091 4162 2318 4218 miriﬁce
2347 4161 2600 4217 convenit
2646 4161 2931 4217 Eustathio
2965 4163 3493 4233 Sebasteno,-quem
3524 4172 3665 4217 nen-

2091 4251 2244 4318 nulli,
2281 4261 2418 4307 teste
2447 4252 2751 4308 Sozomeno
2773 4251 2867 4324 (ο),
2906 4252 2986 4308 sic
3012 4251 3408 4320 defendebant,
3441 4262 3512 4308 ‘ut
3547 4251 3666 4307 cu‘l-

2091 4358 2213 4412 pam
2241 4357 2456 4397 omnem
2493 4343 2543 4397 in
2581 4341 2699 4412 ejus
2731 4343 3027 4412 discipulos
3065 4343 3413 4411 conferrent,
3451 4359 3551 4398 nec
3580 4343 3668 4397 ul-

2099 4434 2204 4486 lam
2231 4433 2398 4501 ipsius
2426 4432 2630 4487 nomini
2649 4433 2748 4488 ltac
2777 4433 2831 4487 in
2861 4449 2921 4487 re
2953 4433 3216 4487 maculam
3243 4434 3477 4488 insidere
3507 4442 3667 4503 pate-

398 4530 566 4584 Aerii.
599 4528 849 4584 Testatur
877 4529 1019 4583 enim
1044 4528 1374 4598 Epiphanius
1397 4531 1681 4585 nonnullos
1706 4501 1979 4586 austeruiti
2013 4501 2058 4556 θ
2091 4532 2296 4581 renllir.
2320 4523 2536 4582 Pondus
2557 4527 2703 4580 addit
2728 4526 2851 4580 huic
2871 4527 3153 4581 sententiae
3187 4537 3409 4581 sanctus
3427 4527 3664 4595 Epipha-

400 4620 616 4676 vivendi
656 4635 828 4691 genus
861 4618 1168 4685 retinuisse,
1203 4621 1447 4689 quamvis
1485 4620 1727 4690 plerique
1763 4623 1888 4676 vino
1927 4631 1983 4677 et

395 4711 654 4766 carnibus
695 4725 815 4766 sese
862 4709 1280 4780 ingurgitarent.
1333 4710 1736 4765 Matrimonium
1768 4713 1835 4767 ab
1869 4711 1978 4766 Eu-

396 4803 584 4856 stathii
631 4802 910 4872 discipulis
949 4802 1245 4872 vituperari
1299 4812 1528 4858 testatur
1571 4803 1808 4874 synodus
1834 4803 1982 4858 Gan-

397 4894 605 4962 grensis
625 4911 640 4950 :
663 4894 799 4948 idem
819 4895 884 4950 de
898 4894 1062 4950 Aerio
1083 4909 1187 4948 non
1209 4895 1337 4949 dicit
1366 4905 1586 4948 sanctus
1605 4894 1934 4963 Epiphanius
1960 4913 1975 4948 :

395 4983 488 5036 sed
516 4993 694 5037 tamen
727 4983 796 5038 ab
824 4984 966 5038 illius
997 4994 1146 5039 secta
1179 4983 1336 5051 hujus
1380 4985 1583 5038 erroris
1609 4985 1974 5053 suspicianem

395 5090 502 5128 non
535 5073 772 5130 abfuisse
807 5075 1064 5130 discimus
1102 5091 1168 5130 ex
1212 5077 1296 5131 his
1331 5077 1506 5130 sancti
1537 5077 1819 5144 Augustini
1859 5092 1979 5130 ver-

393 5168 478 5222 bis
501 5167 576 5240 (b)
609 5185 622 5219 :
663 5166 894 5232 Quidam
931 5168 1197 5234 perhibent
1220 5170 1375 5230 istos,
1399 5168 1535 5222 sicut
1570 5165 1877 5220 Encratitas
1901 5167 1980 5220 vel

401 5260 750 5324 Apotactitas,
775 5277 876 5312 non
897 5262 1166 5314 admittere
1183 5261 1250 5312 ad
1274 5260 1685 5314 communionem
1711 5275 1858 5313 suam
1877 5260 1978 5312 nisi

394 5352 739 5415 continentes,
771 5362 818 5404 et
861 5368 947 5404 eos
981 5353 1069 5420 qui
1097 5353 1290 5406 sa’culo
1329 5353 1406 5405 ita
1451 5351 1881 5413 renuntiaverint,
1923 5360 1980 5404 ut

393 5444 605 5512 propria
652 5443 797 5496 nulla
846 5444 1172 5511 possideant.
1228 5446 1303 5498 Ab
1349 5460 1467 5499 esca
1513 5455 1686 5499 tamen
1731 5443 1972 5497 carnium

471 5581 550 5648 (tt)
591 5580 792 5634 Haeres.
826 5599 986 5636 uxv.

471 5654 545 5718 (b)
586 5651 740 5704 Tom.
775 5651 907 5717 Vlll,
945 5657 1130 5711 INPI‘CS.
1163 5671 1276 5711 Lm.

468 5723 540 5790 (ε)
582 5721 700 5777 Lib.
735 5739 815 5788 ιιι,
852 5741 901 5778 c.
938 5725 1019 5782 H.

2091 4619 2210 4672 nius
2250 4619 2350 4688 (ά),
2377 4619 2472 4688 qui
2505 4617 2726 4672 Aerium
2762 4627 2994 4674 testatur
3014 4659 3028 4685 ,
3059 4629 3348 4689 postquam
3376 4622 3444 4676 ab
3468 4622 3663 4676 Eusta-

2083 4709 2196 4762 thio
2219 4725 2339 4764 sese
2371 4709 2653 4779 disjunxit,
2703 4710 2770 4764 ad
2805 4709 3038 4765 absurda
3085 4710 3173 4764 illa
3222 4712 3466 4765 instituta
3501 4711 3664 4768 delle-

2079 4799 2242 4853 xissc.
2289 4799 2383 4854 llis
2406 4799 2736 4854 novitatibus
2771 4799 2904 4855 alios
2932 4815 3153 4856 errores
3181 4800 3398 4870 adjecit.
3437 4802 3568 4855 Nam
3603 4815 3659 4858 et

2078 4892 2308 4945 Arianus
2369 4901 2520 4957 erat,
2570 4904 2626 4948 et
2677 4908 2865 4963 preces
2908 4908 3006 4962 pro
3047 4895 3274 4949 mortuis
3323 4895 3544 4949 tollebat
3603 4909 3657 4951 et

2078 4986 2422 5053 presbyteros
2457 4985 3083 5054 adrequahatepiscopis.
3114 4985 3220 5041 Sed
3248 4989 3363 5040 ﬁeri
3400 4989 3658 5043 facillime

2079 5075 2269 5144 potuit,
2319 5085 2375 5128 ut
2411 5075 2472 5129 hi
2528 5089 2743 5131 errores
2780 5077 3094 5145 aliquandiu
3128 5080 3339 5134 occulte
3374 5081 3547 5150 sparsi
3588 5084 3656 5135 ad

2078 5170 2269 5236 synodi
2325 5181 2483 5220 aures
2534 5181 2640 5222 non
2690 5171 3058 5236 pervenirent.
3108 5169 3259 5237 Quod
3316 5172 3359 5225 si
3415 5186 3655 5228 canOnes

2079 5256 2419 5328 Gangrenses
2465 5259 2532 5312 ad
2559 5259 2778 5314 Aerium
2834 5259 3142 5326 referimus,
3201 5262 3494 5317 differenda
3549 5265 3656 5318 erit

2079 5349 2193 5402 lucc
2222 5349 2491 5419 synodus,
2522 5361 2582 5403 ut
2609 5350 2819 5406 Socrati
2851 5354 2922 5422 (e)
2953 5363 3007 5406 et
3037 5353 3341 5409 Sozomeno
3373 5354 3438 5424 (Γ)
3476 5355 3652 5408 visum

2078 5450 2186 5502 est,
2212 5456 2384 5511 usque
2410 5441 2478 5494 ad
2515 5442 2889 5514 episcopatum
2920 5445 3211 5502 Eustathii.
3244 5447 3466 5504 Aerium
3506 5449 3653 5502 enim

2148 5581 2228 5652 (ά)
2260 5581 2466 5652 Hmres.
2508 5599 2670 5638 Lxxv.

2146 5653 2222 5793 li),
2251 5651 2375 5778 illi:
2399 5653 2668 5790 ι¹.¹,’,⁰έ.⁴ἶ⁵ι

2169 5721 2222 5793 Γ)
2251 5721 2368 5778 Lib.
2399 5737 2494 5790 ιιι,
2530 5738 2577 5778 c.
2606 5725 2692 5779 M.
