3958 6212
1620 336 1783 398 vrrA
1822 344 1877 397 s.
1920 336 2186 419 BASlLll.

3396 362 3530 401 XXIII

281 468 345 519 ab
376 464 662 519 Eustathio
689 463 953 534 disjunxit
983 465 1179 519 invidia
1213 464 1310 536 (α),
1344 479 1502 534 quam
1534 477 1591 522 ut
1619 469 1854 537 placaret
1884 475 1929 530 Α
1956 483 2019 522 ea
2056 467 2197 532 quod
2215 465 2442 519 Basilius
2467 466 2543 535 (εἰ)
2571 474 3001 536 eum,postquam
3032 478 3183 520 reant
3207 468 3259 519 in
3279 469 3528 536 patriam,

278 552 610 618 Eustathius,
635 555 1015 625 presbyterum
1070 557 1273 609 creavit
1317 556 1576 622 Aerium,
1633 560 1854 625 ptoeho—

282 647 486 714 trophio
515 647 781 714 praefecit,
842 662 939 701 nec
980 646 1139 699 ullam
1187 648 1535 703 humanitatis
1580 660 1635 703 et
1663 651 1853 705 amici-

278 737 362 790 tiae
383 736 629 805 signiﬁca
639 736 841 793 tionem
855 738 1217 808 praetermisit.
1235 738 1339 793 Sed
1364 739 1674 795 insanabilis
1695 743 1854 797 exsti-

280 828 341 881 tit
370 828 588 882 Aerius.

262 980 266 989 Α
326 917 399 971 ’Si
422 919 545 984 quis
586 928 773 973 tamen
826 935 948 974 cum
974 920 1349 991 |Tillemontio
1394 923 1684 977 contendat
1720 939 1848 994 syn-

277 1010 432 1064 odum
456 1008 834 1079 Gangrensem
865 1026 989 1068 ante
1016 1029 1213 1068 annum
1243 1014 1337 1068 541
1385 1014 1623 1069 habitam
1662 1013 1847 1078 fuisse,

276 1111 554 1167 propterea
585 1102 730 1169 quod
767 1102 909 1155 illius
931 1118 1167 1157 canones
1204 1104 1256 1156 in
1280 1103 1529 1158 omnibus
1576 1103 1848 1158 collectio-

274 1192 426 1245 nibus
452 1204 581 1246 ante
609 1194 979 1249 Antiochenos
1004 1210 1238 1249 canones
1268 1195 1393 1249 anni
1416 1195 1514 1249 541
1556 1210 1844 1249 recensen-

272 1292 375 1348 tur,
401 1285 655 1353 equidem
683 1285 816 1339 huic
849 1288 1133 1341 sententiae
1158 1302 1263 1341 non
1290 1290 1617 1356 repugnabo,
1650 1288 1846 1357 quippe

272 1391 386 1429 eum
415 1377 505 1431 his
542 1378 597 1431 in
646 1379 809 1433 rebus
841 1380 979 1433 nihil
1014 1380 1301 1433 admodum
1340 1381 1474 1434 certi
1526 1382 1838 1436 habeamus.

273 1466 373 1521 Sed
415 1483 537 1522 cum
576 1469 744 1522 etiam
795 1481 921 1523 ante
956 1471 1084 1524 illud
1130 1483 1338 1541 tempus
1382 1472 1697 1527 Eustathius
1744 1474 1844 1527 Se-

266 1561 521 1616 bastenus
566 1565 853 1617 monastici
899 1564 1132 1619 inStituti
1178 1577 1366 1620 auctor
1404 1568 1457 1621 in
1487 1568 1740 1621 Armenia
1787 1577 1843 1623 et

268 1651 629 1722 Paphlagonia
660 1666 715 1709 et
749 1655 923 1712 Ponto
972 1660 1277 1724 exstiterit,
1325 1661 1379 1713 in
1430 1660 1573 1715 hunc
1605 1662 1841 1716 maxime

269 1744 515 1798 videntur
540 1760 779 1800 canones
806 1746 1145 1816 Gangrenses
1172 1749 1483 1804 convenire.

1965 560 2261 611 beatissimo
2294 555 2553 610 Caesarem
2599 559 2837 625 episcopo
2893 556 3208 627 Hermogen’i
3240 558 3528 624 confessio-

1961 668 2074 704 nem
2107 667 2250 703 sanw
2289 651 2412 718 ﬁdei
2458 650 2705 702 obtulisse
2740 650 2888 703 dicit.
2939 650 3065 703 Inde
3111 651 3384 704 concludit
3432 651 3530 703 do-

1962 741 2231 794 ctissimus
2262 741 2495 808 scriptor
2520 741 2956 810 distinguendum
3000 740 3146 793 illum
3181 756 3301 794 esse
3328 742 3393 793 ab
3421 741 3529 793 alio

1959 829 2262 895 Eustathio,
2295 845 2453 898 quem
2491 833 2803 884 Armenium
2840 830 3003 884 fuisse
3047 846 3149 884 non
3181 831 3408 894 dubitat,
3450 831 3526 883 si-

1957 908 2173 990 quidem
2199 923 2436 991 synodus
2461 920 3083 989 Gangrensisepistolam
3102 938 3251 975 suam
3282 922 3526 976 inserib’t

1954 1014 2220 1082 episc0pis
2254 1014 2545 1075 Armeniae,
2579 1030 2808 1082 quacum
2851 1012 3162 1066 Eustathius
3196 1014 3525 1067 Sebaste'nus

1954 1104 2155 1155 nullam
2187 1104 2395 1158 videtur
2417 1114 2540 1157 ante
2563 1105 2931 1171 episcopatum
2952 1104 3395 1157 necessitudinem
3423 1104 3522 1157 ha~

1953 1197 2153 1248 buisse.
3246 1192 3247 1195 “

2023 1284 2245 1337 Etiamsi
2276 1284 2585 1339 Eustathius
2607 1281 2958 1339 Caesariensis
2987 1294 3075 1338 aut
3102 1285 3290 1339 saltem
3321 1286 3524 1354 Cappa-

1951 1371 2058 1427 dox
2090 1372 2313 1440 fuisset,
2341 1389 2679 1443 nequaquam
2709 1375 2759 1429 id
2788 1375 3075 1444 prohibere
3101 1374 3286 1429 debuit
3312 1378 3524 1443 quomi-

1952 1480 2055 1519 nus
2085 1468 2320 1536 synodus
2371 1482 2523 1521 suam
2560 1468 2844 1537 epistolam
2890 1469 3212 1523 inscriberet
3255 1470 3522 1538 episc0pis

1947 1556 2236 1624 Armeniae,
2271 1560 2317 1612 si
2353 1558 2425 1613 ibi
2462 1560 2800 1628 potissimum
2834 1559 2977 1613 illius
3010 1560 3225 1629 vigebat
3250 1570 3420 1615 secta.
3452 1561 3522 1612 At

1951 1649 2289 1703 Eustathium
2341 1646 2730 1705 CaeSariensem
2788 1661 2879 1704 aut
2927 1651 3295 1720 Cappadocem
3350 1649 3521 1705 fuisse

1946 1754 2054 1794 non
2094 1749 2241 1793 certo
2266 1740 2609 1794 concluditur
2652 1756 2720 1795 ex
2768 1742 2947 1796 verbis
2983 1743 3139 1795 modo
3176 1741 3373 1819 allatis.
3405 1744 3521 1810 Ipse

334 1833 396 1888 Υ.
433 1835 705 1903 Objicitur
739 1840 998 1893 adversus
1034 1840 1171 1894 hanc
1210 1844 1533 1895 sententiam
1560 1857 1661 1897 nec
1690 1842 1839 1897 Basi-
1871 1839 1914 1893 B
1943 1830 2175 1886 BaSiliUS
2208 1848 2349 1885 nunc
2384 1832 2805 1901 CappadOCiam:
2838 1845 2897 1888 υι
2930 1849 3091 1903 supra
3138 1834 3388 1899 Vidimus,
3419 1851 3518 1903 Pa‘

266 1925 410 1991 lium,
456 1929 548 1996 qui
605 1929 787 1984 varios
831 1931 953 1985 vita:
980 1931 1245 1986 Eustathii
1289 1942 1516 1988 eventus
1546 1936 1835 2001 recensuit,

265 2033 361 2071 nec
392 2020 546 2073 varia
572 2022 807 2075 concilia
842 2036 963 2091 quae
1002 2023 1340 2078 Eustathium
1369 2024 1667 2093 deposuere
1687 2065 1702 2089 ,
1738 2026 1838 2079 bu-

258 2109 345 2176 jns
376 2111 565 2178 probri
602 2113 934 2168 meminisse.
990 2114 1094 2168 Sed
1142 2117 1354 2171 etiamsi
1384 2117 1526 2172 hanc
1571 2119 1835 2173 maculam

194 2206 195 2209 ‘
260 2210 519 2268 perpetua
548 2202 862 2264 _delevisset
908 2203 1130 2268 oblivio,
1182 2206 1378 2261 mirum
1412 2209 1464 2261 id
1510 2208 1679 2263 videri
1730 2225 1834 2263 non

262 2292 500 2359 deberet,
528 2310 654 2349 cum
677 2296 996 2354 Eustathius
1019 2299 1100 2354 vel
1128 2308 1281 2354 extra
1312 2299 1522 2369 culpam
1562 2300 1745 2365 fuerit,
1780 2312 1836 2355 ut

260 2399 417 2453 supra
438 2386 709 2454 diximus,
737 2388 819 2442 vel
846 2390 1061 2454 saltem,
1089 2400 1145 2443 ut
1177 2390 1453 2444 existimat
1481 2390 1834 2457 Sozomenus,

259 2477 464 2544 synodo
515 2480 780 2547 paruerit.
840 2479 1065 2535 Videtur
1114 2490 1292 2536 tamen
1324 2482 1374 2536 ei
1418 2481 1646 2536 Basilius
1688 2483 1837 2552 obje-

260 2567 395 2620 cisse
437 2567 765 2637 discipulum
804 2571 1024 2624 Aerium
1057 2590 1069 2625 :
1115 2588 1212 2626 nec
1251 2574 1486 2642 synodus
1524 2572 1835 2627 Constanti-

258 2657 569 2725 nopolitana
622 2658 767 2713 inter
824 2662 1003 2714 varias
1063 2661 1206 2715 illius
1264 2664 1564 2731 deponendi
1620 2679 1830 2729 causas,

260 2748 422 2803 latam
463 2751 533 2805 de
583 2751 674 2805 illo
721 2753 1039 2806 sententiam
1070 2752 1369 2823 Gangrensi
1415 2754 1644 2808 concilio
1692 2770 1832 2824 pra:-

261 2841 527 2905 termisit,
576 2842 621 2895 si
655 2852 833 2896 tamen
867 2844 997 2897 lides
1043 2843 1342 2897 adhibenda
1390 2843 1695 2899 Sozomeno
1729 2846 1829 2915 (ὁ),

261 2934 350 3001 qui
380 2942 527 2988 totus
569 2944 740 2999 errat,
787 2950 907 2988 cum
946 2934 1287 2989 Eustathium
1337 2950 1372 2989 a
1424 2933 1830 3005 Gangrensibus

256 3026 571 3095 episcopatu
601 3035 820 3078 exutum
857 3026 1005 3079 dicit.

256 3123 292 3158 ι
325 3115 525 3183 Objicit
567 3116 942 3171 Tillemontius
1001 3116 1205 3171 nullum
1258 3132 1289 3172 a
1347 3118 1551 3187 synodo
1613 3117 1826 3171 titulum

1947 1921 2104 1975 triam
2149 1923 2411 1991 agnoscit,
2448 1939 2592 1977 nunc
2626 1924 2878 1991 Pontum,
2919 1925 3187 1979 interdum
3218 1926 3379 1979 etiam
3414 1926 3518 1979 Ar-

1946 2013 2204 2068 meniam.
2236 2012 2537 2069 Hellenium
2561 2014 2854 2085 Gregorius
2888 2018 3202 2071 Armenium
3234 2032 3352 2073 esse
3379 2032 3515 2073 con-

1945 2103 2115 2171 ceptis
2142 2104 2322 2160 verbis
2344 2106 2583 2160 declarat
2605 2106 2674 2175 (e)
2711 2125 2725 2160 :
2766 2109 3015 2161 eumdem
3036 2118 3211 2161 tamen
3245 2106 3512 2176 hortatur,

1946 2201 2005 2246 ut
2064 2182 2297 2262 patriam
2339 2208 2393 2250 et
2431 2200 2740 2253 communia
2798 2201 2974 2253 studia
3028 2201 3252 2265 veritus,
3311 2200 3515 2258 Basilio

1945 2295 2169 2341 annuat.
2198 2288 2311 2343 Cur
2359 2303 2489 2360 ergo
2532 2289 2867 2360 Cappadocia
2904 2292 3169 2347 Eustathii
3207 2295 3379 2363 patria
3406 2293 3515 2351 dici

1942 2390 2050 2431 non
2080 2380 2273 2446 potuit,
2319 2381 2365 2435 si
2414 2382 2468 2435 in
2498 2384 2673 2437 vicina
2720 2383 2897 2452 aliqua
2945 2385 3163 2453 regione
3194 2396 3350 2439 natus
3392 2386 3512 2440 est?

1941 2468 2077 2524 Eum
2110 2471 2161 2524 in
2194 2473 2448 2527 Armenia
2500 2482 2682 2528 natum
2719 2475 2946 2530 libenter
2987 2476 3291 2547 colligerem
3334 2494 3400 2531 ex
3424 2478 3512 2534 his

1942 2558 2189 2628 Gregorii
2236 2562 2560 2618 Nazianzeni
2596 2566 2810 2620 verbis:
2855 2568 3151 2629 Armenius,
3183 2569 3354 2637 inquit
3398 2568 3509 2633 ille,

1944 2649 2289 2706 Eustathium
2338 2656 2631 2725 designans
2665 2658 2759 2725 (Γ),
2808 2657 2960 2725 plane
2995 2654 3247 2711 barbarus
3273 2670 3367 2714 est.
3410 2662 3510 2713 Ar-

1940 2742 2105 2795 menii
2149 2745 2365 2799 nomine
2403 2739 2651 2799 similiter
2681 2747 2994 2816 designatur
3016 2764 3043 2801 a
3079 2747 3336 2819 Gregorio
3372 2749 3509 2820 Nys-

1940 2844 2070 2885 seno
2096 2832 2189 2887 lib.
2219 2851 2234 2888 ι
2262 2835 2315 2888 ἱιι
2347 2836 2690 2901 Eunomium,
2716 2854 2767 2908 p.
2797 2838 2923 2891 289.
3517 2826 3521 2833 ’

2014 2944 2099 3002 Vl.
2135 2947 2268 3001 Illud
2298 2949 2461 3002 etiam
2494 2949 2559 3003 de
2600 2949 2883 3003 Eustathio
2913 2952 3147 3005 breviter
3188 2954 3507 3007 examinan-

1946 3035 2069 3089 dum
2095 3047 2197 3101 est,
2231 3048 2407 3091 utrum
2448 3038 2763 3107 discipulum
2807 3040 3051 3093 habuerit
3086 3042 3320 3095 Aetium.
3372 3042 3507 3096 Cum

1937 3125 2244 3183 Eustathius
2266 3127 2464 3183 Basilio
2489 3130 2659 3183 instar
2692 3130 2937 3185 criminis
2961 3132 3241 3199 epistolam
3262 3135 3326 3188 ad
3344 3135 3508 3203 Apol-

260 3200 541 3255 Eustatbio
598 3203 794 3269 tribui;
827 3219 895 3256 ex
925 3219 1032 3271 quo
1076 3206 1269 3260 laticum
1317 3205 1467 3259 illum
1508 3206 1676 3260 fuisse
1705 3222 1834 3261 wn-
1860 3188 1903 3247 δ
1935 3217 2191 3272 linarimn
2257 3221 2513 3289 scriptam
2574 3220 2895 3287 obiecisset;
2956 3223 3293 3280 demonstrat
3351 3188 3504 3282 Basi-

262 3293 429 3347 cludit
477 3303 536 3348 et
570 3293 739 3347 alium
794 3294 862 3349 ab
898 3294 1180 3351 Eustathio
1211 3296 1542 3363 Sebasteno,
1582 3297 1673 3366 qui
1707 3308 1833 3353 tunc

260 3392 442 3452 utpote
482 3384 540 3437 in
588 3384 791 3439 clerum
825 3386 1218 3441 Antiochenam
1250 3402 1393 3442 anno
1427 3388 1525 3443 331
1558 3398 1827 3455 receptus,

262 3474 313 3528 in
346 3475 529 3545 aliquo
562 3476 789 3531 honoris
822 3476 991 3546 gradu
1021 3478 1347 3534 constitutus
1389 3488 1549 3545 erat,
1583 3493 1649 3534 ac
1692 3478 1832 3533 forte

256 3565 421 3620 etiam
462 3568 751 3638 presbyter
776 3568 910 3635 fuit,
944 3568 991 3623 si
1017 3568 1306 3625 concilium
1344 3570 1611 3626 referatur
1641 3569 1709 3624 ad
1734 3583 1830 3623 au-

258 3673 382 3713 num
409 3658 539 3714 540.

322 3767 444 3823 Non
482 3768 719 3826 diﬂieilis
765 3781 847 3827 est
869 3771 1023 3840 hujus
1050 3774 1131 3828 rei
1169 3773 1499 3843 explicatio:
1536 3774 1651 3828 sive
1680 3774 1826 3828 enim

256 3860 575 3917 Eustathius
608 3864 711 3918 hac
740 3865 791 3918 in
822 3879 881 3919 re
907 3876 1063 3919 extra
1094 3865 1304 3934 culpam
1350 3865 1453 3919 fuit
1480 3884 1495 3932 ;
1547 3866 1680 3919 satis
1706 3875 1828 3918 erat

257 3953 473 4008 aliunde
531 3964 835 4024 suspectus,
870 3966 929 4009 ut
985 3956 1185 4011 nullum
1238 3959 1286 4012 ei
1337 3957 1559 4012 honoris
1612 3946 1826 4010 tit'ulum

254 4045 487 4115 episcopi
534 4048 832 4101 tribuerent
864 4066 878 4102 :
907 4050 1020 4103 sive
1068 4065 1253 4104 eorum
1276 4089 1291 4113 ,
1338 4064 1457 4118 quae
1491 4064 1521 4102 a
1549 4047 1825 4116 discipulis

257 4136 476 4201 ﬁebant,
512 4146 703 4191 auctor
741 4149 834 4192 aut
883 4140 1131 4194 conscius
1161 4139 1402 4203 exstitit;
1434 4138 1605 4193 multo
1647 4138 1825 4191 minus

254 4225 504 4293 decebat,
535 4235 594 4278 ut
621 4226 670 4280 ei
701 4228 908 4296 signum
946 4228 1161 4297 aliquod
1190 4227 1584 4283 communionis
1621 4228 1822 4296 imper-

254 4318 468 4381 tiretur,
511 4328 799 4387 antequam
840 4321 1091 4375 absurdis
1125 4321 1383 4374 institutis
1412 4320 1728 4374 destitisset.
1759 4318 1825 4371 ll-

256 4406 359 4459 lum
390 4408 537 4461 enim
573 4409 751 4478 aliquo
784 4412 1006 4466 honoris
1035 4411 1386 4466 ecclesiastici
1421 4411 1577 4465 titulo
1602 4426 1820 4476 ornare,

1934 3308 2039 3364 lius
2065 3309 2139 3379 (g)
2162 3313 2366 3381 aequius
2388 3312 2553 3366 multo
2583 3328 2705 3367 esse
2733 3322 2809 3377 ut,
2856 3317 2901 3367 si
2939 3318 3053 3384 quis
3094 3319 3297 3371 Aetium
3328 3323 3506 3388 genuit

1935 3400 2261 3467 Itwreticum,
2310 3405 2366 3456 in
2407 3414 2559 3471 caput
2606 3406 2837 3473 parentis
2868 3406 3101 3461 resiliunt
3128 3408 3232 3475 ﬁlii
3258 3411 3505 3463 crimina-

1934 3493 2119 3545 tiones.
2148 3492 2213 3546 Et
2238 3494 2291 3547 in
2312 3495 2472 3563 epist.
2501 3495 2629 3559 244,
2662 3514 2713 3551 n.
2753 3498 2787 3551 '5
2821 3514 2834 3550 :
2864 3495 2920 3549 Is
2949 3499 3038 3567 qui
3083 3516 3163 3554 me
3192 3513 3402 3554 accusat
3441 3504 3505 3555 de

1933 3580 2282 3649 Apollinario,
2304 3586 2609 3651 respondeat
2633 3586 2776 3639 nobis
2800 3586 2863 3640 de
2887 3587 3012 3640 Ario
3026 3590 3235 3657 proprio
3255 3592 3504 3657 magistro

1932 3686 2027 3724 suo
2056 3680 2103 3724 et
2133 3673 2197 3724 de
2228 3672 2374 3725 Aetio
2394 3676 2603 3742 proprio
2627 3692 2721 3728 suo
2751 3677 3030 3745 discipulo.
3053 3678 3159 3733 Sed
3183 3680 3339 3735 hisin
3370 3682 3504 3736 locis

1930 3763 2363 3818 substituendum
2414 3766 2623 3819 videtur
2669 3784 2862 3821 nomen
2917 3771 3078 3823 Aerii.
3130 3770 3265 3825 Nam
3305 3774 3410 3829 alio
3450 3778 3503 3829 in

1929 3854 2046 3909 loco
2087 3855 2162 3925 (lt)
2197 3857 2383 3910 eadem
2426 3860 2490 3911 de
2533 3874 2590 3911 re
2628 3874 2787 3928 agens
2823 3860 3051 3916 Basilius
3095 3875 3341 3919 neutrum
3383 3870 3503 3936 qui-

1930 3946 2050 4000 dem
2077 3948 2337 4011 nominat,
2372 3949 2464 4002 sed
2498 3964 2617 4016 qua:
2644 3950 2773 4003 dicit
2808 3952 2907 4006 soli
2954 3954 3114 4009 Aerio
3138 3958 3491 4011 conveniunt.

1931 4032 2073 4089 Nam
2100 4053 2189 4090 nec
2223 4039 2331 4107 ipse
2358 4056 2570 4105 accuso,
2614 4041 2810 4109 inquit,
2848 4045 2893 4096 si
2924 4049 3037 4111 quis
3081 4063 3144 4099 ex
3182 4050 3423 4103 sodalitio
3450 4069 3500 4104 ιη

1927 4126 2165 4180 Itreresim
2184 4129 2442 4181 abscissus
2462 4141 2534 4181 est
2556 4130 2787 4200 (omnino
2812 4143 2985 4187 autent
3003 4136 3235 4189 hancines
3261 4140 3496 4203 novistis,

1927 4219 2131 4271 tametsi
2161 4220 2468 4272 nominatim
2497 4237 2597 4273 non
2619 4226 2864 4292 appello),
2888 4228 3009 4292 quia
3026 4231 3377 4297 unusquisque
3403 4249 3496 4282 sua

1926 4310 2089 4375 ipsius
2115 4321 2323 4378 peccato
2360 4313 2636 4364 morietur.
2678 4314 2772 4367 llis
2804 4330 2935 4369 sane
2962 4319 3146 4373 verbis
3179 4320 3371 4389 aliquis
3419 4326 3500 4374 in-

1927 4400 2136 4453 dicatur
2161 4415 2229 4455 ex
2251 4402 2468 4469 pietatis
2493 4404 2775 4473 disciplina
2803 4407 2856 4459 in
2899 4408 3148 4462 haeresim
3178 4411 3356 4478 lapsus
3389 4428 3496 4465 non

257 4495 650 4548 communionis
680 4498 890 4565 signum
920 4498 1130 4552 fuisset,
1164 4497 1253 4552 Sic
1280 4498 1509 4554 Basilius
1540 4499 1612 4570 (ε)
1648 4500 1702 4554 in
1733 4500 1820 4553 ιίι.
1856 4526 1898 4580 D
1928 4493 2190 4561 probante
2218 4496 2494 4565 magistro.
2518 4498 2574 4551 ld
2608 4509 2783 4551 autem
2820 4502 3022 4568 optimc
3046 4507 3496 4571 convcnitAerio,

259 4580 383 4634 teris
414 4583 480 4636 de
507 4581 758 4652 Glycerio
780 4598 833 4639 et
865 4588 930 4640 ad
963 4588 1267 4657 Glycerium
1311 4591 1531 4657 scriptis
1556 4630 1571 4653 ,
1603 4590 1815 4643 diaconi

260 4669 467 4726 titulum
513 4675 567 4727 ei
595 4692 700 4729 non
736 4678 940 4744 tribuit,
973 4680 1218 4748 quamvis
1244 4681 1478 4735 nondum
1497 4696 1623 4736 eum
1657 4682 1820 4749 depo-

256 4765 464 4831 suisset,
517 4767 611 4820 sed
650 4779 854 4822 tantum
888 4770 1043 4837 hujus
1073 4787 1243 4840 poenae
1284 4772 1458 4826 minas
1502 4777 1816 4838 intentaret,

256 4858 352 4910 nisi
397 4858 505 4912 cito
559 4859 760 4913 rediret
803 4877 922 4914 cum
958 4863 1253 4932 virginibus
1276 4901 1290 4927 ,
1320 4877 1456 4931 quas
1483 4878 1513 4917 e
1535 4872 1819 4932 parentum

257 4951 499 5004 domibus
534 4952 841 5006 abstractas
876 4954 925 5006 in
955 4971 1114 5008 unum
1144 4957 1306 5011 veluti
1336 4971 1553 5026 gregem
1585 4956 1815 5026 college-

256 5050 350 5092 rat.
395 5040 525 5095 Vide
559 5054 672 5096 not.
703 5044 771 5096 ad
808 5046 967 5113 epist.
998 5046 1099 5100 129
1120 5086 1134 5110 ,
1167 5064 1220 5116 p.
1249 5050 1372 5102 221.

318 5131 657 5187 Eustathium
716 5136 1066 5191 Sebastenum
1117 5138 1490 5195 Tillcntontius
1544 5141 1809 5198 Ctesarea:

255 5232 341 5273 aut
364 5224 553 5278 saltem
581 5226 634 5279 in
662 5225 1000 5296 Cappadocia
1024 5242 1209 5285 natum
1234 5233 1529 5297 existimat,
1564 5244 1815 5305 propter-

320 5477 389 5545 (α)
427 5479 696 5549 Epiphan.
731 5483 923 5539 haeres.
958 5502 1113 5542 Lxxv.

317 5551 386 5617 (ὁ)
424 5550 540 5603 Lib.
572 5568 649 5611 tv,
686 5570 737 5605 e.
768 5554 856 5607 M.

317 5627 379 5685 (τ)
418 5620 511 5693 sp.
548 5622 669 5693 169,
698 5623 820 5693 ιτο,
856 5626 974 5681 m.

315 5696 385 5753 ((l)
419 5690 509 5757 lip.
532 5691 658 5746 2155.

313 5764 376 5826 (e)
409 5760 587 5815 Carm.
626 5762 715 5816 48.

1928 4585 2020 4652 qui
2049 4588 2400 4641 monasticam
2432 4589 2593 4642 vitam
2627 4606 2750 4645 cum
2791 4594 3072 4649 Eustathio
3122 4598 3495 4664 proﬁtebatur,

1930 4689 1985 4733 at
2010 4695 2346 4750 nequaquam
2374 4684 2551 4752 Aetio,
2590 4688 2681 4756 qui
2712 4703 2977 4741 summam
3010 4703 3222 4756 semper
3254 4690 3499 4759 impieta--

1930 4780 2035 4823 tem
2071 4786 2181 4839 prae
2211 4790 2270 4827 se
2302 4774 2440 4840 tulit,
2468 4792 2566 4831 nec
2605 4779 2741 4831 ullos
2772 4778 2877 4831 nisi
2914 4779 2979 4831 ad
3024 4779 3355 4846 impietatem
3386 4799 3499 4835 ma-

1929 4861 2126 4929 gistros
2172 4864 2380 4918 habuit.
2412 4865 2628 4921 Primus
2673 4868 2814 4922 illius
2852 4870 3039 4923 doctor
3078 4872 3303 4939 exstitit,
3362 4883 3498 4928 teste

1926 4953 2288 5026 Pbilostorgio
2320 4956 2417 5027 (i),
2452 4958 2710 5013 Paulinus
2738 4961 3132 5017 Antiochenus.
3157 4966 3495 5019 Atedoetum

1926 5047 2091 5103 fuisse
2142 5049 2208 5103 ab
2242 5049 2522 5106 Eustathio
2569 5066 2666 5106 nec
2722 5052 3011 5121 Gregorius
3051 5054 3346 5125 Nyssenus,
3404 5059 3495 5123 qui

1926 5154 2013 5194 res
2050 5140 2190 5194 Aetii
2234 5152 2484 5195 accurate
2535 5143 2875 5211 persequitur
2913 5144 3017 5214 (i),
3061 5161 3161 5199 nec
3194 5146 3331 5199 ullus
3358 5146 3496 5199 alios

1924 5242 2149 5286 testatus
2189 5242 2272 5286 est
2306 5234 2555 5300 scriptor.
2591 5236 2848 5299 Quamvis
2894 5253 3021 5305 ergo
3072 5238 3209 5304 apud
3238 5238 3492 5290 Basilium

1993 5490 2060 5558 (ῃ
2090 5491 2186 5557 Ep.
2220 5492 2338 5545 ica.

1989 5562 2063 5627 (g)
2089 5561 2185 5627 Ep.
2223 5562 2347 5627 223,
2382 5580 2433 5613 ιι.
2466 5564 2519 5617 5,

1989 5631 2063 5698 (Ιι)
2102 5630 2194 5695 Ep.
2220 5631 2340 5693 151,
2375 5648 2426 5684 ιι.
2463 5634 2515 5689 2,

1987 5700 2043 5765 (i)
2094 5700 2209 5751 Lib.
2239 5717 2317 5761 Ill,
2350 5704 2505 5754 c.15.

1991 5770 2066 5838 (j)
2094 5786 2108 5823 ι
2133 5771 2184 5822 in
2221 5770 2441 5824 Eunoni.
