3958 6212
380 385 503 426 XViV

1727 366 2264 424 PROLEGOMENA.

379 489 517 543 Aetii
550 501 742 542 nomen
799 487 1033 540 habeant
1063 499 1251 540 omnes
1299 485 1511 542 codices
1558 499 1689 540 mss.
1721 495 1776 540 et
1805 486 1957 553 editi,
1989 491 2036 546 Α
2063 487 2208 542 mine
2231 486 2299 540 ad
2334 483 2634 539 Hellenium
2684 483 2757 555 (p.
2794 483 2939 552 l06).
2996 483 3102 539 Sed
3147 484 3303 540 valde
3335 485 3524 544 dubito
3570 501 3639 541 an

356 579 780 635 -substituendus
807 581 852 634 ei
872 579 1082 633 videtur
1103 579 1319 635 Acrius.

993 691 1218 748 CAPUT
1257 691 1345 746 Vl.

380 784 420 840 1.
458 784 684 840 Sanctus
715 784 946 838 Basilius
969 785 1284 839 rtenobitica:
1301 786 1420 838 vitae
1439 785 1693 838 auctorin
1711 783 1882 838 Ponto
1909 793 1956 836 et

453 856 804 923 Cappadocia.
845 856 904 908 ll.
933 855 1098 907 Antea
1122 855 1199 908 his
1242 859 1296 908 in
1336 855 1461 908 locis
1489 863 1676 907 ascetw
1716 853 1821 907 bini
1867 862 1958 907 aut

455 927 589 977 terni
617 925 886 993 degebant.
918 923 1004 976 ΙΙΙ.
1038 924 1289 992 Gregorio
1318 926 1519 989 scribit,
1556 940 1775 993 eumque
1805 925 1872 976 ad
1904 939 1958 976 se

451 995 660 1047 allicere
682 1006 919 1049 conatur.
952 993 1150 1048 Eorum
1182 996 1383 1049 vivendi
1415 997 1552 1048 ratio
1579 1005 1626 1048 et
1657 996 1955 1062 occupatio.

449 1063 539 1118 IV.
594 1064 779 1134 Basilii
831 1064 1034 1118 labores
1088 1067 1395 1118 monasterii
1427 1065 1621 1134 ﬁnibus
1651 1081 1753 1116 non
1786 1063 1958 1134 conti-

450 1146 658 1190 nentur.
693 1133 757 1187 γ.
796 1135 870 1188 De
898 1136 1136 1202 pluribus
1167 1136 1396 1205 epistolis
1418 1137 1470 1188 in
1494 1151 1698 1188 secessu
1723 1133 1955 1201 scriptis.

450 1223 490 1276 l.
525 1223 912 1279 Testimonium
943 1223 1188 1293 Gregorii
1232 1226 1560 1280 Nazianzeni
1619 1239 1782 1293 supra
1827 1223 1959 1277 alla-

382 1325 514 1381 tum,
575 1317 629 1370 in
678 1333 784 1386 quo
833 1317 1060 1371 Basilius
1114 1319 1311 1372 dicitur
1365 1317 1741 1373 ccenobiticam
1793 1317 1956 1371 vitam

380 1409 706 1474 instituiSse,
743 1409 1050 1485 conﬁrmari
1088 1419 1267 1478 potest
1297 1425 1361 1463 ex
1398 1411 1556 1478 epist.
1604 1409 1786 1464 Basilii
1826 1408 1955 1476 207,

381 1518 437 1555 n.
479 1500 533 1556 2.
581 1501 820 1558 Oderunt
849 1518 970 1556 eum
1015 1501 1499 1567 Neocmsarienses,
1545 1504 1799 1572 episcopo
1839 1501 1956 1571 ipso

383 1607 477 1648 eos
510 1594 562 1648 in
606 1592 861 1648 Basilium
907 1596 1265 1651 incendente:
1310 1596 1417 1649 odii
1465 1611 1640 1650 causae
1681 1596 1870 1650 inanes
1906 1603 1960 1648 et

383 1686 627 1740 absurda:
657 1685 1015 1754 ﬁngebantur,
1040 1688 1299 1756 psallendi
1337 1689 1471 1741 ritus
1499 1687 1549 1741 in
1585 1686 1813 1741 ecclesia
1840 1687 1954 1741 Cte-

378 1779 608 1832 sariensi
645 1788 700 1834 et
738 1779 918 1832 Basilii
949 1781 1217 1834 coenohia.
1255 1778 1535 1850 Nunquam
1583 1777 1824 1848 profecto
1852 1777 1956 1830 Ba-

2061 595 2181 648 qua:
2213 578 2315 632 hoc
2341 576 2460 630 loco
2494 585 2682 630 narrat
2708 575 3030 645 Gregorius,
3076 574 3333 631 Nazianzi
3376 587 3470 632 aut
3499 578 3640 647 Cap-

2061 671 2299 740 padociae
2322 669 2522 724 ﬁnibus
2552 670 2791 723 coerceri
2813 670 3064 724 debeant.
3097 668 3171 724 lbi
3203 669 3346 723 enim
3377 670 3642 724 monasti-

2060 779 2182 818 cum
2215 764 2513 818 institutum
2533 763 2831 832 generatim
2853 762 3056 826 laudat,
3089 770 3379 832 antequam
3405 761 3644 816 Naziana

2061 869 2224 909 zenos
2258 855 2554 909 monachos
2603 855 2923 908 nominatim
2967 852 3213 909 Hellenio
3245 857 3595 910 commendet
3624 871 3635 905 :

2055 957 2114 1002 et
2144 947 2286 1017 quod
2314 947 2390 1002 ait
2419 947 2494 1016 (p.
2532 945 2656 1013 107)
2686 945 2976 1002 monachos
2998 947 3248 1016 imperito
3273 947 3456 1002 studio
3483 949 3644 1001 abre-

2067 1049 2190 1109 ptos
2241 1048 2466 1096 mortem
2511 1039 2611 1094 sibi
2640 1040 2772 1109 ipsis
2821 1039 3180 1107 consciscere,
3219 1037 3352 1094 alios
3403 1039 3643 1107 propriis

2059 1128 2309 1181 manibus
2341 1136 2430 1181 aut
2462 1126 2621 1195 fame,
2653 1129 2787 1182 alios
2826 1128 3020 1197 laqueo
3060 1137 3153 1182 aut
3185 1143 3306 1184 sese
3337 1128 3645 1198 praecipites

2061 1219 2268 1284 dando;
2324 1219 2536 1273 videtur
2588 1219 2640 1274 id
2700 1221 2766 1274 de
2816 1219 3040 1275 remotis
3093 1220 3404 1290 regionibus
3459 1221 3644 1288 potius

2059 1327 2220 1380 quam
2251 1311 2317 1366 de
2342 1309 2774 1381 Cappadocibus,
2795 1313 3071 1382 magisque
3099 1311 3238 1366 fama
3257 1323 3311 1367 et
3339 1313 3640 1378 auditione,

2059 1421 2223 1475 quam
2271 1407 2506 1476 propriis
2539 1406 2711 1461 oculis
2745 1415 3023 1474 acceptum
3061 1420 3308 1460 narrare.
3349 1403 3645 1459 Probabile

2059 1513 2189 1567 ergo
2223 1513 2325 1552 non
2355 1507 2438 1552 est
2461 1499 2816 1553 anaehoretas
2837 1497 3007 1551 fuisse
3039 1496 3303 1550 Eustathii
3326 1494 3641 1565 discipulos.

2063 1589 2198 1645 Hinc
2217 1590 2449 1645 Basilius
2489 1590 2563 1661 (p.
2607 1588 2734 1661 359)
2773 1587 3099 1644 monasteria
3144 1587 3429 1642 Eustathio
3462 1585 3646 1656 subje-

2060 1695 2146 1739 cta
2179 1693 2335 1738 vocat
2361 1682 2730 1738 fraternitates
2754 1683 2806 1736 in
2837 1681 3065 1752 epistola
3091 1680 3218 1735 223.
3258 1680 3311 1734 lu
3350 1681 3436 1735 his
3463 1689 3644 1733 tamen

2061 1773 2610 1828 fraternitatibusuon
2636 1774 2886 1828 videntur
2921 1774 2972 1825 in
3007 1787 3213 1826 morem
3244 1772 3643 1827 etenobitarum

382 1865 560 1917 silium
593 1879 658 1920 eo
701 1866 915 1918 nomine
950 1865 1308 1928 iucusassent,
1339 1867 1380 1919 si
1415 1873 1540 1920 ante
1568 1879 1691 1917 eum
1741 1865 1844 1918 hoc
1875 1862 1959 1916 in-
1992 1852 2033 1907 Β
2062 1867 2162 1922 sub
2192 1867 2350 1921 unius
2378 1866 2588 1921 abbatis
2612 1866 2839 1935 imperio
2868 1865 3248 1919 comnmnibus
3281 1878 3496 1930 semper
3522 1879 3645 1915 mu—

383 1956 624 2008 stitutum
658 1954 710 2008 in
729 1953 898 2009 Ponto
926 1955 1247 2009 exstitisset.
1271 1955 1590 2020 Quinetiam
1610 1953 1862 2019 Basilius,
1899 1963 1957 2008 ut

381 2045 637 2098 invidiam
677 2060 707 2099 a
753 2061 810 2100 se
841 2045 1114 2116 propulset
1150 2047 1274 2100 novi
1319 2044 1479 2113 hujus
1516 2044 1774 2110 instituti,
1813 2044 1954 2114 quod

383 2138 673 2190 maximam
706 2137 920 2191 laudem
958 2138 1286 2202 merebatur,
1329 2151 1668 2207 nequaquam
1707 2136 1954 2207 exempla

382 2231 447 2281 ad
485 2244 638 2283 suam
663 2228 1028 2284 defensionem
1057 2229 1252 2299 repetit
1292 2245 1359 2283 ex
1395 2228 1554 2284 Ponti
1584 2239 1638 2284 et
1668 2228 1954 2299 Cappado-

381 2321 480 2374 ciae
514 2329 606 2374 aut
646 2321 994 2376 ﬁnitimarum
1051 2321 1290 2391 gentium
1333 2322 1609 2385 Ecclesiis,
1643 2323 1736 2376 sed
1773 2322 1850 2375 ait
1899 2337 1958 2377 se

383 2413 656 2467 audivisse
699 2413 856 2466 talem
899 2427 1018 2468 esse
1055 2415 1106 2466 in
1143 2413 1376 2484 ngypto
1412 2415 1648 2468 virorum
1679 2414 1955 2482 virtutem,

386 2502 614 2558 fortasse
660 2507 820 2559 etiam
857 2507 1140 2559 nonnullos
1171 2507 1220 2558 in
1270 2505 1550 2560 Palaestina
1579 2506 1950 2575 evangelicum

384 2597 548 2648 vitam
593 2599 862 2660 excolere,
905 2607 959 2652 et
1003 2614 1188 2652 rursus
1223 2600 1432 2668 aliquos
1465 2599 1517 2652 in
1563 2597 1954 2667 Mesopotamia

384 2689 570 2743 beatos
594 2703 714 2744 esse
747 2699 802 2743 et
847 2691 1111 2758 perfecIOs
1157 2691 1318 2746 viros.
1369 2691 1484 2746 Non
1525 2691 1777 2745 videntur
1828 2705 1957 2760 ergo

385 2781 631 2834 cmuobia
656 2781 710 2833 in
739 2781 912 2835 Ponto
949 2789 1068 2835 ante
1093 2780 1346 2836 Basiliam
1373 2784 1671 2838 exstitisse.

458 2871 620 2926 Sedsi
648 2871 883 2927 Basilius
900 2875 1019 2940 ejus
1044 2873 1274 2926 instituti
1303 2887 1525 2939 auctor,
1563 2874 1757 2928 mirum
1788 2873 1955 2929 videri

386 2965 575 3031 possit,
604 2980 700 3020 cur
727 2967 1046 3022 Eustathius
1075 2984 1181 3022 non
1211 2968 1383 3022 solum
1408 2968 1548 3036 apud
1585 2967 1872 3022 Armenios
1902 2976 1958 3020 et

387 3058 778 3128 Paphlagonas,
815 3060 908 3113 sed
949 3060 1107 3113 etiam
1153 3061 1203 3112 in
1238 3058 1430 3121 Ponto,
1461 3067 1519 3111 ut
1553 3059 1604 3111 in
1629 3059 1958 3127 praecedenti

2060 1959 2164 2014 niis
2196 1958 2385 2013 intenti
2439 1957 2634 2024 fuiSse,
2680 1957 2774 2012 sed
2829 1957 2940 2012 bini
2993 1965 3088 2011 aut
3131 1957 3256 2010 trini
3306 1954 3530 2010 liberius
3559 1954 3642 2007 vi-

2059 2053 2228 2106 xisse.

2131 2143 2326 2199 Basilio
2363 2143 2508 2198 enim
2547 2155 2818 2196 secessum
2852 2138 3131 2194 meditanti
3163 2136 3305 2192 nulla
3339 2135 3410 2192 ob
3451 2135 3644 2191 oculos

2058 2241 2414 2293 versabantur
2452 2239 2535 2293 his
2562 2238 2614 2290 in
2652 2237 2784 2292 locis
2827 2235 3072 2290 ctenobia
3107 2233 3213 2304 (e);
3265 2234 3359 2287 sed
3391 2232 3646 2301 cupiebat

2060 2347 2226 2385 unum
2250 2331 2484 2399 aliquem
2518 2345 2584 2384 ex
2624 2329 2886 2384 fratribus
2921 2327 3187 2389 invenire,
3225 2325 3316 2393 qui
3349 2324 3642 2378 asceticam

2061 2425 2226 2478 vitam
2282 2422 2650 2491 proﬁteretur,
2685 2430 2745 2474 ut
2779 2436 2883 2474 uua
2927 2435 3049 2473 cum
3099 2432 3165 2472 eo
3206 2417 3424 2472 brevem
3481 2414 3644 2482 hujus

2057 2516 2183 2567 vitae
2215 2513 2437 2567 ﬂuctum
2479 2513 2754 2566 transiret.
2786 2509 3114 2578 Speraverat
3141 2523 3198 2561 se
3225 2522 3343 2560 cum
3377 2504 3644 2575 Gregorio

2059 2607 2361 2665 victurum;
2393 2604 2554 2672 idque
2586 2603 2727 2656 inter
2756 2617 2814 2656 se
2848 2601 2988 2671 pacti
3024 2599 3240 2652 fuerant
3268 2615 3281 2651 :
3317 2597 3413 2652 Sed
3451 2612 3641 2651 eorum

2059 2696 2344 2749 consilium
2379 2695 2738 2762 interpellavit
2778 2693 3027 2762 imposita
3063 2689 3326 2759 Gregorio
3345 2688 3646 2742 necessitas

2063 2790 2305 2843 fovenda:
2341 2799 2623 2856 parentum
2654 2787 2971 2843 senectutis.
3011 2783 3197 2838 Basilii
3241 2781 3640 2836 monasterium

2061 2899 2167 2937 non
2214 2883 2421 2946 statim,
2457 2890 2516 2935 ut
2566 2879 2724 2934 modo
2756 2878 3080 2943 videbimus,
3131 2875 3364 2930 cmnobii
3409 2873 3638 2927 formam

2061 2974 2270 3028 habuit.
2309 2973 2556 3027 Monachi
2591 2971 2918 3025 Nazianzeni
2949 2969 3234 3024 emnobitze
3250 2982 3355 3020 non
3377 2974 3530 3019 erant
3560 2966 3637 3032 (p.

2061 3063 2208 3134 107).
2229 3062 2360 3115 Nam
2391 3061 2684 3132 Gregorius
2706 3062 2758 3114 in
2785 3059 3024 3112 carmine
3041 3057 3104 3110 ad
3129 3055 3426 3109 [lellenium
3454 3054 3640 3106 decent

386 3153 560 3219 capite
619 3152 867 3217 vidimus,
920 3151 1269 3205 monasticam
1322 3151 1484 3204 vitam
1537 3152 1746 3205 dicatur
1799 3151 1956 3206 insti-
1984 3182 2028 3242 Ο
2061 3155 2538 3225 praestantissimos
2565 3162 2775 3206 ascetas
2806 3158 3070 3214 recenset,
3103 3147 3299 3217 quibus
3325 3144 3641 3214 singulatim

386 3245 576 3296 tuisse.
621 3241 992 3297 Comineutum
1041 3259 1160 3298 esse
1207 3244 1480 3298 existimat
1517 3243 1780 3298 Baronius
1814 3245 1956 3312 quod

386 3333 452 3388 de
477 3335 758 3388 Eustathio
785 3337 922 3403 apud
958 3337 1316 3390 Sozomenum
1354 3337 1564 3407 legitur.
1598 3336 1702 3392 Sed
1747 3335 1955 3391 clarum

387 3435 441 3478 et
486 3427 824 3494 perspicuum
865 3436 950 3481 est
991 3429 1055 3483 de
1088 3428 1372 3482 Eustathio
1419 3428 1643 3496 ejusque
1678 3429 1957 3499 discipulis

385 3517 640 3570 Basilium
671 3516 836 3584 loqui,
865 3533 986 3571 cum
1024 3519 1100 3571 ait
1133 3517 1210 3588 (ιι)
1247 3534 1304 3572 se
1341 3521 1652 3572 monastic-re
1693 3519 1815 3572 vita:
1843 3529 1959 3572 stu-

387 3609 475 3661 dio
498 3608 832 3675 flagrantem,
863 3611 951 3663 tibi
985 3610 1266 3664 nonnullos
1291 3611 1423 3664 vidit
1448 3611 1499 3664 in
1528 3611 1702 3680 patria
1731 3611 1821 3680 qui
1856 3611 1959 3664 hoc

389 3699 686 3753 institutum
713 3699 1120 3769 profitebantur,
1153 3716 1404 3770 magnum
1443 3717 1510 3755 ex
1560 3717 1746 3755 eorum
1779 3700 1960 3754 amici-

391 3790 463 3842 tia
496 3798 549 3842 et
574 3792 959 3844 consuetudine
988 3792 1294 3861 pratsidium
1325 3793 1391 3845 ad
1425 3793 1650 3846 salutem
1689 3807 1956 3861 sperasse.

386 3880 505 3933 Jam
539 3889 648 3934 tum
676 3896 803 3952 ergo
838 3883 1128 3951 discipulos
1165 3883 1398 3936 habebat
1425 3882 1757 3936 Eustathius.
1781 3883 1960 3948 Quare

389 3973 536 4026 litem
579 3973 656 4026 sic
681 3974 888 4026 dirimit
933 3973 1306 4027 Tillemontius
1338 3983 1394 4024 ut
1431 3972 1630 4026 Basilio
1665 3974 1959 4027 camobiti-

388 4079 465 4116 cae
492 4064 610 4117 vita:
649 4064 950 4117 institutum
981 4075 1258 4133 acceptum
1297 4063 1518 4127 referat,
1550 4063 1824 4116 Eustathii
1856 4079 1958 4117 au-

389 4161 494 4205 tem
548 4153 840 4220 discipulos
878 4153 928 4205 in
962 4153 1181 4206 urbibus
1223 4162 1278 4206 et
1324 4152 1532 4219 oppidis
1581 4152 1665 4206 vel
1701 4152 1868 4207 etiam
1903 4154 1958 4207 in

390 4244 765 4298 remotioribus
783 4243 916 4298 locis
951 4243 1091 4297 solos
1115 4243 1311 4298 vixisse
1339 4243 1629 4298 existimet.

460 4337 522 4389 ll.
569 4335 849 4390 Libentius
907 4335 1225 4390 crediderim
1262 4335 1531 4390 Eustathii
1585 4335 1874 4406 discipulos
1908 4338 1962 4392 in

388 4431 538 4498 pagis
565 4439 618 4483 et
654 4428 865 4498 oppidis
898 4428 1053 4482 binos
1088 4438 1180 4481 aut
1204 4437 1382 4483 ternos
1422 4428 1639 4493 vixisse,
1665 4430 1740 4484 ita
1782 4439 1840 4482 ut
1865 4445 1965 4484 nec

2065 3246 2463 3311 immunitatem
2511 3260 2540 3298 a
2601 3243 2816 3297 tributis
2870 3241 3026 3310 petit,
3074 3254 3233 3310 quam
3271 3238 3402 3291 satis
3452 3235 3645 3289 fuisset

2064 3337 2160 3392 toti
2192 3336 2444 3390 etenobio
2471 3334 2635 3388 semel
2665 3344 2866 3402 petere,
2896 3335 2939 3386 si
2965 3333 3018 3385 in
3060 3332 3250 3384 iisdem
3289 3343 3478 3382 omnes
3512 3326 3645 3380 tedi-

2060 3429 2160 3482 bus
2187 3426 2432 3481 fuissent.
2457 3423 2591 3479 Hine
2618 3424 2780 3478 etiam
2811 3438 2948 3477 unus
2979 3437 3046 3476 ex
3081 3420 3186 3474 illis
3214 3418 3451 3472 Eulalius
3479 3418 3646 3471 amis-

2061 3534 2123 3574 so
2161 3518 2328 3573 fratre
2359 3516 2602 3571 Helladio
2627 3515 2701 3584 (p.
2741 3512 2886 3585 108),
2925 3527 3084 3581 quem
3121 3512 3358 3580 ejusdem
3399 3506 3638 3562 instituti

2061 3611 2267 3665 socium
2299 3608 2586 3670 habuerat,
2613 3602 2824 3658 afﬂictae
2841 3614 2895 3658 et
2922 3613 3138 3672 aegrota:
3165 3600 3321 3653 matri
3345 3598 3642 3652 assidebat.

2063 3703 2319 3756 Testatur
2349 3699 2515 3754 abbas
2549 3699 2790 3767 Pyamon
2846 3697 2986 3765 apud
3026 3694 3347 3748 Cassianum
3386 3689 3492 3761 (f),
3532 3698 3647 3744 ter-

2065 3796 2195 3847 tium
2222 3807 2392 3861 genus
2411 3790 2821 3852 monachorum,
2851 3786 2940 3856 qui
2971 3783 3281 3854 Sarabayta:
3298 3781 3642 3845 dicebantur,

2061 3895 2115 3939 et
2147 3886 2259 3940 bini
2291 3893 2384 3936 aut
2416 3883 2554 3936 terni
2598 3880 2886 3949 degebant,
2933 3878 3211 3931 abundare
3256 3888 3320 3927 ac
3361 3884 3529 3942 prope
3553 3886 3646 3924 so-

2063 3978 2173 4030 lutn
2215 3989 2334 4030 esse
2364 3975 2419 4028 in
2451 3973 2766 4028 civitatibus
2803 3986 2938 4039 quas
2976 3969 3298 4031 diaconiam,
3325 3976 3386 4018 ut
3411 3964 3524 4033 jam
3555 3963 3643 4018 dio~

2063 4069 2264 4130 ximus,
2295 4067 2345 4118 in
2381 4063 2609 4119 Pontum
2651 4072 2701 4118 et
2747 4062 3056 4117 Armeniam
3101 4058 3349 4114 deferens
3383 4068 3645 4124 peragra-

2062 4160 2161 4212 vit.
2217 4159 2467 4212 Cauones
2515 4155 2884 4226 Gangrenses.
2926 4155 3018 4222 qui
3051 4151 3322 4206 Armenia:
3373 4151 3645 4220 episcopis

2065 4249 2311 4317 inscripti
2355 4257 2500 4313 sunt,
2529 4248 2781 4300 dubitare
2811 4259 2916 4298 non
2943 4244 3128 4298 sinunt
3168 4243 3297 4312 quin
3331 4251 3642 4296 ascetaruin

2066 4344 2118 4396 in
2160 4343 2262 4397 hac
2301 4343 2520 4411 regione
2573 4354 2766 4408 magna
2825 4337 2991 4391 fuerit
3035 4336 3302 4390 sentiendi
3335 4348 3399 4387 ac
3425 4332 3642 4387 vivendi

2077 4435 2318 4488 libertas.
2351 4433 2452 4488 Vix
2479 4447 2606 4502 ergo
2633 4432 2848 4486 dubium
2871 4431 3001 4499 quin
3038 4429 3292 4482 instituta:
3313 4426 3396 4480 bis
3431 4425 3483 4478 in
3507 4424 3644 4479 locis

388 4524 729 4576 attachoretae
773 4521 972 4574 fuerint
1023 4535 1122 4575 nec
1177 4523 1478 4576 ctenobitce.
1510 4521 1762 4576 Testatur
1797 4522 1962 4578 Sozo-
1995 4545 2038 4599 ι)
2071 4527 2412 4581 cretiobiticaa
2447 4527 2570 4579 vita:
2619 4523 2787 4594 gloria
2837 4539 2940 4577 non
2987 4520 3266 4574 Eustathio
3296 4517 3644 4572 attribuenda

389 4629 577 4667 menus
600 4613 676 4685 (ὁ)
702 4615 752 4666 in
776 4613 985 4668 Galatia
1019 4623 1074 4667 et
1094 4613 1428 4683 Cappadocia
1467 4625 1522 4668 et
1553 4614 1798 4668 ﬁnitimis
1836 4629 1960 4684 pro-

386 4707 576 4761 vinclis
602 4706 836 4760 maxime
863 4720 1045 4760 rarum
1095 4720 1214 4759 esse
1259 4705 1706 4759 anachoretarum
1765 4721 1955 4775 genus,

388 4800 514 4864 quia
549 4811 645 4865 per
677 4796 895 4866 frigoris
924 4796 1276 4850 acerbitatem
1300 4796 1350 4848 in
1381 4796 1610 4850 desertis
1632 4796 1766 4851 locis
1793 4798 1958 4866 dege-

390 4904 446 4940 re
467 4902 574 4941 non
603 4886 748 4941 licet.
782 4887 837 4940 ld
872 4888 1157 4940 coaﬁrtnat
1192 4887 1358 4940 abbas
1392 4884 1654 4957 Pyamon,
1687 4889 1778 4957 qui
1813 4889 1952 4956 apud

387 4979 702 5032 Cassianum
729 4977 799 5048 (c)
827 4988 1009 5031 narrat
1032 4993 1090 5032 se
1120 4979 1174 5031 in
1202 4976 1509 5048 regionibus
1535 4994 1668 5046 quas
1701 4981 1803 5033 sub
1845 4977 1951 5032 Va-

387 5071 529 5124 lente
558 5071 882 5140 peragravit,
933 5080 990 5122 ut
1020 5069 1278 5124 fratribus
1308 5071 1361 5123 in
1403 5068 1632 5123 Pontum
1668 5080 1722 5124 et
1759 5073 1952 5124 Arme-

387 5164 530 5216 niam
571 5161 821 5233 relegatis
866 5163 1170 5229 diaconiam
1223 5161 1409 5227 ferret,
1441 5178 1509 5216 ne
1539 5163 1712 5232 ipsum
1739 5165 1956 5233 quidem

385 5255 839 5308 anachoretarum
877 5270 1069 5308 nomen
1103 5256 1344 5309 auditum
1371 5256 1722 5324 comperisse.
1757 5255 1958 5312 Existi~

385 5351 498 5392 mat
526 5339 901 5395 Tillemontius
933 5341 1010 5411 (d)
1052 5342 1336 5398 nonnullos
1391 5359 1419 5396 a
1465 5352 1652 5399 sancto
1693 5344 1957 5416 Gregorio

383 5431 730 5488 Nazianzeno
758 5434 1104 5503 Cappadoces
1135 5435 1492 5491 anachoretas
1520 5437 1722 5493 laudari
1756 5437 1810 5494 in
1835 5452 1955 5494 car-

453 5613 534 5688 (a)
687 5615 812 5678 223,
843 5633 897 5670 n.
922 5617 975 5671 3.

452 5684 526 5757 (ὁ)
556 5684 678 5757 μω.
707 5700 779 5748 νι,
807 5705 854 5738 c.
884 5688 970 5741 54.

455 5755 524 5824 (ις)
556 5755 746 5808 Collat.
784 5757 864 5821 18,
903 5776 950 5808 ρ.
987 5760 1038 5811 7.

457 5836 534 5901 tu}
562 5825 714 5882 Tum.
739 5824 826 5894 lx,
851 5845 903 5898 ιι.

2069 4617 2160 4680 sit,
2194 4615 2291 4670 sed
2324 4615 2542 4680 Basilio,
2583 4613 2734 4680 cujus
2769 4613 3065 4667 maximum
3089 4610 3297 4665 exstitit
3327 4610 3489 4678 hujus
3518 4623 3648 4677 pro-

2066 4709 2295 4778 pagandi
2324 4707 2552 4760 instituti
2585 4706 2842 4760 studium.
2879 4703 3012 4758 Illud
3045 4703 3202 4772 longe
3243 4703 3317 4774 (g)
3351 4700 3646 4770 praeferen-

2065 4801 2188 4854 dum
2237 4814 2355 4853 esse
2385 4799 2858 4853 demonstratvita:
2887 4797 3180 4863 solitarim;
3218 4796 3323 4851 duo
3349 4795 3427 4866 (li)
3470 4795 3522 4848 in
3549 4809 3646 4848 eo-

2061 4891 2182 4944 dem
2216 4905 2351 4960 pago
2397 4891 2722 4944 monasteria
2754 4903 2874 4943 esse
2917 4904 3022 4942 non
3066 4889 3277 4957 probat,
3309 4889 3402 4941 sed
3449 4901 3647 4942 omnes

2063 4993 2273 5037 ascetas
2306 4981 2405 5037 sub
2433 4998 2540 5037 uno
2569 4990 2624 5036 et
2651 4981 2838 5035 eodem
2870 4980 3159 5050 praeposito
3202 4980 3476 5034 existimat
3508 4993 3648 5033 con-

2059 5075 2382 5146 iungendos.
2409 5074 2647 5144 Perspici
2687 5074 2851 5128 etiam
2893 5083 3072 5142 potest
3103 5074 3245 5128 illius
3273 5073 3541 5151 sententia
3574 5087 3641 5126 ex

2065 5172 2222 5239 epist.
2247 5167 2372 5232 295,
2401 5168 2454 5221 in
2487 5184 2592 5236 qua
2637 5179 2848 5222 ascetas
2899 5169 2949 5220 in
2983 5169 3170 5223 eodem
3205 5169 3418 5237 quidem
3453 5182 3644 5221 mona~

2065 5258 2254 5322 sterio,
2280 5257 2372 5310 sed
2411 5271 2514 5310 non
2551 5271 2699 5310 more
2742 5257 3114 5312 coenobiorum
3165 5257 3406 5310 viventes
3447 5257 3641 5310 horta-

2064 5360 2172 5412 tur,
2205 5357 2262 5401 ut
2287 5348 2354 5402 ab
2384 5347 2485 5401 hac
2507 5347 2614 5400 vita
2645 5348 2872 5402 testibus
2899 5356 3120 5403 carente
3159 5348 3224 5401 ad
3257 5347 3644 5402 cmuobiticam

2064 5446 2359 5494 transeant.
2399 5437 2605 5494 Praeter
2651 5441 2979 5506 etenobium,
3033 5440 3174 5510 quod
3208 5441 3258 5494 in
3306 5439 3475 5494 Ponto
3513 5453 3640 5493 ron-

2145 5616 2212 5686 (e)
2248 5617 2341 5686 Ep.
2375 5617 2496 5673 225.

2142 5688 2206 5755 (ί)
2248 5691 2436 5740 (.tillnt.
2478 5692 2562 5750 18,
2593 5707 2636 5743 c.
2668 5691 2717 5744 7.

2135 5755 2206 5843 i9).
2247 5755 2374 5843 ἕξεθ’
2415 5758 2521 5843 [¹’³·
2547 5761 2615 5843 .⁷.τ

2134 5824 2209 5898 (η)
2249 5824 2374 5900 Reg.
2406 5832 2508 5897 Ius.
2546 5829 2635 5890 55.
