3958 6212
385 371 512 412 XXVI

1723 351 2258 406 PBOLEGOMENA.

383 482 506 536 quae
541 479 660 520 eam
693 445 1094 528 custodiebant,
1138 461 1454 518 verberibus
1490 463 1752 527 contudit,
1777 481 1841 520 ac
1875 465 1958 520 ef—
1985 473 2035 528 Α
2063 466 2129 518 ad
2187 464 2329 517 hanc
2385 460 2701 532 dignitatem
2762 457 3028 528 pervenit.
3091 453 3211 510 Non
3266 451 3632 521 improbabilia

383 559 575 613 fractis
624 557 833 612 foribus
871 558 1174 625 exportavit
1222 558 1425 618 omnia,
1468 559 1665 624 partim
1702 558 1802 612 sibi
1843 560 1955 628 ipse

383 651 626 720 rapiens.
662 650 854 719 partim
898 649 962 700 ad
994 647 1352 716 diripiendum
1382 649 1598 702 cuilibet
1629 663 1953 718 proponens.

383 742 605 796 Veritus
634 743 812 809 itaque
844 740 1091 806 Basilius,
1137 755 1204 794 ne
1235 742 1426 796 domus
1469 758 1560 795 sua
1591 743 1838 796 omnibus
1869 743 1954 815 in-_

378 833 541 900 juriis
563 842 791 902 pateret,
829 833 873 888 si
925 832 1247 900 impunitum
1305 832 1513 886 facinus
1543 831 1952 901 relinqueretur.

385 941 545 994 opem
578 924 828 992 implorat
867 922 1208 984 Caudidiani.
1243 924 1324 978 cui
1381 939 1466 977 res
1498 938 1621 978 suas
1659 926 1806 978 cordi
1839 938 1957 981 esse

381 1015 492 1080 jam
525 1029 666 1083 saepe
693 1025 1062 1084 perspexerat.
1091 1015 1199 1068 [lac
1223 1024 1396 1069 autem
1425 1016 1620 1070 mulcla
1644 1026 1954 1071 contentum

389 1121 449 1160 se
479 1106 596 1160 fore
621 1107 874 1172 declarat,
911 1107 953 1161 si
995 1108 1224 1175 agrestis
1271 1122 1299 1158 a
1333 1107 1454 1174 pagi
1490 1105 1778 1175 praeposito
1803 1121 1954 1161 com-

386 1196 705 1263 prehensus,
761 1198 910 1251 brevi
970 1205 1208 1264 tempore
1264 1197 1315 1249 in
1360 1210 1579 1250 carcere
1632 1197 1953 1251 includatur.

387 1287 514 1342 llaec
547 1289 773 1353 domus,
812 1298 871 1342 ut
923 1304 1083 1356 supra
1141 1289 1394 1352 diximus,
1437 1304 1540 1343 non
1589 1298 1706 1343 erat
1740 1293 1956 1359 propria

389 1377 574 1432 Basilii
609 1379 902 1448 possessio,
945 1379 1035 1447 qui
1069 1393 1191 1433 sese
1227 1378 1476 1430 omnibus
1519 1377 1678 1431 rebus
1719 1378 1957 1432 nudave-

392 1482 479 1526 rat
504 1472 599 1542 (a),
635 1473 726 1526 sed
758 1488 820 1526 ex
860 1487 944 1536 ea,
971 1473 1161 1525 matris
1191 1487 1302 1524 suae
1332 1469 1556 1539 provido
1584 1468 1831 1535 consilio,
1855 1470 1958 1524 ali-

393 1571 578 1615 menta
603 1563 952 1630 percipiebat.

467 1652 638 1721 llnjus
682 1663 859 1706 autem
909 1653 1226 1707 Candidiani
1280 1652 1517 1708 amicitia
1567 1667 1688 1707 cum
1738 1650 1956 1714 Basilio,

391 1745 557 1797 animi
600 1744 898 1799 moderatio
930 1744 982 1798 in
1014 1745 1225 1814 magnis
1259 1745 1574 1806 honoribus,
1626 1758 1776 1799 amor
1813 1743 1958 1798 litte-

2064 554 2374 623 conjectura
2406 561 2488 606 est
2531 551 2675 605 hunc
2711 549 3019 604 Nectarium
3069 546 3314 601 eumdem
3348 559 3469 599 esse
3500 544 3635 596 Con-

2063 642 2561 712 stantinopolitano.
2587 640 2678 694 Ille
2703 641 2846 695 enim
2870 655 2934 694 ex
2966 637 3145 706 ampla
3173 645 3226 690 et
3247 634 3411 690 nobili
3429 634 3634 688 Cilicia:

2064 739 2221 792 domo
2251 745 2406 791 ortus
2433 743 2571 789 erat.
2613 733 2757 787 Idem
2794 732 2920 786 huic
2959 739 3144 785 nostro
3172 729 3443 799 congruit,
3469 727 3637 794 siqui-

2063 832 2185 883 dem
2216 829 2359 882 illius
2388 827 2482 881 lilii
2507 834 2746 889 mors,ut
2773 825 2848 878 ait
2870 822 3102 877 Basilius
3121 821 3225 891 (ά),
3247 820 3399 889 plaga
3426 817 3636 871 exstitit

2063 925 2289 976 duarum
2340 919 2760 989 provinciarum,
2811 917 3012 971 Cilicia:
3050 923 3104 968 et
3132 907 3635 982 Cappadociaﬁec

2064 1009 2233 1065 refert
2283 1010 2423 1080 quod
2454 1005 3086 1074 Constantinopolitanns
3132 1017 3301 1071 usque
3324 1002 3390 1055 ad
3423 1000 3635 1068 episco-

2064 1115 2246 1172 patum
2288 1101 2709 1156 catechumenos
2739 1097 2916 1159 fuerit,
2949 1096 2994 1150 is
3025 1104 3224 1157 autem,
3257 1093 3322 1146 ad
3345 1107 3504 1161 quem
3532 1090 3635 1144 Ba-

2065 1192 2216 1246 silius
2235 1191 2430 1246 scribit
2469 1189 2562 1260 (el,
2602 1189 2654 1242 in
2691 1187 2961 1240 Christum
2993 1185 3214 1239 credere
3239 1184 3469 1237 dicatur.
3499 1180 3632 1234 Nam

2066 1281 2217 1335 multi
2241 1281 2326 1335 his
2359 1280 2716 1349 temporibus,
2744 1285 2805 1330 ut
2830 1279 3085 1332 observat
3107 1273 3503 1337 Tillcmontius,
3533 1273 3637 1327 etsi
3714 1324 3718 1325 ,

2063 1373 2324 1442 baptizati
2355 1387 2460 1427 non
2495 1379 2671 1434 erant,
2718 1371 2771 1424 in
2800 1367 3073 1422 Christum
3106 1375 3285 1421 tamen
3315 1365 3631 1425 credebant,

2065 1475 2121 1520 et
2157 1464 2518 1520 Christianam
2556 1462 2865 1533 religionem
2905 1459 3314 1528 profitebantur.
3339 1456 3635 1524 Gregorius

2067 1564 2122 1609 et
2151 1554 2387 1610 Basilius
2422 1568 2544 1608 cum
2575 1561 2757 1607 essent
2802 1550 3048 1614 Athenis,
3086 1548 3224 1602 nihil
3254 1546 3446 1617 majori
3492 1545 3636 1600 laudi

2065 1645 2358 1710 ducebant,
2396 1659 2557 1714 quam
2614 1651 2675 1696 ut
2719 1640 3012 1697 Christiani
3059 1647 3240 1694 essent
3283 1647 3338 1694 et
3386 1636 3634 1691 diceren-

2065 1745 2153 1790 tur
2191 1736 2284 1807 (Γ),
2327 1735 2576 1806 quamvis
2629 1733 2864 1788 nondum
2921 1739 3104 1787 essent
3153 1729 3324 1786 sacris
3361 1727 3637 1800 mysteriis

390 1851 574 1888 rarum
627 1850 690 1890 ac
722 1836 916 1891 mentis
960 1835 1323 1905 tranquillitas
1354 1837 1408 1890 in
1451 1836 1570 1905 ipso
1619 1838 1958 1907 negotiorum
1993 1827 2286 1883 Binilialio

393 1936 528 1979 :rstu
575 1942 636 1981 ac
666 1942 880 1981 summa
923 1928 1150 1998 publica:
1185 1929 1594 1997 tranquillitatis
1643 1944 1772 1984 cura
1805 1929 1960 1984 miri-

392 2017 494 2072 ﬁce
533 2021 760 2087 probant
788 2021 1035 2074 eumdem
1065 2034 1287 2088 prorsus
1325 2035 1443 2076 esse
1471 2019 1859 2076 Candidianum
1895 2022 1960 2076 ad

391 2125 552 2177 quem
589 2119 772 2164 exstat
817 2109 1065 2178 Gregorii
1098 2111 1427 2166 Nazianzeni
1471 2113 1700 2180 epistola
1740 2113 1862 2170 I94.
1902 2114 1959 2168 In

394 2217 462 2254 eo
486 2202 627 2254 enim
665 2201 959 2272 Gregorius
991 2202 1182 2257 eadem
1220 2203 1478 2271 prcedicat
1505 2215 1822 2259 ornamenta
1850 2206 1962 2259 vir-

391 2303 592 2357 tutum,
641 2307 704 2348 ac
733 2293 929 2348 similia
981 2295 1201 2349 adhibet
1237 2309 1302 2348 ex
1355 2295 1596 2363 profanis
1646 2295 1844 2350 litteris
1882 2298 1962 2365 pi-

393 2392 631 2452 gmenta,
657 2392 720 2437 ut
745 2384 797 2438 in
825 2385 1043 2439 ethnico
1077 2384 1344 2440 laudando
1372 2401 1470 2455 par
1497 2396 1632 2442 erat.
1661 2387 1713 2443 Is
1745 2388 1796 2442 in
1820 2388 1960 2459 Cap-

392 2475 618 2540 padocia
647 2483 802 2530 natus
843 2485 982 2540 erat,
1023 2489 1252 2547 eamque
1287 2479 1386 2532 sub
1414 2478 1624 2534 Iuliano
1671 2482 1833 2546 rexit,
1866 2483 1960 2536 sed

391 2576 540 2620 tanta
575 2567 736 2620 animi
777 2567 1102 2636 integritate,
1151 2578 1211 2622 ut
1241 2584 1298 2624 se
1339 2571 1549 2625 ﬁdelem
1593 2571 1808 2640 quidem
1859 2573 1963 2627 im-

391 2659 628 2727 peratori
665 2659 968 2714 ministrum
1015 2661 1067 2714 in
1113 2661 1179 2716 iis
1231 2676 1351 2730 quae
1395 2663 1461 2716 ad
1512 2662 1796 2730 imperium
1836 2679 1962 2732 spe-

393 2750 646 2815 ctabant,
711 2751 933 2804 minime
992 2767 1122 2807 vero
1189 2761 1400 2823 turpem
1465 2763 1852 2810 assentatorem
1906 2756 1960 2808 in

389 2842 651 2895 vexandis
679 2839 1006 2895 Christianis
1031 2843 1314 2910 przeberet.

464 2931 722 3000 Sequitur
777 2931 884 2985 a-lia
931 2931 998 2985 ad
1052 2929 1355 3002 Olympium
1411 2933 1633 3002 epistola
1661 2935 1758 3006 (ὁ),
1788 2935 1960 2990 civem

393 3022 904 3088 Neoctesariensem,
931 3023 1198 3092 imprimis
1227 3025 1469 3089 divitem,
1493 3027 1583 3094 qui
1614 3026 1814 3082 Basilio
1856 3027 1965 3082 Eu-

392 3115 577 3167 statbii
605 3124 660 3168 et
682 3114 1199 3169 Neocmsariensium
1228 3115 1511 3170 calumniis
1549 3119 1821 3188 exagitato
1855 3135 1960 3175 non

397 3197 587 3252 defuit.
612 3196 663 3252 Is
689 3213 814 3252 cum
855 3197 1052 3252 Basilio
1079 3199 1316 3255 misisset
1350 3216 1572 3255 munera
1592 3242 1608 3265 ,
1645 3203 1801 3273 cujus
1833 3204 1967 3258 soli-

394 3287 630 3340 tudinem
663 3286 773 3353 jam
802 3298 959 3342 antea
995 3288 1313 3344 visitaverat
1358 3307 1373 3356 ;
1404 3293 1693 3360 respondet
1742 3293 1789 3348 ei
1819 3293 1968 3348 Basi-

392 3375 518 3440 lius,
555 3375 744 3432 festive
768 3379 1088 3445 incusanda,
1122 3382 1263 3451 quod
1295 3384 1602 3451 pauperiem
1634 3399 1664 3438 e
1692 3395 1966 3442 monaste-

395 3471 477 3523 rio
505 3485 602 3524 suo
636 3470 834 3539 ejiciat.
863 3472 996 3526 Cum
1022 3474 1429 3528 autemiulirma
1463 3485 1606 3531 esset
1634 3477 1962 3546 valetudine,

387 3563 610 3631 jamque
624 3565 862 3619 remedia
893 3566 1145 3621 nonnulla
1177 3582 1460 3638 aggressus
1489 3578 1663 3635 esset;
1693 3578 1839 3639 optat
1863 3570 1969 3625 Ba-

393 3653 545 3706 silius
577 3662 636 3706 ut
666 3653 902 3709 faustum
934 3655 1135 3710 exitum
1186 3656 1443 3725 habeant,
1465 3656 1623 3728 eique
1661 3672 1848 3715 auctor
1881 3669 1967 3716 est

393 3754 454 3797 ut
478 3743 897 3801 sollicitudinum
923 3756 977 3802 et
1006 3747 1375 3803 molestiarum
1407 3760 1680 3818 expertem
1724 3753 1965 3821 corporis

394 3836 731 3891 curationem
769 3839 1044 3895 adhibeat.

469 3933 600 3987 Cum
632 3931 937 3997 Nectarius,
968 3931 1055 3985 vir
1097 3931 1236 3986 inter
1263 3931 1462 3988 Cilices
1494 3934 1687 4003 Opibus
1710 3943 1764 3988 et
1787 3934 1964 4003 digni-

395 4031 506 4076 tate
545 4022 884 4090 conspicuus,
921 4023 1140 4076 unicum
1193 4023 1384 4089 filium,
1422 4026 1515 4094 qui
1552 4041 1674 4094 spes
1706 4033 1822 4080 erat
1847 4042 1963 4080 am-

393 4110 648 4179 plissimm
687 4111 911 4177 domus,
959 4112 1264 4176 amisisset,
1312 4113 1540 4170 Basilius
1585 4118 1786 4171 rumori
1828 4117 1966 4172 hanc

395 4203 697 4257 molestiam
738 4202 1008 4256 nuntianti
1054 4217 1148 4272 per
1183 4213 1291 4259 tres
1325 4215 1420 4259 aut
1442 4218 1670 4275 quatuor
1699 4208 1813 4262 dies
1843 4223 1964 4262 cre-

396 4295 523 4348 dere
556 4291 794 4346 nolebat.
813 4291 918 4346 Sed
947 4293 1183 4360 acceptis
1209 4296 1276 4346 ab
1307 4295 1557 4364 episcopo
1583 4296 1726 4352 illius
1750 4297 1849 4351 loci
1879 4297 1965 4351 lit-

395 4386 549 4448 teris,
580 4399 699 4452 (luat
741 4385 945 4438 tristem
977 4384 1123 4438 illum
1173 4401 1358 4440 casum
1418 4388 1836 4456 confirmabant,
1864 4389 1965 4443 Ne-

2135 1916 2376 1970 Mutuam
2428 1914 2529 1970 sibi
2581 1929 2804 1986 operam
2860 1914 2916 1968 in
2964 1911 3285 1969 meditandis
3339 1909 3639 1980 Scripturis

2067 2008 2350 2064 tradebant
2405 2006 2694 2072 Gregorius
2751 2015 2809 2060 et
2853 2004 3081 2060 Basilius
3109 2044 3128 2069 ,
3181 2017 3292 2058 non
3325 2001 3497 2058 solum
3546 2015 3640 2054 co-

2064 2116 2202 2165 ram,
2244 2100 2553 2155 sed‘etiam
2589 2101 2861 2154 absentes.
2909 2097 3074 2167 Cujus
3105 2097 3184 2152 rei
3229 2102 3637 2151 monumentum

2063 2201 2144 2247 est
2171 2191 2400 2260 epistola
2427 2191 2479 2256 7,
2514 2205 2675 2260 quam
2709 2191 2912 2246 ideirco
2951 2191 3015 2244 ad
3047 2189 3152 2244 hoc
3201 2197 3410 2256 tempus
3448 2184 3640 2242 referio

2063 2298 2204 2339 mus.
2238 2283 2493 2338 Basiliam
2547 2285 2898 2338 consuluerat
2931 2281 3231 2352 Gregorius
3271 2281 3337 2336 de
3368 2282 3532 2334 rebus
3569 2280 3640 2332 ad

2065 2374 2408 2447 theologiam.
2437 2375 2489 2429 id
2539 2385 2621 2431 est
2689 2377 2753 2430 ad
2810 2383 3054 2429 sanctam
3106 2373 3426 2429 Trinitatem
3473 2371 3640 2442 perti-

2063 2468 2337 2523 nentibus.
2375 2469 2674 2539 Respondit
2714 2467 2944 2523 Basilius
2989 2482 3086 2535 per
3132 2466 3344 2520 litteras
3381 2479 3498 2533 quae
3530 2478 3641 2518 non

2063 2568 2299 2625 exstant,
2327 2561 2422 2615 sed
2462 2561 2643 2614 minus
2691 2560 2973 2615 satisfecit.
3007 2560 3160 2626 Quod
3195 2573 3314 2613 cum
3353 2557 3400 2612 ei
3437 2555 3641 2627 Grego-

2064 2652 2175 2706 rius
2215 2651 2385 2707 libere
2423 2651 2801 2720 signilicasset,
2837 2659 2899 2703 ut
2947 2651 3088 2704 inter
3121 2650 3324 2705 amicos
3377 2648 3493 2702 fieri
3540 2663 3641 2716 par

2064 2749 2182 2796 erat
2207 2783 2224 2808 ,
2258 2740 2458 2796 fatetur
2487 2740 2721 2795 Basilius
2759 2756 2818 2796 se
2859 2741 2962 2794 hoc
3010 2740 3414 2794 incommodum
3465 2739 3643 2808 provi.

2063 2833 2204 2887 disse
2250 2835 2487 2904 (omnem
2531 2833 2673 2887 enim
2737 2834 2803 2887 de
2852 2834 2959 2887 Deo
3003 2847 3306 2887 sermonem
3349 2839 3403 2886 et
3436 2831 3641 2898 cogita—

2064 2923 2196 2977 tioni
2230 2924 2519 2994 loquentis,
2551 2932 2609 2980 et
2649 2923 2919 2978 desiderio
2956 2923 3339 2992 interrogantis
3378 2923 3638 2991 imparem

2063 3014 2240 3085 esse);
2272 3016 2365 3070 sed
2390 3028 2571 3070 tamen
2602 3016 2764 3070 silere
2785 3029 2890 3069 non
2912 3015 3172 3084 potuisse,
3197 3029 3263 3068 ne
3288 3014 3342 3067 in
3377 3012 3640 3082 proditio-

2063 3106 2150 3161 nis
2172 3106 2375 3160 crimen
2420 3107 2737 3165 incurreret.
2783 3106 2829 3161 si
2863 3107 3040 3162 amico
3080 3105 3381 3163 consulenti
3412 3118 3642 3174 respon-

2069 3213 2186 3254 sum
2216 3197 2532 3266 denegaret.
2573 3196 2838 3253 Caeterum
2890 3197 3209 3270 Gregorium
3257 3199 3521 3258 hortatur,
3557 3203 3637 3261 ut,

2068 3306 2126 3346 se
2157 3292 2382 3356 omisso,
2419 3300 2560 3346 totus
2588 3291 2655 3346 ad
2697 3291 2944 3346 veritatis
2982 3291 3370 3356 defensionem,
3401 3288 3638 3357 acceptis

2068 3397 2098 3436 a
2128 3383 2237 3438 Deo
2266 3383 2596 3454 adjumentis
2625 3392 2932 3449 contentus,
2960 3382 3254 3438 incumbat.
3273 3388 3284 3428 ν’

2669 3516 2894 3572 CAPUT
2933 3516 3046 3574 VII.

2066 3628 2107 3684 Ι.
2143 3631 2373 3688 Basilius
2402 3631 2906 3700 Constantinopolim
2959 3631 3093 3684 venit
3132 3645 3247 3682 cum
3283 3627 3486 3700 Basilio
3531 3628 3640 3682 An-

2139 3720 2356 3770 cyrano,
2416 3704 2500 3756 cui
2557 3699 2767 3770 operam
2830 3711 2980 3754 naval
3043 3701 3289 3754 adversus
3342 3699 3635 3770 Itmretigos.

2137 3767 2200 3827 II.
2241 3767 2430 3826 Dolens
2464 3767 2600 3840 quod
2641 3772 2863 3824 Dianius
2893 3771 3300 3840 subscripsisscl,
3347 3769 3485 3840 fugit
3522 3767 3642 3820 Na-

2139 3848 2402 3897 ziauzum.
2454 3839 2538 3896 IlI.
2588 3841 2780 3896 Scribit
2840 3840 3087 3892 Moralia.
3149 3839 3288 3892 Huic
3347 3839 3488 3904 operi
3534 3855 3640 3890 non

2138 3914 2370 3967 convenit
2400 3912 2620 3977 epistola
2650 3914 2712 3964 de
2734 3913 2858 3979 ﬁde.
2889 3909 3094 3979 Scripta
3130 3909 3357 3963 Moralia
3379 3907 3472 3959 sub
3497 3905 3639 3959 Con-

2137 3984 2355 4036 stantio.
2395 3981 2483 4038 IV.
2536 3981 2612 4034 De
2649 3981 2869 4045 epistola
2913 3981 2980 4031 ad
3023 3978 3320 4033 Maximum
3358 3979 3448 4044 qui
3497 3979 3636 4028 idem

2138 4055 2345 4106 videtur
2375 4069 2484 4104 esse
2509 4066 2570 4104 ac
2601 4053 2768 4103 sancti
2794 4049 3304 4119 Gregoriiproditor.
3426 4048 3499 4119 De
3515 4047 3640 4119 plu-

2137 4125 2280 4175 ribus
2310 4123 2542 4189 epistolis
2564 4122 2616 4171 in
2651 4137 2850 4173 secessu
2877 4117 3104 4186 scriptis,
3137 4118 3423 4187 praesertim
3449 4118 3513 4169 de
3548 4117 3642 4168 de—

2141 4193 2277 4246 cima
2309 4202 2518 4262 quarta,
2549 4200 2598 4243 et
2637 4191 2836 4243 decima
2868 4191 3074 4259 quinta.

2138 4307 2178 4362 I.
2206 4304 2324 4360 1am
2359 4303 2667 4360 solitudinis
2693 4302 2900 4357 deliciis
2937 4295 3317 4371 perfruebatur
3362 4301 3430 4353 ab
3478 4298 3641 4354 annis

2068 4400 2275 4454 duobus
2319 4397 2568 4462 Basilius,
2619 4412 2741 4450 cum
2783 4397 2883 4452 iter
2943 4392 3463 4462 Constantinopolim
3511 4406 3638 4444 sus-

397 4476 627 4529 ctarium
679 4475 898 4544 ejusque
952 4491 1174 4531 uxorem
1223 4479 1530 4533 consolatur
1557 4481 1648 4550 (c).
1685 4481 1738 4534 In
1773 4481 1858 4535 his
1881 4481 1964 4534 lit-
1992 4509 2040 4567 ι)
2068 4489 2211 4556 cepit
2251 4502 2390 4541 anno
2433 4487 2538 4542 ’559
2573 4496 2826 4550 exeunte,
2851 4494 3094 4548 vocatus,
3121 4493 3181 4538 ut
3215 4481 3506 4538 verisimile
3531 4490 3638 4545 est,

397 4567 527 4620 teris
567 4580 756 4620 omnes
801 4565 996 4634 eloquii
1050 4567 1132 4619 sui
1189 4581 1319 4635 opes
1352 4567 1664 4637 profundit;
1695 4571 1964 4640 prtecipue

394 4673 528 4713 vero
557 4659 608 4713 in
633 4659 856 4728 epistola
887 4659 953 4713 ad
979 4673 1203 4714 uxorem
1235 4659 1470 4716 Nectarii
1500 4663 1755 4716 nonnulla
1776 4677 1968 4718 recens

395 4751 462 4804 ab
503 4751 837 4812 Athenarum
887 4749 1138 4818 palmstra
1175 4751 1449 4821 ingenium
1504 4755 1768 4819 redolent,
1819 4755 1968 4809 velut

394 4858 515 4895 cum
548 4843 666 4896 ait:
713 4842 756 4896 0
806 4853 948 4895 terra
995 4843 1151 4897 talem
1203 4853 1385 4896 coacta
1441 4847 1700 4914 suscipere
1743 4845 1967 4898 casum!

397 4932 624 4986 Horruit
655 4933 788 5003 forte
813 4934 923 5002 ipse
965 4935 1064 5000 sol,
1095 4936 1140 4988 si
1186 4935 1303 5005 quis
1350 4936 1403 4988 iu
1451 4952 1510 4988 eo
1558 4953 1757 5002 sensus,
1819 4938 1967 4991 triste

393 5023 527 5077 illud
554 5024 928 5093 spectaculum.
959 5023 1110 5079 Hanc
1155 5041 1281 5096 ergo
1307 5027 1584 5094 epistolam
1617 5027 1700 5080 vel
1730 5037 1854 5081 ante
1880 5043 1968 5083 se-

394 5130 607 5170 cessum
633 5113 716 5168 vel
755 5114 943 5168 saltem
977 5115 1042 5168 ad
1079 5129 1324 5171 secessus
1358 5117 1647 5184 primordia
1692 5132 1812 5171 cum
1851 5116 1965 5172 Til-

395 5208 652 5271 lemontjo
693 5206 1045 5261 collocamus.
1092 5206 1252 5262 Certe
1292 5207 1440 5262 illum
1489 5209 1797 5277 episcOpum
1838 5217 1966 5263 tunc

394 5315 500 5352 non
521 5299 685 5354 fuisse
707 5309 854 5368 patet
877 5314 942 5353 ex
969 5299 1052 5353 his
1075 5301 1275 5365 verbis,
1295 5302 1469 5369 accepi
1495 5299 1694 5353 litteras
1718 5302 1961 5368 episcopi.

395 5391 511 5448 Non
543 5393 686 5446 enim
711 5394 778 5447 de
807 5392 1026 5462 collegis
1060 5393 1172 5447 suis
1211 5393 1288 5447 sic
1317 5392 1460 5462 loqui
1495 5392 1648 5459 solet,
1679 5403 1962 5463 postquam

465 5643 540 5710 (al
577 5643 670 5710 Ep.
701 5644 787 5701 57.

489 5713 539 5779 b)
574 5716 735 5781 Epist.
765 5719 817 5768 4.

489 5720 539 5779 b)
574 5720 735 5781 Epist.
765 5720 817 5768 4.

464 5720 536 5853 ir)
579 5784 744 5855 Epist.
771 5786 801 5840 5
834 5797 884 5841 et
908 5785 959 5841 6.

2069 4595 2099 4632 a
2141 4579 2340 4633 Basilio
2387 4579 2674 4648 Ancyrano
2730 4587 2784 4630 et
2828 4576 3112 4631 Eustathio
3170 4574 3492 4636 Sebasteno,
3545 4572 3637 4641 qui

2069 4685 2190 4724 cum
2243 4685 2270 4722 a
2311 4669 2516 4739 synodo
2561 4668 2886 4722 Seleuciensl
2947 4667 3105 4734 legati
3155 4666 3222 4720 ad
3262 4664 3639 4720 Constantium

2069 4759 2218 4813 missi
2248 4765 2448 4821 essent,
2482 4771 2670 4826 magna
2706 4754 3167 4824 Constantinopoli
3200 4754 3460 4809 adversus
3487 4753 3638 4809 Ano-

2068 4863 2239 4903 moeos
2269 4849 2448 4915 praelia
2477 4849 2870 4908 sustinuerunt,
2907 4847 2999 4900 sed
3046 4847 3261 4901 tandem
3293 4861 3480 4901 eorum
3518 4860 3641 4898 ma-

2069 4939 2470 4993 chinationibus
2518 4939 2873 4993 succubuere.
2923 4937 3254 4991 Existimant
3304 4936 3500 4992 eruditi
3535 4937 3637 4990 viri

2069 5029 2328 5083 Basilium
2367 5030 2601 5084 noluisse
2626 5023 2686 5082 se
2715 5029 3057 5098 interponere
3103 5031 3156 5083 in
3205 5030 3302 5084 has
3334 5029 3641 5084 contentio-

2070 5138 2188 5185 nes,
2225 5130 2279 5175 et
2311 5121 2745 5189 disputationem,
2771 5130 2830 5174 ut
2864 5136 2962 5175 suo
2994 5120 3214 5176 lectoris
3241 5121 3430 5189 gradui
3460 5121 3639 5175 minus

2069 5214 2500 5273 convenientem,
2527 5222 2618 5266 aut
2643 5213 2888 5268 veritatis
2933 5214 3231 5269 defensioni
3281 5229 3464 5282 parum
3512 5227 3638 5280 pro-

2071 5304 2328 5362 futuram.
2360 5303 2680 5359 declinasse.
2722 5303 2825 5359 Sed
2857 5320 2924 5358 ex
2973 5305 3296 5374 testimoniis
3338 5303 3639 5357 Philostor-

2071 5395 2165 5465 gii,
2185 5393 2434 5446 Eunomii
2464 5401 2517 5446 et
2546 5393 2791 5464 Gregorii
2819 5394 3068 5464 Nysseni,
3091 5395 3284 5464 quibus
3311 5393 3425 5448 haec
3447 5393 3641 5448 nititur

2141 5644 2218 5712 (ά)
2250 5642 2345 5710 ΕΙ).
2379 5642 2428 5702 6,
2457 5659 2511 5694 n.
2550 5642 2619 5710 Lg

2145 5717 2212 5779 (e',
2244 5713 2336 5776 Ep.
2369 5712 2420 5772 5,
2450 5729 2498 5764 n.
2535 5712 2587 5763 2.

2141 5782 2208 5853 (ο
2249 5782 2374 5836 Naz.
2409 5797 2487 5835 or.
2524 5782 2612 5835 20.
