3958 6212
247 837 253 882 l

1628 335 1783 391 VlTA
1827 338 1884 391 S.
1928 334 2192 391 BASILII.

277 453 478 521 opinio,
564 451 697 509 illud
764 454 975 524 potius.
1002 454 1294 526 colligitur,
1355 456 1613 512 Basiliam
1680 460 1735 513 in
1778 460 1861 515 his
1891 465 1934 520 A
1963 477 2028 517 eo
2064 458 2312 526 consilio,
2339 456 2647 513 ut'adesset
2690 456 2976 528 Aneyrano
3007 455 3280 525 episcopo,
3314 459 3530 512 venisse

279 546 774 614 disceptationibus
813 547 921 602 sub,
957 548 1214 619 episcopo
1257 550 1555 619 Ancyrano‘
1591 550 1855 605 secundas
1961 548 2500 618 Constantinopolim,
2532 563 2597 601 ac
2638 547 2781 602 inter
2822 561 2917 602 eos
2948 548 3185 609 stetisse,
3214 548 3305 616 qui
3337 563 3532 616 suppe-

279 639 485 708 tulisse,
520 654 586 692 ac
606 639 839 707 proinde
871 641 1135 706 victoriae,
1177 656 1341 711 quam
1393 642 1482 696 ille
1520 642 1853 708 retulit,.ad-
1963 644 2067 697 tias
2103 643 2176 698 illi
2220 642 2509 698 ferebant:
2544 650 2600 695 et
2628 640 2752 694 dum
2777 639 2955 711 fugam
2984 640 3032 694 ei
3072 640 3384 708 exprobrat,
3417 640 3533 695 solo

276 727 506 794 Ῑυίοτθιη
544 728 741 785 ίυίδεε-
1962 743 2181 789 auctore
2201 733 2392 789 nititur
2413 731 2697 787 Eunomio.

351 818 592 874 Eunomii
649 820 726 890 (p.
760 820 884 891 501)
940 821 1099 881 verba
1122 822 1393 878 sicrel’ert
1416 822 1702 892 Gregorius
1727 824 1857 897 Nys-
2033 825 2139 879 Sed
2193 824 2461 893 praecipue
2514 822 2761 893 Gregorii
2814 822 3041 894 Nysseni
3090 822 3412 877 auctoritate
3451 822 3534 875 ni-

276 926 478 964 senas:
516 912 605 965 Ἑν
651 914 830 984 τούτῳ
879 916 1012 985 φησι
1074 916 1327 984 σύλλογον
1377 918 1703 987 γεγενῆσθαι
1753 920 1839 972 τῶε

1968 918 2095 972 titur
2126 915 2516 979 Tillemontius,
2571 929 2729 985 quem
2764 915 3099 969 concessisse
3150 924 3303 985 putat
3342 914 3531 969 adver-

276 1001 611 1069 πανταχὸῡεν
624 1002 887 1070 λογάδων,
906 1005 997 1056 καὶ
1018 1005 1315 1074 ἐνακμάζει
1330 1005 1407 1075 τῷ
1422 1006 1563 1077 λόγῳ
1578 1009 1839 1073 νεανικῶς

1971 1006 2124 1061 sariis
2145 1005 2397 1059 Basiliam
2431 1005 2797 1059 celeberrimae
2828 1004 2971 1059 illius
3000 1005 3382 1074 disputationis
3424 1005 3534 1058 nul—

281 1091 372 1141 ὑπ’
402 1090 522 1160 ὄψιν
546 1091 698 1160 ἄγων
720 1094 881 1164 δῆθεν
914 1094 1010 1165 τὴν
1041 1095 1151 1150 τῶν
1178 1095 1839 1171 πραγμάτωνδιασκευήν

1972 1098 2044 1151 las
2076 1110 2257 1166 partes
2278 1097 2618 1151 sustinuisse.
2654 1096 2743 1150 Sic
2767 1095 3004 1163 loquitur
3031 1094 3323 1166 Gregorius
3349 1118 3359 1150 :
3388 1097 3449 1162 Ei
3479 1096 3535 1149 δὲ

280 1181 410 1241 Εἶτα
452 1184 739 1249 δικασταῖς
787 1204 898 1244 τισι
954 1187 1122 1255 λέγει,
1174 1189 1309 1259 μηδὲ
1353 1191 1555 1244 τούτων
1603 1192 1862 1263 ὀνομαστὶ
1968 1187 2218 1257 περὶτῶν
2238 1188 2295 1239 ἐν
2313 1186 2719 1241 Κωνσταντίνου
2745 1185 3215 1254 πόλειγεγονότων
3236 1185 3531 1255 φησὶω)...

286 1276 651 1346 μεμνημένος,
688 1277 781 1330 τὸν
814 1279 942 1349 περὶ
975 1278 1081 1331 τῶν
1112 1280 1356 1349 ἐσχάτων
1393 1282 1714 1352 προκεῖσθαι
1741 1283 1863 1353 δρό-
1965 1277 2262 1348 δεξαίμεθα
2286 1278 2384 1341 τὰς
2424 1277 2621 1342 αἰτίας,
2677 1278 2759 1329 ὅτι
2793 1276 3059 1347 παρόντες
3110 1274 3187 1345 τῷ
3223 1274 3398 1346 καιρῷ
3429 1274 3537 1327 τῶν

287 1382 401 1439 μον,
426 1368 740 1436 ὑποφωνεῖν
762 1369 1504 1445 δὲπαρόνταιτὸνὴμέτερον
1550 1373 1867 1444 καθηγητὴν
1967 1366 2212 1436 ἀγώνων,
2246 1371 2355 1431 τοῖς
2394 1366 2809 1437 ἀγωνιζομένοις
2853 1368 2911 1419 οὐ
2954 1366 3384 1437 συνεπλάκημεν.
3422 1368 3541 1420 Δει-

286 1457 373 1509 καὶ
404 1459 625 1530 πατέρα
649 1476 662 1489 ’
690 1460 788 1529 τῆς
813 1462 870 1514 δὲ
910 1464 1145 1533 κρίσεως
1186 1463 1321 1533 πρὸς
1351 1465 1476 1528 τοὺς
1508 1464 1783 1527 ἐναντξους
1808 1466 1868 1517 τὸ
1968 1457 2113 1523 ξάτω
2158 1458 2333 1510 τοίνυν
2392 1458 2421 1510 ὁ
2473 1456 2662 1527 ἐκείνῳ
2696 1457 2794 1525 τὴν
2846 1456 3042 1511 δειλίαν
3096 1458 3456 1524 ὲπονειδίζων,
3492 1459 3541 1510 εἰ

286 1550 481 1618 κράτος
515 1551 1177 1623 μετατιθείσης,.,φεύγειν
1194 1555 1355 1608 αὐτὸν
1376 1557 1503 1620 τοὺς
1525 1555 1744 1620 τόπους,
1768 1574 1849 1610 κα⁴

1977 1546 2234 1617 κατῆλθεν
2269 1550 2348 1610 εἰς
2380 1546 2578 1617 μέσους
2607 1548 2787 1615 αὐτός.
2833 1548 2985 1613 Quod
3034 1550 3078 1602 si
3111 1548 3447 1620 (Eunomius)
3480 1550 3540 1602 de

284 1639 579 1693 ταλιπόντα
609 1642 710 1712 τὴν
742 1643 914 1708 τάξιν,
941 1644 1033 1697 καί
1064 1662 1183 1698 τινα
1230 1645 1437 1699 καπνὸν
1471 1645 1570 1716 τῆς
1615 1646 1847 1717 πατρίδα

1979 1640 2120 1693 rebus
2156 1638 2615 1708 Constantinopoli
2667 1641 2825 1709 gestis
2875 1639 3175 1711 loquitur...
3223 1644 3542 1710 accipiamus

290 1729 672 1807 μεταδιώκειν.
718 1732 803 1787 Ibi
834 1736 909 1788 ait
954 1747 1135 1790 cretum
1175 1738 1435 1790 exstitisse
1474 1738 1744 1790 hominum
1775 1753 1871 1791 un-
1971 1733 2408 1798 criminationem,
2452 1748 2545 1785 nos
2580 1734 2800 1799 scilicet,
2842 1748 2959 1786 cum
3008 1734 3312 1787 adessemus
3356 1750 3545 1803 pugna:

288 1822 439 1887 dique
468 1820 785 1876 selectorum
815 1840 833 1876 :
865 1840 1018 1894 seque
1044 1826 1367 1879 vehementer
1406 1826 1461 1877 in
1499 1826 1717 1878 dicendo
1749 1842 1870 1877 ren-
1904 1814 1946 1868 Β
1972 1835 2217 1891 tempore,
2258 1839 2389 1876 cum.
2415 1825 2733 1877 adversariis
2764 1840 2866 1877 non
2895 1842 3173 1895 pugnasse.
3219 1825 3547 1879 Demonstret

288 1912 441 1972 ditat,
473 1910 650 1963 oculis
687 1912 931 1965 videlicet
972 1912 1256 1982 subjiciens
1306 1929 1483 1967 rerum
1535 1922 1867 1981 apparatum.
1974 1916 2261 1986 igitur-qui
2285 1917 2332 1970 ei
2376 1917 2715 1971 timiditatem
2745 1918 3048 1985 exprobrat,
3078 1936 3147 1972 an
3192 1920 3301 1984 ipse
3338 1920 3392 1971 in
3438 1934 3547 1972 me-

286 1997 485 2056 Deinde
499 1999 780 2067 judicibus
808 2003 1124 2070 quibusdam
1166 2004 1320 2070 dicit,
1366 2019 1528 2073 neque
1565 2005 1724 2057 etiam
1754 2004 1872 2061 illos
1974 2008 2135 2067 dium,
2157 2008 2482 2077 processerit,
2536 2017 2641 2062 etc.
2683 2007 2807 2064 Hinc
2856 2008 3158 2077 legentibus
3202 2008 3331 2063 illud
3371 2009 3547 2076 primo

288 2092 605 2145 nominatim
647 2093 939 2161 appellans,
972 2094 1194 2157 capitale
1222 2096 1547 2162 propositum
1567 2094 1732 2164 fuisse
1752 2095 1872 2149 dis-
1975 2098 2167 2155 intuitu
2196 2098 2456 2164 occurrit,
2492 2096 2813 2168 Gregorium
2846 2098 3105 2168 quidquid
3136 2099 3434 2153 concedere
3464 2098 3512 2151 vi
3532 2124 3547 2139 -

285 2186 527 2246 crimen;
571 2201 637 2238 ac
671 2197 982 2253 prwsentem
1045 2186 1297 2239 secundas
1344 2196 1519 2255 partes
1570 2187 1876 2243 sustinuisse
1976 2190 2132 2245 detur
2161 2187 2449 2253 Eunomio,
2491 2203 2597 2243 non
2630 2189 2748 2242 sine
2796 2188 2973 2258 aliqua
3016 2188 3185 2242 ironia
3230 2188 3546 2251 concedere,

287 2276 598 2343 magistrum
625 2285 861 2330 nostrum
905 2286 950 2329 et
980 2288 1212 2344 patrem;
1261 2278 1354 2331 sed
1401 2278 1615 2332 υἱσιοτὶα
1651 2296 1683 2332 (ι
1719 2278 1873 2347 ,ἰιιάὶε-
1976 2290 2036 2337 ιιι
2072 2279 2507 2337 criminationem
2549 2278 2605 2332 in
2640 2279 2814 2349 ipsum
2868 2287 3151 2334 convertat
3201 2277 3542 2333 Eunoutium.

288 2368 429 2423 cibus
474 2368 530 2420 in
588 2369 925 2423 adversarios
967 2372 1253 2434 translata,
1304 2371 1474 2437 ipsum
1523 2370 1721 2440 fugisse
1765 2372 1875 2427 lucc
1977 2370 2033 2427 Si
2065 2372 2197 2443 quid
2235 2381 2414 2427 tamen
2468 2372 2612 2427 serio
2661 2385 2979 2426 concessum
3017 2386 3044 2423 a
3098 2369 3380 2441 Gregorio,
3414 2368 3548 2423 nihil

288 2460 399 2513 loca
428 2458 621 2513 ordine
657 2460 888 2525 deserto,
918 2470 967 2514 et
1005 2461 1205 2529 fumant
1238 2464 1519 2531 quemdam
1545 2463 1734 2533 patria:
1756 2479 1877 2533 per-
1978 2464 2125 2522 aliud
2154 2478 2496 2529 concessum,
2529 2478 2690 2533 quam
2735 2463 2879 2533 quod
2918 2462 3192 2531 objecerat
3229 2461 3563 2527 Eunomius,

288 2561 521 2605 secutum
542 2568 676 2606 esse.
1977 2554 2257 2620 Basiliam,
2282 2569 2403 2609 cum
2428 2555 2480 2608 in
2512 2554 2698 2623 praelio
2721 2553 2988 2607 secundas
3022 2552 3257 2617 tulisset,
3292 2549 3549 2605 inclinata

359 2641 415 2695 in
439 2656 509 2697 eo
540 2658 679 2698 sane
709 2644 1067 2713 requirendus
1098 2645 1271 2712 pudor
1292 2644 1565 2713 Eunomii,
1594 2648 1737 2716 quod
1764 2648 1877 2703 suis
1978 2649 2033 2701 in
2064 2646 2405 2701 adversarios
2432 2646 2661 2700 victoria
2696 2644 3031 2699 discessisse.
3064 2644 3241 2712 Atque
3270 2640 3399 2695 illud
3430 2643 3551 2709 qui-

289 2734 575 2791 victoriam
612 2734 906 2803 adjudicet.
942 2734 1131 2795 Aetius
1158 2735 1328 2799 enim,
1353 2735 1444 2804 qui
1470 2751 1567 2806 pro
1597 2738 1878 2793 Anomeis
1980 2737 2099 2792 dem
2130 2735 2248 2792 fieri
2278 2736 2473 2805 potuit,
2501 2744 2559 2789 ut
2591 2733 2844 2800 Basilius,
2873 2734 2963 2787 ubi
2997 2735 3130 2788 vidit
3162 2733 3417 2788 Basiliam
3444 2735 3551 2787 An-

293 2834 478 2878 contra
530 2824 794 2878 Basiliam
853 2836 1136 2893 atrumque
1180 2826 1484 2895 pugnabat,
1521 2828 1772 2883 exsilium
1810 2843 1877 2884 ex
1979 2843 2241 2899 cyranum
2264 2868 2281 2894 ,
2319 2837 2441 2898 post
2478 2836 2624 2882 tanta
2656 2826 2903 2880 veritatis
2927 2826 3187 2896 adversus
3216 2826 3427 2881 Aetium
3456 2827 3550 2879 de-

296 2916 399 2969 ltoc
438 2916 625 2970 duello
675 2916 885 2981 retulit,
935 2915 1130 2969 nedum
1173 2916 1493 2983 victoriam;
1527 2932 1761 2988 eumque
1799 2919 1881 2971 vi-
1980 2919 2257 2975 fendendze
2279 2919 2476 2981 studia,
2500 2919 2898 2974 Acacianorum
2930 2919 3137 2973 artibus
3167 2927 3221 2973 et
3247 2918 3550 2972 Constantii

295 3018 440 3065 ctum
482 3007 657 3063 fuisse
689 3018 875 3062 narrat
925 3007 1378 3081 Sozomenns(a).
1427 3008 1544 3065 Non
1575 3011 1753 3066 minus
1787 3011 1882 3065 im-
1982 3010 2143 3066 minis
2175 3011 2392 3077 cedere,
2434 3025 2540 3065 non
2581 3019 2893 3080 exspectato
2926 3010 3004 3063 rei
3033 3009 3178 3063 exitu
3220 3008 3412 3064 abiret.
3442 3007 3553 3063 Nec

299 3101 503 3165 pudens
537 3099 863 3164 Eunomius,
895 3113 1017 3154 cum
1058 3099 1316 3155 Basiliam
1345 3109 1503 3165 vocat
1548 3102 1792 3157 timidum
1825 3112 1879 3158 et
1908 3150 1950 3172 Α
1983 3101 2341 3172 improbabile
2381 3110 2465 3156 est
2494 3102 2813 3157 Eanomium
2864 3102 2989 3156 inde
3035 3114 3223 3155 ansam
3257 3101 3551 3168 arripuisse

296 3190 546 3257 ignavum
604 3206 668 3245 ac
731 3191 1040 3261 graviorum
1123 3192 1371 3255 laborum
1421 3194 1713 3266 fugientem
1761 3198 1835 3270 (b)
1861 3216 1876 3266 ;
1906 3190 1951 3213 υ
1983 3193 2346 3249 calumniandi
2378 3212 2391 3249 :
2427 3204 2483 3247 at
2514 3209 2690 3263 neque
2718 3210 2783 3249 ex
2808 3196 2971 3259 illius,
3004 3208 3179 3263 neque
3201 3208 3263 3247 ex
3302 3193 3552 3262 Gregorii

299 3286 453 3354 eique
485 3284 789 3352 exprobrat
836 3295 1102 3344 secretam
1132 3286 1537 3353 domunculam,
1563 3298 1618 3345 et
1654 3288 1880 3359 januam
1982 3286 2163 3342 verbis
2190 3284 2436 3341 concludi
2466 3294 2663 3355 potest,
2703 3285 2961 3341 Basiliam
2999 3285 3051 3339 in
3082 3296 3359 3340 certamen
3392 3285 3553 3338 mini-

302 3386 414 3428 tuto
440 3375 710 3439 (lausam,
735 3385 790 3430 et
833 3377 1244 3445 trepidationem
1270 3379 1340 3435 ob
1360 3392 1563 3435 metum
1599 3381 1880 3437 introeun-
1983 3391 2068 3431 me
2105 3378 2390 3447 prodiisse.

307 3468 453 3531 tium,
477 3476 533 3520 et
564 3468 618 3520 in
660 3483 810 3532 voce,
839 3469 1013 3523 oculis
1032 3484 1096 3523 ac
1126 3471 1274 3525 vultu
1300 3474 1520 3541 pavoris
1542 3474 1718 3544 signa.
1745 3474 1883 3530 Sunt
2052 3469 2190 3537 Quin
2220 3471 2383 3525 etiam
2435 3470 2549 3541 ipse
2597 3470 2826 3526 Basilius
2860 3479 3064 3524 mutum
3114 3482 3173 3523 se
3214 3476 3271 3521 et
3321 3468 3552 3522 Otiosum

305 3557 415 3611 hate
442 3557 701 3627 sophista:
730 3560 983 3629 nuga_ntis
1007 3560 1271 3625 convicia,
1309 3576 1415 3617 non
1435 3573 1750 3633 argumenta
1783 3566 1879 3620 ho-
1984 3561 2128 3621 inter
2153 3562 2253 3621 hos
2284 3570 2464 3617 motus
2493 3577 2600 3616 non
2637 3561 2823 3629 fuisse,
2861 3562 2955 3616 sed
2991 3575 3090 3631 pro
3119 3559 3323 3613 viribus
3353 3559 3418 3612 ad
3457 3573 3548 3612 vc-

304 3651 465 3709 minis
523 3652 675 3706 serio
732 3651 1068 3711 disserentis.
1105 3652 1210 3708 Sed
1245 3663 1424 3708 tamen
1468 3669 1533 3709 ex
1588 3656 1705 3726 ejus
1734 3657 1885 3712 testi-
1984 3653 2161 3707 ritatis
2190 3652 2557 3713 defensionem
2592 3654 2902 3707 incubuisse
2925 3652 3148 3707 indicat.
3176 3649 3292 3704 Non
3318 3650 3459 3703 enim
3486 3649 3552 3701 ad

307 3742 486 3794 monio
512 3741 845 3810 perspicitur
871 3742 1128 3797 Basiliam
1164 3744 1217 3799 in
1261 3745 1366 3800 hoc
1413 3747 1713 3801 certamine
1751 3764 1884 3815 pra:-
1986 3746 2128 3807 aliud
2159 3756 2370 3815 tempus
2410 3746 2660 3800 videntur
2712 3744 2901 3798 referri
2949 3758 3108 3812 posse
3161 3744 3328 3798 habiti
3365 3743 3433 3797 ab
3464 3741 3554 3795 illo

306 3843 497 3887 sentem
522 3832 896 3898 succlamasse,
926 3832 981 3887 id
1012 3842 1115 3900 est,
1157 3834 1426 3890 secundas
1473 3848 1656 3905 partes
1703 3838 1885 3895 tulisse
1986 3835 2053 3890 de
2087 3837 2501 3892 lidesermoncs
2531 3834 2871 3894 Chalcedone
2902 3843 2956 3888 et
3002 3835 3296 3900 l-leracleze,
3323 3849 3552 3904 quorum

308 3923 406 3977 sub
446 3922 649 3977 Basilio
680 3925 996 3994 Ancyrano,
1034 3938 1134 3979 nec
1177 3923 1495 3981 discessisse
1524 3941 1592 3981 ex
1621 3927 1704 3982 his
1729 3927 1882 3993 locis,
1987 3937 2175 3985 testem
2197 3930 2328 3985 citat
2368 3930 2704 3983 Eustatltium
2754 3930 2806 3983 in
2857 3929 3015 3997 epist.
3053 3928 3180 3993 223,
3230 3944 3286 3985 n.
3327 3926 3380 3981 5.
3426 3925 3558 3991 Quae

308 4016 407 4068 nisi
443 4018 665 4069 uictoria
695 4034 726 4069 a
751 4016 1026 4084 judicibus
1054 4017 1107 4070 in
1150 4018 1479 4073 adversarios
1506 4020 1789 4086 translata,
1829 4032 1886 4076 ut
1986 4021 2332 4087 Chalcedone,
2368 4021 2560 4089 inquit,
2592 4039 2623 4074 α
2656 4021 2801 4075 nobis
2832 4022 2895 4074 de
2937 4019 3040 4086 [ide
3083 4020 3226 4073 dicta
3260 4029 3404 4086 sunt,
3442 4032 3560 4086 qua:

312 4104 461 4175 ruigil
486 4106 807 4162 Eunomius.
1986 4127 2341 4180 saepenumero
2373 4109 2665 4176 Heracleae,
2699 4127 2815 4181 qua:
2844 4112 2990 4179 prius
3016 4112 3069 4165 in
3099 4108 3355 4165 Cwsarew
3374 4108 3563 4163 subur-

384 4198 779 4268 Philostorgins
819 4198 914 4268 (c),
935 4200 1037 4269 ,qtti
1089 4199 1337 4255 Eunomii
1365 4200 1638 4257 mendacia
1689 4203 1887 4271 compi-
1988 4202 2101 4266 bio,
2124 4218 2322 4263 annon
2345 4218 2409 4255 ea:
2448 4214 2626 4256 nostra
2658 4212 2806 4271 parte
2837 4219 3068 4259 consona
3097 4214 3215 4256 sunt
3249 4202 3464 4255 omnia?
3486 4201 3562 4255 Et

314 4289 406 4355 lat,
454 4290 532 4343 sic
568 4291 634 4343 de
677 4290 873 4343 Basilio
913 4290 1185 4359 loquitur:
1232 4292 1650 4362 Προεστήκεσαν
1691 4292 1748 4345 δὲ
1779 4293 1877 4345 τῶν

1998 4293 2074 4350 his
2097 4301 2247 4350 certo
2272 4294 2577 4362 colligimus
2616 4293 2874 4357 Basiliam
2904 4296 2957 4348 in
3004 4296 3108 4350 hac
3139 4309 3321 4348 rerum
3350 4303 3561 4363 pertur-

316 4380 410 4455 μὲν
443 4380 565 4432 καθ’
588 4380 775 4432 οὐσίαν
806 4381 989 4449 ὅμοιον
1033 4380 1460 4450 πρεσϐευόντων,
1507 4379 1786 4443 Βασίλειός
1828 4398 1879 4432 τε

2000 4382 2207 4437 batione
2239 4396 2459 4452 operam
2491 4398 2641 4438 suam
2672 4385 2941 4454 episcopis
2982 4399 3088 4438 non
3133 4384 3464 4452 denegasse;
3499 4398 3563 4438 ac

311 4471 402 4533 καὶ
438 4471 768 4534 Εὐστάθιος’
805 4465 885 4534 οἷς
935 4470 1081 4525 ἄλλοι
1132 4489 1190 4524 τε
1237 4471 1330 4524 καὶ
1379 4470 1660 4533 Βασίλειος
1702 4470 1874 4540 ἕτερος

2002 4475 2094 4549 iam
2122 4483 2237 4528 tum
2263 4475 2327 4527 de
2353 4473 2491 4529 illius
2514 4476 2819 4544 eloquentia
2846 4484 2900 4530 et
2921 4475 3227 4531 eruditione
3251 4490 3441 4544 magna
3468 4475 3565 4529 itO-

312 4564 489 4634 παρῆν
518 4562 879 4627 συνασπίξων,
903 4563 1161 4627 διακόνων
1179 4564 1258 4617 ἔτι
1279 4564 1431 4631 τάξιν
1464 4565 1602 4635 ἔχων
1622 4579 1635 4592 °
1662 4562 1875 4633 δυνάμει

1200 4564 1258 4617 ἱτι
1279 4564 1431 4631 τάξιν
1464 4565 1602 4635 ἔχων
1622 4579 1635 4592 °
1662 4562 1886 4633 δυνάμει
1994 4563 2199 4618 mittunt
2239 4564 2514 4619 exstitisse
2540 4564 2763 4632 judicia.

316 4655 411 4731 μὲν
442 4653 536 4707 τοῦ
570 4654 748 4723 λέγειν
776 4654 983 4707 πολλῶν
1012 4656 1297 4728 προφέρων
1316 4674 1329 4687 ·
1359 4657 1436 4728 τῷ
1457 4658 1513 4711 δὲ
1538 4657 1636 4729 τῆς
1664 4655 1879 4726 γνώμης

2064 4655 2127 4709 ll.
2160 4654 2315 4709 Anno
2340 4652 2467 4719 360,
2503 4654 2789 4709 formulam
2826 4656 3243 4719 Ariminensem,
3278 4670 3397 4724 qua:
3443 4665 3564 4710 tan-

314 4748 559 4819 ᾁθαρσεῖ,
595 4746 732 4816 πρὸς
769 4748 894 4810 τοὺς
924 4748 1132 4811 κοινοὺς
1160 4748 1618 4819 ὑποστελλόμενος
1647 4746 1877 4817 ἀγῶνας.

1994 4757 2075 4802 tas
2102 4757 2311 4817 strages
2338 4748 2390 4801 in
2431 4747 2672 4804 Ecclesia
2716 4750 2902 4812 edidit,
2950 4749 3409 4818 Constantinopoli
3437 4749 3551 4804 Ca:-

316 4840 379 4893 Et
420 4858 600 4893 eorum
651 4842 881 4911 quidem,
933 4842 1019 4910 qui
1079 4839 1281 4893 Filium
1320 4822 1545 4893 similem
1597 4839 1883 4892 secundum
1992 4854 2200 4893 saream
2280 4838 2461 4892 attulit
2535 4840 2799 4908 Georgius
2886 4840 3107 4894 Dianius
3174 4840 3558 4907 Caesariensis,

315 4930 661 4984 substantiam
708 4931 1100 4997 proﬁtebantur,
1135 4929 1461 4997 antesignani
1485 4940 1631 4981 erant
1655 4926 1887 4980 Basilius
1991 4929 2091 4983 etsi
2120 4926 2362 4982 Nicmnos
2402 4926 2592 4983 Patres
2628 4930 2831 4998 magni’
2856 4927 3129 4994 faciebat;
3187 4931 3353 4984 cessit
3382 4940 3561 4984 tamen

314 5032 361 5073 et
417 5020 752 5073 Eustathius.
814 5020 1014 5085 Quibus
1063 5033 1173 5078 tum
1223 5020 1317 5072 alii
1361 5018 1578 5071 aderant
1622 5021 1887 5085 suppetias
1995 5022 2220 5089 tempori
2248 5030 2301 5075 et
2329 5020 2574 5077 formula
2616 5020 2957 5090 subscripsit.
2999 5019 3111 5075 Hoc
3148 5022 3289 5076 illius
3314 5037 3439 5076 casu
3468 5024 3563 5077 do-

314 5110 700 5181 [ενεηιεθιηηι
746 5109 979 5163 Basilius
1014 5110 1166 5177 alter,
1225 5110 1368 5162 intra
1423 5110 1632 5161 diaconi
1665 5110 1887 5178 gradum
1993 5108 2091 5169 luit
2126 5110 2483 5165 insolabiliter
2511 5110 2744 5165 Basilius
2778 5125 2896 5164 cum
2936 5110 3118 5166 multis
3149 5111 3269 5165 aliis
3304 5112 3355 5164 in
3390 5114 3563 5179 patria

316 5202 483 5254 adhuc
543 5203 873 5255 consistens:
910 5203 1116 5257 dicendi
1164 5203 1372 5271 quidem
1414 5200 1661 5268 facultate
1711 5202 1888 5253 multis
1994 5203 2304 5257 timentibus
2331 5203 2519 5268 Deum,
2556 5213 2609 5257 et
2639 5220 2667 5257 a
2715 5205 2885 5258 Dianii
2914 5204 3297 5259 communione
3326 5204 3564 5258 creditur

318 5294 574 5359 superior,
624 5309 800 5346 rerum
830 5294 890 5346 ob
924 5294 1255 5345 timiditatem
1291 5303 1338 5345 et
1373 5291 1621 5359 pusillum
1654 5294 1886 5343 animum
1996 5293 2307 5348 recessisse.
2340 5293 2454 5347 Non
2476 5301 2655 5347 tamen
2682 5295 2889 5347 videtur
2917 5294 3175 5362 palam-et
3202 5304 3386 5362 aperte
3416 5308 3563 5347 com-

319 5384 550 5447 publica:
605 5385 988 5450 disputationes
1034 5382 1326 5437 declinans.
1376 5382 1661 5437 Manifeste
1696 5384 1890 5449 premit
1999 5384 2305 5439 munionem
2337 5385 2384 5438 ei
2436 5386 2807 5449 renuntiasse;
2842 5387 2935 5439 sed
2992 5395 3196 5438 tantum
3250 5384 3565 5438 occasiones

320 5473 562 5528 Eunomii
621 5475 845 5545 vestigia
899 5473 1332 5545 Philostorgius:
1377 5472 1633 5527 Basiliam
1694 5472 1892 5525 fatetur
2002 5491 2123 5536 cum
2159 5490 2225 5531 eo
2260 5478 2691 5532 conimunicaudi
2725 5478 2975 5534 evitasse.
3009 5475 3140 5531 Nam
3170 5477 3221 5531 in
3255 5476 3475 5547 cpistola
3502 5477 3564 5535 53

3383 354 3526 393 XXVII

1905 3150 1951 3213 C

415 5682 466 5749 α)
494 5680 610 5735 Lib.
646 5697 718 5743 Iv,
750 5696 798 5735 c.
831 5680 922 5734 25.

2074 5679 2141 5744 (π)
2180 5676 2293 5730 Lib.
2326 5692 2394 5735 tv.
2428 5693 2475 5727 ο.
2510 5678 2592 5731 12.

417 5751 467 5820 lt)
496 5750 633 5821 Nyss
664 5793 678 5817 ,
709 5768 722 5804 ι
765 5751 990 5803 Eunom.

2072 5751 2147 5816 (tl)
2182 5763 2194 5799 l
2231 5747 2453 5799 Eunoni.
