3958 6212
404 342 584 394 ιιηιι

1753 332 2291 425 memoratam.

405 453 569 509 negat
605 440 773 497 instar
801 458 987 515 magnt
1021 445 1266 505 criminis
1296 453 1815 514 attatheiiratizatunt
1851 478 1880 515 a
1920 479 1970 517 se

2088 466 2335 521 Czcsarca
2379 475 2560 523 autem
2598 472 2831 525 excessit
2870 487 2975 527 non
3021 475 3107 530 rei
3132 476 3415 545 inopinatae
3466 480 3677 533 nuntio

403 528 581 587 fuisse
616 532 866 590 Dianium
901 555 914 591 :
954 536 1156 595 fatetur
1205 558 1266 598 se
1309 544 1547 602 doluisse
1596 553 1738 618 quod
1774 554 1820 608 is
1854 558 1978 610 sub-

405 622 747 693 scripsisset;
780 628 873 682 sed
907 635 1109 698 tamen,
1161 635 1251 689 ubi
1304 636 1372 691 ab
1427 654 1492 694 eo
1532 644 1773 709 graviter
1811 662 1982 718 aegro-

407 721 559 768 tante
585 718 901 785 accersitus,
932 721 1099 790 ipsius
1123 728 1445 787 sententiam
1474 734 1744 803 cognovit,
1771 739 1837 792 ad
1862 741 1981 807 ejus

404 809 841 866 communionem
874 826 1079 870 remota
1111 819 1258 873 omni
1289 821 1626 880 dubitatione
1660 830 1978 887 accessisse.

406 894 521 960 Qua
560 914 624 957 ex
679 904 991 959 narratione
1021 915 1170 976 patet
1208 909 1404 969 leniter
1442 916 1766 971 declinatam
1803 921 1982 989 potius

406 989 578 1053 fuisse
627 996 1087 1067 communionem,
1141 1018 1299 1069 quam
1350 1015 1535 1073 aperte
1592 1012 1980 1068 renuntiatam.

405 1078 577 1146 Porro
610 1082 813 1140 Basilio
842 1088 896 1142 in
944 1089 1047 1144 alia
1099 1102 1226 1148 tunc
1258 1095 1478 1155 ditecesi
1523 1098 1736 1171 degenti
1768 1101 1980 1161 facilius

404 1171 510 1227 fuit
537 1174 711 1232 Dianii
747 1179 936 1237 honori
966 1184 1267 1241 consulere.

481 1263 702 1323 Videtur
725 1270 826 1328 hoc
854 1288 984 1329 casu
1038 1279 1320 1346 perculsus
1349 1280 1613 1351 Basilius,
1641 1284 1845 1342 doloris
1894 1290 1978 1345 sui

404 1357 658 1416 solatium
705 1364 759 1418 in
789 1365 1035 1438 Gregorii
1069 1373 1340 1444 colloquio
1382 1378 1722 1445 quaesivisse,
1748 1395 1980 1452 eumque

329 1471 374 1529 τι
405 1446 678 1506 invisisse.
711 1453 846 1508 Dum
874 1467 1055 1513 autem
1085 1460 1297 1530 longius
1326 1465 1518 1522 abesse
1541 1469 1756 1524 videtur
1777 1446 1980 1529 ascetis

402 1540 538 1606 suis,
573 1543 899 1611 desiderium
937 1563 1095 1606 suum
1142 1554 1190 1608 ei
1237 1554 1542 1626 significant
1568 1599 1583 1623 ,
1639 1568 1693 1615 et
1723 1570 1976 1633 tanquam

404 1632 690 1704 profugum
716 1641 974 1697 amicitiae
1003 1653 1057 1698 et
1087 1647 1278 1714 patriae
1328 1632 1850 1710 commemoratione
1877 1672 1973 1711 co-

401 1735 602 1781 nantur
631 1729 701 1783 ad
733 1746 794 1787 se
824 1747 1100 1791 revocare.
1140 1737 1272 1793 Tum
1299 1740 1528 1797 Basilius
1553 1745 1736 1799 mirari
1780 1763 1839 1802 se
1891 1765 1976 1803 re-

399 1818 628 1884 spondet
653 1819 755 1894 (a),
786 1826 927 1894 quod
949 1840 1009 1881 se
1035 1837 1316 1901 tantopere
1340 1835 1584 1905 diligant,
1612 1848 1826 1893 tenuem
1878 1842 1975 1897 ho-
2008 1808 2050 1866 Β

401 1909 601 1965 minem
656 1929 720 1969 ae
749 1916 884 1972 nihil
928 1918 1069 1976 forte
1128 1921 1418 1979 habentem
1467 1929 1718 1984 amabile.
1749 1931 1977 1988 Fatetur

402 2014 463 2055 se
511 2016 639 2058 casu
672 2005 950 2076 inopinato
993 2014 1302 2081 perculsum
1337 2016 1544 2089 fugisse
1567 2059 1584 2086 ,
1622 2036 1684 2075 ac
1714 2036 1975 2091 praeterea

399 2091 667 2150 desiderio
704 2100 904 2155 arsisse
934 2117 1213 2160 sacrorum
1260 2111 1592 2178 dogmatnm.
1637 2113 1813 2181 Quare
1850 2134 1970 2173 cum

400 2183 509 2236 voti
543 2199 764 2256 compos
799 2188 972 2247 factus
1005 2195 1114 2259 sit,
1163 2197 1443 2257 electionis
1494 2204 1714 2262 invento
1746 2223 1872 2265 vase
1918 2221 1973 2265 et

398 2282 560 2346 puteo
590 2278 873 2346 profundo,
909 2284 960 2338 id
1009 2297 1091 2341 est
1142 2287 1439 2360 Gregorio,
1477 2310 1634 2363 quem
1670 2313 1732 2353 os
1771 2300 1969 2357 Christi

397 2366 651 2435 appellat,
689 2386 878 2439 parum
922 2381 1181 2448 temporis
1232 2383 1336 2438 sibi
1390 2388 1610 2443 concedi
1659 2392 1813 2460 petit,
1865 2410 1969 2448 non

397 2459 541 2524 quod
590 2462 805 2518 urbium
853 2472 1278 2528 commoratione
1329 2459 1789 2549 delectetur,ised
1826 2486 1969 2553 quod

394 2553 609 2606 versari
647 2569 771 2608 cum
806 2561 1011 2615 sanctis
1038 2561 1196 2635 longe
1219 2566 1569 2625 utilissimum
1594 2586 1715 2629 esse
1738 2573 1966 2644 judieet.

396 2641 601 2698 Deinde
635 2645 911 2715 hortatur,
940 2663 998 2705 nt
1026 2665 1256 2711 caveant
1280 2659 1346 2713 ab
1374 2660 1613 2731 Arianis,
1655 2641 1823 2723 multa
1858 2670 1970 2726 dis-

398 2735 535 2789 serit
565 2738 632 2792 de
662 2751 849 2796 saneta
882 2742 1172 2816 Trinitate,
1211 2765 1276 2807 ae
1309 2752 1524 2824 objecta
1553 2759 1621 2813 ab
1650 2760 1866 2817 Arianis
1898 2772 1975 2819 te-.
2015 2756 2021 2763 ’

396 2826 650 2884 stimonia
682 2834 937 2903 explicat.

470 2917 685 2978 Nullum
716 2939 849 2981 sane
865 2940 1117 2985 eventum
1154 2932 1313 2991 video
1334 2936 1386 2991 in
1417 2938 1525 2993 vita
1552 2942 1725 2997 sancti
1759 2943 1970 3012 Basilii,

392 3012 461 3076 ad
507 3029 667 3083 quem
701 3018 815 3072 haec
849 3021 1076 3090 epistola
1106 3025 1286 3094 aptius
1318 3025 1513 3083 referri
1561 3032 1755 3100 possit,
1805 3051 1967 3105 quam

395 3106 460 3157 ad
496 3105 705 3177 lapsum
740 3108 939 3166 Dianii.
973 3111 1125 3178 Quod
1179 3116 1323 3170 enim
1361 3118 1439 3173 ait
1477 3134 1537 3174 se
1584 3137 1643 3176 re
1690 3122 1966 3193 inopinata

397 3199 706 3263 perculsum
745 3200 972 3272 fugisse,
1019 3205 1160 3260 velut
1187 3209 1277 3275 qui
1308 3209 1371 3264 ob
1400 3214 1696 3281 repentinos
1721 3219 1969 3284 strepitus

391 3288 536 3353 illico
592 3306 977 3361 expavescunt,
1018 3299 1104 3355 his
1132 3301 1314 3356 verbis
1364 3303 1570 3360 indicat
1633 3308 1971 3377 gravissimae.

396 3378 630 3449 alicujus
653 3382 915 3441 molestia:
946 3390 1216 3456 nuntium,
1247 3392 1315 3447 de
1340 3407 1449 3461 quo
1479 3408 1579 3449 nec
1596 3380 1790 3452 abiens
1813 3401 1972 3469 quid-

394 3485 567 3540 quam,
594 3474 801 3529 dixerat
828 3518 845 3544 ,
890 3493 989 3534 nec
1020 3490 1149 3537 tunc
1178 3485 1524 3541 scribendum
1560 3502 1680 3543 esse
1714 3489 1967 3546 ducebat.

396 3562 532 3616 Cum
567 3566 651 3620 bis
673 3577 853 3622 autem
892 3571 1120 3630 mirifice
1152 3578 1385 3644 quadrat
1414 3580 1735 3652 subscripta:
1767 3597 1798 3637 a
1846 3582 1972 3638 Dia-

395 3655 487 3710 nio
516 3654 763 3727 formula:
795 3662 964 3719 tristis
996 3667 1221 3723 nuntius
1246 3709 1261 3733 ,
1289 3686 1449 3741 quem
1481 3688 1580 3728 cur
1605 3686 1819 3731 ascetas
1842 3692 1971 3733 suos

393 3746 643 3815 celaret,
677 3753 857 3819 multa:
885 3771 1185 3827 gravesque
1215 3777 1396 3817 causa:
1427 3774 1680 3834 poterant
1722 3767 1965 3824 subesse.

392 3838 657 3910 Congruit
682 3845 847 3900 etiam
877 3863 1000 3903 cum
1042 3852 1146 3907 hoc
1183 3862 1427 3925 tempore
1458 3856 1772 3927 disputandi
1806 3860 1965 3917 ratio.

391 3930 524 3987 Nam
560 3936 788 3993 Basilius
812 3941 993 3998 simile
1021 3952 1075 3998 et
1112 3945 1375 4003 dissimile
1422 3949 1596 4017 rejicit
1631 3951 1683 4005 in
1718 3951 1822 4007 hac
1856 3954 1973 4022 epi-

390 4025 555 4080 stola.
580 4025 725 4083 ldem
769 4041 950 4087 tamen
993 4034 1045 4087 in
1079 4036 1310 4105 epistola
1336 4042 1582 4107 sequenti
1612 4082 1626 4105 ,
1656 4056 1775 4111 quae
1802 4045 1969 4102 multo

386 4127 512 4191 post
538 4121 704 4175 scribi
736 4137 843 4179 non
890 4128 1088 4194 potuit,
1126 4145 1231 4183 non
1262 4130 1535 4200 improbat
1572 4135 1772 4201 simile,
1809 4140 1969 4193 modo

388 4211 620 4275 addatur
647 4215 783 4270 citra
824 4216 989 4273 ullam
1034 4220 1408 4290 duret-entiam.
1456 4225 1631 4281 Credo
1658 4243 1787 4299 ergo
1816 4229 1963 4285 Basi-

385 4300 544 4369 lium,
584 4305 638 4359 in
678 4320 892 4363 summo
922 4308 1015 4365 illo
1044 4312 1249 4377 dolore,
1281 4328 1439 4385 quem
1470 4317 1520 4371 ei
1558 4305 1760 4372 factum
1792 4318 1967 4375 Dianii

388 4396 689 4467 attulerat,
747 4415 856 4455 non
912 4403 1147 4458 libenter
1179 4406 1415 4462 audiisse
1440 4407 1706 4478 ejusmodi
1754 4426 1964 4479 vocem,

2082 559 2385 625 perculsus,
2412 560 2505 614 sed
2539 575 2599 615 se
2623 561 2837 618 invidiae
2871 580 2934 619 ac
2969 567 3295 621 mmulationi
3323 570 3673 627 subducens.

2084 649 2358 706 Praeterea
2393 668 2499 707 nou
2523 667 2592 708 ex
2614 653 2749 709 urbe
2781 656 2832 710 in
2863 656 3230 725 solitudinem,
3261 662 3355 714 sed
3382 662 3565 731 potius
3594 678 3675 716 ex

2082 745 2375 798 solitudine
2435 746 2488 799 in
2546 747 2738 801 urbem
2780 759 3167 818 concesserat,
3216 763 3330 806 tum
3382 769 3505 808 cum
3541 755 3678 809 iure

2083 835 2368 900 scriberet,
2402 847 2464 891 ut
2484 836 2536 892 in
2574 838 2925 894 adnotatione
2953 842 3020 895 ad
3050 842 3193 897 hunc
3224 843 3438 898 titulum
3468 846 3679 900 obser-

2080 929 2345 983 vavitnus.

2152 1019 2257 1073 Sed
2290 1021 2334 1073 si
2366 1019 2495 1074 illud
2520 1037 2744 1077 manere
2777 1023 2937 1078 debet
2960 1063 2975 1088 ,
3008 1024 3294 1092 epistolam
3329 1025 3383 1090 8,
3424 1043 3532 1081 non
3588 1028 3673 1081 ad

2081 1107 2465 1175 Cmsarienses,
2502 1113 2594 1166 sed
2638 1113 2704 1166 ad
2735 1113 3029 1181 discipulos
3057 1115 3315 1183 scriptam
3364 1131 3488 1171 esse
3511 1158 3526 1183 ,
3576 1116 3671 1170 fa-

2085 1195 2302 1249 tendum
2351 1206 2438 1251 est
2488 1199 2821 1268 assignatam
2883 1200 3023 1269 fuga}
3060 1199 3245 1256 Basilii
3273 1218 3492 1258 causam
3545 1222 3667 1259 non

2078 1298 2269 1339 carere
2302 1285 2728 1344 difﬁcultatibus.
2778 1290 2912 1344 Nam
2945 1292 3241 1363 Gregorius
3266 1289 3522 1365 Theolngi
3562 1311 3674 1366 pa-

2080 1386 2163 1431 ter
2188 1378 2330 1433 idem
2364 1382 2636 1436 commisit
2665 1397 2730 1436 ae
2778 1382 3003 1437 Dianius
3029 1426 3043 1451 ,
3095 1384 3320 1440 absente
3365 1386 3477 1440 filio
3502 1429 3517 1452 ,
3566 1389 3667 1441 cui

2080 1480 2227 1524 certe
2256 1486 2359 1525 non
2394 1472 2685 1528 illllSiSSenl
2737 1474 2964 1539 Ariani,
3003 1487 3163 1546 atque
3194 1519 3208 1544 ,
3257 1487 3316 1531 ut
3343 1479 3648 1534 verisimile

2082 1570 2186 1625 est,
2217 1565 2354 1630 apud
2388 1563 2644 1617 Basilium
2672 1576 3066 1622 commorante.
3090 1566 3207 1621 Non
3240 1568 3469 1623 deerunt
3501 1583 3677 1645 ergo,_

2078 1654 2170 1722 qui
2209 1652 2501 1719 Basiliam,
2525 1655 2982 1726 subscriptionum
3024 1658 3237 1714 illarum
3271 1668 3513 1729 tempore
3539 1701 3554 1724 ,
3590 1664 3666 1715 ad

2080 1745 2402 1816 Gregorium
2432 1749 2634 1817 fugisse
2658 1760 2876 1821 negent,
2903 1766 3026 1806 cum
3060 1753 3234 1821 ipsum
3268 1762 3396 1808 tunc
3427 1755 3570 1822 apud
3599 1768 3677 1809 se.

2079 1838 2398 1905 Gregorium
2427 1841 2672 1896 haberet.
2703 1843 2807 1897 Sed
2848 1851 3050 1907 tamen,
3072 1859 3192 1898 cum
3240 1844 3375 1899 nihil
3401 1844 3546 1898 aliu'j
3573 1862 3666 1901 re—

2077 1931 2257 1999 perire
2298 1933 2519 2001 possim,
2559 1934 2701 2001 quod
2734 1933 2994 1988 Basiliam
3043 1936 3223 1991 subito
3252 1937 3547 2005 perculerit
3604 1948 3669 1996 et

2077 2020 2141 2071 ad
2171 2021 2489 2088 Gregorium
2538 2021 2724 2091 fugere
2753 2025 3014 2092 coegerit,
3045 2035 3241 2092 praeter
3269 2025 3399 2079 illud
3434 2067 3449 2091 ,
3504 2029 3658 2096 quod

2077 2111 2210 2177 dixi,
2263 2113 2466 2169 factum
2499 2114 2676 2173 Dianii
2705 2154 2720 2179 ,
2754 2125 2995 2171 statuere
3026 2117 3207 2172 malim
3241 2117 3503 2189 Theologi
3554 2136 3658 2187 pa-

2078 2213 2217 2259 trem
2270 2207 2446 2261 serius
2469 2207 2857 2275 subscripsisse
2879 2225 3037 2275 quam
3070 2209 3319 2265 Dianium
3351 2212 3437 2266 vel
3466 2213 3659 2269 citius.

2075 2299 2132 2353 ld
2169 2299 2314 2353 enim
2346 2300 2483 2353 alios
2510 2300 2691 2364 citius,
2719 2301 2857 2355 alios
2887 2302 3064 2356 serius
3095 2303 3291 2358 fecisse
3320 2304 3478 2359 docet
3511 2304 3659 2359 Gre-

2076 2390 2259 2458 gorius
2289 2390 2382 2463 (bl.
2412 2391 2551 2459 Quin
2579 2393 2742 2446 etiam
2767 2393 3016 2461 Gregorii
3048 2396 3505 2465 subscriptionem
3535 2395 3659 2450 lonq

2076 2482 2196 2552 gius
2278 2484 2499 2541 differre
2556 2489 2703 2557 cogit
2759 2491 3148 2544 monachorum
3203 2489 3656 2545 Nazianzcusium

2077 2576 2267 2645 agendi
2310 2578 2469 2638 ratio,
2505 2580 2726 2634 utinfra
2765 2581 3090 2636 videbimus.

2152 2666 2239 2721 111.
2271 2668 2425 2723 Αηηο
2443 2668 2540 2723 561
2569 2670 2782 2744 videtur
2805 2670 3037 2726 Basilius
3062 2670 3290 2727 Moralia
3324 2673 3612 2742 scripsisse
3633 2693 3657 2739 ε,

2074 2775 2179 2827 quo
2198 2760 2412 2828 quidem
2436 2760 2488 2814 in
2511 2775 2672 2830 opere
2698 2761 2772 2833 (p.
2807 2761 2957 2831 229),
2985 2779 3315 2834 quaecunque
3346 2765 3576 2835 sparsim
3595 2765 3654 2821 in

2075 2850 2228 2905 Novo
2261 2850 2609 2909 Testamento
2636 2855 2925 2909 interdicta
2965 2865 3059 2908 aut
3089 2858 3387 2926 approbata
3410 2856 3659 2912 invenie-

2072 2942 2189 3005 bat,
2218 2957 2278 2996 ea
2319 2945 2561 3000 studiose
2588 2947 2639 3000 in
2686 2948 2899 3018 regulas
2926 2949 3187 3017 quasdam
3221 2948 3659 3019 compendiarias

2075 3032 2313 3099 collegit,
2340 3036 2591 3104 apposito
2623 3036 2688 3090 ad
2717 3038 2961 3107 singulas
2992 3039 3208 3107 regulas
3233 3052 3462 3093 numero
3493 3038 3653 3108 capi-

2079 3130 2189 3174 tum
2220 3120 2541 3192 Scriptum,
2561 3140 2680 3194 qua?
2707 3126 2891 3195 regula
2918 3126 3159 3193 qualibet
3184 3127 3663 3196 comprehendam.

2079 3221 2188 3266 tur.
2233 3213 2445 3280 Quibus
2485 3225 2667 3270 autem
2696 3218 2879 3273 causis
2909 3219 2976 3273 ad
3006 3218 3112 3273 hoc
3153 3232 3292 3287 opus
3325 3217 3656 3273 elucubran-

2073 3302 2198 3356 dum
2230 3305 2493 3361 adductus
2522 3305 2708 3371 fuerit,
2738 3308 2856 3363 fuse
2876 3308 2939 3362 ‘in
2972 3309 3236 3377 protemio
3288 3309 3541 3364 edisserit
3572 3308 3652 3378 (p.

2070 3398 2222 3468 2H).
2257 3398 2389 3453 Nam
2415 3415 2536 3454 eum
2561 3401 2730 3455 variis
2757 3402 2807 3455 in
2828 3401 3377 3471 peregrinationibus,
3409 3418 3543 3472 quas
3568 3403 3656 3456 vir

2073 3491 2250 3546 factus
2280 3492 2449 3556 obiit,
2478 3494 2529 3547 in
2557 3493 2678 3547 aliis
2708 3492 2925 3563 quidem
2977 3493 3281 3564 disciplinis
3321 3502 3376 3548 et
3404 3494 3654 3561 artibus,

2073 3599 2341 3638 summam
2372 3584 2516 3638 inter
2537 3599 2648 3649 eos,
2682 3600 2709 3637 a
2741 3585 2939 3655 quibus
2984 3585 3091 3640 illa:
3135 3596 3282 3641 artes
3305 3586 3649 3651 excoluntur,

2072 3676 2415 3731 concordiam
2449 3676 2941 3740 animadvertisset,
2970 3681 3025 3731 in
3052 3677 3297 3733 Ecclesia
3328 3688 3509 3734 autem
3535 3678 3659 3749 plu—,

2071 3769 2238 3822 rimos
2261 3777 2313 3821 et
2339 3767 2477 3821 inter
2503 3783 2560 3823 se
2589 3778 2643 3822 et
2668 3783 2791 3823 cum
2815 3768 3113 3838 Scripturis
3144 3769 3352 3825 sanctis
3387 3786 3663 3842 pugnare,

2071 3869 2145 3923 et,
2175 3861 2319 3928 quod
2365 3863 2599 3914 maxime
2643 3860 2972 3915 horrendum
3007 3870 3090 3916 est
3120 3901 3137 3928 ,
3177 3862 3463 3931 episcopos
3505 3862 3654 3932 ipsos

2074 3933 2214 4003 inter
2243 3964 2301 4003 se
2329 3949 2611 4019 digladiari
2639 3988 2654 4012 ,
2689 3964 2751 4003 ae
2790 3949 2993 4003 Christi
3045 3951 3318 4005 mandatis
3348 3951 3649 4015 adversari,

2072 4054 2124 4095 et
2153 4042 2451 4097 Ecclesium
2478 4042 2816 4110 dilacerare;
2850 4042 2986 4096 tanti
3018 4042 3141 4096 mali
3175 4052 3339 4113 caput
3365 4051 3422 4097 et
3445 4041 3662 4105 fontem,

2073 4142 2302 4186 conatus
2325 4142 2408 4187 est
2453 4133 2805 4202 investigare.
2839 4134 2917 4187 Ac
2969 4133 3144 4202 primo
3168 4135 3383 4201 quidem
3413 4133 3653 4187 incertus

2074 4223 2337 4287 haerebat,
2382 4232 2437 4277 et
2484 4223 2723 4276 animum
2757 4236 2905 4277 nunc
2934 4223 3059 4287 huc,
3089 4237 3232 4277 nunc
3264 4223 3393 4277 illuc
3434 4222 3649 4276 dividec

2073 4316 2200 4381 bat;
2256 4316 2350 4370 sed
2391 4315 2606 4369 tandem
2637 4314 2776 4369 hanc
2831 4316 2956 4368 mali
3010 4316 3274 4381 originem
3308 4315 3649 4370 verissimam

2073 4405 2455 4473 deprehendit,
2492 4404 2640 4473 quod
2671 4420 2777 4459 non
2810 4406 3048 4475 quisque
3075 4405 3220 4476 regis
3249 4406 3451 4460 Christi
3482 4413 3651 4459 nutus

389 4487 444 4545 in
479 4506 584 4561 qua
627 4492 788 4548 toties
824 4493 1275 4555 luserantAriani
1304 4540 1319 4565 ,
1367 4515 1431 4575 ac
1477 4517 1652 4571 nuper
1692 4501 1884 4558 Dianio
1913 4514 1967 4559 et

2077 4499 2403 4563 intueretur,
2428 4497 2524 4555 sed
2552 4497 2871 4567 opinionum
2908 4511 3129 4551 suarum
3163 4497 3488 4552 commentis
3531 4495 3650 4568 ple~

388 4581 688 4639 innumeris
712 4586 833 4641 aliis
862 4586 1041 4643 fucum
1063 4587 1324 4649 fecerant.

459 4675 678 4747 Decepit
701 4679 942 4734 eruditos
971 4679 1116 4735 viros
1163 4681 1411 4749 epistola:
1455 4683 1664 4749 titulus,
1698 4700 1818 4755 qua:
1845 4685 1965 4741 Cae-

383 4765 719 4831 sariensibus
774 4769 1117 4837 inscribitur,
1148 4786 1378 4843 eamque
1430 4789 1574 4830 anno
1620 4776 1726 4831 363
1782 4776 1956 4834 Caesa-

384 4857 550 4911 riensi
576 4857 716 4925 plebi
747 4861 1007 4931 scriptam
1038 4863 1395 4932 existimant,
1430 4882 1554 4922 eum
1588 4866 1823 4925 Basilius
1845 4884 1961 4938 pre-

384 4949 574 5019 sbyter
599 4950 715 5017 paci
744 4949 1001 5013 Ecclesiae
1026 4957 1313 5013 commoda
1344 4973 1441 5012 sua
1480 4958 1832 5028 posthabens,
1865 4975 1951 5015 su-

389 5036 729 5104 spicionibus
781 5041 999 5099 Eusebii
1048 5046 1290 5118 episcopi
1320 5049 1516 5118 cessit,
1543 5065 1712 5120 seque
1751 5052 1806 5105 in
1832 5051 1964 5107 soli-

384 5130 624 5185 tudinem
652 5132 808 5188 Ponti
835 5151 938 5189 una
982 5153 1103 5192 cum
1141 5139 1407 5212 Gregorio
1436 5142 1783 5199 Nazianzeno
1812 5159 1964 5200 rece-

382 5221 481 5293 pit.
508 5219 705 5275 Mirum
745 5238 879 5280 sane
910 5241 1017 5281 non
1052 5240 1220 5297 esset,
1251 5233 1295 5287 si
1322 5233 1533 5302 plebem
1568 5234 1961 5292 Caesariensem

382 5313 492 5366 cito
518 5312 701 5369 Basilii
733 5316 1065 5373 desiderium
1092 5323 1345 5392 cepisset,
1380 5340 1615 5395 eumque
1640 5326 1805 5381 veluti
1836 5343 1964 5397 pro—

381 5404 571 5477 fugum
609 5410 799 5477 patriae
829 5421 884 5467 et
924 5413 1179 5469 amicitia;
1237 5419 1757 5475 commemoratione
1805 5436 1962 5476 revo-

383 5511 584 5566 casset.
612 5500 720 5558 Sed
753 5504 924 5573 ipsam
950 5507 1112 5560 etiam
1142 5507 1303 5564 Ponti
1329 5511 1673 5568 solitudinem
1703 5529 1845 5583 sape
1866 5512 1963 5568 Ba-

386 5590 538 5655 silius
592 5592 825 5662 patriam
864 5611 1016 5651 suam
1051 5598 1329 5669 appellat,
1365 5612 1424 5660 ut
1478 5618 1646 5674 supra
1700 5605 1954 5661 vidimus.

454 5770 533 5859 {ai
556 5771 653 5846 Ep.
690 5777 742 5833 s.

2073 4590 2229 4658 rique
2286 4588 2404 4658 ejus
2459 4589 2712 4643 mandata
2761 4603 2824 4643 ac
2864 4587 3197 4643 voluntatem
3238 4588 3646 4659 postliaberent.

2070 4681 2367 4751 Postquam
2416 4690 2633 4748 autem,
2683 4681 2790 4735 fixa
2825 4679 2940 4748 ejus
2989 4682 3170 4734 animo
3220 4681 3323 4735 hac
3353 4681 3648 4745 sententia,

2071 4777 2201 4832 illud
2232 4778 2399 4831 etiam
2459 4775 2829 4830 consideravit
2856 4815 2871 4839 ,
2902 4775 3279 4829 inobedientite
3311 4774 3514 4828 crimen
3565 4774 3648 4826 in-

2071 4884 2318 4934 currere,
2350 4870 2394 4924 si
2418 4870 2542 4939 quis
2571 4868 2656 4924 vel
2682 4867 2849 4923 semel
2880 4877 3102 4936 peccet,
3137 4880 3202 4919 ac
3247 4863 3359 4934 ipsa
3396 4864 3653 4932 ignorans

2070 4962 2159 5015 tite
2214 4946 2439 5032 peccata
2471 4973 2685 5028 poenam
2735 4974 2841 5014 non
2876 4956 3149 5027 effugere;
3198 4957 3307 5011 imo
3334 4970 3427 5010 eos
3456 4956 3645 5021 etiam,

2066 5055 2159 5126 qui
2190 5055 2325 5109 nihil
2354 5062 2672 5124 pet-carum,
2693 5053 2787 5107 sed
2819 5060 3166 5122 peccatorum
3191 5050 3325 5104 satis
3356 5051 3648 5103 vehemen-

2066 5156 2149 5202 tes
2176 5144 2651 5200 animadversores
2675 5157 2782 5195 non
2818 5141 2989 5205 fuere,
3020 5139 3259 5211 graviter
3292 5138 3504 5208 puniri:
3530 5144 3645 5190 tum

2065 5257 2199 5296 vero
2235 5255 2414 5310 operte
2446 5238 2678 5308 pretium
2717 5253 2838 5292 esse
2867 5237 3021 5291 duxit
3057 5237 3121 5290 ad
3160 5246 3339 5289 certas
3379 5234 3642 5303 quasdam

2068 5333 2282 5403 regulas
2319 5347 2577 5385 revocare
2598 5372 2611 5394 ,
2644 5346 2706 5385 ae
2742 5330 2906 5385 veluti
2939 5331 2990 5383 in
3036 5329 3257 5384 totidem
3295 5329 3472 5397 capita
3503 5329 3645 5382 redi-

2064 5439 2218 5495 gere,
2253 5438 2588 5492 qumcunque
2617 5422 2669 5476 in
2703 5422 3002 5491 Scripturis
3048 5429 3301 5475 vetantur
3331 5429 3423 5474 aut
3448 5421 3642 5490 praeci-

2068 5516 2306 5584 piunlur.

2142 5605 2231 5658 Sic
2253 5621 2407 5659 suum
2435 5607 2549 5679 ipse
2581 5608 2868 5666 consilium
2903 5608 3131 5663 Basilius
3152 5606 3372 5677 exponit
3394 5605 3444 5660 in
3472 5619 3625 5674 prem

2144 5781 2216 5868 (ὑ)
2253 5782 2344 5840 0r.
2377 5786 2467 5843 2|.
