3958 6212
1603 348 1753 403 VITA
1799 348 1854 403 S.
1897 348 2152 404 BASlLIl.

3372 363 3499 402 ξξιι

252 458 363 510 mlo
400 454 689 510 Moralibus
729 457 972 527 prmﬁxo,
1000 459 1138 525 quod
1168 460 1482 515 inscribitur
1513 463 1562 516 in
1589 465 1834 518 omnibus
1862 472 1904 527 Α
1941 465 2159 533 scripsit
2196 461 2423 516 Moralia
2448 477 2466 514 :
2494 476 2593 518 nec
2621 462 2712 515 tali
2747 462 2894 531 operi
2922 462 3033 515 haec
3062 463 3385 530 congruebat
3414 480 3502 517 ae.

247 550 531 603 codicibus
560 564 689 602 mss.
741 560 795 603 et
828 553 987 606 editis
1026 552 1098 604 De
1138 554 1343 621 judicio
1382 554 1496 609 Dei.
1545 556 1647 609 Sed
1696 557 1830 613 alius

249 644 378 695 huic
413 645 675 711 protentio
708 646 901 698 titulus
926 647 1084 698 datur
1124 647 1173 699 in
1199 647 1336 702 libro
1360 664 1395 701 tt
1430 648 1504 701 De
1552 647 1828 715 baptismo,

248 750 403 802 qures
418 746 458 789 t.
502 737 556 799 5,
588 736 674 789 ubi
710 738 901 791 eadem
927 740 1150 807 qumslio
1187 755 1250 793 ac
1279 740 1330 791 in
1369 741 1630 808 prommio
1658 740 1833 793 Mora-

247 827 384 878 lium
420 828 742 894 instituitur,
775 829 856 883 An
904 831 1184 898 cujuslibet
1220 833 1460 884 mandati
1498 845 1827 901 prwtergres-

244 921 326 970 sio
360 920 448 969 ira
479 931 523 972 et
555 932 719 971 morte
739 922 897 989 digna
921 924 1009 974 sit.
1030 921 1162 975 Tum
1195 924 1471 990 responsio
1503 926 1580 977 sic
1612 924 1827 993 incipit:

252 1009 478 1063 Dictum
507 1022 582 1066 est
622 1014 829 1081 quidem
875 1014 1044 1079 fusius
1085 1015 1147 1065 de
1191 1015 1285 1066 hac
1312 1017 1692 1081 argumentoin
1723 1016 1832 1076 epi-

244 1104 384 1155 stola
434 1104 510 1157 De
542 1108 844 1158 concordia.
883 1104 1077 1172 Liquet
1109 1106 1329 1158 indit-ari
1362 1109 1677 1174 prommium
1706 1107 1829 1159 illud

256 1192 561 1249 Horatium
586 1214 604 1250 :
635 1199 779 1266 quod
836 1199 1051 1265 quidem
1108 1198 1301 1252 merito
1327 1209 1550 1252 vocatur
1580 1199 1827 1267 cpistola,

246 1306 375 1347 cum
410 1291 588 1342 instar
616 1289 859 1358 epistola:
891 1289 1297 1356 nnncnpatorize
1348 1300 1561 1343 ascetas
1591 1290 1829 1358 compel-

246 1380 341 1445 let,
398 1397 633 1450 quarunt
675 1390 866 1449 rogatu
900 1381 1132 1434 Basilius
1169 1379 1398 1433 Moralia
1431 1392 1826 1449 composuerat.

246 1473 359 1529 Nec
395 1473 581 1527 minus
605 1474 890 1526 commode
936 1473 1132 1525 dicitur
1160 1472 1384 1539 epistola
1413 1472 1477 1525 de
1515 1472 1825 1526 concordia.

248 1564 398 1619 Nihil
422 1565 569 1618 enim
597 1564 742 1617 aliud
772 1565 874 1617 sibi
922 1564 1171 1632 proponit
1201 1563 1452 1623 Basilius,
1486 1563 1588 1617 nisi
1627 1572 1683 1615 ut
1712 1563 1828 1617 dis-

252 1657 577 1710 sensionum
604 1671 826 1709 causam
870 1655 1106 1723 aperiat;
1142 1663 1191 1705 et
1224 1654 1483 1723 quidquid
1517 1655 1580 1708 de
1625 1652 1830 1720 judicio

246 1749 339 1807 Dei
377 1750 637 1812 disserit,
669 1748 794 1800 illud
833 1746 896 1800 ad
932 1762 1086 1800 suum
1139 1746 1446 1802 concordia:
1490 1748 1830 1802 stabilienda:

247 1842 593 1910 propositum
625 1839 807 1893 refert.

317 1929 629 1997 Antequam
662 1927 895 1981 Moralia
932 1928 1189 1995 inciperet
1218 1926 1470 1991 Basilius,
1506 1928 1646 1997 piam
1672 1936 1725 1981 et
1748 1942 1832 1981 sa-

246 2032 370 2070 nam
397 2017 708 2085 exponebat
745 2019 810 2071 de
838 2017 997 2070 Patre
1028 2028 1083 2072 et
1125 2018 1262 2072 Filio
1296 2028 1351 2071 et
1382 2018 1586 2086 Spiritu
1639 2027 1830 2072 sancto

248 2106 433 2159 ﬁdem.
480 2105 589 2159 Sed
624 2108 810 2160 nescio
836 2107 1103 2175 quomodo
1152 2122 1271 2176 quze
1299 2108 1385 2161 hic
1412 2108 1731 2170 disserebat,
1765 2108 1828 2161 de

244 2212 337 2250 sua
373 2198 504 2250 sede
562 2207 893 2261 cesserunt,
954 2212 1247 2266 eorumque
1296 2198 1413 2251 loco
1443 2199 1658 2250 inducta
1684 2212 1831 2266 qua:-

247 2289 365 2341 dam
430 2289 665 2357 epistola
700 2289 766 2343 de
820 2288 943 2352 ﬁde,
979 2304 1097 2358 quae
1157 2290 1261 2343 huc
1317 2290 1537 2343 minime
1565 2290 1815 2356 pertinet.

245 2379 374 2432 Nam
412 2380 468 2435 1ο
515 2381 751 2433 Moralia
805 2382 1034 2448 primum
1075 2396 1209 2449 opus
1269 2382 1518 2433 videntur
1567 2396 1684 2434 esse
1719 2381 1825 2433 Ba-

247 2474 349 2529 silii
394 2492 409 2528 :
449 2474 567 2527 haec
626 2483 805 2526 autem
843 2473 908 2525 de
964 2473 1065 2526 ﬁde
1106 2472 1329 2541 cpistola
1370 2482 1489 2540 post
1518 2473 1691 2525 editas
1735 2473 1857 2524 ad.‘

246 2579 436 2617 versus
468 2565 757 2617 luerelicos
774 2564 1204 2618 elncubrationes
1226 2564 1425 2630 scripta
1456 2576 1539 2615 est
1591 2563 1669 2630 (p.
1695 2562 1825 2623 2'24,

246 2655 351 2709 225
382 2664 436 2709 et
490 2654 647 2723 229),
677 2670 909 2723 cutuque
963 2655 1244 2724 presbyter
1279 2662 1423 2707 esset
1477 2653 1706 2706 Basilius
1738 2661 1829 2706 aut

249 2748 572 2817 cpiscopus,
629 2757 686 2800 ut
736 2757 883 2815 patet
934 2764 998 2800 ex
1065 2747 1149 2800 his
1196 2746 1375 2800 verbis
1430 2747 1505 2815 (p.
1548 2746 1699 2815 9.9.8),
1753 2748 1827 2799 sic.

246 2840 527 2903 sentimus,
581 2837 657 2890 sic
708 2838 1070 2905 bap‘isamus,
1119 2846 1223 2890 etc.
1279 2836 1338 2889 9°
1380 2834 1707 2889 Protemium
1762 2838 1828 2890 de

253 2929 453 2997 judicio
482 2928 579 2982 Dei
620 2928 701 2981 sic
734 2927 852 2980 ﬁnit
894 2927 1123 2980 Basilius
1154 2928 1218 2979 ad
1253 2928 1645 2995 expositionem
1704 2928 1823 2981 ﬁdei

261 3021 532 3075 transiens
572 3036 587 3073 :
632 3019 702 3073 Et
726 3022 976 3089 quoniam
1004 3020 1215 3073 memini
1245 3020 1483 3084 Apostoli
1527 3021 1615 3089 qui
1656 3021 1825 3072 dicit:

259 3129 276 3161 ι
309 3110 373 3165 In
405 3112 625 3166 Christo
672 3111 801 3165 Jesu
854 3128 1017 3175 neque
1064 3113 1393 3170 circumcisio
1426 3113 1629 3182 aliquid
1664 3113 1824 3174 valet,

1935 553 2418 611 commodatio.Ex
2477 554 2560 609 his
2616 554 2783 623 liquet
2842 554 2895 607 in
2948 554 3048 607 hoc
3096 555 3401 609 testimonio
3427 556 3503 627 (p.

1932 647 2059 715 228)
2086 687 2100 712 ,
2142 647 2216 698 sic
2254 647 2511 699 sentimus
2560 648 2739 715 sicque
2790 646 3118 714 baptisamus
3158 647 3214 698 in
3254 644 3506 699 Trinitate

1933 738 2377 793 consubstantiali
2406 778 2422 800 ,
2476 748 2804 807 postremam
2867 752 3048 793 vocem
3095 740 3504 807 expungendum

1933 846 2078 895 esse,
2114 844 2170 884 ιιι
2202 846 2321 899 qme
2363 829 2545 885 Basilii
2575 831 2838 898 promisso
2868 839 2920 884 et
2949 830 3194 884 instituto
3225 842 3502 901 repugnet,

1933 936 1994 973 ac
2018 921 2066 972 in
2098 922 2334 988 pluribus
2359 936 2490 974 mss.
2522 920 2681 973 desit.

2002 1008 2118 1063 Jam
2155 1010 2327 1063 Pbotii
2360 1011 2435 1079 (a)
2468 1019 2707 1079 tempore
2736 1009 2965 1062 Moralia
2987 1009 3308 1065 Basiliicnm
3342 1011 3505 1066 utris-

1932 1116 2040 1169 que
2104 1102 2301 1169 regulis
2350 1103 2401 1154 in
2443 1119 2607 1155 unum
2654 1102 2816 1154 veluti
2851 1118 3046 1171 corpus
3081 1104 3292 1155 redacta
3323 1112 3499 1169 erant,

1930 1193 2072 1260 quod
2103 1191 2382 1245 dicebatur
2436 1194 2682 1246 Ascetica
2724 1192 2925 1245 Basilii.
2962 1192 3067 1246 Sed
3116 1205 3291 1246 tamen
3328 1194 3507 1247 divera

1935 1299 2053 1339 sum
2114 1297 2270 1351 opus,
2310 1283 2523 1353 Regulw
2572 1295 2625 1337 et
2673 1282 2926 1343 Moralia,
2958 1299 3054 1337 nec
3099 1284 3236 1336 idem
3271 1294 3499 1353 tempus,

1938 1388 2036 1427 nec
2093 1374 2377 1427 consilium
2410 1375 2570 1427 idem.
2609 1373 2839 1427 Moralia
2877 1374 3130 1427 videntur
3157 1375 3355 1443 scripta
3402 1372 3507 1429 sub

1931 1465 2090 1518 ﬁnem
2121 1465 2330 1534 imperii
2363 1464 2686 1530 Constantii,
2729 1482 2870 1519 anno
2892 1466 3014 1519 56L
3056 1466 3205 1532 Quod
3230 1468 3372 1520 enim
3428 1467 3504 1520 ait

1930 1556 2005 1626 (p.
2036 1555 2167 1624 225)
2199 1572 2256 1609 se
2293 1572 2417 1610 sero
2443 1558 2544 1610 hoc
2579 1573 2713 1625 epus
2735 1561 3020 1626 perﬁcere,
3047 1569 3328 1628 prepterea
3362 1561 3503 1628 quod

1929 1649 2062 1702 alios
2112 1650 2355 1702 veritatis
2382 1650 2696 1704 defensores
2740 1661 3116 1720 exspectaret,
3152 1667 3249 1704 nec
3294 1659 3501 1705 tantum

1930 1739 2030 1792 sibi
2091 1738 2204 1807 ipse
2232 1738 2567 1803 conﬁderet,
2599 1750 2655 1792 ut
2684 1740 2785 1794 hoc
2821 1741 2969 1794 solus
2991 1743 3397 1811 aggrederetur,
3451 1744 3507 1797 id

1860 1814 1905 1869 Β
1931 1839 2250 1895 argumento
2280 1838 2362 1881 est
2393 1827 2648 1882 Basilinm
2683 1845 2787 1884 non
2820 1834 3001 1884 statim
3044 1843 3204 1897 atque
3253 1849 3317 1887 ex
3346 1848 3504 1903 pere-

1935 1918 2329 1986 grinationibus
2360 1920 2539 1981 rediit,
2570 1919 2636 1971 ad
2671 1920 2811 1973 hanc
2839 1920 3297 1975 elucubrationem
3327 1923 3504 1991 prosi-

1928 2006 2111 2061 luisse.
2141 2008 2248 2062 Sed
2281 2020 2460 2063 tanten
2494 2011 2753 2064 timiditas
2793 2012 2881 2065 illa
2910 2012 3164 2065 indicium
3188 2021 3272 2068 est
3301 2013 3505 2076 ingenii

1929 2102 2167 2154 nondum
2206 2101 2258 2154 in
2315 2102 2601 2156 scribendo
2650 2104 2971 2169 exercitati,
3035 2107 3271 2158 nendum
3330 2105 3498 2160 ullum

1928 2207 2063 2261 opus
2092 2193 2356 2263 aggressi.
2386 2194 2563 2260 Quare
2596 2194 2851 2249 Basiliam
2892 2196 3162 2251 scribendi
3194 2199 3400 2251 initium
3427 2198 3505 2252 le-

1931 2284 2073 2339 cisse
2105 2286 2428 2338 crediderim
2462 2286 2529 2339 ab
2563 2287 2662 2342 hac
2689 2288 3112 2350 elucubratione,
3135 2304 3252 2357 qua:
3282 2290 3508 2355 proinde

1928 2375 2069 2429 ultra
2104 2375 2398 2430 Constantii
2430 2378 2707 2446 imperiu'n
2738 2381 2884 2449 rejici
2922 2395 3025 2433 non
3059 2380 3240 2436 debet.
3270 2380 3502 2434 Praeter-

1928 2480 1989 2519 ea
2054 2481 2245 2520 recens
2313 2469 2600 2521 admodum
2644 2479 2760 2523 erat
2802 2472 3189 2525 Anomteormn
3243 2472 3502 2535 bmresis,

1929 2572 2049 2609 cum
2081 2559 2193 2611 lucc
2218 2559 2479 2613 scriberet
2514 2559 2763 2615 Basilius.
2793 2562 2883 2615 Ait
2916 2563 3061 2616 enim
3099 2564 3175 2631 (ιι.
3208 2562 3257 2631 1)
3289 2578 3430 2617 nunc
3458 2564 3500 2617 si

1928 2662 2163 2716 Unquam
2198 2648 2355 2712 alias,
2382 2650 2584 2703 exortis
2637 2652 2916 2704 Anommis
2944 2695 2957 2716 ,
2999 2652 3205 2719 impleri
3264 2652 3318 2705 in
3371 2653 3502 2719 ipsis

1926 2742 2192 2809 episcopis
2233 2742 2356 2794 illud
2407 2743 2555 2795 Pauli
2598 2746 2909 2798 vaticinium
2953 2761 2967 2800 :
3008 2746 3072 2800 Et
3097 2764 3163 2801 ea:
3189 2748 3330 2802 vobis
3381 2749 3505 2817 ipsis

1926 2842 2205 2901 exsurgent
2258 2834 2356 2886 riri
2404 2834 2669 2901 loquentes
2726 2852 2965 2902 perversa
3000 2839 3040 2900 ',
3093 2850 3198 2892 etc.
3255 2840 3501 2892 Anommi

1929 2934 2109 2976 autem
2147 2923 2324 2977 vocati
2360 2932 2510 2989 sunt,
2543 2927 2633 2993 qui
2673 2927 2866 2980 Filimn
2903 2926 3048 2981 Patri
3075 2930 3393 2982 dissimilem
3422 2929 3501 2983 d3-

1929 3025 2117 3069 xerunt
2176 3032 2319 3070 anno
2372 3016 2498 3081 561,
2542 3028 2678 3073 teste
2720 3020 2779 3075 S.
2813 3019 3108 3075 Athanasio
3138 3022 3211 3092 (b)
3244 3038 3365 3076 cum
3404 3024 3505 3078 So-

1931 3118 2084 3162 crate
2113 3108 2208 3179 (c).
2236 3110 2412 3174 Quare
2440 3114 2541 3165 hoc
2574 3114 2687 3182 ipso
2709 3129 2853 3167 anno
2875 3116 3075 3183 scripta
3104 3115 3288 3169 Basilii
3322 3117 3505 3171 Mora-

255 3220 408 3266 nrque
433 3206 758 3270 pra’putium
782 3221 802 3257 :
831 3207 921 3257 sed
947 3206 1078 3273 ﬁdes
1110 3222 1226 3276 qua:
1248 3222 1339 3274 per
1361 3205 1670 3259 maritalem
1706 3223 1829 3275 ορε-
1855 3172 1897 3229 C
1931 3200 2025 3263 lia,
2057 3210 2181 3253 ante
2226 3210 2451 3254 mortem
2487 3203 2815 3259 Constantii.
2848 3205 2937 3259 Sic
2988 3206 3130 3260 enim
3173 3206 3403 3261 Basilius
3452 3209 3503 3261 in

260 3308 401 3347 ratur
433 3297 474 3359 ¹,
522 3316 541 3347 ι
577 3313 898 3365 consequens
942 3297 1101 3351 simul
1143 3317 1205 3353 ac
1257 3300 1610 3353 necessarium
1652 3300 1832 3352 existi-

255 3390 382 3441 υκαι-ἰ
405 3390 480 3458 (p.
510 3388 667 3453 225),
703 3400 756 3441 ut
785 3407 970 3442 sanam
1022 3390 1178 3457 ﬁdem
1212 3409 1275 3443 ac
1308 3394 1445 3456 piant
1476 3393 1539 3444 de
1590 3391 1749 3444 Patre
1779 3402 1827 3445 et

257 3475 391 3533 Filio
423 3492 471 3533 ct
502 3480 709 3549 Spiritu
748 3492 931 3536 sancto
979 3486 1286 3536 sententiam
1319 3486 1468 3550 prius
1496 3501 1825 3551 exponerem,

258 3580 302 3627 et
335 3573 408 3625 ita
440 3574 656 3625 demum
715 3574 939 3626 moralia
984 3584 1286 3629 attexerem.
1314 3574 1569 3629 Protinus
1597 3589 1723 3643 ergo
1758 3576 1826 3630 de

260 3662 357 3715 fide
391 3663 695 3731 incipiebat
720 3664 1013 3725 disserere,
1046 3667 1185 3718 nulla
1216 3666 1317 3717 alia
1366 3666 1603 3720 adhibita
1634 3666 1829 3734 praela-

259 3753 414 3805 tione.
445 3754 513 3805 At
536 3752 765 3821 epistola
800 3755 864 3806 de
894 3753 997 3808 ﬁde
1023 3754 1161 3809 hanc
1185 3757 1401 3809 exhibet
1420 3758 1785 3826 pratlationem
1812 3776 1827 3811 :

258 3842 340 3896 Dei
372 3846 563 3913 optimi
588 3846 761 3914 gratia
788 3862 907 3899 cum
937 3847 1064 3898 mihi
1104 3848 1410 3902 innotuisset
1449 3860 1631 3903 vestrae
1664 3852 1829 3916 pieta-

257 3934 315 3987 tis
368 3934 728 3999 mandatum,
778 3946 883 3988 etc.
940 3935 1107 3990 Nemo
1154 3953 1256 3989 non
1311 3938 1453 3991 videt
1512 3954 1671 4006 quam
1719 3940 1830 3991 haec

256 4026 385 4080 inter
437 4042 499 4081 se
552 4028 979 4082 disconvi-niant.
1021 4028 1077 4081 5°
1133 4028 1364 4097 Scripsit
1409 4029 1639 4083 Basilius
1692 4031 1831 4082 banc

259 4122 534 4187 epistolam
567 4162 582 4183 ,
619 4122 1000 4174 nonnullorum
1048 4122 1323 4175 hominum
1361 4134 1575 4187 rogatu,
1628 4122 1719 4189 qui
1760 4122 1829 4175 ab

260 4226 315 4262 eo
362 4214 643 4282 petierant
676 4214 775 4282 τῆς
805 4212 1062 4275 εὐσεϐοῦς
1115 4212 1350 4275 πίστεως
1396 4212 1669 4283 ἔγγραψον
1698 4215 1829 4283 ὁμο-

258 4301 455 4371 λογίαν,
488 4306 592 4372 piw
623 4306 750 4371 fidei
778 4306 991 4370 petitam
1019 4320 1083 4357 es:
1108 4303 1401 4372 Scripturis
1429 4304 1827 4373 confessionem,

260 4397 321 4448 ita
352 4410 411 4451 ut
446 4398 906 4451 consubstantiali
934 4407 1164 4452 careret.
1211 4399 1415 4450 Annuit
1439 4413 1625 4451 eorum
1655 4398 1829 4465 preci-

1933 3299 2046 3343 toto
2080 3292 2179 3343 hoc
2214 3289 2334 3343 loco
2370 3307 2577 3361 pugnas
2621 3302 2676 3348 et
2726 3295 2950 3349 dissidia
3000 3297 3278 3365 deplorat,
3337 3310 3393 3351 ut
3430 3298 3511 3352 la-

1935 3383 2037 3437 cile
2094 3392 2271 3451 pateat
2329 3388 2561 3438 nondum
2605 3386 2940 3441 subtractum
3009 3390 3175 3443 fuisse
3230 3391 3511 3447 Anomteis

1931 3474 2231 3529 Constantii
2289 3477 2687 3542 patrocinium,
2743 3479 2979 3533 nondmn
3039 3479 3333 3535 Catltolicis
3381 3485 3505 3536 red-

1931 3568 2099 3621 ditam
2157 3568 2506 3633 libertatem,
2563 3572 2727 3640 quam
2800 3574 2900 3627 sub
2950 3574 3168 3627 Juliano
3227 3577 3511 3633 consecuti

1931 3671 2076 3714 sunt.

2005 3752 2182 3806 Credo
2233 3752 2491 3805 Basilium
2541 3755 2639 3807 hoc
2673 3771 2806 3822 opus
2849 3756 2960 3822 jam
2994 3759 3332 3826 absolvisse,
3382 3774 3511 3813 cum

1934 3844 2199 3898 scriberet
2252 3846 2533 3915 epistolam
2565 3864 2757 3900 nonam
2787 3889 2802 3913 ,
2850 3851 2944 3901 sed
3000 3852 3173 3904 adhuc
3232 3852 3516 3907 dubitasse

1934 3946 2109 3989 utrum
2138 3939 2187 3990 in
2219 3936 2389 3991 lucem
2421 3939 2605 3993 ederet
2636 3954 2822 3993 necne.
2860 3940 2913 3993 ld
2952 3942 3145 4009 colligo
3174 3958 3238 3995 ex
3286 3942 3373 3998 his
3396 3958 3511 3998 ver-

1936 4029 2017 4082 bis
2051 4048 2063 4083 :
2100 4028 2406 4083 Pra'sertim
2431 4046 2551 4083 cum
2583 4030 2780 4101 alioqui
2809 4041 2989 4086 nostra
3028 4034 3243 4103 vulgare
3275 4051 3378 4088 non
3406 4052 3515 4089 om-

1934 4122 2057 4173 nino
2098 4122 2467 4178 statuerimus.
2500 4122 2808 4191 Scripserat
2842 4139 2971 4193 ergo
3006 4125 3207 4194 aliquid
3258 4126 3515 4194 Basilius,

1933 4213 2027 4265 sed
2055 4212 2337 4267 dubitabat
2365 4229 2432 4267 an
2462 4214 2726 4279 vulgaret.
2773 4214 2827 4268 ld
2856 4228 3035 4270 autem
3078 4218 3208 4270 ιιιιΙΙί
3234 4219 3325 4271 alii
3358 4220 3513 4287 operi

1934 4301 2127 4355 tnelius
2149 4304 2427 4364 convenit,
2466 4318 2629 4372 quam
2696 4304 3013 4360 Moralibus.
3063 4305 3196 4359 Nam
3232 4307 3401 4362 libros
3451 4309 3515 4361 in

1938 4390 2257 4448 Eunomium
2299 4394 2477 4448 studio
2508 4396 2757 4451 veritatis
2806 4396 2981 4464 palam
3024 4408 3078 4451 et
3110 4410 3297 4467 aperte
3325 4398 3511 4453 delenq

261 4486 347 4541 bus
380 4505 397 4538 :
444 4489 539 4541 sed
576 4503 645 4541 ne
673 4487 792 4555 quis
823 4488 1015 4540 merito
1046 4487 1464 4555 reprehenderet
1484 4487 1827 4540 emissionem
1859 4524 1907 4583 υ
1934 4484 2118 4537 dendaa
2148 4485 2476 4554 compositos
2521 4486 2691 4542 fuisse
2723 4503 2788 4542 ex
2840 4489 2956 4558 ipso
2983 4492 3206 4545 exordio
3249 4491 3512 4560 perspici-

260 4577 734 4630 consubstantialis
766 4616 782 4641 ,
835 4577 1098 4631 rationem
1158 4576 1332 4630 reddit
1364 4590 1479 4641 cur,
1514 4591 1634 4629 cum
1670 4588 1827 4631 antea

262 4666 306 4719 in
343 4668 663 4722 refellendis
694 4668 959 4721 haereticis
988 4683 1146 4720 voces
1175 4668 1507 4731 adhibuerit,
1544 4682 1663 4736 qua:
1691 4668 1830 4720 scrio

260 4765 350 4824 ptze
388 4773 499 4811 non
534 4766 703 4819 Slllll,
763 4771 906 4810 nime
962 4757 1231 4811 abstineat
1289 4755 1549 4824 ejusmodi
1584 4756 1828 4820 vocibus,

260 4862 361 4915 qm
417 4849 548 4916 ipsis
580 4848 770 4902 litteris
795 4859 840 4901 et
880 4847 1099 4917 syllabis
1137 4851 1190 4900 in
1225 4848 1502 4917 Scriptura
1528 4848 1706 4902 divina
1729 4864 1832 4901 non

260 4940 607 5005 reperiuntur,
661 4942 869 4991 tametsi
923 4942 1131 4993 insitam
1183 4938 1469 5008 Scriptum
1522 4942 1829 4994 sententiam

263 5041 463 5082 terrant
518 5029 594 5099 (p.
624 5028 771 5097 92’s).
806 5030 1064 5084 Privatim
1114 5048 1242 5100 ergo
1295 5032 1569 5086 nonnullis
1598 5034 1831 5086 consulit

265 5117 525 5185 Basilius,
576 5134 743 5189 seque
787 5122 852 5172 ad
892 5137 1077 5174 eorum
1120 5123 1489 5177 inﬁrmitatem
1525 5138 1829 5176 accommo-

264 5206 367 5269 dat,
399 5208 853 5262 consubstantiali
893 5210 1354 5277 przetermittendo
1376 5252 1392 5277 ,
1417 5212 1561 5280 quod
1592 5212 1662 5265 illi
1691 5211 1830 5267 forte

267 5302 492 5353 nondum
520 5313 840 5371 receperant
878 5319 890 5354 :
924 5302 1018 5356 sed
1059 5318 1398 5373 nequaquam
1428 5318 1615 5359 eorum
1644 5314 1827 5370 rogatu

328 5497 545 5553 ‘Gaial.
576 5514 628 5558 γ,
656 5499 705 5552 ﬁ.
786 5502 805 5530 ³
836 5499 957 5555 Aet.
988 5516 1074 5561 xx,
1109 5500 1195 5554 50.

325 5706 397 5773 (η)
420 5706 555 5759 (Σοιι.
595 5708 712 5761 Hii.

430 5778 503 5830 lle
533 5781 717 5847 synod.

1938 4584 2041 4627 ων.

2007 4664 2099 4719 ιν.
2254 4670 2395 4720 imus
2433 4667 2523 4723 ille
2575 4669 2928 4739 philosophus
2954 4709 2971 4733 ,
3014 4670 3080 4723 ad
3113 4678 3272 4739 quem
3308 4668 3515 4738 scripta

1941 4766 2025 4809 est
2063 4772 2205 4810 nona
2252 4756 2439 4813 Basilii
2471 4760 2722 4829 epistola,
2760 4763 2985 4831 petierat
3014 4778 3041 4815 a
3081 4760 3280 4815 Basilio
3311 4761 3517 4830 scripta

1942 4849 2187 4919 Dionysii
2225 4850 2601 4919 Alexandrini,
2632 4854 2900 4923 simulque
2916 4854 3042 4923 quid
3068 4854 3133 4909 de
3160 4854 3263 4908 hoc
3288 4854 3511 4921 scripto-

1938 4956 1998 4994 re.
2057 4944 2282 4997 sentiret
2330 4944 2637 4999 sciscitatus
2664 4946 2859 5000 fuerat.
2892 4946 3104 5015 Scripta
3138 4944 3373 5017 Dionysii
3405 4961 3519 5001 non

1942 5034 2179 5089 habebat
2212 5038 2263 5089 in
2304 5039 2551 5093 manibus
2583 5039 2814 5105 Basilius
2847 5047 2902 5093 et
2931 5040 3130 5094 idcirco
3166 5041 3377 5093 mittere
3404 5053 3519 5091 non

1940 5129 2119 5195 potuit
2150 5145 2162 5181 :
2190 5128 2280 5181 sed
2318 5130 2383 5183 de
2415 5130 2530 5197 ipso
2568 5130 2823 5199 Dionysio
2878 5131 3116 5199 jndicat,
3150 5142 3207 5185 ttt
3267 5133 3318 5184 in
3360 5130 3520 5185 Notis

1944 5219 2377 5283 observavimus,
2408 5236 2513 5275 non
2552 5224 2981 5277 accuratissime.
3003 5222 3189 5277 Simile
3218 5223 3514 5277 secundum

1939 5308 2241 5360 essentiam
2285 5313 2499 5376 probat,
2535 5313 2693 5365 modo
2724 5313 2972 5378 addatur,
3000 5314 3133 5367 citra
3161 5313 3320 5367 ullum
3358 5314 3514 5383 dile-

2024 5710 2092 5781 (ς)
2129 5707 2242 5767 Lib.
2273 5726 2331 5775 tl,
2361 5728 2407 5767 c.
2439 5711 2526 5767 45.
