3958 6212
408 340 517 381 Χῖῖ

1753 328 2283 387 PROLEGOMENA.

411 446 672 508 tentiam;
706 458 863 501 secus
891 460 1040 512 vero,
1077 446 1122 501 si
1148 448 1277 503 illud
1302 464 1405 504 non
1432 450 1683 520 addatur,
1702 462 1758 507 ut
1789 454 1986 509 factum
2016 462 2065 517 Α
2097 464 2241 508 tatur
2264 454 2498 521 viduam,
2530 453 2684 523 cujus
2714 450 2881 507 ﬁlium
2907 452 3239 522 Dionysium,
3272 453 3398 508 olim
3431 454 3647 511 Diome-

412 536 465 588 in
490 535 721 589 concilio
758 535 1378 608 ConstantinOpolitano.

486 623 696 694 Scripta
719 626 830 680 hzec
864 628 1088 696 epistola
1121 639 1241 697 post
1270 630 1559 685 concilium
1596 631 1979 686 Constantino-

411 718 708 784 polit’anum
741 719 862 771 anni
889 719 1014 777 560.
1051 720 1168 775 Non
1202 732 1381 776 tamen
1440 725 1625 779 statim
1682 735 1805 795 post
1853 726 1980 779 illud

415 812 640 878 scripta,
665 812 757 865 sed
774 813 912 869 forte
938 815 1226 884 interjecto
1241 815 1469 871 duorum
1491 832 1754 871 annorum
1784 821 1979 888 spatio.

416 898 549 952 Nam
584 902 635 954 in
663 903 888 971 epistola
918 917 1131 971 octava,
1166 922 1286 976 qua:
1309 909 1595 963 concilium
1628 909 1871 977 proxime
1902 911 1982 963 vi-

415 993 570 1045 detur
590 1004 793 1060 secuta,
827 1000 1135 1054 recentibus
1166 1000 1555 1055 Anommorum
1605 1000 1880 1057 fraudibus
1901 1001 1978 1055 of-

413 1084 619 1149 fensus,
656 1089 1128 1156 rejiciebatsimile
1157 1093 1273 1145 sine
1302 1094 1639 1161 exceptione.
1674 1093 1826 1149 Nunc
1881 1110 1979 1147 au-

414 1187 522 1231 tem
558 1178 734 1234 simile
770 1184 1067 1236 secundum
1099 1183 1391 1237 essentiam
1418 1185 1643 1251 probat,
1680 1186 1838 1239 modo
1882 1186 1981 1239 ad-

414 1265 573 1320 datur
597 1269 732 1320 citra
759 1268 920 1323 ullam
961 1271 1333 1339 diferentiam.
1375 1272 1507 1327 Rem
1553 1288 1681 1343 ergo
1720 1275 1979 1329 attentius

414 1358 857 1415 consideraverat
909 1372 1029 1430 post
1082 1365 1337 1433 scriptam
1390 1364 1673 1434 epistolam
1709 1376 1976 1421 octavam.

415 1447 647 1503 Dubium
707 1460 886 1506 autem
932 1468 1035 1507 non
1070 1463 1165 1509 est-
1185 1456 1315 1524 quin
1369 1470 1512 1509 nona
1555 1466 1681 1510 ante
1732 1458 1984 1512 sacerdo-

423 1540 557 1594 tium
586 1543 783 1612 scripta
816 1544 902 1598 sit.
932 1544 1065 1599 Eum
1098 1547 1241 1601 enim
1271 1554 1329 1602 et
1351 1548 1592 1617 corporis
1616 1547 1901 1603 inﬁrmitas
1930 1556 1984 1601 et

414 1647 569 1688 amor
618 1634 926 1690 solitudinis
955 1637 1142 1691 eodem
1194 1652 1408 1707 semper
1450 1638 1571 1694 loco
1602 1638 1787 1704 fixum,
1814 1639 1983 1693 instar

415 1724 748 1793 plantarum,
791 1727 1065 1783 tenebant.
1096 1729 1353 1795 Quamvis
1383 1738 1560 1783 autem
1592 1727 1877 1799 presbyter
1900 1728 1982 1780 fa—

2088 546 2211 599 dem
2264 545 2501 609 nomine,
2536 542 2767 596 habebat
2812 543 2864 595 in
2910 543 3239 597 monasterio
3290 559 3409 607 suo,
3439 555 3493 597 ut
3537 547 3646 613 ipsa

2085 634 2247 688 etiam
2273 633 2323 685 in
2359 632 2600 685 eamdem
2629 631 2969 685 solitudinem
2996 645 3052 685 se
3082 632 3325 701 recipiat,
3363 634 3569 688 scilicet
3598 637 3646 689 in

2087 724 2468 779 monasterium
2502 723 2809 787 mulierum,
2832 723 2975 791 quod
3022 722 3087 775 ad
3124 722 3345 777 alteram
3382 724 3537 779 Iridis
3576 728 3648 780 ri-

2085 830 2206 884 pam
2239 816 2399 869 situm
2434 824 2571 869 erat.
2603 812 2764 867 Mittit
2790 813 3177 868 adeamlilium
3203 816 3380 883 gvelut
3405 818 3650 871 cohtmba

2086 905 2239 959 cicur
2257 914 2527 973 unguento
2558 904 2718 958 oblita
2748 904 2999 967 mittitur,
3028 913 3086 957 ut
3118 904 3252 957 alias
3288 906 3454 961 odore
3481 917 3652 961 attra-

2086 995 2196 1048 hat.
2249 994 2303 1047 In
2334 994 2618 1049 undecima
2655 992 2878 1063 cpistola
2916 995 2980 1046 ad
3004 994 3151 1047 idem
3182 994 3481 1050 institutum
3527 997 3654 1050 hor-

2085 1094 2232 1139 tatur
2278 1103 2440 1139 unum
2497 1102 2563 1141 ex
2616 1086 2827 1151 amicis,
2891 1087 3048 1156 cujus
3103 1087 3194 1141 filii
3258 1091 3652 1144 monasterium

2085 1178 2266 1231 Basilii
2320 1176 2637 1245 inviserant,
2678 1185 2737 1233 et
2786 1191 2911 1233 cum
2955 1190 3021 1231 eo
3058 1175 3196 1231 diem
3242 1177 3437 1232 festum
3480 1189 3656 1233 trans-

2085 1278 2330 1339 egerant.

2157 1360 2421 1413 Videntur
2460 1359 2625 1413 etiam
2663 1358 2729 1412 ad
2749 1371 3024 1413 secessum
3054 1367 3109 1413 et
3135 1359 3432 1427 primordia
3464 1358 3653 1414 Basilii

2084 1451 2387 1507 referendas
2432 1451 2673 1522 episton
2704 1451 2771 1505 l2
2812 1461 2867 1506 et
2898 1451 2986 1515 15',
3019 1452 3099 1523 ad_
3126 1450 3429 1522 Olympium
3464 1470 3477 1506 :
3525 1462 3656 1507 sunt

2084 1547 2228 1600 enim
2285 1544 2343 1599 in
2391 1546 2579 1599 eodem
2636 1544 2958 1599 urbanitatis
3003 1558 3201 1615 genere
3238 1559 3301 1599 ac
3349 1553 3539 1613 quarta
3586 1546 3657 1599 ad

2085 1633 2329 1687 eumdem
2356 1634 2477 1687 data
2503 1651 2518 1700 ;
2551 1648 2650 1688 nec
2675 1633 2970 1703 quidquam
2997 1634 3199 1688 habent
3227 1634 3292 1687 de
3324 1635 3538 1704 magnis
3569 1650 3660 1689 re-

2084 1725 2205 1790 bus,
2229 1740 2387 1795 quas.
2413 1726 2550 1779 infra
2594 1725 2851 1779 Basiliam
2892 1741 3015 1781 cum
3062 1726 3173 1781 hoc!
3222 1724 3658 1781 Neoczesarieusi

414 1828 535 1874 ctus
574 1820 624 1873 in
682 1821 1025 1877 solitudinem
1073 1824 1335 1890 redierit,
1363 1824 1454 1879 hic
1499 1832 1678 1879 tamen
1736 1837 1983 1879 secessus
2012 1825 2055 1880 B
2084 1816 2201 1869 Cive
2232 1823 2651 1885 Ρθτῑτδοιθηιθιη
2692 1815 3012 1870 Videbimus-

415 1910 766 1968 brevissimus
816 1913 935 1968 fuit.
986 1914 1199 1983 Scripta
1249 1930 1377 1985 ergo
1420 1916 1533 1972 haec
1568 1930 1707 1969 nona
1755 1915 1979 1983 epistola

414 2000 561 2054 circa
598 2017 794 2057 annum
819 2005 943 2070 561,
974 2014 1067 2060 aut
1089 2006 1216 2071 562,
1241 2024 1362 2062 cum
1384 2006 1495 2076 jam
1521 2008 1774 2073 Moralia,
1811 2016 1869 2061 ut
1900 2021 1985 2061 su—

416 2106 511 2159 pra
540 2094 796 2161 diximus,
835 2100 1242 2167 composuisset.

486 2179 541 2233 In
568 2183 782 2251 vulgato
809 2184 1117 2240 litterarum
1150 2188 1340 2242 ordine
1369 2188 1488 2243 dure
1521 2188 1694 2242 eidem
1749 2188 1983 2244 Maximo

417 2272 737 2343 philosopho
767 2275 1040 2344 inscripta:
1067 2289 1223 2332 erant
1261 2278 1501 2346 epistolm
1524 2320 1540 2344 ,
1573 2294 1763 2348 nempe
1810 2280 1872 2333 41
1928 2290 1983 2335 et

413 2362 506 2414 42.
540 2361 722 2431 Neque
770 2366 822 2419 id
855 2382 1041 2435 parum
1094 2368 1395 2423 facessebat
1440 2368 1787 2423 difﬁcultatis.
1818 2369 1979 2424 Multa

415 2453 559 2506 enim
596 2455 844 2510 dubitare
870 2460 1155 2525 cogebant,
1183 2472 1365 2514 utrum
1406 2461 1542 2515 idem
1570 2462 1640 2515 sit
1672 2462 1724 2514 in
1754 2471 1983 2532 utraque

414 2543 637 2609 cpistola
682 2544 949 2601 Maximus
986 2558 1079 2603 :et
1128 2550 1172 2603 si
1206 2549 1369 2617 idem,
1396 2566 1425 2605 a
1462 2551 1694 2607 Maximo
1729 2556 1780 2608 in
1811 2554 1983 2608 histo-

418 2636 497 2690 ria
546 2638 717 2693 sancti
760 2638 1011 2710 Gregorii
1064 2640 1392 2695 Nazianzeni
1453 2643 1739 2699 decantato
1789 2645 1982 2699 distin-

331 2742 339 2751 ’
414 2729 657 2793 gucndus
704 2730 1005 2797 videbatur,
1055 2743 1348 2802 propterea
1399 2734 1540 2803 quod
1593 2734 1867 2791 Maximus
1926 2737 1979 2791 in

416 2821 574 2884 epist.
602 2821 674 2874 al.
701 2822 771 2875 42
806 2824 990 2878 Basilii
1040 2839 1107 2878 ex
1132 2824 1295 2879 nobili
1323 2826 1482 2880 domo
1508 2827 1601 2881 sed
1626 2830 1834 2897 gentili,
1858 2844 1982 2896 pro-

415 2912 558 2966 ditor
579 2924 758 2969 autem
790 2917 1036 2987 Gregorii
1060 2932 1127 2971 ex
1159 2919 1388 2972 obscura
1413 2960 1428 2985 ,
1458 2920 1553 2974 sed
1579 2928 1757 2975 tamen
1784 2931 1985 2992 marty-

417 3020 506 3057 res
550 3018 870 3062 numerante
894 3008 1098 3063 familia
1118 3018 1267 3065 ortus
1293 3010 1573 3065 dicebatur
1599 3012 1696 3082 (α).
1723 3012 1827 3067 Sed
1859 3029 1981 3068 cum

414 3096 640 3163 cpistola
683 3099 818 3157 alias
846 3099 918 3153 62
973 3102 1026 3154 in
1065 3103 1307 3170 antiquis
1333 3102 1616 3158 codicibus
1660 3105 1984 3160 inscribatur

2160 1906 2266 1962 Sed
2291 1908 2565 1977 praecipue
2585 1907 2742 1963 nobis
2769 1908 3041 1963 reddenda
3059 1910 3219 1977 ratio,
3243 1923 3338 1963 cur
3368 1908 3657 1979 epistolam

2089 1997 2361 2052 decimam
2406 2006 2679 2067 quartam,
2710 1998 2847 2053 alias
2897 2000 3163 2054 decimam
3212 2014 3430 2065 nonam,
3485 2016 3651 2070 quam

2089 2088 2462 2145 Tillemontius
2484 2099 2538 2144 et
2567 2090 2656 2144 alii
2706 2091 2883 2146 critici
2936 2092 3180 2146 omnium
3228 2092 3455 2167 primam
3486 2092 3537 2145 in
3565 2108 3660 2147 se-

2090 2195 2245 2235 cessu
2276 2180 2534 2249 scriptam
2576 2182 2912 2247 existimant,
2946 2182 3122 2238 serius
3175 2182 3521 2238 collocemus.
3552 2183 3659 2237 Vix

2088 2272 2308 2326 dubium
2357 2272 2489 2340 quin
2535 2272 2734 2340 scripta
2768 2272 2841 2326 sit
2881 2272 3164 2337 Caesareae,
3196 2289 3317 2328 cum
3360 2274 3659 2342 Gregorius

2089 2362 2257 2417 frater
2291 2362 2489 2417 Basilio
2522 2363 2836 2431 scripsisset
2882 2363 3019 2419 velle
3041 2380 3100 2419 se
3122 2380 3244 2419 cum
3274 2379 3341 2419 eo
3372 2367 3654 2435 congredi,

2090 2454 2337 2522 idemque
2383 2469 2505 2509 esse
2562 2455 2772 2508 consilii
2834 2453 3091 2524 Gregorio
3130 2455 3488 2513 Nazianzeno.
3516 2457 3656 2512 Tum

2087 2544 2339 2610 Basilius,
2378 2560 2502 2599 cum
2531 2546 2725 2613 partim
2759 2546 2987 2615 negotiis
3041 2559 3408 2613 revocaretur,
3456 2549 3658 2617 partim

2088 2636 2735 2706 GregorioNazianzeno,
2765 2653 2794 2691 a
2836 2653 2943 2707 quo
2964 2640 3129 2694 toties
3174 2639 3427 2708 deceptus
3454 2639 3657 2709 fuerat,

2088 2744 2276 2799 parum
2307 2729 2589 2794 crederet;
2629 2728 2817 2784 scribit
2839 2730 2887 2784 ei
2915 2737 3317 2802 se;exspectare
3338 2746 3443 2786 non
3472 2749 3655 2802 posse,

2088 2835 2151 2874 ac
2178 2820 2483 2875 solitudinis
2508 2822 2945 2890 suae-elegantem
2995 2823 3260 2891 picturam
3290 2834 3414 2880 ante
3464 2826 3655 2882 oculos

2089 2912 2231 2969 illius
2252 2913 2423 2983 ponit.
2460 2912 2612 2967 Facit
2637 2928 2757 2967 cum
2776 2912 3119 2970 Tillemontio
3142 2915 3311 2985 prima
3338 2932 3513 2970 rerum
3536 2932 3660 2986 spe-

2089 3003 2202 3059 cies
2248 3014 2301 3059 et
2343 3005 2582 3074 epistola;
2611 3005 2769 3061 lectio
2812 3021 2919 3061 non
2958 3006 3113 3061 valde
3165 3007 3394 3062 intenta.
3428 3006 3659 3063 Videtur

2088 3087 2500 3151 enim‘Basilius
2532 3096 2874 3152 solitudinem
2910 3113 3061 3153 suam
3108 3098 3437 3166 describere,
3479 3111 3538 3156 ut
3574 3102 3656 3157 lo-

420 3187 652 3243 Maximo
687 3191 1035 3258 scholastice,
1062 3194 1198 3247 nihil
1226 3195 1341 3262 jam
1367 3194 1531 3248 officit
1565 3198 1857 3263 quominus
1883 3197 1983 3251 Ma-

2092 3201 2209 3241 cum
2255 3202 2528 3255 nunquam
2565 3187 2827 3259 Gregorio
2854 3189 3050 3244 visum.
3098 3188 3301 3246 Deinde
3354 3207 3483 3249 vero
3509 3196 3681 3263 quod'

418 3283 618 3345 ximus,
641 3283 707 3336 ad
738 3299 895 3353 quem
930 3289 1053 3339 data
1083 3297 1167 3340 est
1195 3285 1419 3356 epistola
1447 3302 1586 3342 nona
1618 3288 1820 3355 Basilii,
1840 3290 1982 3344 idem

418 3372 491 3425 sit
521 3387 584 3427 ac
618 3372 705 3427 ille
733 3376 870 3443 apud
919 3373 1239 3443 Gregorium
1295 3376 1581 3433 Maximus.
1642 3378 1806 3434 Multa
1855 3396 1987 3438 sane

416 3475 751 3521 concurrunt
796 3467 1092 3522 simillima.
1129 3468 1274 3525 Idem
1310 3485 1504 3526 nomen
1533 3512 1548 3537 ,
1580 3472 1723 3527 idem
1746 3473 1988 3542 philoso-

419 3554 512 3623 phi
570 3554 778 3609 titulus.
832 3555 1096 3613 Maximus
1126 3598 1143 3623 ,
1177 3559 1243 3613 de
1272 3574 1379 3629 quo
1413 3560 1679 3627 Basilius,
1720 3564 1890 3618 civem
1927 3580 1987 3619 se

417 3646 567 3699 orbis
590 3653 854 3700 terrarum
878 3646 1102 3703 fecerat.
1132 3648 1281 3704 Idem
1322 3650 1390 3704 de
1420 3666 1519 3705 suo
1557 3651 1789 3707 Maximo
1822 3661 1988 3708 testa-

410 3736 507 3791 tur
528 3738 821 3809 Gregorius
851 3740 925 3812 (p.
949 3740 1097 3812 4H),
1126 3742 1239 3796 Nec
1266 3742 1400 3795 enim
1423 3744 1759 3812 cynicismus,
1786 3744 1986 3813 inquit,

417 3833 624 3902 exiguis
678 3832 869 3901 ﬁnibus
916 3835 1278 3889 circumscribi
1330 3838 1573 3890 sustinet.
1632 3836 1785 3891 Unde
1839 3844 1989 3904 patet

416 3924 689 3979 immerito
737 3927 982 3996 cynicam
1026 3927 1176 3982 illam
1227 3929 1567 3997 disciplinam
1600 3929 1771 3983 videri
1819 3928 1987 3983 Tille-

418 4013 629 4067 montio
664 4029 786 4068 cum
844 4014 1114 4077 laudibus,
1149 4031 1286 4086 quas
1332 4016 1564 4071 Maximo
1592 4017 1779 4071 tribuit
1828 4017 1986 4072 Basi~

417 4104 525 4160 lius
555 4104 632 4173 (p.
663 4105 814 4177 412),
847 4121 1106 4177 pugnare.
1133 4108 1231 4163 .lit
1269 4108 1432 4163 etiam
1481 4108 1775 4177 Gregorius
1819 4109 1990 4173 Maxi-

418 4211 586 4260 mum,
607 4211 728 4250 cum
763 4197 970 4252 videret
999 4197 1297 4252 solitariam
1330 4200 1496 4253 vitam
1526 4215 1627 4256 nec
1648 4202 1885 4270 prepriis
1905 4201 1988 4253 in-

406 4276 722 4343 commodis
752 4304 963 4355 carere,
990 4305 1090 4345 nec
1121 4291 1174 4345 in
1223 4292 1451 4347 aliorum
1484 4293 1749 4362 augendis
1786 4293 1989 4347 incom-

418 4380 595 4434 modis
621 4383 849 4444 versari,
877 4382 1136 4437 maluisse
1168 4384 1220 4437 in
1244 4382 1404 4439 rebus
1434 4384 1686 4451 gerendis
1708 4382 1984 4451 occupari,

417 4480 473 4525 et
496 4486 562 4525 ex
592 4471 801 4527 duobus
826 4474 1057 4541 egregiis
1104 4474 1226 4527 vitae
1261 4474 1523 4529 institutis
1577 4473 1705 4528 illud
1736 4475 1986 4544 elegisse,

416 4566 558 4632 quod
588 4573 643 4619 et
684 4565 784 4620 sibi
823 4575 875 4619 et
908 4566 1028 4620 aliis
1060 4567 1301 4637 prodest.
1335 4566 1412 4620 Ex
1436 4569 1629 4636 quibus
1662 4583 1825 4636 supra
1858 4583 1985 4636 pro-

418 4656 664 4712 havimus
691 4658 765 4727 (b)
794 4657 1087 4718 Maximum
1114 4672 1179 4712 ex
1201 4674 1425 4714 numero
1456 4670 1761 4713 ascetarum
1792 4644 1981 4713 fuisse.

418 4748 617 4802 Eadem
668 4765 891 4818 prorsus
923 4750 1062 4819 apud
1114 4751 1387 4805 Basilium.
1422 4751 1562 4805 Nam
1610 4751 1655 4803 si
1691 4750 1854 4817 vobis,
1888 4751 1975 4804 in-

417 4839 557 4907 quit,
578 4842 807 4895 actuosis
837 4851 1133 4911 competunt
1156 4842 1333 4909 populi
1361 4854 1408 4895 et
1442 4844 1591 4895 urbes
1619 4883 1634 4907 ,
1664 4844 1850 4912 quibus
1886 4859 1973 4896 re-

418 4940 498 4983 cte
529 4931 673 4999 facta
695 4934 968 4987 ostenditis
992 4974 1007 4997 ,
1037 4945 1141 4989 etc.
1177 4933 1363 4989 Exstat
1410 4934 1573 4987 etiam
1623 4935 1795 4988 sancti
1827 4934 1990 4988 Atha-

417 5023 555 5077 nasii
584 5023 807 5091 epistola
837 5026 903 5079 ad
935 5025 1229 5081 Maximum
1257 5026 1654 5096 pbil050phum,
1688 5041 1846 5094 quem
1873 5040 1988 5080 san-

414 5124 537 5170 ctus
567 5114 729 5171 Pater
759 5118 973 5174 eximiis
998 5129 1155 5174 ornat
1179 5119 1429 5175 laudibus
1462 5138 1474 5172 :
1508 5135 1609 5173 nec
1640 5118 1989 5188 improbabile

417 5215 502 5260 est
532 5207 783 5263 eumdem
814 5224 961 5277 esse,
991 5225 1055 5264 ac
1094 5225 1218 5264 eum
1248 5210 1314 5266 de
1342 5225 1448 5279 quo
1476 5208 1769 5279 Gregorius
1793 5224 1857 5265 ac
1882 5208 1984 5263 Ba-

419 5296 598 5350 silius.

492 5380 557 5437 V.
574 5382 884 5455 Sequuntur
904 5386 1019 5441 duae
1036 5387 1248 5456 litterae,
1267 5389 1569 5445 manifestis
1585 5402 1831 5445 secessus
1845 5388 1986 5442 notis

420 5476 667 5547 signatm,
702 5497 897 5553 nempe
916 5485 1120 5541 decima
1146 5496 1199 5541 et
1226 5486 1527 5543 undecima.
1564 5486 1617 5540 In
1653 5484 1826 5555 prima
1858 5482 1982 5538 hor-

492 5722 570 5794 (a)
606 5722 734 5779 Naz.
752 5739 833 5780 or.
862 5725 950 5781 2'5.

2086 3277 2163 3331 ait
2185 3277 2289 3332 sibi
2340 3278 2678 3346 migrandum
2706 3293 2829 3333 esse
2851 3280 2904 3334 in
2929 3279 3181 3346 Pontum,
3213 3282 3301 3337 ubi
3341 3297 3407 3338 se
3437 3286 3656 3340 tandem

2086 3369 2375 3439 aliquando
2412 3370 2572 3424 finem
2603 3370 2893 3424 oberrandi
2924 3371 3194 3425 facturum
3236 3384 3418 3440 sperat
3450 3391 3465 3439 ;
3496 3390 3656 3430 nemo

2086 3462 2202 3516 fere
2227 3469 2329 3525 est,
2354 3461 2445 3530 qui
2480 3476 2584 3515 non
2618 3462 2731 3515 haec
2759 3461 2998 3517 hominis
3025 3461 3367 3519 solitudinem
3391 3478 3661 3536 appeten-

2087 3551 2177 3618 tis,
2208 3553 2300 3606 sed
2325 3552 2557 3606 nondum
2587 3551 2730 3606 illam
2776 3553 2986 3621 experti
3026 3552 3168 3608 dicta
3204 3569 3323 3609 esse
3355 3566 3529 3624 putet.
3563 3557 3679 3613 Ha:

2087 3644 2335 3700 notiones
2367 3644 2605 3698 animum
2665 3643 2920 3709 subeunt,
2954 3644 2998 3699 si
3032 3660 3242 3700 summa
3290 3648 3516 3716 vestigia
3565 3665 3660 3705 se-

2087 3751 2336 3805 quamur.
2393 3736 2498 3791 Sed
2551 3736 2595 3790 si
2638 3736 2761 3806 quis
2812 3735 3144 3806 singularum
3187 3752 3364 3792 rerum
3414 3741 3657 3808 pondera

2088 3829 2392 3892 examinet,
2460 3828 2507 3883 is
2556 3826 2795 3897 profecto
2855 3828 2994 3883 hanc
3057 3828 3335 3897 epistolam
3396 3829 3667 3901 intelliget

2087 3936 2194 3975 non
2247 3920 2427 3974 statim
2490 3928 2610 3989 post
2666 3920 2898 3976 reditum
2963 3935 3027 3973 ex
3067 3919 3283 3975 Oriente
3325 3928 3378 3975 et
3421 3920 3665 3993 Egypto

2088 4012 2344 4079 scriptam
2401 4024 2546 4075 esse,
2572 4008 2664 4065 sed
2721 4009 2927 4078 aliquot
2968 4009 3163 4079 elapsis
3216 4010 3371 4065 annis
3409 4021 3464 4066 et
3509 4023 3663 4081 post—

2088 4118 2250 4173 quam
2277 4102 2570 4170 Gregorius
2604 4102 2656 4155 in
2686 4102 3015 4158 monasterio
3038 4102 3194 4157 Ponti
3222 4102 3537 4173 aliquandiu
3573 4104 3658 4159 vi-

2087 4192 2278 4247 sisset.

2160 4283 2215 4335 l°
2246 4282 2379 4337 Illud
2412 4291 2560 4337 certo
2602 4292 2835 4350 constat,
2862 4283 3143 4351 Basilium,
3168 4285 3261 4340 ubi
3295 4286 3525 4355 primum
3572 4302 3663 4342 re—

2088 4374 2225 4428 sedit
2249 4375 2298 4428 in
2325 4374 2610 4429 solitudine
2628 4415 2643 4441 ,
2675 4376 2741 4429 ad
2766 4377 3085 4447 Gregorium
3112 4378 3395 4447 scripsisse
3418 4389 3472 4433 et
3506 4379 3660 4433 loco-

2093 4481 2212 4519 rum
2268 4467 2427 4520 situm
2470 4467 2519 4520 ei
2567 4466 2940 4545 descripsisse.
3000 4469 3135 4523 Huic
3184 4480 3361 4524 autem
3419 4472 3661 4539 epistola:

2094 4556 2237 4610 nulla
2272 4572 2495 4625 prorsus
2526 4566 2702 4612 exstat
2725 4558 2971 4629 Gregorii
3002 4561 3305 4630 responsio.
3342 4560 3493 4626 Quod
3512 4563 3658 4614 enim

2093 4649 2370 4718 respondit
2396 4664 2454 4703 se
2479 4648 2716 4703 locorum
2754 4650 2857 4704 situ
2884 4666 2989 4705 non
3038 4651 3263 4704 multum
3296 4651 3521 4714 moveri,
3553 4651 3659 4706 nisi

2091 4742 2254 4795 etiam
2290 4740 2357 4795 de
2399 4740 2609 4795 vivendi
2643 4757 2838 4811 genere
2868 4742 3069 4811 aliquid
3126 4743 3350 4809 ediscat,
3380 4742 3430 4795 id
3462 4756 3527 4796 ex
3556 4742 3661 4795 Ba-

2091 4832 2202 4886 silii
2236 4832 2477 4902 epistolae
2507 4833 2755 4887 secundae
2784 4832 2936 4887 initio
2957 4834 3235 4897 discimus,
3264 4844 3319 4886 at
3339 4832 3482 4886 nulla
3504 4848 3660 4901 pror-

2089 4937 2183 4978 sus
2221 4923 2277 4978 in
2313 4922 2537 4991 epistola
2605 4924 2847 4992 Gregorii
2903 4923 3113 4993 legitur.
3176 4924 3480 4995 Amisimus
3526 4938 3659 4991 ergo

2092 5016 2237 5085 quod
2280 5015 2576 5086 Gregorius
2617 5014 2816 5069 Basilio
2879 5017 3222 5072 solitudinem
3271 5024 3385 5071 tum
3426 5016 3658 5087 primum

2091 5108 2396 5177 degustanti
2463 5107 2837 5176 rescripserat.
2874 5108 2945 5162 At
2990 5110 3129 5163 idem
3166 5110 3233 5164 de
3277 5109 3382 5163 hac
3434 5108 3658 5177 epistola

2093 5202 2183 5269 14,
2217 5201 2348 5256 olim
2388 5202 2475 5267 l9,
2504 5201 2605 5255 dici
2637 5216 2742 5255 non
2779 5210 2974 5271 potest.
3035 5201 3304 5256 Habemus
3353 5202 3497 5255 enim
3534 5200 3658 5253 huic

2091 5293 2333 5363 epistola:
2358 5292 2820 5347 accuratissimam
2847 5303 2900 5348 et
2922 5293 3381 5361 elegantissimam
3414 5290 3657 5360 Gregorii

2096 5384 2531 5452 responsionem,
2595 5400 2790 5454 nempe
2853 5386 3131 5454 epistolam
3174 5386 3229 5449 7,
3262 5400 3382 5453 qua:
3432 5382 3656 5451 singulis

2090 5476 2338 5548 epistolze
2365 5475 2549 5531 Basilii
2582 5478 2824 5548 vestigiis
2873 5476 3094 5545 insistit,
3134 5486 3184 5533 et
3237 5475 3453 5546 paribus
3482 5471 3655 5537 verbis

2178 5726 2250 5795 (b)
2290 5724 2420 5794 Cap.
2458 5724 2513 5789 4,
2557 5741 2609 5779 u.
2636 5723 2688 5777 4.
