3958 6212
1560 372 1563 379 -
1589 344 1745 399 VITA
1789 342 1846 399 S.
1882 342 2145 400 BASILII.

3363 350 3494 391 ΧΧἎΙ

245 456 407 525 paria
434 457 696 526 rependit.
760 459 1153 531 Distinguenda
1189 473 1317 529 ergo
1362 461 1478 515 haec
1503 460 1723 529 epistola
1755 457 1819 511 tl
1848 459 1897 516 Α
1936 458 2215 525 concipies,
2256 464 2453 525 quanto
2485 456 2652 525 magis
2683 462 2875 508 nos‘ex-
2901 452 3030 521 ipsis
3062 450 3253 504 rebus?
3277 448 3349 502 Ac
3378 465 3493 503 ma-

235 551 312 603 ab
344 566 405 605 es
430 568 582 621 quam
615 553 776 607 initio
820 570 1074 611 secessus
1115 554 1371 624 scriptam
1403 570 1505 608 una
1538 571 1656 609 cum
1684 552 1817 607 Gre-

236 644 386 712 gorii
419 659 669 712 responso
689 646 999 701 amisimus.

306 736 373 789 2?
410 736 736 806 Perspicitur
772 755 838 793 ex
872 740 1118 809 Gregorii
1156 741 1381 811 epistola
1430 743 1485 805 '7,
1534 757 1654 795 eum
1703 741 1813 806 jam

232 828 292 882 in
327 830 612 884 solitudine
660 832 846 886 Basilii
883 845 1275 888 commoratum
1320 835 1506 899 fuisse,
1530 850 1652 889 cum
1701 836 1816 888 haec

230 923 388 976 inter
430 934 714 993 utrumque
751 926 1145 980 scriberentur.
1207 926 1493 994 Postquam
1543 927 1685 980 enim
1736 925 1817 981 fe-

229 1015 379 1067 sxive
400 1015 607 1081 iocatus
624 1027 707 1069 est
730 1017 781 1069 iu
810 1016 1065 1071 Ponticas
1098 1018 1365 1082 tenebras,
1400 1020 1451 1073 in
1488 1020 1647 1073 situm
1675 1020 1816 1074 illius

232 1105 568 1171 solitudinis,
599 1123 764 1176 quam
798 1108 1034 1163 Basilius
1081 1125 1220 1177 pene
1253 1110 1482 1164 insulam
1511 1125 1631 1165 esse
1665 1112 1815 1166 dixe-

230 1208 347 1260 rat,
376 1209 431 1250 et
458 1200 507 1251 in
535 1197 758 1254 ﬂuvium
799 1216 964 1267 quem
994 1217 1116 1255 cum
1153 1202 1436 1271 Strymone
1463 1217 1815 1272 comparave-

229 1298 353 1353 rat;
386 1300 491 1342 tum
520 1305 648 1343 vero
686 1293 799 1346 ait:
843 1293 909 1343 Ἃ
942 1294 1040 1363 μὲν
1079 1289 1171 1346 οὖν
1212 1294 1374 1365 ἡμεῖς
1404 1294 1661 1365 σύνισμεν
1696 1299 1815 1359 ταῖς

228 1376 345 1429 τῶν
386 1378 647 1448 μακάρων
705 1382 891 1451 νήσοις
947 1383 1241 1447 ταύταις...
1272 1385 1447 1439 ταῦτά
1501 1388 1638 1438 ἐστι.
1682 1386 1816 1450 Qua:

229 1467 404 1534 igitur
445 1470 641 1525 scimus
682 1472 749 1525 de
794 1473 902 1526 illis
945 1475 1339 1543 fortunatorum
1393 1477 1650 1530 insulis...
1704 1478 1815 1529 ha’c

230 1569 384 1615 sunt.
413 1559 531 1615 tam
578 1578 712 1633 ergo
750 1563 1011 1619 Basiliam
1048 1566 1308 1620 inviserat
1360 1567 1815 1637 Gregorius,'nec

228 1651 534 1720 quidquam
583 1654 823 1717 dicebat,
862 1656 1007 1724 quod
1039 1672 1141 1710 non
1174 1659 1451 1710 oculorum
1500 1658 1814 1712 testimonio

228 1743 511 1810 cognitum
571 1745 819 1811 haberet,
870 1758 932 1800 ut
987 1748 1225 1803 declarat
1262 1764 1363 1802 vox
1395 1747 1582 1811 Graeca
1628 1749 1813 1807 σύνισ-

232 1849 358 1902 μεν.
394 1833 555 1887 Certe
582 1834 885 1906 Gregorius
912 1837 1094 1891 Basilii
1124 1837 1467 1892 solitudinem
1490 1839 1568 1892 sic
1584 1837 1816 1905 iocando

228 1923 517 1991 describit,
551 1936 613 1980 ut
647 1942 770 1983 eum
814 1928 886 1983 ibi
935 1928 1050 1998 jam
1101 1942 1366 1985 moratum
1417 1946 1539 1985 esse
1589 1931 1810 2002 liqueat.

229 2016 339 2072 Sed
364 2019 511 2089 quod
547 2037 667 2075 rem
715 2037 1052 2093 causamque
1087 2025 1322 2079 maxime
1367 2028 1632 2091 continet,
1666 2037 1817 2095 post-

227 2128 384 2179 quam
416 2115 553 2169 satis
582 2115 799 2192 jocatus
851 2125 955 2178 est,
987 2118 1062 2171 ait
1095 2136 1109 2172 ε
1150 2116 1226 2170 Tu
1277 2128 1485 2182 autem,
1554 2119 1814 2189 siquidem

224 2202 320 2259 llos
339 2205 492 2272 jocos
526 2223 680 2275 (equo
706 2210 878 2261 animo
914 2210 1073 2278 feras,
1113 2220 1249 2263 recte
1274 2210 1456 2277 feceris
1482 2228 1501 2275 ;
1528 2211 1609 2265 sin
1642 2228 1812 2277 secus,

225 2294 377 2361 plura
422 2313 637 2367 quoque
695 2300 1066 2369 adjungemus.
1096 2302 1228 2356 Cum
1280 2301 1509 2359 Basilius
1567 2302 1811 2374 Gregorii

221 2387 475 2456 jocos,ut
497 2405 604 2458 par
630 2400 769 2457 erat,
808 2394 1104 2462 accepisset
1137 2434 1151 2458 ,
1204 2403 1314 2447 tum
1353 2409 1475 2448 eum
1515 2393 1813 2462 Gregorius

226 2480 306 2533 sic
324 2482 620 2549 compellat
648 2483 701 2536 in
730 2485 833 2537 alia
861 2487 1087 2554 epistola
1115 2486 1191 2557 (a)
1221 2505 1233 2540 ε
1283 2488 1548 2553 Quoniam
1579 2505 1696 2556 qua:
1725 2489 1814 2557 jo-

226 2582 397 2622 cantes
423 2572 496 2621 ad
531 2583 582 2623 te
615 2573 940 2639 scripsimus,
978 2593 1127 2645 wquo
1167 2594 1344 2631 animo
1391 2578 1519 2646 fers,
1546 2594 1661 2646 age,
1695 2595 1812 2647 qua:

226 2673 551 2729 sequuntur,
609 2663 966 2732 adjiciamus,
1026 2669 1091 2721 ab
1144 2667 1374 2723 Homero
1440 2672 1655 2725 initium
1714 2679 1813 2730 du-

224 2762 413 2817 centes,

297 2844 456 2969 gum:
491 2864 594 2918 age
613 2852 948 2918 progrediens
970 2853 1233 2912 internum
1260 2859 1493 2921 concine,
1516 2874 1712 2927 quwso,

347 2931 565 2969 rnatum
588 2934 607 2969 .'

347 2931 565 2971 malum
588 2934 607 2970 .'

228 3011 493 3079 tugurium
556 3013 801 3069 videlicet
842 3026 973 3070 tecto
1015 3027 1063 3071 et
1123 3019 1301 3086 ianuis
1360 3040 1565 3092 carens,
1631 3028 1807 3097 focum

227 3102 358 3169 ignis
390 3112 441 3155 et
484 3105 623 3172 fumi
668 3121 954 3173 expertem,
997 3112 1226 3178 parietes
1267 3116 1374 3184 igni
1397 3120 1711 3183 exsiccatos,
1746 3137 1809 3177 ne
1834 3154 1881 3217 α

233 3194 323 3217 L...’
371 3198 531 3217 _.--..:_
589 3202 653 3217 ι..-
730 3208 739 3217 .
987 3201 1029 3217 In
1110 3213 1119 3217 -
1166 3203 1197 3217 μ
1305 3208 1317 3217 .
1380 3207 1414 3217 ..
1609 3211 1619 3217 .

228 3194 323 3245 luti
362 3198 531 3263 guttis
586 3202 920 3263 impetamur,
987 3201 1223 3260 Tantalis
1270 3207 1469 3260 similes
1520 3211 1803 3280 eademque

228 3302 372 3351 pana
424 3287 694 3354 mulctati,
733 3292 981 3346 nimirum
1012 3297 1065 3348 in
1092 3299 1243 3364 aquis
1288 3300 1521 3354 sitientes
1555 3302 1808 3373 :jejunas

226 3381 380 3432 etiam
430 3381 555 3434 illas
582 3393 629 3435 et
660 3385 876 3439 miseras
929 3389 1133 3456 epulas,
1165 3392 1235 3442 ad
1256 3408 1386 3459 quas
1412 3410 1438 3446 e
1474 3393 1808 3463 Cappadocia

229 3477 393 3525 vocati
433 3490 621 3528 sumus
661 3494 764 3530 non
816 3489 1068 3549 tauquam
1119 3483 1188 3536 ad
1216 3482 1641 3555 Lotophagorum
1694 3491 1809 3543 ino-

226 3563 386 3626 piam,
430 3569 524 3617 sed
580 3566 716 3617 velut
772 3570 840 3618 ad
902 3570 1109 3624 Alcinoi
1169 3590 1403 3631 mensam
1446 3593 1539 3630 nos
1591 3581 1711 3635 novi
1756 3589 1808 3635 et

224 3661 516 3708 arumnosi
569 3659 838 3728 naufragi.
870 3660 1090 3716 Memini
1121 3666 1259 3718 enim
1290 3684 1450 3735 panes
1507 3671 1630 3723 illos
1654 3682 1699 3723 et
1718 3673 1806 3741 ju-

224 3745 370 3796 scula
410 3749 511 3813 (sic
554 3750 693 3801 enim
742 3752 1107 3823 nominantur)
1152 3772 1450 3827 semperque
1500 3762 1801 3826 meminero,

224 3839 466 3891 dentibus
501 3840 645 3892 circa
675 3841 971 3913 fragmenta
1007 3846 1493 3912 collabescentibus,
1530 3868 1593 3903 ac
1625 3863 1804 3918 postea

222 3946 330 3982 sese
390 3932 743 3999 erigentibus,
808 3935 1048 4003 velutque
1101 3953 1165 3990 ea:
1219 3955 1362 3992 caeno
1407 3944 1800 4011 emergentibus.

224 4021 355 4085 Qaw
385 4035 442 4076 tu
471 4025 671 4078 scilicet
690 4026 965 4082 sublimius
991 4031 1353 4099 exaggerabis,
1374 4036 1603 4102 propriis
1625 4053 1804 4103 nempe

221 4116 620 4169 calamitatibus
654 4119 912 4172 orationis
942 4123 1353 4188 magnitudinem
1406 4124 1501 4177 tibi
1553 4128 1803 4196 suppedi-

223 4208 481 4259 tantibus.
516 4206 721 4271 Quibus
761 4211 866 4262 nisi
898 4228 1089 4280 magna
1137 4215 1230 4267 illa
1266 4232 1482 4285 vereque
1513 4236 1802 4287 pauperum

220 4298 465 4350 studiosa
522 4311 693 4353 mater
730 4310 823 4355 tua
856 4321 948 4357 nos
979 4321 1136 4373 quam
1178 4306 1452 4361 celerrime
1508 4310 1798 4377 liberasset,

220 4392 470 4459 nobisque
494 4402 801 4458 tempestate
820 4397 1043 4466 jactatis
1082 4398 1219 4452 velut
1267 4414 1447 4469 portus
1498 4407 1797 4472 exstitisset,

1921 551 2096 616 jorem
2134 558 2339 615 partem
2382 548 2841 615 pra‘termittemus
2888 547 3116 598 aliarum
3146 559 3345 602 rerum,
3380 558 3497 610 qua:

1925 641 2105 694 multa:
2159 641 2303 693 nobis
2352 640 2699 707 contigerunt,
2752 638 2950 705 pudore
3014 634 3270 689 deterriti.
3312 632 3496 686 Tertio

1920 733 2107 785 eadem
2135 733 2200 784 de
2234 745 2289 785 re
2322 730 2617 799 Gregorius
2648 729 2863 797 scripsit
2897 728 2994 798 (ὁ),
3021 727 3114 781 sed
3157 740 3261 779 non
3296 724 3487 777 eodem

1924 823 2106 875 modo.
2150 822 2397 876 Declarat
2450 822 2593 875 enim
2638 836 2697 875 se
2741 835 2845 874 non
2896 820 3097 873 salibus
3139 827 3196 869 ut
3241 825 3398 868 antea
3438 821 3488 867 et

1915 914 2057 983 jocis
2092 915 2391 984 indulgere,
2430 915 2521 967 sed
2552 915 2697 969 serio
2727 913 2894 982 loqui.
2927 912 3090 966 Grata
3116 908 3490 964 recordatione

1921 1016 2148 1061 renovat
2184 1007 2237 1060 in
2278 1007 2459 1060 animo
2482 1007 2597 1060 dies
2619 1020 2739 1059 cum
2771 1003 2972 1058 Basilio
2987 1001 3312 1067 Etraductos,
3340 995 3491 1066 psal-

1921 1100 2128 1153 modias
2171 1106 2226 1153 et
2248 1098 2478 1167 vigilias,
2522 1096 2773 1159 fratrum,
2808 1110 2941 1165 quos
2972 1093 3200 1148 Basilius
3230 1093 3296 1145 ad
3340 1105 3491 1143 sum-

1918 1207 2068 1245 mum
2092 1191 2311 1258 pietatis
2351 1188 3029 1254 evellebatﬂconcordiam
3079 1195 3135 1240 et
3185 1185 3488 1238 animorum

1920 1283 2387 1350 coniunctionem,
2437 1283 2669 1351 scriptas
2732 1296 2837 1335 una
2887 1294 3008 1334 cum
3064 1276 3262 1331 Basilio
3299 1287 3489 1328 mona-

1919 1373 2071 1427 sticae
2087 1374 2209 1427 vitae
2233 1374 2379 1442 leges
2395 1381 2448 1427 et
2468 1372 2702 1442 regulas,
2728 1386 2898 1426 sacrae
2922 1371 3216 1438 Scriptura:
3229 1366 3485 1430 studium,

1917 1476 1974 1520 et
2004 1480 2257 1518 manuum
2310 1465 2570 1519 laborem.
2610 1463 2747 1519 Sunt
2779 1464 2859 1517 ba:
2881 1459 3127 1531 Gregorii
3158 1466 3270 1513 tres
3297 1458 3490 1512 litterae

1920 1556 1993 1610 ita
2028 1557 2168 1611 inter
2199 1571 2257 1610 se
2309 1572 2482 1623 nexae,
2512 1567 2571 1611 ut
2604 1556 2788 1610 divelli
2830 1570 2938 1609 non
2981 1554 3240 1622 possint:
3275 1559 3327 1605 et
3367 1564 3489 1603 cum

1919 1665 2103 1705 earum
2155 1651 2563 1706 scribendarum
2617 1651 2771 1719 origo
2825 1663 2890 1702 ex
2926 1646 3109 1701 Basilii
3153 1644 3380 1713 epistola
3422 1644 3491 1695 14

1919 1748 2037 1792 orta
2102 1738 2208 1803 sit,
2263 1738 2461 1794 merito
2505 1739 2795 1793 statuimus
2850 1738 2991 1791 hanc
3046 1736 3327 1805 epistolam
3383 1748 3488 1786 non

1849 1818 1894 1874 Β
1922 1830 2076 1886 initio
2106 1844 2355 1886 secessus
2398 1830 2656 1901 scriptam
2701 1829 2903 1897 fuisse,
2953 1828 3047 1883 sed
3078 1828 3286 1897 aliquot
3331 1826 3490 1879 annis

1916 1921 2130 1990 elapsis.

2000 2013 2220 2082 Decepit
2242 2013 2489 2068 eruditos
2520 2011 2671 2066 viros
2719 2010 3013 2080 descriptio
3045 2008 3354 2065 solitudinis
3388 2007 3489 2061 Ba-

1919 2105 2044 2171 silii,
2097 2106 2190 2159 sed
2226 2114 2403 2159 tamen
2440 2120 2505 2158 ne
2535 2104 2622 2159 illa
2680 2105 2900 2171 quidem
2944 2103 3157 2157 indiciis
3204 2110 3385 2167 caret,
3419 2116 3487 2155 ex

1918 2198 2116 2266 quibus
2143 2196 2317 2251 locum
2343 2196 2604 2265 Gregorio
2626 2205 2813 2251 notum
2844 2196 3010 2249 fuisse
3027 2195 3355 2264 judicemus.
3395 2191 3487 2247 Sic

1917 2290 2062 2344 enim
2096 2289 2277 2342 omnia
2336 2288 2576 2358 depingit
2619 2286 2886 2353 Basilius,
2934 2287 3013 2341 sic
3066 2286 3165 2340 loci
3201 2287 3485 2340 commoda

1916 2389 2230 2450 exaggerat,
2264 2388 2317 2434 et
2349 2380 2414 2433 iis
2451 2395 2570 2448 quae
2601 2379 2937 2435 incommoda
2971 2387 3024 2431 et
3056 2378 3346 2447 injucunda
3366 2392 3487 2432 esse

1915 2473 2210 2535 debebant,
2258 2472 2423 2526 aliam
2458 2471 2621 2527 veluti
2672 2471 2898 2527 formam
2932 2472 3144 2526 dicendi
3199 2472 3379 2541 lepore
3407 2470 3489 2525 af-

1918 2566 2091 2635 ﬁngit,
2143 2574 2202 2618 ut
2256 2580 2592 2634 nequaquam
2640 2564 2886 2618 videatur
2938 2565 3114 2618 amico
3161 2564 3326 2633 ignoti
3383 2562 3485 2617 loci

1914 2658 2282 2729 c0guitionem
2321 2657 2568 2725 injicere,
2599 2655 2693 2709 sed
2728 2657 2904 2724 potius
2930 2672 3051 2710 cum
3092 2672 3157 2711 eo
3189 2657 3489 2725 perurbane

1912 2760 1965 2804 et
1993 2748 2271 2819 eleganter
2302 2748 2600 2802 colludere.
2634 2748 2839 2802 Deinde
2863 2764 2992 2803 vero
3044 2750 3169 2802 dum
3206 2750 3279 2802 ait
3303 2764 3361 2804 se
3394 2762 3489 2803 ne-

1912 2842 2071 2911 gotiis
2096 2842 2415 2896 distractum
2448 2848 2765 2909 exspectare
2808 2854 2912 2893 non
2951 2855 3108 2909 posse
3139 2842 3263 2893 dum
3303 2841 3488 2895 veniat

1915 2932 2241 3003 Gregorius,
2281 2948 2528 3002 quzcnam
2568 2933 2717 2986 illum
2749 2933 2962 3004 negotia
2992 2933 3042 2985 in
3068 2932 3297 2988 Pontum
3345 2932 3489 2987 cele-

1913 3026 2048 3080 riter
2078 3024 2351 3095 prollcisci
2406 3026 2698 3094 cogebant,
2732 3026 2839 3078 nisi
2878 3024 3192 3079 monasterii
3216 3022 3327 3092 jam
3356 3037 3489 3077 con-

1912 3120 2103 3174 structi
2135 3119 2305 3173 cura?
2334 3119 2439 3173 Sed
2487 3132 2609 3171 cum
2654 3118 2887 3187 primum
2942 3116 3189 3179 secessit,
3219 3132 3323 3171 non
3361 3131 3485 3169 eum

1913 3213 2126 3281 negotia
2164 3212 2215 3265 in
2249 3211 2477 3266 Pontum
2513 3220 2799 3274 vocarunt,
2862 3212 2955 3266 sed
2992 3210 3137 3264 solus
3169 3224 3324 3263 amor
3358 3208 3487 3263 soli-

1914 3305 2137 3359 tudinis.
2192 3306 2578 3359 Demonstrant
2626 3304 2789 3359 etiam
2839 3314 3113 3358 assuetum
3175 3305 3301 3359 buic
3365 3304 3486 3359 loco

1911 3396 2149 3449 animant
2181 3395 2295 3453 haec
2335 3395 2498 3447 verba
2524 3394 2597 3463 (p.
2630 3394 2720 3463 94)
2750 3413 2762 3448 :
2803 3392 2958 3459 Quod
2992 3404 3165 3447 autem
3194 3396 3484 3447 maximum

1910 3488 1974 3541 de
2004 3489 2100 3540 hoc
2128 3485 2240 3541 loco
2271 3487 2455 3547 diceret
2482 3502 2782 3555 possumus,
2832 3485 2966 3537 illud
3005 3494 3105 3549 est,
3155 3484 3316 3553 quod,
3365 3500 3483 3537 cum

1911 3577 1974 3630 ob
2008 3578 2143 3631 situs
2171 3578 2613 3646 opportunitatem
2655 3576 2723 3628 ad
2754 3592 2930 3630 omnes
2961 3576 3165 3644 fructus
3200 3576 3477 3644 proferen-

1910 3670 2005 3723 dos
2028 3670 2245 3722 idoneus
2282 3669 2374 3733 sit,
2409 3680 2570 3721 unum
2597 3668 2835 3732 omnium
2868 3667 2993 3720 mihi
3034 3666 3483 3736 jucundissimum

1909 3763 2136 3833 quietem
2163 3776 2225 3812 ac
2258 3760 2701 3828 tranquillitatem
2728 3758 2847 3823 alit,
2879 3776 2981 3812 non
3023 3760 3193 3813 solum
3228 3770 3483 3829 quatenus

1910 3855 1974 3907 ab
2026 3853 2242 3906 urbanis
2274 3853 2585 3907 tumultibus
2615 3852 2746 3904 liber
2780 3861 2878 3916 est,
2921 3851 3011 3905 sed
3047 3851 3210 3903 etiam
3238 3853 3364 3920 quia
3414 3869 3479 3906 ne

1906 3946 2155 3999 viatorem
2205 3947 2411 4015 quidem
2462 3944 2625 3996 ullum
2676 3945 2745 3996 ad
2788 3959 2881 3996 nos
2924 3943 3268 4003 transmittit,
3306 3943 3352 3996 si
3395 3959 3483 3997 eos

1905 4038 2135 4106 excipias
2169 4075 2185 4099 ,
2223 4036 2312 4106 qui
2357 4037 2491 4089 inter
2521 4036 2812 4089 venandum
2851 4034 3120 4087 nobiscum
3174 4034 3477 4087 miscentur.

1912 4128 2053 4181 Nam
2091 4139 2283 4196 prwter
2323 4126 2525 4191 reliqua
2562 4127 2702 4194 feras
2729 4126 2888 4178 etiam
2937 4128 3286 4191 enutrit,non
3329 4143 3479 4179 ursos

1907 4228 1998 4272 aut
2038 4218 2189 4287 lupos
2226 4230 2422 4272 vestros
2450 4218 2647 4286 (absit!
2667 4220 2709 4287 ),
2732 4220 2821 4270 sed
2854 4233 3125 4270 cervorum
3155 4229 3307 4285 atque
3329 4218 3481 4271 silve-

1903 4314 2089 4365 strium
2109 4326 2389 4379 caprarum
2407 4325 2605 4379 greges,
2630 4310 2951 4378 leporesque,
2971 4318 3019 4361 et
3033 4310 3076 4362 si
3092 4311 3219 4378 quid
3234 4310 3315 4362 his
3330 4311 3480 4363 simi-

1904 4404 1970 4461 le.
2006 4404 2147 4458 Num
2179 4404 2344 4473 igitur
2359 4406 2581 4473 cogitas,
2626 4420 2727 4468 quo
2759 4422 2850 4473 ego
2879 4406 3098 4474 periculi
3121 4405 3311 4458 stultus
3339 4418 3479 4457 vene-

211 4482 537 4551 jampridem
570 4488 709 4554 apud
740 4489 880 4541 vivas
907 4506 1015 4544 esse
1042 4493 1396 4555 desiissemus,
1418 4496 1544 4561 fidei
1566 4494 1802 4552 Pontica:
1833 4496 1878 4550 D
1908 4500 2033 4561 rint,
2060 4514 2177 4550 cum
2213 4498 2516 4568 hujusmodi
2542 4499 2715 4552 sedem
2756 4497 3023 4561 Tiberina,
3049 4499 3189 4551 orbis
3216 4508 3479 4549 terrarum

220 4575 431 4625 nomine
471 4590 577 4627 non
614 4576 872 4645 majorem
926 4581 1137 4633 laudem
1193 4596 1560 4652 consequentes
1585 4627 1599 4651 ,
1642 4605 1798 4655 quam

216 4664 611 4719 miserationem
630 4681 911 4724 moventes.
944 4672 1184 4737 Quonam
1218 4692 1378 4742 porro
1411 4681 1564 4732 modo
1591 4682 1797 4735 steriles

216 4754 338 4808 illos
384 4758 592 4823 hortos,
626 4760 952 4832 oleribusque
993 4780 1227 4821 carentes
1251 4776 1550 4838 prmteribo,
1596 4777 1799 4846 Augitc-

222 4864 320 4915 que
350 4851 539 4917 fimum
573 4866 600 4902 e
631 4851 784 4903 domo
816 4869 1164 4924 expurgatum
1195 4877 1296 4928 quo
1321 4878 1408 4915 eos
1454 4866 1794 4932 opplevimus,

216 4957 334 4994 cum
364 4953 667 4998 montosum
694 4945 831 4998 illud
876 4948 1194 5015 plaustrum,
1220 4963 1269 5006 et
1302 4971 1394 5023 ego
1429 4958 1793 5026 vindemiator,

217 5043 267 5086 et
299 5044 381 5119 tu,
411 5038 618 5103 facetus
674 5037 849 5101 homo,
885 5040 984 5092 hac
1028 5043 1221 5097 cervice
1244 5088 1259 5110 ,
1311 5049 1655 5119 manibusque
1688 5053 1789 5117 his,

218 5140 333 5192 qua:
367 5124 612 5177 laborum
638 5128 855 5194 vestigia
900 5132 1188 5185 etiamnum
1245 5136 1437 5201 ferunt,
1471 5143 1792 5197 traheremus

220 5221 271 5283 (ο
289 5228 430 5269 terra
466 5227 513 5269 et
538 5217 640 5279 sol,
665 5234 694 5270 o
715 5219 795 5271 rir
827 5229 872 5271 et
901 5220 1063 5273 virtus
1086 5222 1106 5274 Ι
1126 5223 1343 5290 paulum
1373 5228 1624 5295 quiddam
1650 5247 1792 5285 more

221 5309 419 5373 tragico
436 5308 793 5379 exclamatio),
822 5327 921 5363 non
943 5323 996 5363 ut
1026 5311 1415 5381 Hellespontum
1429 5318 1792 5388 junqeremus,

223 5402 309 5450 sed
347 5406 405 5449 ut
440 5411 767 5465 prwruptum
813 5413 860 5453 et
902 5404 1221 5469 prtecipitem
1271 5405 1440 5459 locum
1489 5426 1794 5479 exmquare-

223 5504 359 5541 mus.
409 5489 619 5543 Harum
653 5508 826 5544 rerum
873 5498 1301 5550 commemoratio
1347 5500 1392 5551 si
1436 5511 1485 5552 te
1525 5502 1793 5569 offensura

226 5592 328 5631 non
359 5589 458 5643 est,
490 5581 667 5650 utique
698 5598 786 5636 nec
822 5600 915 5637 nos
938 5602 957 5638 .'
992 5587 1035 5638 si
1059 5597 1232 5640 autent
1265 5589 1598 5658 oﬂeusicncm
1626 5609 1690 5646 ea:
1726 5611 1788 5649 ea

298 5779 378 5850 (α)
416 5781 545 5837 Naz.
573 5802 657 5855 ep.
677 5787 730 5842 8.

1910 4592 2183 4655 barathro,
2242 4604 2564 4644 commutare
2602 4593 2942 4660 pertinaciter
2981 4589 3198 4643 vellem?
3231 4602 3381 4657 quem
3407 4588 3477 4638 ad

1910 4682 2086 4735 locum
2113 4698 2248 4734 nunc
2281 4683 2581 4750 properanti
2607 4684 2813 4736 veniam
2843 4682 3013 4734 dabis.
3045 4680 3182 4733 Nam
3239 4679 3476 4747 profecto

1911 4792 2002 4828 nec
2025 4774 2291 4827 Alcmazon
2332 4775 2553 4827 inventis
2582 4772 2947 4826 Echinadibus
2976 4772 3199 4839 amplius
3231 4770 3476 4823 aberrare

1903 4866 2086 4921 voluit.

1982 4958 2157 5013 Unum
2210 4958 2369 5011 nobis
2397 4969 2566 5012 restat
2595 4957 2993 5026 explicandum,
3024 4971 3121 5009 cur
3150 4955 3383 5011 Basilius
3419 4954 3471 5007 iu

1904 5050 2135 5106 Pontum
2178 5051 2552 5118 proﬁciscens,
2600 5058 2781 5117 speret
2819 5064 2877 5103 se
2930 5049 3144 5101 tandem
3180 5048 3468 5116 aliquando

1899 5144 2059 5197 linem
2092 5141 2377 5195 oberrandi
2432 5141 2696 5196 facturum
2721 5181 2737 5205 ,
2776 5142 2927 5210 quasi
2986 5152 3111 5195 tunc
3148 5142 3376 5209 primum
3411 5152 3468 5191 se

1898 5234 1950 5288 in
1986 5233 2331 5287 solitudinem
2358 5235 2641 5301 reciperet.
2668 5233 2782 5287 Non
2808 5233 2963 5287 valde
2994 5232 3221 5285 dillicilis
3252 5239 3307 5283 et
3338 5228 3466 5282 abs-

1898 5335 2046 5379 trusa
2081 5340 2167 5378 res
2198 5334 2305 5378 est.
2344 5325 2604 5390 Quamvis
2648 5324 2789 5379 enim
2838 5324 3068 5380 Basilius
3119 5321 3463 5376 solitudinem

1898 5432 2049 5470 suam
2102 5417 2153 5469 in
2185 5416 2394 5470 deliciis
2433 5417 2675 5480 haberet,
2733 5431 2856 5471 emn
2908 5426 3088 5469 tamen
3120 5418 3184 5467 ab
3216 5413 3300 5466 illa
3326 5429 3464 5467 non-

1903 5522 2177 5576 nunquam
2227 5522 2403 5560 causa:
2453 5508 2732 5577 graviores
2783 5508 3212 5573 abstraxerunt;
3243 5514 3464 5559 coactus

1896 5606 1978 5653 est
2005 5596 2520 5667 Constantinoliolim
2551 5600 2816 5670 proﬁcisci
2842 5613 2980 5652 anno
3010 5596 3132 5652 559.
3162 5594 3322 5651 Venit
3352 5595 3458 5649 Nae

1970 5795 2044 5867 (b)
2084 5795 2214 5853 Naz.
2239 5813 2321 5869 ep.
2351 5800 2403 5856 9.
