3958 6212
1626 315 1790 373 νιτΑ
1830 318 1887 375 s.
1926 308 2193 378 BASlLll.

3355 347 3527 387 XXXIII

284 434 404 492 rius,
433 437 719 499 antequam
746 418 1014 493 Julianus,
1051 429 1142 497 qui
1172 416 1636 500 Constantinopoli
1668 432 1848 501 profe-
1875 442 1922 497 Α
1950 435 2184 491 Basilius
2219 445 2347 490 vero
2391 437 2645 493 maximis
2678 433 2926 494 laudibus
2978 433 3185 495 elferat.
3216 437 3323 497 Sed
3352 446 3530 498 minus

286 534 390 577 ctus
423 531 502 575 est
533 535 722 576 mense
771 520 911 575 Maio
937 521 1061 575 anni
1098 520 1224 586 362,
1263 522 1314 574 in
1348 521 1678 591 regionibus,
1713 538 1849 593 quas

285 613 604 668 Antiochiam
637 621 829 681 petens
854 614 1180 682 peragravit,
1212 613 1476 668 horrenda
1509 614 1847 668 crudelitatis

286 712 611 759 monumenta
664 702 994 773 reliquisset,
1039 704 1231 773 quibus
1258 712 1442 773 postea
1488 705 1758 759 cumulum
1793 706 1845 760 in

280 796 489 850 Oriente
518 796 796 865 imposuit.

350 885 430 943 Ill.
478 884 592 940 Non
633 886 808 939 multo
860 894 981 955 post
1030 886 1273 955 Gregorii
1329 886 1590 953 reditum,
1618 879 1846 941 Basilius

274 980 564 1032 Ctesaream
604 978 775 1040 venit,
830 978 1001 1031 Dianii
1040 977 1385 1032 Caesariensis
1447 979 1732 1032 accersita.
1798 978 1846 1033 Is

281 1070 413 1122 enim
447 1083 567 1122 cum
612 1069 665 1121 in
721 1083 935 1138 gravem
990 1069 1232 1122 morbum
1280 1068 1575 1133 incidisset,
1627 1084 1692 1123 ex
1736 1084 1842 1138 quo

277 1160 428 1213 etiam
454 1173 483 1212 e
514 1158 623 1211 vita
659 1158 927 1223 discessit,
958 1174 1080 1213 cum
1131 1157 1348 1223 Basilio,
1373 1174 1531 1227 quem
1558 1175 1588 1214 a
1613 1175 1672 1215 se
1710 1161 1842 1216 sub-

276 1250 505 1305 scribens
560 1250 805 1305 formulze
855 1249 1319 1320 Constantinopoli
1364 1251 1539 1306 allatze
1579 1253 1843 1307 alienave-

278 1350 374 1404 rat,
391 1342 682 1396 amicitiam
718 1352 774 1397 et
795 1344 1229 1398 communionem
1258 1344 1624 1414 redintegrare
1648 1345 1837 1409 voluit,

275 1443 551 1501 antequam
614 1444 940 1489 moreretur.
992 1434 1175 1503 itaque
1229 1440 1491 1489 accersito
1526 1434 1721 1491 Basilio
1759 1438 1838 1493 di-

270 1525 345 1577 xit
377 1524 451 1594 (a)
488 1524 762 1578 :Domino
831 1534 979 1590 teste,
1024 1542 1079 1579 se
1141 1528 1332 1594 scripto
1382 1525 1837 1598 Constantinopoli

274 1616 429 1669 allato
464 1618 519 1669 in
555 1618 894 1684 simplicitate
915 1619 1089 1671 cordis
1123 1619 1423 1683 assensisse,
1471 1621 1561 1672 sed
1604 1620 1737 1672 nihil
1766 1621 1834 1673 ad

268 1708 385 1775 ﬁdei
415 1707 652 1762 Nicaeum
682 1726 713 1761 a
740 1713 939 1764 sanctis
970 1709 1222 1763 Patribus
1250 1711 1497 1778 exposita:
1523 1713 1835 1764 eversionem

1950 530 2229 580 commoda
2269 527 2479 581 videtur
2522 529 2639 582 hac
2676 528 2831 583 fama:
2858 531 3033 584 Dianii
3065 531 3412 588 defendendae
3443 550 3532 587 ra-

1951 617 2046 671 tio.
2079 617 2307 673 Etiamsi
2350 619 2494 672 enim
2532 620 2804 690 Theognis
2856 620 2910 675 in
2967 619 3089 675 Julii
3122 622 3373 691 epistola,
3420 640 3526 678 non

1950 710 2172 766 Dianius
2196 710 2466 780 legeretur
2485 713 2647 782 (quod
2672 723 2848 767 tamen
2881 714 2995 767 fieri
3021 714 3220 770 debere
3252 726 3411 786 negat
3435 718 3531 771 du-

1948 802 2226 857 ctissimus
2260 804 2435 858 editor
2471 805 2767 859 litterarum
2795 806 3154 861 Romanorum
3191 809 3526 878 pontificum,

1948 894 2075 962 quia
2129 894 2400 964 Theognis
2437 894 2685 952 Nicaenus
2733 899 2786 951 in
2839 900 3026 953 eadem
3056 900 3277 968 epistola
3311 902 3529 971 proprio

1947 987 2166 1042 nomine
2210 989 2529 1059 appellatur)
2561 1007 2575 1055 ;
2618 1006 2744 1043 num
2790 989 2989 1045 idcirco
3028 990 3200 1046 Dianii
3233 1007 3425 1047 nomen
3460 1009 3524 1047 ex

1949 1074 2235 1134 Sozbmeni
2263 1080 2496 1135 Historia
2532 1082 2602 1152 (ε)
2642 1082 2810 1136 deleri
2862 1091 3063 1152 posset,
3097 1085 3185 1153 qui
3232 1100 3352 1140 eum
3384 1086 3528 1140 inter

1944 1174 2245 1242 praecipuos
2281 1173 2493 1227 concilii
2538 1173 2854 1228 Antiocheni
2902 1175 3181 1243 episcopos
3226 1186 3475 1232 numerat
3503 1176 3530 1231 ?

1943 1262 2210 1318 Praeterea
2262 1265 2405 1319 aliud
2438 1266 2691 1333 probrum
2721 1281 2824 1319 non
2880 1265 3047 1319 multo
3081 1268 3258 1321 minus
3302 1269 3527 1323 inflaret

1943 1350 2134 1406 Dianio
2164 1353 2484 1407 Caesariensi
2529 1369 2597 1407 ex
2654 1353 2960 1409 Sardicensi
3014 1356 3275 1422 concilio,
3308 1356 3361 1410 in
3412 1372 3519 1426 quo

1940 1460 2060 1499 cum
2088 1444 2304 1497 Arianis
2330 1446 2647 1512 conjunctus
2679 1444 2779 1498 fuit
2802 1444 2913 1514 (d),
2946 1460 3114 1513 seque
3141 1462 3265 1499 cum
3305 1447 3384 1502 eis
3414 1449 3525 1504 dis.

1933 1532 2112 1601 junxit
2139 1534 2206 1587 ab
2230 1532 2546 1587 orthodoxis
2583 1535 2871 1602 episcopis,
2905 1550 3077 1604 neque
3101 1550 3289 1590 exsors
3315 1537 3524 1591 videtur

1936 1625 2105 1679 fuisse
2128 1640 2312 1680 eorum
2344 1626 2563 1678 nefaria:
2590 1626 2641 1679 in
2670 1624 2866 1679 Julium
2896 1642 3111 1696 papam,
3136 1629 3518 1693 Athanasium,

1943 1718 2153 1783 Osiutn,
2212 1718 2562 1772 Maximinum
2628 1718 3003 1772 Trevirensem
3056 1720 3327 1786 audaciae,
3379 1734 3516 1789 quos

268 1801 364 1853 sibi
390 1804 746 1870 proposuisse,
772 1818 933 1871 neque
980 1802 1125 1855 aliud
1152 1804 1206 1856 in
1234 1803 1390 1855 corde
1429 1801 1641 1865 habere,
1678 1819 1835 1872 quam
1872 1792 1914 1847 Β
1940 1809 2398 1863 anathematizare
2443 1824 2548 1863 non
2602 1809 2931 1864 dubitarunt.
2976 1808 3200 1864 Frustra
3250 1825 3378 1881 ergo
3426 1826 3523 1867 ex-

266 1892 397 1959 quod
409 1894 470 1944 ab
489 1894 641 1945 initio
672 1894 927 1946 traditum
948 1905 1281 1963 acceperat...
1312 1895 1415 1947 imo
1448 1895 1604 1947 etiam
1629 1896 1836 1960 precari

263 2004 317 2042 δε
353 1999 406 2041 ut
429 2005 492 2041 ne
529 1999 855 2057 separetura
883 2001 1019 2043 sorte
1050 1998 1392 2043 trecentorum
1428 1990 1602 2044 decem
1639 2001 1685 2043 ει
1722 2003 1837 2044 06Ιο

261 2082 640 2148 episcoporum,
670 2082 761 2150 qui
791 2080 931 2147 piam
962 2081 1105 2133 illam
1130 2081 1423 2133 doctrinam
1471 2080 1585 2135 orbi
1626 2098 1836 2134 annun-

261 2172 481 2225 tiantnt.
510 2171 606 2227 His
640 2174 838 2227 auditis
874 2172 1125 2238 Basilius,
1160 2174 1409 2241 scrupulo
1453 2174 1599 2229 omni
1628 2174 1834 2240 evulso,

252 2265 321 2315 ad
352 2265 792 2320 communionem
828 2266 1001 2319 Dianii
1029 2268 1277 2321 accessit.

324 2355 533 2423 Magnis
561 2356 810 2411 laudibus
843 2358 986 2412 hunc
1030 2360 1336 2427 episcopum
1390 2355 1543 2412 eli‘ert
1572 2357 1831 2423 Basilius;

256 2459 307 2501 et
338 2466 460 2502 cum
495 2464 621 2503 eum
655 2450 1140 2505 anathematizasse
1167 2452 1472 2515 diceretur,
1515 2450 1566 2503 id
1603 2466 1631 2503 a
1664 2466 1722 2505 se
1752 2451 1833 2503 in-

256 2552 363 2592 star
384 2542 565 2611 magni
596 2542 842 2596 criminis
868 2546 1161 2597 detestatus
1185 2554 1285 2598 est.
1310 2543 1553 2598 Declarat
1576 2544 1647 2614 (b)
1679 2559 1737 2596 se
1768 2544 1832 2595 ab

254 2634 460 2685 ineunte
510 2641 671 2688 tetate
721 2634 998 2687 educatum
1034 2635 1200 2698 fuisse
1246 2636 1300 2688 in
1339 2636 1481 2690 illius
1533 2652 1753 2699 amore;
1785 2646 1832 2690 et

248 2723 503 2776 intuendo
536 2724 905 2779 considerasse
933 2742 1087 2795 quam
1120 2737 1251 2781 esset
1281 2727 1370 2781 ille
1405 2729 1482 2783 rir
1509 2740 1721 2797 aspectu
1749 2744 1834 2782 ινα-

252 2815 518 2880 nerabilis,
557 2826 761 2885 quanta
789 2818 1065 2886 majestate
1086 2820 1360 2885 prteditus,
1389 2829 1639 2889 quantum
1659 2820 1833 2889 digni-

252 2908 368 2958 tatis
422 2907 775 2962 sacerdotalis
830 2925 917 2963 ore
966 2911 1269 2979 prteferens.
1326 2911 1613 2980 Postquam
1651 2922 1830 2966 autem

250 2998 456 3052 virilem
491 3009 709 3053 aetatem
746 3002 970 3070 adeptus
999 3013 1101 3069 est,
1136 3013 1243 3057 tum
1281 3019 1408 3058 vero
1438 3004 1584 3057 illum
1618 3021 1683 3058 ea:
1708 3007 1828 3058 ani-

250 3106 342 3143 τηαν
369 3092 520 3143 bonis
550 3094 787 3157 nat-isse,
817 3094 1060 3163 illiusque
1099 3096 1412 3149 delectatum
1434 3097 1825 3163 consuetudine,
1857 3132 1898 3189 ϐ

248 3180 643 3251 simplicitatem
664 3197 712 3238 et
741 3187 1110 3254 ingenuitatem
1137 3205 1197 3241 ac
1224 3188 1593 3241 liberalitatem
1622 3205 1825 3241 morum

248 3277 589 3344 perspexisse,
626 3288 673 3330 et
699 3294 1020 3347 quwcunque
1059 3280 1164 3332 alia
1197 3281 1408 3347 propria
1441 3290 1587 3332 erant
1624 3281 1719 3331 viri
1747 3296 1827 3332 or-

249 3378 516 3431 namenta,
542 3369 712 3421 animi
744 3370 1109 3435 mansuetudo,
1141 3370 1547 3438 magnanimitas
1592 3370 1750 3422 simul
1777 3379 1824 3422 et

248 3458 473 3523 bonitas,
504 3460 686 3513 decori
706 3462 964 3524 studium,
993 3462 1198 3514 animus
1222 3463 1315 3516 ira:
1353 3476 1555 3529 expers,
1585 3462 1824 3515 hilaritas

246 3563 295 3603 et
334 3552 627 3619 aﬂ'abilitas
688 3552 944 3620 gravitate
986 3554 1252 3618 permista.
1289 3551 1464 3617 Quare
1489 3553 1656 3619 ipsum
1689 3554 1826 3604 inter

246 3643 477 3695 homines
511 3645 702 3696 virtute
726 3646 1130 3710 spectatissimos
1160 3643 1492 3698 numerabat.
1516 3643 1677 3696 Addit
1701 3660 1822 3697 eum

247 3749 343 3802 pro
365 3748 463 3787 sua
503 3750 719 3787 morum
758 3735 978 3791 lenitate
1010 3746 1064 3791 et
1110 3735 1519 3792 mansuetudine
1575 3737 1825 3792 omnibus

249 3836 470 3895 paterno
502 3836 720 3895 pectore
756 3828 1072 3881 satisfacere
1098 3827 1291 3882 solere.

320 3916 540 3972 Difﬁcile
566 3919 739 3987 prima
772 3919 949 3986 specie
986 3919 1194 3973 videtur
1224 3920 1324 3974 has
1356 3920 1541 3975 laudes
1570 3921 1825 3976 concilia-

245 4023 308 4062 re
347 4024 470 4063 cum
517 4010 782 4076 maculis,
816 4025 952 4079 quas
993 4012 1193 4065 nomini
1230 4011 1402 4066 Dianii
1450 4014 1687 4068 historia:
1712 4030 1825 4068 mo-

247 4110 504 4154 numenta
536 4102 779 4154 inurunt.
818 4102 867 4156 is
910 4103 1051 4155 enim
1087 4103 1139 4157 in
1166 4106 1303 4167 ,sede
1336 4105 1475 4158 inter
1518 4106 1649 4159 alias
1686 4107 1824 4161 emi-

244 4191 397 4245 nenti
426 4192 720 4246 collocatus
741 4232 755 4257 ,
787 4209 849 4247 ac
883 4210 1199 4263 magnorum
1238 4195 1357 4250 fidei
1386 4196 1612 4251 Nicazna:
1643 4198 1824 4253 defen-

242 4294 429 4336 sarum
456 4298 764 4351 successor,
788 4284 1102 4354 conjunctus
1150 4302 1272 4341 cum
1303 4288 1521 4341 Arionis
1558 4291 1825 4358 reperitur

248 4373 301 4425 in
331 4373 564 4428 concilio
596 4376 934 4431 Antiocheno
961 4380 1086 4433 anni
1121 4379 1220 4433 5H
1245 4418 1261 4444 ,
1305 4379 1356 4432 in
1387 4394 1493 4449 quo
1517 4389 1621 4437 tam
1655 4381 1820 4433 multa

1940 1911 2207 1971 pungatur
2256 1901 2427 1954 Dianii
2473 1917 2666 1955 nomen
2714 1916 2780 1956 ex
2830 1902 3055 1970 cpistola
3090 1901 3216 1956 Julii
3267 1918 3436 1973 papae,
3467 1904 3520 1958 in

1939 2007 2041 2061 qua
2079 2002 2256 2044 tamen
2298 1990 2505 2059 primus
2534 1992 2603 2045 ob
2654 1992 2799 2045 sedis
2829 1992 3147 2058 dignitatem
3192 1993 3402 2046 videtur
3433 2008 3522 2047 re-

1939 2082 2170 2146 censeri,
2203 2083 2343 2150 quod
2374 2082 2574 2152 primas
2601 2083 2738 2138 inter
2769 2083 2989 2138 hrcresis
3009 2082 3318 2139 defensores
3368 2095 3520 2140 tene-

1938 2183 2038 2227 ret.

2011 2264 2115 2319 Sed
2148 2281 2244 2320 cur
2273 2266 2415 2319 hunc
2444 2266 2742 2331 hominem,
2766 2266 2918 2338 cujus
2952 2266 3105 2322 famae
3129 2266 3390 2337 ejusmodi
3414 2285 3523 2324 ma-

1938 2357 2052 2412 cula
2079 2358 2364 2424 insidebat,
2400 2368 2477 2411 tot
2510 2358 2758 2413 laudibus
2806 2360 2997 2414 extulit
3050 2360 3279 2415 Basilius
3316 2361 3338 2415 ?
3369 2361 3519 2416 Illum

1936 2463 2065 2503 sane
2082 2448 2331 2514 Basilius,
2346 2449 2388 2502 si
2413 2459 2557 2503 recte
2583 2450 2931 2515 attendimus,
2949 2466 3051 2505 non
3071 2453 3188 2506 sine
3208 2454 3520 2523 exceptione

1937 2540 2137 2597 laudat.
2164 2540 2275 2595 Non
2292 2541 2432 2594 enim
2452 2543 2499 2594 ei
2525 2541 2757 2596 studium
2777 2556 2920 2595 sanae
2964 2542 3241 2609 doctrinae,
3266 2560 3370 2598 non
3394 2561 3520 2600 con-

1938 2635 2188 2688 stantiam
2227 2635 2277 2687 in
2299 2634 2547 2703 periculis
2565 2650 2661 2702 pro
2687 2636 2787 2689 lide
2810 2636 3070 2689 obeundis
3098 2636 3342 2690 attribuit
3367 2657 3378 2691 :
3400 2651 3522 2705 quae

1939 2733 2114 2778 tamen
2146 2724 2413 2793 praecipue
2450 2724 2654 2777 laudari
2688 2725 2769 2778 his
2804 2726 3134 2794 temporibus
3184 2727 3235 2779 in
3268 2727 3520 2795 episcopo

1938 2822 2101 2867 tautae
2125 2814 2269 2868 sedis
2300 2816 2629 2869 debuissent.
2650 2815 2976 2880 Quinetiattt,
2993 2824 3051 2867 ut
3068 2828 3124 2867 se
3146 2814 3212 2867 ab
3228 2814 3344 2884 ejus
3364 2830 3516 2869 com-

1936 2906 2190 2960 munione
2216 2916 2537 2972 removeret,
2564 2907 2700 2960 forle
2734 2921 2835 2959 non
2868 2905 3037 2959 solum
3069 2905 3518 2960 novissimoillius

1937 2999 2103 3063 facto,
2132 3001 2225 3054 sed
2256 3002 2421 3054 etiam
2458 2999 2826 3067 superioribus
2850 3002 3014 3068 gestis
3051 3003 3211 3053 rebus
3254 2996 3518 3052 adductus

1936 3092 2055 3147 fuit.
2085 3090 2199 3145 Non
2223 3094 2383 3157 ,euim
2410 3092 2586 3154 video,
2623 3106 2716 3143 cur
2738 3088 2984 3159 Gregorii
3014 3088 3268 3143 Nazianzi
3303 3090 3516 3159 episco-

1934 3187 2005 3254 pi,
2039 3187 2132 3254 qui
2169 3184 2412 3238 formula:
2437 3202 2540 3238 non
2574 3185 2885 3239 orthodoxae
2908 3184 3249 3253 subscripsit,
3274 3198 3517 3238 commn-

1931 3277 2078 3329 nioni
2113 3290 2329 3344 semper
2374 3275 2562 3329 allixus
2598 3274 2780 3339 fuerit,
2832 3275 3023 3328 Diania
3055 3286 3272 3340 autem,
3304 3275 3391 3329 cui
3438 3285 3517 3328 tot

1932 3368 2242 3421 nomianus
2272 3367 2568 3421 obstrictus
2609 3377 2747 3431 erat,
2780 3382 2884 3421 non
2926 3367 3170 3421 eamdem
3205 3366 3514 3423 exhibuerit

1930 3459 2093 3511 animi
2145 3459 2603 3521 moderationem;
2653 3456 2753 3512 nisi
2808 3458 2932 3527 quia
2990 3460 3329 3528 perspicuum
3394 3468 3513 3513 erat

1930 3548 2173 3619 Gregorii
2211 3559 2441 3603 mentem
2477 3549 2694 3604 illaasam
2740 3565 2803 3604 ac
2846 3557 3166 3617 atramento,
3193 3563 3250 3604 ut
3286 3552 3362 3605 ait
3398 3550 3515 3619 ejus

1928 3640 2181 3710 lilins(e),
2212 3642 2430 3695 minime
2469 3642 2719 3695 infectam
2750 3640 2939 3707 fuisse,
2976 3642 3194 3695 Dianius
3240 3656 3366 3696 vero
3406 3657 3510 3697 non

1928 3733 2002 3787 ita
2043 3746 2162 3785 sese
2209 3732 2467 3787 hactenus
2514 3740 2819 3801 paraverat,
2856 3740 2914 3785 ut
2949 3745 3071 3785 eum
3125 3732 3361 3800 suSpicio
3402 3747 3511 3786 non

1927 3819 2233 3887 attingeret.

1998 3910 2103 3965 Sed
2130 3913 2175 3965 si
2205 3912 2424 3966 Dianius
2458 3911 2777 3966 Arianorum
2810 3911 3128 3966 fermentum
3158 3927 3263 3965 non
3290 3910 3508 3982 eli‘ugit,

1926 4015 2032 4054 non
2083 4010 2261 4055 tamen
2300 4016 2488 4056 eorum
2536 4016 2776 4056 errorem
2823 4002 3004 4056 animo
3059 4002 3362 4071 suscepisse
3393 4018 3511 4056 cre-

1926 4092 2132 4147 dendus
2169 4102 2273 4154 est,
2300 4100 2355 4147 et
2399 4108 2427 4145 a
2464 4091 2662 4147 Basilio
2709 4092 2913 4148 laudari
2946 4108 3048 4147 non
3080 4092 3506 4148 debuisse.Cona

1927 4195 2033 4239 stat
2060 4186 2200 4240 enim
2232 4186 2485 4252 Arianos,
2521 4187 2755 4254 quandiu
2798 4186 2851 4239 in
2886 4186 3001 4241 solo
3051 4186 3507 4243 Consubstantiali

1926 4278 2283 4347 oppugnando
2318 4279 2523 4331 merere
2569 4278 2915 4342 videbantur,
2956 4294 3021 4333 ac
3076 4279 3302 4334 haeresis
3348 4294 3508 4333 vene-

1927 4383 2052 4419 num
2104 4367 2439 4435 premebant,
2477 4368 2715 4436 pluribus
2761 4369 3075 4423 orthodoxis
3108 4368 3374 4437 episcopis
3425 4370 3508 4421 fu-

243 4466 408 4534 impie
434 4475 488 4519 et
516 4465 723 4521 nefarie
760 4481 907 4536 gesta
941 4481 1066 4523 sunt
1098 4489 1112 4523 :
1147 4470 1369 4540 ejusque
1400 4486 1593 4525 nomen
1622 4486 1650 4523 a
1681 4470 1823 4524 Julio

1937 4473 2049 4511 cum
2089 4458 2304 4522 fecisse,
2326 4460 2415 4529 qui
2444 4462 2637 4529 partim
2670 4462 2820 4531 pacis
2844 4460 3053 4530 decepti
3080 4462 3280 4523 studio,
3308 4462 3502 4527 partim

245 4571 378 4625 papa
414 4558 591 4625 primo
624 4558 740 4613 loco
771 4572 1075 4616 recensetur
1098 4564 1238 4617 inter
1261 4562 1539 4633 episcopos
1568 4562 1825 4615 Eusebia-

243 4663 434 4702 narum
478 4651 737 4719 partium.
787 4650 845 4704 In
889 4653 1251 4717 annotatiune,
1284 4668 1401 4725 quae
1429 4652 1664 4706 adhunc
1701 4649 1824 4705 Julii

245 4740 482 4806 epistolae
496 4742 670 4795 locum
689 4745 926 4812 apposita
939 4755 1021 4797 εει
1033 4745 1170 4811 apud
1188 4754 1430 4798 sanctum
1445 4743 1818 4809 Athanasium,

245 4833 497 4885 observat
516 4834 757 4887 eruditus
778 4835 951 4888 editor
974 4835 1218 4889 Dianium
1243 4836 1356 4891 sive
1384 4836 1636 4900 Danium,
1661 4852 1821 4904 quem

244 4920 416 4976 Julius
436 4922 611 4991 primo
638 4922 756 4977 loco
780 4935 1043 4986 recenset,
1076 4942 1180 4980 non
1219 4942 1337 4980 esse
1363 4927 1675 4995 episcopum
1703 4927 1818 4981 Cte-

245 5012 567 5081 sariensem,
583 5014 677 5068 sed
700 5016 942 5069 eumdem
974 5017 1063 5084 qui
1097 5017 1286 5083 passim
1309 5017 1447 5083 apud
1466 5016 1815 5068 Athanasium

242 5100 509 5167 Διόγνιος,
538 5104 847 5170 quandoque
881 5106 1020 5170 apud
1069 5104 1332 5157 Hilarium
1377 5105 1815 5173 l)iognius,com-

242 5195 453 5245 munius
479 5194 621 5260 apud
654 5204 924 5261 utrumque
943 5195 1192 5262 Θεόγνιος
1224 5206 1270 5248 et
1302 5194 1556 5264 Theognis
1584 5205 1816 5259 vocatur,

240 5281 293 5333 id
316 5292 404 5336 est
442 5282 807 5353 Theognidem
835 5285 1128 5339 Niczenum.
1158 5284 1327 5353 llujus
1357 5287 1683 5354 conjecturae
1709 5285 1821 5337 haec

240 5373 464 5428 affertur
486 5377 647 5439 ratio,
683 5377 825 5445 quod
855 5376 1102 5430 Dianium
1135 5376 1519 5431 Ctesariensem
1558 5390 1819 5444 nusquam

238 5458 570 5522 Athanasihs
622 5468 764 5522 inter
796 5468 1028 5524 Arianos
1066 5469 1146 5522 vel
1180 5468 1512 5525 Eusebianos
1552 5476 1819 5530 numeret,

308 5609 386 5669 (a)
430 5604 525 5671 Ep.
554 5606 643 5667 51,
674 5621 729 5658 n.
772 5604 827 5663 2.

307 5671 384 5740 ψ)
421 5674 551 5728 Ibid.
593 5692 649 5729 n.
675 5678 725 5727 1.

309 5746 380 5813 (τ)
421 5744 588 5815 Lm,
635 5760 687 5802 c.
725 5745 790 5815 5._

1933 4564 2027 4617 spe
2061 4559 2153 4603 aut
2178 4560 2320 4604 metu
2348 4552 2620 4620 conducti,
2644 4566 2832 4606 eorum
2865 4552 3159 4606 intererant
3184 4550 3424 4606 conciliis
3451 4561 3505 4607 et

1931 4637 2174 4694 formulis
2202 4641 2628 4696 subscribebant.
2657 4642 2726 4695 At
2750 4650 3028 4712 postquam
3052 4641 3237 4696 Ariani
3260 4655 3325 4696 ex
3354 4641 3505 4696 dissi‘

1932 4733 2240 4787 mulationis
2291 4734 2512 4789 latebris
2544 4736 2596 4789 in
2631 4746 2871 4804 apertam
2912 4735 3239 4801 impietatem
3290 4736 3502 4804 prodie-

1931 4834 2072 4889 runt,
2109 4834 2220 4878 tum
2254 4839 2381 4881 vero
2414 4825 2626 4894 plurimi
2664 4826 2732 4880 ab
2763 4841 2947 4880 eorum
2982 4826 3363 4881 communione
3391 4828 3502 4883 diss

1928 4930 2162 4980 cessere,
2194 4930 2488 4985 eorumque
2526 4917 2788 4985 impietati
2842 4915 3036 4969 bellum
3069 4915 3330 4984 indixere,
3365 4932 3501 4986 qua-

1924 5005 2002 5060 les
2037 5005 2088 5057 in
2137 5004 2368 5059 concilio
2422 5004 2751 5059 Seleueiensi
2795 5003 3028 5072 quinque
3075 5016 3234 5070 supra
3284 5014 3499 5056 centum

1926 5096 2193 5152 numerati
2228 5107 2372 5150 sunt.
2402 5096 2626 5150 Videtur
2669 5110 2733 5149 ex
2790 5095 3052 5164 ejusmodi
3100 5094 3372 5149 hominum
3402 5108 3500 5144 nu.

1921 5202 2070 5240 mero
2109 5184 2274 5241 fuisse
2338 5185 2583 5239 Dianius.
2635 5184 2794 5239 Lenis
2844 5184 2988 5239 illius
3040 5183 3275 5246 indoles,
3325 5180 3499 5250 qualis

1920 5294 1947 5331 a
1986 5277 2180 5332 Basilio
2213 5278 2539 5347 depingitur,
2571 5287 2629 5330 ut
2666 5277 2885 5331 omnino
2909 5278 3095 5349 idonea
3121 5290 3226 5328 non
3248 5283 3498 5340 eratquae

1920 5369 2135 5424 Arianis
2166 5368 2380 5422 fortiter
2406 5372 2710 5433 resisteret,
2743 5369 2813 5423 ita
2849 5384 2877 5422 a
2924 5365 3282 5439 perturbanda
3311 5363 3496 5417 Eccle-

1921 5462 2011 5515 sia:
2045 5476 2155 5515 sua:
2189 5474 2321 5528 pace
2351 5469 2445 5512 aut
2490 5460 2731 5515 doctrina
2764 5459 3096 5514 immutanda
3145 5467 3259 5511 erat
3286 5454 3497 5511 alienis-

2003 5597 2081 5662 td)
2124 5593 2293 5663 Hilari.
2322 5593 2510 5663 fragm.
2540 5594 2593 5648 9..

2002 5667 2071 5735 (ε)
2105 5663 2197 5717 0r.
2225 5662 2308 5717 l9.
