3958 6212
461 320 631 364 XXXIV

1800 311 2330 370 PROLEGOMENA.

463 441 623 480 sima.
653 425 918 481 Nicaenam
963 427 1129 483 ﬁdem
1169 429 1238 483 ab
1265 444 1332 486 eo
1376 431 1597 489 minime
1633 442 1946 490 attentatam
1976 437 2030 490 in
2059 441 2106 497 Α
2134 447 2282 501 cunt,
2302 451 2366 491 ac
2386 436 2973 506 episcopisod‘eru'nt,‘a
2998 439 3196 508 quibus
3218 440 3411 509 partim
3439 442 3752 509 precibus,

463 517 702 572 Ecclesia
742 518 1054 575 Caesariensi
1097 522 1266 577 fuiSse
1311 533 1574 578 testantur
1618 541 1738 595 qua:
1795 528 2028 584 moriens

458 605 661 662 Basilio
689 607 906 675 juravit.
949 609 1063 665 Huc
1106 614 1314 667 accedit
1363 613 1531 682 ipsius
1572 615 1754 670 Basilii
1784 620 2026 672 testimo—

457 701 608 754 nium
639 702 736 769 (a),
767 703 855 770 qui
882 702 1040 758 ﬁdem
1069 702 1333 759 Nicwnam
1358 707 1407 760 in
1435 706 1688 776 Ecclesia}
1706 709 2028 764 Ctesariensi

455 806 674 861 semper
701 791 932 862 viguisse
967 807 1220 851 testatur:
1243 813 1340 853 nec
1371 799 1649 868 probabile
1678 811 1760 855 est
1779 801 2025 856 Dianium

463 899 653 937 novam
677 901 863 940 ausum
894 903 1018 943 esse
1044 888 1330 944 formulam
1370 906 1686 960 praponere.
1721 893 1854 947 Erat
1881 896 2025 949 enim

454 975 612 1044 plebs
645 975 1012 1042 Cassariensis,
1035 991 1094 1032 ut
1115 984 1190 1034 ait
1219 981 1508 1050 Gregorius
1529 982 1900 1040 Nazianzenus
1927 986 2024 1057 (b),

455 1066 526 1119 ob
558 1066 679 1120 ﬁdei
722 1068 954 1123 calorem
1012 1071 1078 1126 ad
1129 1073 1443 1127 seditionem
1505 1076 1755 1143 proclivis
1789 1093 1805 1141 ;
1840 1085 1937 1132 nec
1979 1079 2024 1133 si

455 1158 583 1220 quid
612 1160 731 1212 novi
766 1161 1035 1216 docuisset
1063 1163 1303 1228 Dianius,
1347 1164 1486 1217 illius
1513 1169 1766 1220 memoria
1799 1179 1945 1222 tanto
1970 1169 2022 1223 in

454 1251 630 1316 pretio
653 1251 862 1319 fuisset,
901 1263 958 1307 ut
989 1254 1169 1309 odium
1198 1255 1392 1311 Basilio
1413 1255 1735 1312 conﬂaturos
1768 1275 1825 1314 se
1849 1261 2026 1314 inimi-

453 1344 507 1397 ci
545 1355 844 1411 sperarent,
895 1347 942 1400 si
978 1346 1226 1402 Dianium
1274 1350 1342 1404 ab
1399 1364 1462 1403 eo
1517 1351 2022 1407 anatlieinatizatum

453 1435 720 1494 dicerent.

530 1530 712 1599 Neque
750 1530 913 1585 etiam
938 1531 1068 1586 illud
1097 1531 1316 1588 dubium
1339 1542 1426 1587 est
1457 1534 1584 1602 quin
1618 1549 1674 1589 se
1705 1536 1772 1590 ab
1804 1536 2024 1593 Arianis

454 1623 802 1693 disjunxerit,
841 1624 932 1677 ubi
972 1638 1159 1678 eorum
1212 1632 1396 1694 aperte
1445 1625 1625 1694 erupit
1673 1625 1943 1695 impietas,
1970 1638 2024 1682 et

453 1727 576 1766 cum
608 1713 914 1767 fortissimis
957 1713 1075 1768 fidei
1117 1711 1492 1768 defensoribus
1529 1713 1913 1783 conjunxerit;
1945 1719 2022 1771 si-

2131 532 2322 598 partiin
2361 531 2410 582 vi
2441 539 2496 583 et
2517 530 2873 584 immoderato
2897 539 2951 584 et
2988 531 3330 586 tumultuario
3358 534 3560 602 impetu
3589 549 3749 586 con-

2129 621 2375 682 tendunt,
2408 631 2465 674 ut
2510 620 2800 675 Eusebium
2842 623 3114 688 baptizent
3142 634 3196 678 et
3233 626 3542 693 episcopum
3592 638 3751 693 pro—

2129 712 2380 766 clament.
2413 712 2600 767 Coacti
2635 713 2707 765 illi
2747 711 3030 766 Eusebium
3074 714 3369 783 baptizant,
3393 716 3738 784 episc0pum

2130 804 2461 866 renuntiant,
2503 803 2558 856 in
2609 805 2803 858 throno
2841 804 3127 870 collocmit,
3172 807 3264 858 sed
3310 821 3473 858 manu
3531 807 3742 874 potius

2125 906 2286 959 quam
2332 891 2499 944 animi
2550 893 2850 956 sententia,
2887 901 2944 946 ut
2996 901 3178 961 postea
3220 893 3552 945 declaratum
3602 902 3732 946 est.

2128 978 2322 1034 Statim
2366 981 2508 1034 enim
2541 991 2702 1050 atque
2731 982 2798 1035 ab
2832 982 3136 1050 importuna
3176 981 3516 1037 multitudine
3549 983 3737 1036 liberi

2126 1077 2181 1121 et
2211 1067 2311 1123 soli
2351 1068 2518 1136 fuere,
2569 1070 2850 1124 consilium
2897 1071 3034 1124 inter
3067 1084 3126 1124 se
3168 1069 3436 1134 inierunt,
3480 1081 3541 1124 ut
3574 1067 3733 1122 nihil

2127 1174 2312 1215 eorum
2352 1177 2471 1231 quae
2517 1171 2666 1231 gesta
2701 1161 2938 1228 fuerant,
2969 1172 3143 1215 ratum
3191 1178 3254 1215 ac
3293 1162 3506 1216 ﬁrmum
3536 1162 3728 1216 duce-

2127 1263 2276 1317 rent;
2316 1254 2421 1305 vim
2451 1253 2499 1306 ei
2543 1253 2996 1322 objicientcs,'qui
3027 1268 3132 1307 non
3192 1254 3368 1307 minus
3407 1267 3570 1321 quam
3599 1253 3726 1321 ipsi

2126 1345 2230 1396 vim
2263 1358 2452 1410 passus
2485 1344 2677 1397 fuerat.
2723 1343 2984 1400 Dissensit
3024 1344 3148 1397 huic
3190 1344 3416 1398 consilio
3443 1343 3726 1399 Nazianzi

2125 1433 2429 1502 cpiscopus,
2453 1449 2517 1488 ac
2558 1434 2952 1489 ordinationem
2985 1433 3199 1488 Eusebii
3233 1449 3336 1488 non
3378 1435 3558 1488 minus
3592 1434 3724 1489 lor-

2127 1523 2251 1576 titer
2276 1521 2531 1590 defendit,
2571 1539 2732 1594 quam
2781 1526 2826 1580 si
2862 1527 3029 1580 libere
3078 1526 3220 1579 facta
3253 1533 3418 1581 esset.
3465 1524 3717 1579 Demon»

2124 1614 2315 1666 stravit
2341 1614 2559 1685 collegis
2605 1617 2713 1670 vim
2769 1615 2870 1670 sibi
2916 1630 3034 1668 cum
3087 1615 3317 1669 Eusebio
3357 1629 3712 1668 communem

2127 1708 2333 1764 fuisse:
2372 1709 2550 1776 itaque
2583 1715 2676 1760 aut
2713 1692 3072 1760 accusandum
3111 1721 3230 1760 eum
3273 1721 3379 1759 non
3428 1722 3570 1774 esse,
3607 1719 3714 1762 aut

452 1804 668 1873 quidem
700 1803 758 1860 S.
805 1804 1001 1859 Meletii
1050 1805 1478 1860 communicatur
1526 1808 1753 1872 exstitit,
1794 1819 1848 1862 et
1881 1825 2013 1878 prae-

2127 1799 2406 1868 episcopos
2453 1800 2567 1868 pari
2600 1798 2826 1852 crimine
2877 1797 3227 1865 implicandos
3261 1797 3343 1851 vel
3372 1799 3534 1853 etiam
3569 1816 3708 1870 gra-

449 1894 582 1948 clari
607 1894 940 1956 certaminis,
968 1895 1110 1964 quod
1135 1909 1360 1964 magnus
1391 1894 1479 1950 ille
1506 1896 1705 1950 athleta
1740 1898 2018 1966 sustinuit,

448 1985 762 2052 admirator,
785 1993 842 2039 ut
861 1984 1040 2054 colligi
1063 1993 1239 2054 potest
1268 2001 1332 2040 ex
1369 1987 1452 2040 his
1477 1985 1658 2042 Basilii
1693 1990 1871 2049 verbis
1902 1988 1969 2062 (c)
2001 2009 2020 2047 ς

450 2075 562 2130 Nos
592 2088 785 2142 autem,
810 2077 1004 2144 inquit,
1043 2092 1166 2146 quia
1208 2078 1299 2145 qui
1349 2079 1494 2147 prior
1547 2081 1818 2134 veritatem
1865 2082 2022 2137 libere

446 2167 700 2236 defendit,
732 2177 778 2221 et
805 2167 995 2220 bonum
1037 2167 1171 2222 illud
1200 2179 1461 2224 certamen
1511 2171 1819 2226 Constantio
1859 2176 2020 2243 impe-

447 2269 595 2313 rante
625 2259 860 2326 certauit,
879 2259 1118 2312 Meletius
1144 2270 1218 2313 est
1239 2262 1694 2316 reverendissimus
1716 2265 2020 2332 episcopus;

444 2361 495 2404 et
533 2354 656 2420 quia
694 2367 810 2405 eum
857 2351 1036 2405 [tabuit
1065 2350 1300 2406 Ecclesia
1340 2371 1453 2407 mea
1505 2357 2018 2422 communicatorem,

445 2457 757 2512 magnopere
804 2459 920 2496 eum
968 2444 1184 2512 diligens
1226 2445 1287 2497 ob
1333 2451 1520 2513 fortem
1571 2445 1722 2500 illaut
1771 2464 1833 2500 ac
1887 2449 2020 2502 invi-

445 2542 584 2584 ctam
618 2534 1026 2595 dimicationem,
1054 2532 1251 2585 idcirco
1285 2535 1532 2587 habemus
1562 2533 1713 2587 illum
1745 2536 2015 2602 hactenus,

445 2625 556 2678 Deo
597 2623 869 2694 largiente,
894 2625 1406 2692 communicatorem,
1427 2637 1476 2680 et
1512 2636 1668 2693 certe,
1699 2627 1747 2681 si
1773 2626 2020 2693 Deusta-

444 2716 624 2782 luerit,
655 2717 982 2772 habebimus.
1496 2774 1499 2776 _

518 2809 744 2864 Videtur
784 2824 914 2878 ergo
943 2808 1165 2863 Dianius
1193 2823 1260 2864 ex
1290 2809 1535 2864 conciliis
1567 2809 1887 2864 Arianorum
1927 2823 2017 2863 re-

441 2917 631 2956 versus
664 2903 732 2954 ad
763 2901 1056 2954 Ecclesiam
1085 2916 1260 2966 suam,
1287 2900 1370 2953 vel
1401 2899 1704 2954 occultasse
1737 2915 1856 2968 quae
1885 2899 2016 2954 foris

441 3003 648 3062 egerat,
676 2993 765 3046 'vel
795 3007 1003 3046 morum
1032 2991 1270 3055 lenitate,
1304 3006 1366 3045 ac
1392 2991 1627 3060 ejusdem
1652 3007 1868 3060 semper
1891 2991 2014 3046 ﬁdei

443 3084 825 3149 przedicatione
850 3081 1102 3135 invidiam
1149 3091 1204 3136 et
1235 3081 1654 3151 indignationem
1687 3083 2008 3138 declinasse.
2038 3118 2083 3177 α

442 3176 621 3242 Quare
643 3190 748 3229 non
785 3173 966 3228 debuit
1001 3172 1230 3228 Basilius
1257 3175 1506 3242 episcopo
1535 3189 1632 3228 suo
1659 3175 2006 3243 exprobrare,

442 3279 563 3334 quae
589 3278 647 3319 se
670 3278 837 3334 puero
870 3261 1192 3317 dificillimis
1225 3265 1552 3332 temporibus
1581 3276 1732 3331 gesta
1774 3264 2007 3331 fuerant,

443 3371 542 3411 nec
562 3357 610 3410 ei
635 3356 840 3410 debitas
857 3355 1041 3408 laudes
1065 3355 1328 3422 denegare
1346 3395 1360 3416 ,
1385 3369 1516 3422 quas
1541 3355 1590 3408 ei
1619 3367 1810 3423 magna
1836 3355 2010 3410 virtu-

444 3456 556 3500 tum
597 3453 912 3498 ornamenta
957 3445 1196 3498 omnium
1230 3443 1431 3510 judicio
1455 3442 1813 3499 conciliabant
1846 3461 2010 3511 ;cum

439 3538 734 3606 praesertim
751 3537 978 3592 Basilius
995 3552 1115 3601 cum
1140 3537 1379 3606 pluribus
1402 3537 1542 3604 aliis,
1556 3538 1649 3609 qui
1670 3555 1774 3596 non
1795 3554 2011 3609 semper

439 3630 507 3682 ab
537 3629 683 3682 omni
729 3629 1048 3683 Arianorum
1098 3626 1362 3683 fermento
1397 3629 1516 3699 puri
1553 3641 1610 3684 et
1656 3629 1842 3685 intacti
1893 3631 2013 3687 fue-

437 3728 580 3786 rant,
608 3728 666 3774 ut
716 3718 914 3776 Basilio
956 3719 1246 3789 Ancyrano
1284 3729 1338 3774 et
1367 3719 1646 3779 Eustathio
1685 3723 2009 3788 Sebasteno,

437 3812 817 3865 communione
863 3820 918 3867 et
962 3811 1198 3866 amicitia
1247 3811 1564 3880 coniunctus
1613 3812 1799 3871 fuerit.
1844 3815 2011 3873 Forte

439 3901 627 3956 iisdem
667 3904 731 3957 de
771 3903 948 3957 causis
982 3902 1309 3957 Athanasius
1337 3920 1605 3973 nunquam
1635 3903 1880 3960 Dianium
1919 3905 2010 3960 in-

439 4001 523 4047 ter
570 3993 902 4049 Eusebianos
951 4010 1015 4049 ac
1079 3997 1297 4053 haeresis
1346 3995 1653 4050 defensores
1706 4005 2005 4052 numerat:

434 4098 740 4154 quanquam
779 4098 898 4138 cum
925 4100 989 4139 eo
1032 4087 1251 4141 minime
1291 4086 1718 4142 communicabat
1761 4087 2005 4142 Athana-

434 4176 570 4230 sius.
618 4175 954 4230 Enumerans
989 4176 1136 4230 enim
1174 4178 1476 4246 provincias
1514 4178 1832 4247 quibuscum
1857 4193 2006 4236 con-
2034 4173 2046 4185 ’

434 4265 768 4331 municabat,
799 4266 865 4320 de
901 4266 1234 4336 Cappadocia
1265 4283 1484 4336 prorsus
1511 4270 1632 4322 silet
1659 4269 1759 4341 (ά).

503 4357 590 4411 ιν.
625 4357 833 4412 Mortuo
879 4359 1064 4413 Dianio
1108 4357 1449 4424 Ctesariensi,
1491 4377 1614 4415 cum
1658 4361 2003 4417 advenissent

2127 1889 2280 1943 viori.
2327 1887 2510 1957 Longe
2565 1888 2709 1943 enim
2760 1888 2930 1943 satius
2977 1887 3143 1942 fuisse
3199 1899 3502 1944 extremum
3562 1893 3708 1960 peri-

2123 1983 2299 2037 culum
2356 1982 2526 2046 adire,
2559 1981 2886 2036 ordinationi
2945 1981 3274 2048 resistendo,
3317 1998 3478 2052 quam
3528 1985 3704 2038 semel

2120 2087 2397 2146 peractam
2447 2077 2728 2145 antiquare
2775 2075 2939 2141 velle,
2971 2076 3270 2145 praesertim
3315 2091 3379 2130 eo
3433 2086 3701 2145 tempore,

2119 2181 2228 2236 quo
2252 2178 2461 2222 veteres
2491 2168 2788 2224 inimicitiae
2817 2170 3143 2238 deponendas
3167 2175 3357 2233 erant;
3401 2184 3506 2221 non
3544 2184 3702 2224 novas

2119 2258 2498 2326 suscipiendae.

2191 2343 2618 2416 Exspectabatur
2644 2349 2788 2402 enim
2824 2345 3089 2411 Julianus.
3135 2350 3226 2419 qui
3265 2358 3390 2404 tunc
3437 2349 3491 2402 in
3529 2348 3698 2402 Chri-

2119 2438 2324 2493 stianos
2368 2437 2670 2494 fremebat:
2700 2441 3050 2495 minitabatur
3074 2443 3121 2496 ei
3159 2443 3247 2510 qui
3272 2443 3552 2496 ordinatus
3578 2442 3700 2496 fue-

2118 2537 2222 2594 rat,
2271 2543 2336 2583 ac
2379 2531 2431 2583 in
2477 2544 2746 2585 summum
2790 2533 3082 2600 periculum
3133 2534 3421 2586 devenerat
3473 2535 3696 2588 civitas.

2116 2617 2252 2672 Nam
2280 2619 2600 2686 iracundiae,
2651 2637 2810 2689 quam
2850 2621 3096 2677 Julianus
3137 2623 3190 2676 in
3219 2622 3580 2678 Caesarienses
3623 2628 3696 2680 ob

2116 2711 2394 2766 incensum
2417 2711 2669 2767 Fortuna:
2703 2712 2955 2780 templum
2986 2722 3328 2783 conceperat,
3355 2731 3518 2768 novas
3542 2715 3699 2771 faces

2117 2790 2359 2861 admovit
2387 2804 2546 2858 unius
2573 2819 2638 2858 ex
2669 2805 3068 2874 magistratibus
3097 2806 3385 2872 ordinatio,
3434 2823 3540 2876 qua
3575 2825 3694 2862 rem

2117 2898 2386 2966 publicani
2416 2897 2531 2950 laedi
2575 2895 2924 2964 querebatur.
2960 2894 3073 2964 Ipse
3117 2897 3277 2949 etiam
3318 2913 3516 2966 praeses
3543 2915 3695 2968 qua:-

2118 2991 2270 3044 rebat
2307 2988 2576 3057 quomodo
2619 2996 2672 3041 et
2721 2987 2949 3056 gratiam
3005 2992 3140 3055 apud
3184 2985 3459 3042 Julianum
3506 2991 3692 3057 iniret,

2115 3088 2168 3132 et
2197 3079 2489 3132 Eusebium
2536 3077 2921 3142 ulcisceretur,
2957 3078 3044 3132 cui
3093 3078 3299 3132 amicus
3341 3079 3538 3149 alioqui
3581 3096 3694 3135 non

2117 3179 2254 3234 erat,
2288 3171 2383 3224 sed
2426 3171 2494 3224 ob
2542 3171 2754 3224 diversa
2785 3171 2838 3223 in
2873 3169 2949 3224 rei
2972 3170 3197 3237 publicai
3222 3170 3695 3228 administratione

2119 3259 2294 3313 studia
2343 3259 2715 3313 succensebat.
2765 3251 3093 3312 Accersebat
3141 3274 3269 3329 ergo
3329 3276 3425 3329 per
3479 3260 3695 3316 litteras

2117 3351 2423 3420 episcopos,
2466 3359 2526 3405 ut
2568 3349 2857 3406 Eusebium
2889 3353 3227 3416 accusarent,
3270 3352 3468 3409 additis
3523 3357 3692 3410 etiam

2119 3442 2282 3498 minis
2311 3453 2563 3512 tanquam
2593 3441 2744 3508 jussu
2786 3444 3144 3512 imperatoris.
3189 3443 3287 3498 Hic
3317 3459 3531 3515 quoque
3571 3450 3694 3502 eni-

2118 3533 2216 3588 tuit
2267 3534 2503 3603 episcopi
2555 3534 2878 3589 Nazianzeni
2939 3551 3147 3590 summa
3191 3537 3354 3589 animi
3407 3537 3690 3594 fortitudo.

2118 3622 2211 3679 Sic
2237 3625 2380 3679 enim
2419 3626 2694 3694 respondit
2747 3626 2958 3695 praesidi
3008 3624 3076 3697 (Γ)
3122 3644 3136 3680 :
3181 3625 3318 3690 Nos,
3349 3628 3542 3697 inquit,
3572 3631 3696 3696 (po-

2117 3717 2403 3771 tentissime
2451 3715 2661 3787 prwses)
2701 3733 2875 3770 rerum
2939 3720 3203 3782 omnium,
3259 3737 3374 3789 quer
3413 3733 3691 3790 geruntur,

2114 3824 2378 3862 censorem
2415 3825 2575 3863 unum
2617 3827 2679 3863 ac
2732 3825 2903 3878 regem
2953 3809 3237 3878 habemus,
3293 3813 3380 3880 qui
3421 3829 3556 3866 nunc
3595 3829 3696 3882 0p-

2112 3912 2394 3972 pugnatur.
2424 3901 2483 3956 Is
2509 3915 2556 3957 et
2577 3912 2881 3972 prwsentem
2907 3899 3204 3956 electionem
3226 3905 3495 3971 expendet,
3529 3920 3693 3973 quam

2114 4011 2208 4048 nos
2230 3995 2323 4047 rite
2344 4010 2404 4047 ac
2433 3993 2862 4063 lcgitime,atque,
2879 4001 2934 4046 ut
2957 3996 3054 4061 ipsi
3076 4005 3281 4062 gratum
3303 4005 3375 4047 est
3403 4037 3416 4060 ,
3444 3995 3692 4063 fecimus.

2120 4083 2224 4139 Vos
2245 4097 2421 4140 autem
2441 4085 2547 4138 alia
2571 4087 2777 4156 quidem
2811 4086 2988 4155 aliqua
3020 4089 3074 4137 in
3107 4103 3160 4139 re
3197 4087 3374 4151 nobis,
3402 4089 3447 4141 si
3479 4089 3691 4142 animus

2112 4177 2187 4230 ita
2213 4178 2409 4243 tulerit,
2447 4179 2548 4229 vim
2592 4173 2780 4246 aﬂ‘erre
2823 4176 3076 4245 perfacile
3124 4180 3359 4244 potestis,
3405 4179 3459 4230 id
3510 4190 3690 4231 autem

2110 4286 2258 4323 nemo
2294 4285 2524 4338 unquam
2546 4270 2690 4322 nobis
2721 4270 2945 4334 adimet,
2970 4271 3095 4338 quin
3111 4287 3171 4323 ea
3190 4312 3203 4336 ,
3232 4287 3348 4338 qua:
3370 4271 3510 4338 facta
3539 4284 3686 4337 sunt,

2110 4367 2165 4408 ut
2190 4369 2326 4410 recte
2368 4374 2431 4410 ac
2457 4359 2605 4425 juste
2642 4359 2783 4423 facta
2824 4358 3188 4425 defendamus.
3229 4358 3350 4411 Nisi
3396 4360 3528 4428 forte
3548 4361 3690 4414 hanc

432 4450 674 4504 nonnulli
715 4451 1006 4518 provincia:
1033 4452 1272 4521 episcopi
1303 4461 1360 4505 ut
1382 4467 1746 4507 successorem
1781 4455 2002 4506 ordina-
2034 4474 2078 4529 ι)
2107 4465 2308 4519 quoque
2329 4449 2490 4518 legem
2527 4451 2793 4512 statuatis,
2825 4450 3010 4519 quibus
3061 4467 3122 4503 ne
3159 4453 3211 4504 in
3243 4464 3446 4505 nostras
3475 4454 3687 4521 quidem

435 4551 571 4610 rent,
608 4543 760 4597 scissi
819 4552 945 4596 sunt
973 4541 1330 4597 Caasarienses
1378 4543 1432 4596 in
1487 4543 1756 4598 contraria
1803 4545 2000 4608 studia,

433 4635 723 4689 aliisalium
747 4635 1056 4704 episcopum
1079 4635 1422 4703 poscentibus
1442 4632 1533 4703 (c).
1552 4633 1852 4688 Vehemens
1883 4643 2004 4688 crat

433 4728 624 4781 seditio
655 4742 754 4782 nec
779 4726 933 4780 facile
964 4726 1142 4780 sedari
1168 4736 1395 4795 paterat.
1422 4725 1690 4794 Propensa
1719 4726 1862 4780 enim
1883 4734 2004 4779 erat

432 4816 623 4870 civitas
659 4818 724 4868 ad
747 4817 1058 4880 seditiones,
1092 4816 1144 4870 in
1188 4815 1538 4870 elcctionibus
1581 4816 1903 4883 prazsertim,
1933 4817 2002 4870 ob

433 4904 555 4958 ﬁdei
581 4905 880 4959 fervorem:
912 4921 976 4960 ac
999 4907 1306 4975 praecellens
1348 4907 1616 4962 cathedra:
1651 4908 1885 4976 dignitas
1915 4923 2004 4963 ca-

432 4997 598 5050 lorem
620 4997 815 5050 animis
843 4998 1091 5051 addebat.
1113 4996 1348 5051 Tandem
1373 4998 1606 5052 universi
1634 5013 1842 5052 summo
1872 5013 2000 5053 con-

431 5101 594 5142 sensu
652 5103 814 5140 unum
848 5102 913 5141 ex
951 5089 1374 5158 magistratibus,
1432 5089 1717 5142 Eusebium
1766 5093 1999 5156 nomine,

430 5178 604 5231 virum
636 5174 739 5230 ﬁde
771 5186 826 5230 et
855 5178 1090 5236 moribus
1116 5190 1481 5246 praestantem,
1518 5180 1742 5234 invitum
1781 5193 1836 5235 et
1862 5181 2002 5235 relu-

430 5278 664 5323 ctantem
693 5269 1012 5338 corripiunt,
1043 5284 1104 5322 ac
1129 5285 1282 5337 opem
1333 5270 1632 5325 ferentibus
1674 5270 2000 5329 militaribus

429 5362 621 5430 copiis,
646 5376 764 5432 quae
808 5372 935 5416 tunc
965 5361 1019 5416 in
1047 5361 1177 5417 urbe
1205 5371 1379 5431 erant,
1409 5363 1461 5418 in
1500 5363 1796 5420 sacrarium
1827 5365 1995 5420 addu-

498 5586 576 5656 (α)
614 5585 710 5650 Ep.
746 5587 866 5650 ΜΟ,
897 5605 946 5642 n.
972 5587 1024 5643 2.

519 5657 569 5719 lt)
604 5660 694 5708 υτ.
731 5658 814 5709 19.

519 5658 569 5719 lt)
604 5660 694 5708 υτ.
731 5658 814 5709 19.

493 5658 570 5799 ie)
604 5725 700 5795 Ep.
735 5726 860 5781 258.

2108 4557 2187 4592 res
2215 4541 2510 4608 prospicere
2531 4542 2614 4607 fas
2648 4551 2745 4594 est.
2778 4542 3069 4609 Epistolam
3101 4545 3396 4599 admiratus
3428 4555 3508 4598 est
3544 4562 3689 4614 pra:-

2107 4647 2213 4697 ses,
2244 4633 2344 4686 etsi
2384 4634 2558 4702 primo
2596 4635 2821 4688 moleste
2867 4635 2988 4688 tulit
3033 4652 3048 4688 :
3083 4647 3242 4705 atque
3289 4640 3385 4691 hac
3436 4637 3685 4706 Gregorii

2108 4725 2407 4777 constantia
2471 4723 2668 4779 Juliani
2739 4726 2971 4794 impetus
3044 4743 3428 4798 compressus,
3493 4731 3687 4788 civitas

2109 4825 2254 4867 metu
2283 4815 2529 4878 liberata,
2562 4819 2798 4886 episcopi
2829 4817 3091 4871 dedecore
3118 4829 3170 4872 et
3201 4820 3513 4886 ignominia.

2179 4907 2310 4959 Cum
2360 4907 2475 4961 haec
2521 4909 2789 4962 ordinatio
2821 4921 3037 4978 peracta
3087 4912 3158 4964 sit
3207 4913 3440 4967 instante
3484 4912 3684 4971 Juliani

2106 4997 2359 5063 adventu,
2385 5009 2444 5052 ut
2477 5010 2704 5054 testatur
2746 4999 3059 5070 Gregorius,
3091 5005 3301 5057 videtur
3334 5007 3399 5060 ad
3441 5023 3682 5062 mensem

2104 5087 2320 5142 Junium
2351 5099 2444 5143 aut
2468 5089 2664 5144 Iulium
2710 5092 3043 5149 collocanda.
3093 5093 3376 5153 Profectus
3408 5110 3492 5154 est
3533 5103 3680 5156 enim

2104 5179 2567 5249 ConstantinOpoli
2611 5181 2858 5238 Julianus
2911 5201 3094 5239 mense
3130 5187 3580 5256 Maio,excnnte,
3626 5205 3683 5248 et

2105 5287 2228 5325 cum
2267 5272 2317 5324 in
2354 5274 2656 5342 regionibus
2688 5278 2986 5346 interjectis
3032 5280 3339 5350 aliquandiu
3374 5298 3679 5338 commora-

2107 5361 2401 5432 tus-fuerit
2456 5363 2678 5436 (ubique
2729 5369 2873 5424 enim
2925 5369 3218 5441 impietatis
3288 5390 3399 5430 sua:
3449 5377 3682 5446 vesugia

2177 5588 2253 5665 (d)
2295 5588 2434 5665 ist.
2469 5592 2653 5665 Arian.

2176 5661 2246 5800 E3
2447 5676 2529 5717 or.
2564 5662 2652 5717 t9.
