3958 6212
1603 306 1767 371 VITA
1804 316 1865 372 S.
1900 316 2168 374 BASILII.

3364 334 3508 379 XXIV

222 432 527 502 reliquit),
560 432 651 488 ῆι
670 432 1007 503 ροιιιίιιειιιθ
1023 430 1225 490 Julium
1253 443 1345 490 aut
1366 434 1665 505 Augustum
1712 438 1832 493 Cie-
1860 444 1909 501 Α
1935 439 2045 495 Sed
2091 436 2287 493 Juliani
2310 432 2518 494 dictum
2563 437 2717 495 deest
2766 438 2823 493 in
2877 438 3153 510 plerisque
3209 440 3510 508 codicibus,

232 540 466 579 saream
491 525 773 581 advenire.

310 614 378 669 ν.
427 615 572 669 Dum
624 624 805 670 autem
840 614 961 670 urbi
1002 616 1344 687 propinquat,
1384 618 1429 672 si
1465 618 1606 675 illius
1637 622 1703 675 ad
1728 621 1834 677 Ba-

226 704 426 758 silium
477 705 723 775 epistolae
751 704 995 759 habenda
1040 704 1202 772 iides,
1228 706 1473 776 praecipit
1504 707 1738 775 Basilio,
1774 719 1835 765 ut

227 797 337 851 sibi
381 796 699 853 Caesaream
736 795 1052 850 advenienti
1101 805 1156 850 et
1205 796 1384 850 adhuc
1424 798 1694 868 publicum
1730 801 1833 856 iter

228 887 481 951 tenenti,
510 895 712 956 praesto
738 886 848 939 sint
880 885 1025 940 mille
1051 886 1167 940 auri
1210 886 1361 941 libra:
1402 903 1417 941 :
1458 904 1616 945 secus
1656 891 1830 945 mina-

228 988 323 1030 tur
352 992 420 1032 se
455 979 766 1032 Caesaream
814 991 1130 1032 eversurum
1163 1015 1178 1041 ,
1208 992 1271 1032 ac
1310 988 1515 1035 statuas
1554 989 1608 1034 et
1638 980 1833 1051 templa

225 1076 587 1122 erecturum.
612 1066 851 1120 Sedahoc
887 1066 1001 1135 ipso
1027 1081 1094 1119 ex
1123 1065 1242 1121 loco
1276 1068 1681 1138 spuriam';esse
1721 1071 1834 1140 epi-

226 1160 439 1213 stolam
487 1160 840 1230 perspicitur.
886 1155 1004 1211 Non
1047 1158 1189 1212 enim
1235 1168 1360 1214 tunc
1412 1160 1672 1217 Caesarem
1717 1170 1835 1218 erat

226 1249 507 1315 Basilius,
568 1252 667 1307 sed
731 1251 936 1305 latebat
985 1252 1042 1306 in
1081 1251 1238 1306 Ponti
1282 1252 1593 1319 solitudine,
1635 1255 1834 1324 vixque

225 1352 465 1412 peracta
496 1351 621 1396 erat
656 1341 825 1413 ipsius
860 1341 1077 1397 Eusebii
1104 1343 1407 1409 ordinatio,
1434 1360 1557 1399 cum
1588 1344 1833 1402 Julianus

210 1435 408 1488 'vcnit.
438 1434 869 1487 ldem'erratutn
908 1435 1255 1488 commissum
1290 1444 1372 1489 est
1414 1433 1610 1499 in;Vita
1640 1435 1701 1491 S.
1726 1432 1833 1491 Ba-

214 1527 367 1589 silii,
410 1541 541 1594 quae
558 1525 844 1594 supposita
869 1532 954 1579 est
977 1525 1371 1594 Amphilochia.
1403 1524 1479 1580 lbi
1508 1527 1650 1581 enim
1674 1528 1831 1583 "Basi-

213 1620 339 1672 ‘lius
379 1617 611 1673 Juliano
642 1617 859 1672 obviam
887 1617 1221 1685 processisse
1248 1616 1463 1684 dicitur,
1491 1628 1544 1672 et
1573 1617 1831 1675 Libanius

216 1710 443 1764 Juliani
490 1718 734 1778 quaestor
774 1708 988 1778 genibus
1041 1709 1326 1777 pontiﬁcis,
1382 1724 1573 1778 nempe
1620 1709 1826 1780 Basilii,

1934 531 2119 586 Basilii
2150 545 2280 586 vero
2323 530 2380 585 in
2427 530 2679 586 omnibus
2728 540 2925 601 praeter
2964 532 3329 590 Harlaeanum.
3360 534 3511 589 Prae—

1935 634 2082 677 terea
2111 637 2234 677 cum
2265 632 2378 677 tota
2416 623 2641 691 epistola
2688 625 2800 678 haec
2824 631 2945 678 tam
2986 640 3179 692 parum
3214 624 3509 693 cohaerent,

1935 724 1995 768 ut
2033 724 2214 769 assuta
2236 728 2359 769 esse
2391 714 2585 768 merito
2612 716 2923 783 pronuntiet
2946 715 3206 785 Dupinus.

2004 796 2093 852 Vl.
2136 798 2238 852 Vix
2288 798 2452 852 ullam
2507 798 2779 853 civitatem
2833 800 2986 870 pejus
3035 802 3224 855 oderat
3262 801 3511 856 Julianus

1934 902 2093 957 quam
2136 888 2471 951 Caesaream,
2514 903 2581 944 eo
2614 893 2757 959 quod
2792 892 2986 947 studiis
3032 894 3353 949 Christiana:
3383 894 3513 949 reli-

1933 978 2107 1048 gionis
2150 977 2400 1042 ferveret,
2449 993 2514 1033 ac
2560 980 2917 1045 paucissimos
2956 982 3183 1039 haberet
3234 984 3506 1040 ethnicos.

1932 1069 2200 1124 Praeterea
2243 1085 2311 1125 ex
2356 1070 2527 1125 tribus
2565 1071 2813 1139 templis,
2850 1088 2969 1142 qua;
3000 1074 3051 1128 in
3084 1076 3199 1129 hac-
3221 1078 3356 1130 urbe
3394 1076 3513 1132 fue-

1932 1162 2073 1219 rant,
2099 1152 2209 1220 jam
2250 1154 2355 1208 duo
2386 1163 2541 1208 antea
2590 1170 2620 1209 a
2667 1155 2992 1211 Christianis
3034 1172 3220 1213 eversa
3269 1160 3509 1227 fuerant,

1931 1258 2122 1312 nempe
2165 1241 2313 1298 Jovis
2360 1254 2415 1299 et
2451 1245 2733 1314 Apollinis.
2777 1245 3051 1315 Tertium,
3090 1250 3231 1318 quod
3260 1251 3511 1307 Fortunae

1932 1335 2212 1389 dicebatur
2232 1376 2248 1401 ,
2277 1337 2375 1391 sub
2404 1337 2516 1406 ipso
2536 1335 2746 1393 Juliano
2777 1354 3023 1395 eversum
3044 1381 3059 1406 ,
3090 1340 3246 1398 furiis
3274 1359 3396 1399 eum
3424 1345 3508 1400 in-

1946 1427 2144 1482 cendit.
2178 1426 2457 1493 Quomodo
2487 1442 2677 1496 poenas
2704 1445 2731 1483 a
2762 1429 3187 1488 Caesariensibus
3216 1438 3510 1504 repetierit,

1931 1516 2034 1585 legi
2077 1524 2255 1586 potest
2301 1520 2439 1586 apud
2492 1518 2770 1575 Socratem
2812 1522 2904 1575 lib.
2946 1538 2999 1587 v,
3045 1539 3097 1578 c.
3142 1524 3510 1582 4.1racundia

1931 1610 2195 1679 praecipue
2224 1613 2423 1665 exarsit
2455 1612 2505 1666 in
2535 1611 2592 1667 S.
2635 1614 2996 1685 Eupsychium
3021 1656 3037 1681 ,
3067 1616 3158 1686 qui
3191 1618 3349 1686 hujus
3380 1620 3511 1675 facti

1931 1700 2037 1754 dux
2063 1708 2120 1753 et
2150 1709 2338 1755 auctor
2375 1701 2546 1757 fuisse
2578 1704 2795 1760 dicitur.
2835 1705 2969 1760 lluic
2993 1708 3307 1775 adiungitur
3344 1726 3374 1764 a
3400 1709 3511 1764 Ba-

216 1802 550 1853 -αάινοιιιιω,
580 1797 694 1853 Nec
715 1798 1022 1854 accuratior
1042 1797 1399 1869 Nicephorus,
1426 1801 1517 1868 qui
1542 1799 1824 1866 Basilium,
1856 1790 1900 1846 Β
1928 1791 2049 1848 silio
2073 1791 2147 1862 (ὁ)
2178 1802 2398 1848 sanctus
2436 1795 2630 1850 Damas
2657 1806 2712 1851 et
2738 1796 2863 1864 alii,
2888 1797 2977 1867 qui
3008 1798 3210 1868 egregii
3246 1799 3509 1856 facinoris

227 1892 457 1947 Juliano
488 1906 590 1962 per
617 1889 1009 1959 Cappadociam
1044 1898 1375 1955 transeunte,
1404 1891 1665 1946 Ecclesias
1691 1892 1831 1963 Cap-

230 1984 489 2054 padocia
529 1982 739 2036 rexisse
780 1982 941 2043 dicit,
977 1980 1083 2035 τῶν
1126 1983 1182 2034 ὲν
1225 1983 1592 2055 Καππαδοκίᾳ
1631 1984 1831 2056 ἐκκλη-

223 2076 369 2129 σιῶν
399 2074 666 2145 τηνικάδε
710 2071 806 2142 τὴν
852 2072 1152 2145 ἐπιτροπὴν
1180 2073 1415 2143 ἔχοντος.
1456 2074 1680 2131 Frustra
1727 2074 1831 2129 Pa-

227 2169 355 2236 gius
384 2167 511 2220 hzec
548 2174 772 2220 revocat
808 2165 873 2217 ad
920 2165 1334 2231 auctoritatem,
1372 2180 1536 2235 quam
1584 2167 1685 2221 sub
1722 2165 1832 2221 Eu-

218 2259 389 2313 sebio
417 2257 711 2328 presbyter
735 2257 967 2311 Basilius
996 2257 1264 2322 habebat,
1294 2272 1420 2311 nam
1451 2272 1519 2312 ne
1551 2259 1833 2328 presbyter

232 2353 463 2421 quidem
511 2361 647 2405 tunc
676 2359 814 2404 erat.
852 2349 910 2403 ln
959 2347 1215 2403 Chronico
1258 2348 1420 2402 etiam
1472 2348 1830 2403 Alexandrino

218 2445 479 2499 Basilius
528 2444 795 2499 Caesarea:
834 2442 935 2496 sub
980 2439 1192 2495 Juliano
1222 2440 1514 2511 episcopus
1555 2439 1827 2495 statuitur.

216 2535 447 2589 ‘Fucum
470 2550 614 2605 ergo
654 2533 784 2588 fecit
812 2533 1049 2602 epistola:
1082 2531 1397 2587 fabricatori
1434 2532 1550 2588 haec
1584 2532 1649 2588 de
1673 2530 1829 2587 Basi-

215 2626 289 2679 ilii
320 2628 650 2695 episcOpatu
674 2625 880 2694 opinio.

307 2720 363 2771 In
404 2718 648 2787 quodam
682 2716 887 2771 scholio
934 2714 1284 2770 vetustissimi
1328 2714 1529 2770 codicis
1566 2714 1826 2783 Medicaei,

212 2817 479 2876 ‘ntraque
531 2806 763 2876 epistola
790 2848 806 2871 ,
839 2805 1039 2860 Juliani
1088 2817 1141 2860 et
1167 2805 1388 2873 Basilii,
1421 2805 1554 2860 nihil
1602 2820 1829 2875 prorsus

236 2898 444 2953 habere
466 2897 693 2962 dicitur,
719 2898 861 2966 quod
875 2896 1147 2952 Julianum
1174 2911 1267 2952 aut
1281 2898 1537 2954 Basilium
1564 2899 1824 2956 redoleat.

236 2990 343 3044 Eas
371 3002 561 3044 tamen
590 3005 699 3044 non
723 2991 946 3044 omnino
972 2989 1146 3055 rejicit
1180 2990 1579 3059 Tillemontius,
1612 3000 1668 3047 et
1693 3007 1827 3061 quo-

237 3085 420 3138 minus
461 3082 693 3138 omnino
724 3082 952 3149 rejiciat,
981 3081 1253 3137 detinetur
1291 3083 1631 3151 potissimum
1666 3084 1822 3138 testi-

237 3174 428 3228 monio
474 3173 791 3237 Sozomeni,
823 3172 908 3227 cui
963 3182 1119 3228 notas
1163 3173 1282 3228 illas
1328 3174 1494 3230 fuisse
1535 3184 1705 3243 putat.
1755 3176 1825 3230 At

235 3266 490 3334 profecto
549 3265 793 3334 epistolae
834 3265 938 3319 illae
984 3281 1091 3319 non
1128 3268 1414 3322 exstabant
1458 3275 1695 3336 tempore
1721 3266 1825 3322 So-

239 3359 477 3411 anmeni.
515 3355 570 3411 Is
606 3357 751 3411 enim
784 3355 982 3411 Juliani
1014 3358 1297 3426 epistolam
1333 3368 1723 3413 commemorat
1749 3358 1824 3429 (α)

220 3451 309 3500 ad
340 3449 629 3516 episcopos
664 3447 757 3516 qui
792 3456 917 3502 tunc
944 3449 1185 3502 maxime
1224 3448 1462 3518 insignes
1493 3457 1687 3513 erant,
1712 3450 1824 3511 τοῖς

236 3541 364 3592 τότε
381 3539 778 3611 διαπρέπουσιν
800 3539 1119 3602 ἐπισκόποις
1137 3538 1469 3593 ἐπέστειλεν.
1492 3538 1622 3605 Quae
1645 3550 1823 3594 autem

230 3629 407 3686 hodie
431 3640 636 3693 exstat,
667 3630 767 3684 soli
797 3631 1054 3696 inscripta
1089 3629 1307 3694 Basilio,
1339 3645 1440 3685 nec
1468 3630 1630 3685 alium
1662 3645 1822 3699 quam

240 3723 507 3777 Basilium
542 3722 851 3791 compellat.
879 3721 1080 3776 Deinde
1104 3738 1232 3777 vero
1268 3722 1512 3777 Julianus
1543 3738 1631 3778 res
1666 3722 1824 3778 Chri-

237 3816 545 3869 stianorum
580 3813 633 3867 in
648 3810 1137 3883 epistolarquanr
1163 3820 1427 3868 memorat
1466 3809 1821 3880 Sozomenus,

241 3906 548 3971 irridebat,
593 3914 651 3958 et
696 3903 1012 3973 Apollinarii
1052 3905 1308 3959 adversus
1346 3904 1590 3961 ethnicos
1627 3904 1822 3960 librum

239 3996 581 4067 exagitabat.
612 3994 827 4049 Nullum
869 3993 1030 4063 hujus
1065 3996 1140 4049 rei
1179 3995 1461 4065 vestigium
1499 3996 1554 4048 in
1595 3995 1824 4063 epistola

238 4103 409 4157 quam
456 4102 605 4142 nunc
646 4088 930 4141 habemus.
968 4086 1088 4155 ipsa
1124 4085 1288 4141 etiam
1333 4086 1707 4155 episcoporum
1738 4101 1825 4140 re-

240 4181 488 4249 sponsio,
519 4195 683 4250 quam
718 4179 913 4233 Basilio
938 4177 1270 4233 Sozomenus
1294 4193 1323 4232 a
1356 4179 1628 4233 nonnullis
1662 4179 1820 4233 tribui

242 4283 494 4338 testatur,
531 4272 747 4326 videtur
778 4286 912 4341 opus
951 4270 1168 4339 aliquod
1206 4270 1417 4340 insigne
1454 4270 1521 4325 ad
1568 4270 1823 4325 eruditio-

240 4379 368 4417 nem
417 4362 608 4417 fuisse.
657 4361 749 4415 Ait
802 4361 947 4416 enim
999 4362 1140 4416 idem
1188 4360 1455 4429 scriptor,
1515 4362 1823 4430 quicunque

1938 1885 2183 1940 videntur
2204 1885 2405 1940 conscii
2440 1886 2631 1944 fuisse.
2684 1886 2885 1941 llorum
2923 1889 3038 1944 dies
3071 1887 3242 1945 festus
3278 1903 3508 1960 quotam

1934 1975 2017 2030 nis
2033 1974 2293 2030 Caesarea:
2318 1977 2405 2032 die
2432 1978 2658 2045 septima
2686 1977 3019 2047 Septembris
3039 1996 3247 2034 summa
3279 1982 3509 2037 celebri-

1933 2074 2045 2121 tate
2072 2067 2428 2134 recolebatur,
2464 2077 2522 2123 ut
2553 2069 2786 2139 perspici
2820 2079 2996 2140 potest
3027 2085 3092 2125 ex
3122 2072 3361 2139 pluribus
3399 2072 3508 2128 Ba-

1931 2161 2039 2216 silii
2074 2162 2316 2232 epistolis
2355 2164 2428 2235 (c)
2453 2203 2467 2228 ,
2491 2165 2543 2219 in
2581 2166 2775 2231 quibus
2809 2167 3089 2236 episcopos
3116 2166 3310 2233 Ponti,
3336 2169 3507 2226 Euse-

1931 2254 2075 2309 bium
2106 2255 2561 2321 Samosatensem,
2586 2256 3017 2327 Amphilochium
3036 2298 3051 2323 ,
3084 2260 3150 2314 ad
3173 2260 3317 2315 hunc
3341 2263 3505 2329 diem,

1930 2354 1989 2399 ut
2020 2346 2178 2418 longe
2216 2346 2628 2402 celeberrimum
2652 2388 2668 2414 ,
2700 2349 2912 2403 invitat.
2954 2348 3061 2405 Sed
3099 2351 3146 2405 si
3192 2366 3387 2421 passus
3423 2362 3511 2407 es:

1932 2434 1989 2490 S.
2069 2437 2405 2507 Eupsychius
2470 2452 2656 2492 mense
2734 2437 3072 2506 Septembri,
3149 2454 3213 2496 ac
3280 2442 3507 2511 proinde

1929 2545 2071 2585 anno
2103 2530 2207 2585 562
2233 2533 2367 2603 (non
2400 2532 2544 2586 enim
2580 2531 2718 2587 alius
2758 2546 2932 2588 annus
2968 2542 3281 2603 regnantem
3322 2535 3505 2590 habui:

1926 2620 2197 2677 Julianum
2228 2637 2411 2678 mense
2443 2621 2795 2695 Septembri),
2831 2625 2918 2679 vel
2951 2622 3027 2696 (ά)
3059 2624 3162 2678 alia
3194 2626 3337 2681 illius
3362 2642 3507 2681 mar-

1930 2716 2054 2786 tyrii
2071 2714 2393 2785 assignanda
2415 2729 2601 2779 causa,
2618 2715 2885 2784 siquidem
2905 2716 3015 2785 jatn
3033 2731 3281 2771 eversum
3302 2726 3417 2772 erat
3434 2718 3502 2788 (e)

1930 2806 2217 2875 templum,
2244 2819 2367 2860 cum
2410 2802 2657 2860 Julianus
2693 2805 2990 2860 Caesaream
3036 2808 3219 2873 venit;
3255 2808 3339 2861 vel
3380 2822 3503 2863 eum

1925 2894 2170 2950 Julianus
2202 2896 2255 2949 in
2292 2909 2509 2949 carcere
2537 2909 2719 2964 usque.
2745 2896 2813 2949 ad
2840 2908 3081 2951 mensem
3125 2894 3504 2966 Septembrem

1927 2987 2154 3041 detineri
2189 2986 2394 3051 voluit,
2426 2996 2484 3040 ut
2515 3001 2704 3055 poenas
2738 2988 2853 3057 ejus
2898 2987 3111 3056 longius
3157 2992 3495 3057 produceret.

1926 3075 2091 3131 Error
2120 3084 2201 3130 est
2234 3076 2287 3130 in
2326 3074 2544 3131 Menaeis
2568 3076 2901 3132 Graecorum.
2936 3076 3069 3130 Nam
3115 3078 3201 3131 die
3240 3078 3273 3132 9
3298 3078 3501 3148 Aprilis

1926 3166 2186 3222 habemus
2226 3166 2420 3221 festum
2464 3168 2521 3221 S.
2574 3168 2865 3237 Eupsychii
2902 3168 3000 3222 sub
3038 3166 3252 3223 Juliano
3306 3171 3495 3238 passi:

1926 3258 2012 3311 die
2036 3267 2213 3311 autem
2258 3257 2289 3309 7
2336 3255 2669 3324 Septembris
2708 3256 2768 3311 S.
2807 3256 3097 3327 Eupsychii
3145 3257 3407 3313 Cmsareaa
3444 3259 3499 3312 in

1924 3348 2258 3417 Cappadocia
2290 3348 2564 3419 martyris,
2606 3362 2765 3417 quem
2803 3350 2901 3401 sub
2935 3350 3173 3403 Adriano
3211 3349 3500 3404 collocant.

1924 3440 2109 3496 Fidem
2135 3441 2297 3496 etiam
2323 3455 2506 3495 coram
2548 3438 2762 3495 Juliano
2794 3439 3065 3495 liberrime
3108 3441 3391 3497 confessus
3421 3452 3505 3496 est

1925 3546 1991 3587 ac
2016 3533 2162 3586 varia
2188 3532 2705 3602 pertulitsupplicia,
2732 3541 2865 3587 teste
2883 3532 3123 3589 Palladio
3167 3533 3256 3604 (f),
3285 3534 3505 3605 presby-

1929 3634 2011 3679 ter
2030 3623 2388 3692 Philoromus,
2406 3622 2601 3677 Basilio
2619 3624 2998 3689 charissimus,
3019 3626 3108 3695 qui
3131 3626 3502 3682 describendis

1926 3715 2079 3771 libris
2107 3726 2161 3771 et
2185 3717 2383 3770 victum
2420 3715 2519 3770 sibi
2548 3726 2602 3770 et
2630 3716 2955 3784 pauperibus
2980 3717 3221 3774 subsidia
3247 3718 3496 3786 parabat,

1924 3821 2376 3878 necquemquam
2414 3808 2517 3864 sibi
2544 3809 2839 3863 'munerari
2882 3810 3209 3879 patiebatur.
3245 3809 3301 3863 Si
3342 3809 3501 3863 nulla

1923 3913 2136 3957 exstant
2186 3900 2386 3957 Juliani
2434 3903 2501 3957 ad
2539 3901 2797 3956 Basilium
2853 3901 3079 3969 litterae;
3127 3902 3254 3956 illud
3304 3902 3499 3956 saltem

1923 4002 2155 4060 constat,
2190 3993 2461 4049 infensum
2492 3996 2540 4050 ei
2569 3992 2735 4049 fuisse
2758 3993 3027 4050 Julianum
3056 3992 3152 4065 (g).
3185 3994 3317 4048 Nam
3346 3994 3499 4049 Basi—

1922 4084 2053 4139 lium
2079 4093 2133 4139 et
2164 4083 2483 4154 Gregorium
2526 4084 2735 4139 consilii
2774 4094 2829 4139 et
2859 4084 3078 4153 incmpti
3124 4084 3208 4139 sui
3240 4084 3501 4138 adversa-

1922 4178 2035 4231 rios
2068 4186 2122 4231 et
2150 4177 2333 4231 hostes
2365 4177 2546 4232 dicere
2566 4176 2795 4243 solebat,
2819 4190 2919 4231 nec
2940 4176 3129 4230 leviter
3148 4175 3227 4230 eis
3252 4176 3497 4229 minaba-

1924 4276 2013 4321 tur
2042 4284 2057 4320 :
2085 4267 2178 4321 sed
2205 4266 2363 4320 minae
2392 4266 2555 4321 decus
2585 4265 2853 4320 addebant
2885 4273 2940 4320 et
2965 4265 3031 4320 ad
3062 4264 3314 4333 pietatem
3340 4278 3503 4318 acue-

1921 4361 2073 4413 bant.
2115 4356 2250 4412 Cum
2288 4366 2467 4411 autem
2511 4370 2605 4409 eos
2633 4365 2688 4409 et
2726 4356 2967 4411 moribus
3006 4363 3060 4409 et
3096 4354 3401 4423 eloquentia
3445 4363 3502 4405 et

243 4456 429 4524 operis
473 4464 668 4509 auctor
704 4454 806 4519 sit,
836 4467 960 4507 eum
993 4453 1061 4508 ob
1089 4452 1254 4507 animi
1295 4452 1721 4524 magnitudinem
1764 4461 1819 4506 et
1846 4470 1896 4529 ι)
1923 4459 2106 4502 mutua
2128 4448 2269 4503 inter
2308 4460 2367 4501 se
2391 4447 2680 4502 concordia
2709 4445 2882 4501 claros
2917 4444 3029 4513 jam
3076 4444 3200 4499 inde
3225 4459 3256 4498 a
3287 4442 3495 4498 Grmcia

243 4546 605 4601 eruditionem
638 4545 991 4599 admiratione
1032 4545 1250 4613 dignum
1279 4559 1420 4599 esse.
1447 4546 1519 4598 At
1548 4544 1819 4599 neminem

245 4648 373 4705 puto
403 4637 459 4691 in
500 4635 728 4704 epistola
751 4676 767 4700 ,
796 4650 916 4705 qua:
949 4637 1047 4689 sub
1086 4634 1267 4690 Basilii
1296 4635 1514 4690 nomine
1557 4636 1623 4689 ad
1650 4633 1821 4688 Julia-

248 4744 372 4781 num
395 4728 600 4795 scripta
636 4737 902 4793 servatur,
931 4726 1289 4781 eruditionem
1334 4728 1672 4779 miraturum.
1712 4724 1817 4780 [ιθ-

247 4804 445 4885 ευπιύτ
471 4817 688 4885 quidem
724 4819 778 4870 in
813 4816 1014 4871 nostris
1054 4816 1299 4894 epistolis
1333 4830 1452 4885 qua:
1482 4814 1819 4871 Sozomenus

246 4924 310 4961 ex
347 4906 547 4961 Juliani
588 4916 644 4961 et
680 4908 1056 4976 episcoporum
1087 4907 1277 4961 litteris
1304 4908 1542 4974 excerpit
1571 4924 1585 4960 :
1624 4921 1816 4975 nempe

246 4999 370 5051 illud
397 4997 598 5052 Juliani
637 5016 651 5050 :
686 4998 753 5048 'A
788 4996 845 5048 δὲ
873 4997 1144 5064 ἀνέγνων,
1178 4996 1350 5065 ἔγνων
1387 4996 1482 5049 καὶ
1513 4996 1809 5064 κατέγνων.

247 5097 376 5155 Qua:
422 5099 597 5143 autem
637 5089 758 5158 legi,
802 5088 1035 5142 intellexi
1068 5099 1115 5143 et
1157 5089 1496 5143 condemnari
1524 5104 1541 5141 :
1573 5097 1683 5141 tum
1716 5086 1820 5140 Ba-

245 5184 346 5236 silii
380 5182 662 5250 responsio
688 5201 702 5236 :
736 5182 771 5235 ἆ
813 5181 997 5252 μέντοι
1018 5181 1259 5249 ἀνέγνως
1286 5182 1385 5233 οὐκ
1411 5180 1581 5248 ἔγνως
1598 5196 1611 5209 ·
1638 5180 1686 5232 ει
1714 5179 1822 5250 γὰρ

246 5278 431 5344 ἔγνως,
462 5278 563 5329 οὐκ
582 5275 649 5330 ἂν
677 5276 974 5343 κατέγνως.
1005 5274 1134 5340 Qum
1164 5285 1339 5329 autem
1365 5274 1559 5343 legisti,
1600 5289 1701 5326 non
1737 5274 1821 5325 in-

242 5368 520 5431 tellexisti;
545 5384 668 5421 nam
685 5369 731 5421 si
753 5366 1116 5431 intellexisses,
1145 5383 1246 5421 non
1260 5382 1385 5421 sane
1401 5368 1819 5419 condemnasses.

314 5525 387 5591 (η)
424 5523 541 5577 Lib.
569 5540 622 5583 ν,
651 5540 700 5578 c.
736 5523 825 5578 is.

310 5598 360 5663 (ii
370 5612 383 5661 )
421 5596 518 5661 Ep.
553 5595 677 5648 9.52.

314 5672 385 5732 ii?)
428 5665 597 5731 Epist.
622 5664 751 5727 tuo,
780 5662 1057 5727 176,259..

307 5730 385 5804 (ά)
426 5730 754 5801 Tilleniunt.,
783 5746 897 5790 nul.
942 5735 1075 5789 l9in
1104 5730 1271 5788 Basil.

1920 4553 2041 4593 esse
2063 4540 2259 4603 sciret,
2306 4536 2560 4607 Cyclopis
2595 4538 2861 4593 honorem
2900 4535 3005 4591 illis
3045 4534 3355 4599 deferebat,
3398 4548 3496 4603 po-

1915 4642 2253 4700 stremosque
2304 4629 2619 4685 reservabat
2679 4648 2694 4685 :
2755 4628 2842 4682 vel
2891 4628 3224 4683 daemonibus
3286 4640 3381 4681 eos
3440 4636 3498 4679 ut

1918 4736 2167 4793 magnum
2196 4721 2453 4790 quiddam
2481 4735 2677 4775 munus
2724 4719 3002 4774 immolare
3047 4716 3268 4782 volens,
3313 4716 3400 4772 vel
3438 4733 3500 4773 se

1917 4812 2272 4891 abrppturum
2298 4812 2351 4866 in
2382 4810 2697 4865 barathrum
2724 4825 2879 4865 suum
2906 4807 3337 4877 stultesperans.

1991 4902 2100 4956 VII.
2128 4902 2326 4972 Scripti
2372 4902 2622 4956 videntur
2658 4901 2757 4955 sub
2805 4898 3020 4953 Juliano
3066 4898 3189 4953 libri
3240 4899 3497 4953 adversus

1920 4994 2281 5060 Eunomium,
2325 5009 2389 5048 ac
2426 5008 2534 5049 non
2566 4994 2733 5046 multo
2774 5000 2896 5061 post
2931 4989 3127 5045 Juliani
3168 4999 3397 5045 mortem
3440 4991 3491 5044 in

1920 5085 2092 5140 lucem
2116 5085 2263 5141 editi.
2294 5084 2409 5138 Non
2438 5085 2580 5138 enim
2608 5083 2767 5138 citius
2795 5083 2896 5138 hoc
2916 5097 3051 5151 opus
3075 5081 3294 5150 aggredi
3321 5082 3493 5149 potuit

1919 5177 2166 5233 Basilius.
2194 5176 2479 5247 Depositus
2508 5183 2589 5230 est
2614 5174 2909 5227 Eunomius
2948 5188 3088 5229 anno
3119 5174 3334 5227 circiter
3365 5171 3488 5225 561.

1919 5271 2113 5326 Coram
2147 5269 2451 5338 iudicibus,
2489 5268 2579 5337 qui
2612 5282 2736 5320 eum
2779 5267 3137 5331 damnavere,
3170 5282 3238 5320 ne
3271 5266 3491 5319 verbum

1921 5360 2135 5431 quidem
2167 5360 2412 5430 proloqui
2447 5359 2649 5424 voluit,
2680 5373 2743 5413 eo
2769 5358 2911 5427 quod
2938 5357 3131 5413 nefarii
3163 5358 3410 5413 homines
3441 5361 3513 5429 et

1987 5516 2055 5587 (e)
2096 5515 2227 5569 Naz.
2256 5530 2339 5587 o_r.
2376 5516 2458 5569 i9.

2097 5588 2238 5639 Hist.
2275 5585 2433 5638 Laus.
2468 5603 2514 5641 (‘.
2548 5586 2665 5641 115,

1987 5659 2064 5729 (g)
2105 5657 2233 5710 Naz.
2274 5673 2357 5711 or.
2390 5657 2444 5709 4.
