3958 6212
462 328 631 382 πςιχνι

1807 307 2348 382 rno'LEGons'NA.

462 430 729 499 improbi,
752 439 818 485 ut
847 430 961 499 ipse
990 430 1168 486 aiebat
1194 431 1305 505 (n)-,
1340 432 1397 488 in
1423 424 1659 501 iudicum
1687 451 1884 492 munus
1921 452 2041 492 sese
2069 444 2115 498 Α
2145 453 2301 493 neam
2350 438 2559 494 dicendi
2601 440 2706 494 vim
2754 443 3125 511 accepturum.
3177 425 3290 498 Sed
3344 447 3531 500 nescio
3581 444 3727 508 unth

458 522 840 578 obtrusissent.
882 521 987 577 Sed
1022 534 1210 592 postea
1246 524 1443 580 librum
1497 541 1651 581 suum
1708 529 2035 597 composuit,

456 632 620 685 quem
651 617 928 685 inscripsit
950 617 1283 687 Apologiam.
1316 618 1432 673 Non
1468 629 1647 676 tamen
1681 621 1820 675 hanc
1854 621 2042 676 elucu-

453 708 761 764 h‘rationem
792 710 975 762 statim
1012 706 1312 764 «sudavit.
1347 709 1480 764 Nam
1518 715 1855 779 perabsurda
1891 715 2042 769 illum

454 794 642 855 Tacere
679 800 757 854 ait
787 798 1068 872 Nyssenus
1102 801 1179 870 (ὁ)
1220 803 1362 870 quod
1389 803 1491 857 sibi
1543 804 1819 859 videretur
1849 808 2042 874 Apolo-

450 893 597 962 'giam
637 892 695 944 ‘in
732 901 975 960 tempore
1024 893 1327 948 instituisse
1350 935 1365 959 ,
1410 894 1661 964 quamvis
1697 895 1850 963 longe
1882 899 2043 952 aher-

456 990 639 1038 rasset
680 998 710 1035 a
744 992 1011 1050 tempore,
1039 985 1179 1051 quod
1227 994 1355 1037 tunc
1395 984 1632 1038 maxime
1676 996 2040 1054 opportunum

454 1069 583 1139 fuit,
611 1090 733 1129 cum
764 1072 976 1141 jndices
1006 1077 1278 1130 sederent.
1324 1076 1546 1130 Ἑαυτὸν
1593 1062 1693 1148 μὲν
1729 1077 1872 1131 κατὰ
1914 1094 2040 1134 και-

457 1168 551 1239 ρὸν
572 1167 1003 1240 ἀπολελογῆσθαι
1033 1169 1209 1239 λέγει,
1251 1169 1504 1224 τοσοῦτον
1531 1170 1624 1223 τοῦ
1662 1172 1854 1244 καιροῦ
1903 1180 2038 1227 κατ-

454 1261 580 1314 όπιν
611 1260 924 1332 γενόμενον.
955 1262 1030 1316 lix
1070 1263 1152 1315 his
1190 1270 1339 1329 patet
1370 1263 1575 1330 aliquid
1599 1265 1753 1330 spatii
1776 1264 2036 1329 judicium

455 1351 596 1405 inter
624 1360 678 1405 et
708 1350 1013 1420 Apologiam
1041 1350 1349 1414 eﬂluxisse;
1379 1368 1478 1408 nec
1510 1355 1733 1423 proinde
1767 1355 2030 1413 Basiliutn

454 1453 582 1497 ante
613 1458 812 1497 annum
853 1443 959 1498 362
986 1451 1077 1497 aut
1111 1443 1238 1508 565,
1286 1445 1486 1514 stylutn
1524 1448 1591 1501 ad
1622 1461 1741 1502 eam
1786 1450 2037 1507 refellen-
2098 1464 2103 1468 ‘

455 1534 580 1589 dam
614 1535 918 1590 exacuisse.

526 1670 710 1741 Neque
745 1672 908 1727 etiam
950 1672 1128 1727 serius
1175 1673 1278 1728 hoc
1319 1686 1458 1745 Opus
1513 1676 1774 1733 collocari
1828 1689 2027 1748 potest.

2145 529 2388 586 hauserit
2422 530 2646 586 Photius
2694 532 2832 587 hanc
2882 548 3096 603 quoque
3139 536 3369 604 primam
3407 541 3730 610 Apologia»:

2142 623 2466 678 Ennomium
2520 624 2573 678 in
2607 625 2844 681 tenebris
2893 637 3092 682 arcano
3140 629 3365 694 fovisse,
3399 632 3474 685 ita
3508 641 3565 686 ut
3602 647 3732 688 eam

2142 715 2229 767 vix
2261 714 2500 770 nancisci
2532 717 2786 784 potuerit.
2812 716 2957 771 Nihil
2989 718 3251 784 ejusmodi
3280 724 3423 788 apud
3460 721 3728 779 Basilium

2144 805 2393 875 legitur:
2429 804 2523 859 sed
2566 820 2693 860 suas
2727 808 2945 875 quidem
2982 808 3309 864 Ευιιοιιιίυιιι
3355 812 3734 883 blasphemias

2141 899 2244 952 sub
2288 899 2537 968 specioso
2570 900 2843 967 Apologia:
2918 889 3136 955 nomine
3196 904 3498 960 occultasse
3552 908 3731 974 dicit;

2138 989 2314 1057 ipsam
2338 1000 2518 1044 autem
2555 990 2866 1057 Apologiam
2889 992 3110 1047 minime
3130 995 3259 1050 dicit
3285 998 3611 1056 occultasse.

3746 1005 3755 1059 l

2212 1081 2423 1151 Scripta
2457 1092 2541 1138 est
2573 1084 2833 1138 adversus
2859 1084 3180 1140 Ennomium
3223 1090 3449 1158 epistola
3482 1092 3574 1158 l6,
3601 1062 3751 1162 quas!

2142 1182 2322 1229 tamen
2359 1175 2574 1229 videtur
2599 1177 2862 1246 longioris
2892 1178 3319 1237 elucubrationis
3345 1182 3728 1255 fragmentum

2136 1270 2318 1337 potius
2338 1281 2481 1331 esse,
2510 1283 2670 1337 quam
2700 1268 2947 1338 epistola.

2210 1398 2422 1471 Scripta
2466 1401 2568 1455 sub
2611 1398 2828 1455 Juliano
2870 1402 3101 1472 epistola
3145 1419 3381 1475 sequens
3418 1408 3485 1461 ad
3524 1406 3727 1480 Orige-

2134 1504 2294 1553 nem,
2330 1489 2484 1560 cujus
2521 1490 2660 1545 ﬁlios
2697 1491 2925 1546 Basilius
2960 1493 3193 1548 libenter
3219 1495 3271 1548 in
3295 1513 3395 1549 sua
3421 1498 3727 1555 solitudine

2135 1581 2366 1635 viderat.
2402 1582 2534 1637 Erat
2564 1581 2830 1653 Origenes
2874 1584 2965 1638 ille
2995 1585 3073 1639 vir
3101 1588 3367 1655 eruditus,
3405 1598 3460 1643 et
3495 1590 3723 1661 religio-

2136 1690 2258 1728 nem
2299 1677 2400 1730 sub
2432 1676 2596 1746 impio
2626 1678 2953 1746 imperatore
2996 1680 3213 1748 scriptis
3246 1682 3592 1750 defenderat,
3623 1690 3725 1740 aut

451 1764 707 1819 Aitenim
765 1762 993 1818 Basilius
1042 1765 1112 1837 (c)
1160 1781 1218 1819 se
1267 1767 1318 1821 in
1363 1766 1468 1822 hoc
1510 1770 1783 1825 scribendi
1834 1784 2033 1842 genere
2064 1780 2106 1842 Β
2138 1765 2328 1820 saltem
2358 1767 2634 1822 liberrime
2662 1768 2944 1825 confessus
2968 1770 3164 1825 fuerat.
3196 1772 3303 1826 Deo
3332 1774 3476 1828 enim
3506 1779 3724 1845 gratias

449 1855 672 1909 omnino
702 1855 1117 1909 inexercitatum
1154 1871 1302 1921 esse,
1343 1872 1510 1929 seque
1545 1859 1845 1926 silentium,
1873 1866 2029 1934 cujus

449 1946 519 1999 ab
542 1944 697 2000 initio
728 1943 1005 1999 studiosus
1033 1944 1135 2000 fuit
1155 1985 1173 2012 ,
1215 1959 1562 2003 servaturum
1591 1949 1796 2018 fuisse,
1820 1954 1865 2008 si
1900 1956 2031 2011 nihil

448 2044 639 2091 contra
672 2036 956 2092 veritatem
999 2036 1280 2107 Evangelii
1330 2048 1590 2096 tentatum
1626 2041 1839 2100 fuisset.
1880 2044 2030 2101 Prae-

447 2140 598 2187 terea
631 2131 735 2187 hoc
780 2147 918 2202 opus
948 2133 1097 2187 misit
1136 2132 1368 2189 Leontio
1415 2136 1673 2204 sophistae
1705 2152 1848 2193 anno
1897 2139 2026 2208 564,

449 2230 508 2276 ut
550 2222 736 2278 videre
781 2231 867 2278 est
917 2224 972 2278 in
1007 2224 1237 2294 epistola
1266 2223 1361 2279 20.
1396 2223 1505 2281 Sed
1539 2228 1820 2284 dubitandi
1851 2231 2029 2287 locum

447 2328 555 2369 non
591 2314 810 2386 reliquit
846 2313 1149 2386 Nyssenus.
1185 2315 1236 2373 Is
1277 2319 1420 2373 enim
1457 2329 1689 2377 testatur
1729 2321 1808 2393 (ά)
1850 2323 2032 2379 Euno-

448 2407 617 2462 mium
659 2408 713 2462 in
738 2406 1064 2464 elaboranda
1096 2409 1357 2465 adversus
1388 2411 1646 2468 Basilium
1679 2416 2031 2485 responsione

447 2515 550 2554 non
568 2499 843 2554 minimam
860 2501 978 2555 vita:
1012 2518 1123 2557 sua:
1155 2513 1356 2572 partem
1394 2504 1779 2575 insumpsisse;
1817 2523 1913 2563 nec
1932 2509 2032 2564 mi-

445 2605 566 2646 rum
583 2607 724 2658 esse,
743 2593 789 2646 si
810 2601 949 2647 tanta
959 2609 1008 2648 m
1026 2605 1327 2650 amatorum
1346 2610 1565 2651 suorum
1586 2601 2027 2669 approbationem

445 2685 831 2750 commoverit;
865 2687 1116 2748 cumhoc
1151 2702 1286 2756 Opus
1324 2704 1417 2757 per
1454 2699 1528 2743 tot
1561 2706 1821 2745 annorum
1857 2692 2027 2763 olym-

442 2776 626 2845 piadas
650 2777 1078 2832 concinnaverit.
1108 2777 1289 2845 Quare
1330 2795 1454 2835 cum
1500 2784 1614 2836 haec
1645 2784 1882 2839 secunda
1916 2784 2026 2839 Eu-

444 2868 610 2921 nomii
644 2866 902 2938 Apologia
925 2869 1103 2923 statim
1121 2880 1239 2938 post
1270 2881 1498 2926 mortem
1520 2872 1699 2926 Basilii
1732 2875 2018 2943 prodierit,

442 2958 535 3027 qui
605 2960 778 3029 prima
829 2961 915 3014 die
953 2961 1079 3014 anni
1124 2960 1229 3017 379
1282 2963 1455 3031 obiit;
1502 2964 1690 3019 saltem
1737 2965 2022 3021 duodecim

440 3064 706 3105 annorum
734 3052 968 3120 Spatium
995 3051 1137 3105 inter
1157 3066 1293 3122 opus
1315 3052 1497 3107 Basilii
1530 3064 1585 3108 et
1612 3057 2022 3125 responsionem

441 3139 692 3194 Eunomii
731 3139 1109 3205 statuendum,
1147 3157 1215 3196 ne
1248 3151 1329 3197 tot
1377 3144 1715 3214 olympiadas
1738 3187 1753 3211 ,
1799 3163 1933 3216 quas
1965 3149 2020 3204 in
2049 3133 2092 3191 ο

442 3233 546 3287 hac
605 3231 1013 3287 elucubratione
1075 3232 1427 3304 insumpsisse
1469 3236 1764 3294 Eunotnius
1802 3240 2020 3306 dicitur,

439 3321 738 3377 absurdam
777 3324 1251 3393 exaggerationem
1304 3327 1507 3383 habere
1556 3330 1863 3386 videantur.
1932 3333 2026 3387 Vi-

437 3414 640 3466 dentur
672 3428 800 3482 ergo
837 3412 958 3468 libri
988 3416 1041 3469 in
1077 3415 1401 3473 Eunomium
1436 3421 1699 3489 prodiisse
1723 3438 1865 3479 anno
1889 3423 2018 3490 565,

435 3513 534 3554 aut
560 3502 685 3557 564.

510 3640 709 3694 Narrat
739 3641 966 3697 Photins
997 3642 1088 3714 (e)
1116 3642 1459 3712 Eunomium,
1492 3649 1592 3701 etsi
1624 3649 1818 3705 multas
1848 3652 2018 3725 olym-

438 3733 627 3801 piades
660 3734 712 3788 in
738 3734 840 3788 hoc
881 3750 1046 3804 opere
1075 3738 1393 3809 insumpsit,
1427 3742 1554 3794 illud
1594 3752 1773 3799 tamen
1804 3744 2020 3800 vivente

436 3821 639 3877 Basilio
664 3824 981 3892 absolvisse,
1030 3827 1124 3880 sed
1155 3826 1340 3881 sedqu
1386 3831 1601 3883 cavisse
1656 3845 1725 3884 ne
1767 3830 1820 3884 in
1871 3830 2018 3886 illius

438 3928 632 3967 manus
658 3916 986 3982 perveniret,
1016 3931 1078 3972 ac
1106 3917 1225 3972 iidis
1251 3926 1457 3973 tantum
1488 3921 1678 3975 amicis
1726 3921 2018 3991 legendum

436 4005 798 4058 commisisse.
830 4006 990 4060 Addit
1013 4008 1229 4061 easdem
1260 4011 1537 4065 cautiones
1568 4021 1779 4066 mortuo
1821 4010 2019 4068 Basilio

436 4096 710 4151 adhibitus
743 4096 933 4162 fuisse,
969 4100 1219 4168 quamvis
1250 4101 1383 4155 nihil
1410 4102 1521 4171 jam
1553 4104 1902 4157 metuendum
1933 4105 2016 4159 vi-

434 4187 689 4244 deretur:
715 4191 808 4243 sed
833 4202 1009 4245 tamen
1027 4200 1376 4248 consecutum
1402 4210 1507 4248 non
1532 4208 1652 4249 esse
1670 4194 2016 4262 Eunomium,

438 4289 497 4333 ut
521 4295 658 4350 opus
681 4296 787 4334 non
815 4281 1078 4338 incideret
1106 4283 1159 4337 in
1193 4299 1384 4340 manus
1418 4284 1726 4345 Theodori.
1763 4286 2016 4358 Gregorii

434 4370 661 4443 Nysseni
697 4381 751 4427 et
780 4372 1091 4441 Saphronii,
1115 4375 1206 4445 qui
1225 4375 1353 4430 illud
1392 4380 1609 4447 egregie
1635 4376 2012 4450 proﬂigarunt.

438 4465 512 4518 Ex
546 4466 631 4520 his
661 4474 807 4535 patet
836 4481 997 4535 quam
1039 4481 1142 4520 non
1194 4469 1456 4538 pudenter
1495 4469 1789 4523 mentiatur
1830 4470 2010 4524 l’hilo-
2043 4484 2089 4541 ι)

430 4557 709 4626 storgius,
735 4571 856 4611 cum
893 4554 1148 4610 Basiliam
1193 4559 1269 4612 ait
1296 4558 1362 4630 (Ι)
1419 4557 1557 4614 lecto
1602 4560 1763 4627 huius
1791 4575 2014 4629 respon-

430 4649 602 4704 sionis
623 4651 798 4718 primo
826 4649 983 4715 libro,
1007 4649 1310 4719 perculsum
1334 4650 1521 4706 dolore
1539 4667 1569 4707 e
1592 4655 1700 4706 vita
1724 4654 2008 4723 migrasse.

434 4740 680 4792 Secunda
708 4739 797 4792 illa
829 4738 1079 4793 Eunomii
1110 4740 1364 4808 Apologia
1402 4742 1453 4795 in
1490 4752 1599 4795 tres
1635 4743 1802 4798 libros
1837 4745 2015 4798 distri-

431 4830 561 4883 buta
599 4839 748 4894 erat,
785 4832 828 4885 si
871 4830 1064 4886 Photio
1110 4831 1401 4888 credimus.
1451 4834 1704 4904 Quinque
1764 4849 2013 4891 numerat

430 4918 844 4989 Philostorgius.
899 4922 1079 4977 Prima
1119 4937 1246 4976 vero
1286 4925 1448 4979 unico
1479 4926 1662 4979 libello
1689 4930 2011 4982 contineba-

433 5020 540 5063 tur.
578 5007 805 5064 Videtur
844 5010 1076 5070 Basilius
1121 5016 1221 5070 hoc
1264 5030 1400 5085 Opus
1443 5017 1835 5071 monachorum
1885 5035 2012 5072 suo-

430 5116 551 5155 rum
624 5113 818 5170 rogatu
890 5105 1241 5161 refellendum
1307 5109 1632 5176 suscepisse.
1705 5111 1797 5164 Ait
1860 5113 2003 5167 enim

427 5192 505 5262 (β.
533 5191 658 5256 207.
693 5193 821 5265 208)
853 5196 939 5260 iis,
975 5198 1168 5265 quibus
1193 5200 1652 5256 elucubrationem
1677 5216 1830 5258 suam
1872 5220 2008 5257 nnn-

428 5297 610 5353 enpat,
640 5301 698 5340 se
726 5301 914 5341 eorum
939 5304 1122 5344 amore
1149 5292 1338 5347 adduci
1366 5335 1382 5360 ,
1408 5305 1467 5347 ut
1504 5294 1742 5363 ipsorum
1778 5299 2010 5350 manda-

425 5377 499 5428 tis
530 5391 731 5429 nini-em
757 5385 939 5444 gerat;
971 5392 1136 5448 seque
1165 5395 1350 5437 eorum
1378 5385 1645 5455 'precibus
1675 5398 1860 5457 sperat
1885 5390 2001 5445 ido-

494 5652 574 5718 (α)
616 5648 777 5719 Nyss.
813 5668 828 5706 !
867 5650 1089 5709 Eunoni.

492 5724 570 5789 (ιι)
611 5721 737 5789 Ibid.
832 5762 842 5788 ,

492 5788 565 5862 (ι’)
607 5806 624 5846 ι
659 5788 884 5848 Eunom.
911 5812 964 5850 ιι.
996 5794 1046 5851 1.

2132 1860 2244 1928 agit
2281 1858 2532 1928 Basilius,
2583 1862 2727 1932 quod
2778 1863 3063 1919 veritatem
3104 1880 3171 1919 ex
3209 1881 3396 1921 eorum
3432 1869 3523 1938 qui
3564 1885 3724 1925 sum-

2132 1966 2275 2006 mam
2314 1960 2634 2020 potestatem
2670 1953 2873 2009 habent
2911 1957 3215 2024 proditione
3250 1959 3368 2014 laedi
3414 1974 3520 2015 non
3564 1963 3717 2016 sive-‘-

2129 2043 2233 2108 rit,
2260 2044 2353 2098 sed
2382 2054 2476 2114 per
2506 2042 2792 2115 Origenem
2839 2047 3209 2105 defensionem
3248 2054 3492 2107 veritatis
3528 2056 3719 2124 imple-

2130 2136 2291 2188 verit.
2321 2133 2439 2190 Non
2486 2137 2698 2194 dubitat
2732 2141 2860 2209 quin
2897 2141 2967 2195 illi
3006 2143 3115 2197 cito
3147 2157 3489 2211 exarescant,
3518 2147 3720 2219 Orige-

2130 2236 2229 2281 nes
2268 2240 2398 2282 vero
2443 2226 2866 2285 eliiorescentcm
2904 2246 2969 2287 ac
3016 2249 3230 2304 semper
3272 2252 3467 2291 novant
3503 2253 3722 2296 merceé

2130 2315 2250 2371 dem
2304 2331 2334 2370 a
2364 2318 2593 2374 Domino
2623 2334 2985 2392 consequatur
3016 2326 3086 2380 ob
3124 2341 3188 2378 ea
3231 2342 3350 2396 qua:
3396 2344 3494 2397 pro
3542 2331 3719 2400 ipsius

2130 2410 2350 2464 nomine
2388 2408 2598 2466 locutus
2644 2422 2749 2468 est.
2799 2412 3090 2469 Existimat
3128 2410 3505 2475 Tillemontius
3553 2423 3607 2477 id
3645 2424 3719 2479 de

2128 2497 2369 2555 Ecclesia
2402 2503 2652 2556 meritum
2704 2520 2824 2559 esse
2853 2505 3138 2574 Origenent
3163 2550 3178 2575 ,
3208 2521 3267 2562 ut
3302 2526 3423 2564 cum
3461 2510 3716 2571 Julianus

2126 2590 2464 2648 Christianos
2507 2609 2537 2648 a
2583 2594 2894 2651 liberalibus
2943 2598 3245 2669 disciplinis
3297 2614 3541 2670 arceret,
3597 2608 3717 2674 ipse

2127 2685 2382 2740 nonnulla
2439 2686 2497 2741 in
2528 2701 2716 2745 eorum
2744 2705 2948 2762 usum,
2988 2691 3172 2748 itidem
3214 2707 3274 2751 ut
3319 2698 3712 2766 Apollinarius,

2125 2773 2447 2834 elaboraret.

2198 2916 2425 2973 Redolet
2460 2917 2599 2972 idem
2631 2927 2842 2990 tempus
2874 2922 3099 2992 epistola
3136 2923 3199 2978 18
3233 2926 3301 2979 ad
3333 2924 3628 2983 Macarium
3655 2941 3712 2986 et

2126 3006 2420 3074 Joannem,
2468 3026 2603 3080 quos
2629 3026 2751 3066 cum
2787 3014 2952 3067 multa
2994 3015 3335 3073 deterrerent
3374 3021 3440 3074 ab
3467 3025 3707 3078 ascetica

2126 3098 2232 3151 vita
2260 3098 2631 3167 amplectenda
2652 3141 2668 3167 ,
2697 3103 2945 3157 hortatur
2970 3103 3201 3161 Basilius
3235 3119 3292 3161 ut
3330 3125 3428 3163 nec
3451 3126 3547 3167 eos
3575 3128 3711 3167 corr-

2125 3189 2304 3243 tnrbet
2326 3194 2559 3244 mendax
2583 3195 2907 3248 contumelia
2929 3234 2944 3259 ,
2997 3212 3097 3251 nec
3142 3198 3301 3253 mina:
3337 3209 3577 3257 terreant
3608 3220 3707 3259 eo-

2121 3294 2263 3343 rum,
2301 3281 2394 3348 qui
2447 3296 2712 3337 summam
2759 3296 3088 3354 potestatem
3123 3286 3355 3357 habent,
3413 3306 3515 3348 nec
3563 3295 3708 3349 risus

2118 3372 2405 3426 contristet
2449 3384 2542 3428 aut
2591 3378 2920 3431 contumelia
2984 3377 3368 3447 familiarium,
3412 3400 3509 3440 nec
3573 3403 3705 3441 con-

2119 3466 2395 3521 demnatio
2435 3468 2504 3522 ab
2550 3468 2857 3524 hominibus
2897 3487 3082 3526 curam
3126 3484 3182 3527 et
3213 3477 3449 3530 studium
3494 3496 3602 3547 pra:
3641 3496 3702 3538 se

2119 3557 2445 3624 ferentibus,
2495 3576 2524 3612 a
2575 3561 2772 3630 quibus
2838 3560 3137 3617 fortissima
3188 3565 3257 3620 ad
3322 3567 3700 3639 decipiendum

2118 3666 2244 3706 esca
2277 3655 2648 3721 praetettdilur,
2682 3656 2931 3710 simulata
2961 3656 3287 3714 adhortatio.

2196 3789 2325 3846 VIII.
2347 3791 2570 3847 Videtur
2592 3794 2693 3849 sub
2712 3792 2926 3850 Iuliano
2945 3806 3167 3852 sanctus
3180 3795 3410 3854 Basilius
3427 3803 3703 3871 accepisse

2116 3882 2327 3940 litteras
2352 3899 2380 3936 a
2408 3884 2465 3939 S.
2492 3887 2825 3953 Athanasio;
2859 3901 2995 3957 quas
3024 3891 3077 3943 in
3114 3892 3367 3947 manibus
3401 3894 3597 3951 habere
3640 3912 3703 3952 se

2125 3983 2181 4028 et
2226 3977 2640 4043 exposcentibus
2662 3979 2948 4034 ostendere
2974 3990 3202 4036 testatur
3231 3983 3282 4037 in
3308 3984 3533 4053 epistola
3564 3986 3699 4057 205,

2121 4081 2176 4120 ιι.
2205 4066 2260 4120 6.
2288 4068 2341 4119 In
2373 4068 2456 4122 his
2481 4068 2673 4123 litteris
2707 4081 2927 4125 sanctus
2949 4075 3325 4130 Athanasiusa
3352 4077 3548 4133 Basilio
3575 4096 3704 4136 con:

2118 4160 2292 4212 sultus
2306 4159 2451 4216 clare
2467 4163 2871 4229 pronuntiabat.
2889 4162 2952 4219 Si
2965 4167 3080 4235 quis
3097 4183 3162 4221 εει·
3179 4171 3491 4224 Arianorum
3509 4172 3701 4228 luctui

2118 4252 2393 4322 transferri
2442 4255 2684 4323 voluerit,
2733 4259 2890 4327 ﬁdem
2941 4260 3214 4317 Nicaznam
3248 4266 3536 4334 conﬁtens,
3575 4287 3698 4325 eum

2121 4344 2503 4397 admittendum
2537 4362 2646 4399 esse
2668 4385 2684 4409 ,
2705 4364 2796 4402 nec
2830 4351 2886 4402 in
2922 4367 2982 4404 eo
3009 4353 3300 4420 recipiendo
3325 4358 3697 4418 Ita'sitandum.

2121 4432 2290 4503 llujus
2313 4436 2516 4490 decreti
2549 4440 2726 4493 socios
2760 4441 2964 4498 citabat
2988 4443 3323 4502 Athanasius
3358 4459 3415 4504 et
3445 4449 3695 4510 Macedo-

2118 4525 2219 4579 uiae
2249 4534 2305 4580 et
2329 4525 2549 4582 Achaiae
2575 4528 2859 4599 episcopos
2883 4546 3095 4588 omnes.

2183 4659 2295 4716 Cur
2325 4662 2424 4719 has
2448 4663 2659 4722 litteras
2697 4667 2763 4722 ad
2817 4670 2920 4724 hoc
2971 4679 3187 4740 tempus
3226 4673 3480 4739 referam.
3514 4679 3697 4749 potius

2115 4766 2276 4820 quam
2307 4754 2373 4807 ad
2402 4770 2600 4809 annum
2635 4758 2759 4825 δτι,
2793 4774 2903 4815 non
2948 4760 3160 4816 infirma
3204 4775 3495 4833 suppetunt
3529 4770 3698 4825 ratioo

2115 4859 2240 4896 num
2262 4855 2552 4901 momenta.
2570 4848 2622 4900 ι·
2636 4845 2770 4903 Cum
2784 4865 3042 4906 .sancunn
3060 4856 3412 4911 Athanasium
3428 4861 3697 4917 consuluit

2112 4931 2342 4990 Basilius
2367 4952 2508 4993 anno
2534 4938 2659 5001 57l,
2688 4940 2801 5010 jam
2834 4945 3036 4998 moveri
3074 4956 3319 5014 cmperat
3359 4951 3588 5018 quaestio
3629 4953 3697 5006 de

2113 5024 2317 5092 Spiritu
2352 5038 2573 5095 sancto,
2604 5046 2726 5099 quae
2752 5030 3011 5088 anilium
3057 5036 3256 5107 aliquid
3298 5040 3421 5094 tidei
3464 5039 3695 5099 Niczenze

2110 5115 2309 5169 addere
2336 5117 2528 5187 coegit.
2551 5120 2620 5174 At
2644 5122 2835 5177 litterae
2864 5125 2931 5177 de
2956 5127 3153 5195 quibus
3177 5144 3320 5183 nunc
3353 5132 3585 5200 agimus,
3612 5135 3694 5185 ni-

2109 5206 2184 5259 hil
2233 5222 2456 5275 prorsus
2507 5211 2809 5269 addendum
2841 5220 3265 5286 prtescribebant
3299 5241 3311 5275 :
3345 5223 3488 5291 quod
3524 5240 3692 5295 argus

2111 5307 2292 5353 mento
2321 5309 2407 5354 est
2438 5300 2571 5354 nihil
2600 5318 2662 5357 ea
2692 5306 2758 5361 de
2789 5323 2847 5362 rc
2874 5310 3207 5367 sciscitatum
3253 5328 3374 5369 esse
3402 5315 3601 5370 aniliu
3615 5334 3688 5385 ιιι,

2106 5390 2200 5443 sed
2239 5397 2447 5445 tantnnt
2493 5394 2558 5449 dc
2587 5395 2652 5450 iis
2692 5399 2784 5467 qui
2822 5401 2890 5455 ab
2933 5404 3254 5460 Arianorum
3308 5408 3497 5463 bmresi
3555 5409 3693 5464 redi»-

2178 5665 2253 5729 (d)
2294 5666 2423 5724 Ibid.
2454 5667 2541 5722 86.

2177 5736 2246 5806 (ε)
2285 5735 2416 5790 Cod.
2451 5740 2573 5794 158.

2174 5808 2238 5878 ll)
2278 5806 2395 5895 Lib:
2424 5824 2539 5892 vni,
2574 5827 2627 5867 ιι.
2663 5810 2747 5895 12.
