3958 6212
1634 331 1796 385 VITA
1828 331 1888 386 S.
1925 330 2189 388 BASILII.

3337 357 3519 397 ιιινιι

265 445 422 499 bant.
456 443 517 497 2'
554 443 779 498 (litabat
826 446 1160 499 Athanasius
1207 446 1371 516 hujus
1420 449 1623 503 decreti
1670 452 1849 505 socius
1878 449 2182 514 AJuliano.
2232 450 2368 504 Erat
2426 451 2569 505 enim
2622 451 2751 506 illud
2805 463 3055 522 tempus,
3112 456 3213 510 etsi
3269 459 3521 515 omnibus

264 536 599 590 Macedonia:
652 546 707 590 et
757 537 983 589 Achaia:
1017 538 1301 607 episcopos
1336 555 1548 604 omnes,
1584 542 1671 609 qui
1708 541 1849 595 idem

264 625 461 694 procul
495 626 660 679 dubio
709 627 763 678 in
800 627 1053 679 conciliis
1100 628 1214 682 suis
1246 638 1572 683 statuerant.
1616 633 1682 684 At
1712 632 1850 684 nihil

263 733 492 785 prorsus
552 718 771 770 dicebat
829 719 895 769 de
949 719 1174 771 aliarmn
1233 723 1497 788 gentium,
1552 738 1743 791 nempe
1794 726 1846 777 in

256 807 439 861 Gallia
468 819 524 861 et
549 808 809 876 Hispania
844 818 900 877 et
918 810 1138 877 ubique,
1173 812 1461 882 episc0pis,
1484 816 1679 882 quibus
1707 818 1849 871 idem

260 900 543 967 placuisse
580 911 813 954 testatur
848 901 901 953 in
937 903 1161 969 epistola
1197 905 1261 956 ad
1289 904 1674 959 Ruﬂiuianum.
1712 907 1849 962 Num

260 990 435 1058 igitur
489 992 547 1043 S.
586 992 946 1044 Athanasium
984 993 1225 1048 dicemus
1276 1006 1353 1047 tot
1401 998 1725 1065 synodorum
1758 1002 1851 1052 de-

256 1094 416 1135 creta
478 1083 880 1149 imprudentem
939 1086 1213 1150 omisisse,
1278 1095 1371 1141 aut
1424 1088 1705 1153 Basiliam,
1756 1092 1849 1159 qui

259 1176 412 1229 illius
438 1176 729 1243 epistolam
773 1179 824 1229 in
861 1180 1114 1233 manibus
1148 1181 1475 1243 habebat,et
1506 1186 1846 1251 exposcenti-

259 1266 371 1320 bus
419 1266 633 1319 solebat
684 1272 995 1333 ostendere,
1037 1272 1162 1339 quid
1215 1274 1265 1325 in
1309 1288 1370 1326 ea
1402 1276 1665 1343 scriptum
1702 1287 1847 1331 esset

257 1358 607 1411 nescivisse?
642 1358 699 1412 LI
751 1360 999 1427 profecto
1041 1361 1340 1417 verisimile
1390 1381 1495 1419 non
1548 1368 1623 1420 lit.
1670 1367 1849 1433 Quare

258 1449 426 1515 longe
470 1451 651 1504 satius
690 1461 775 1505 est
818 1454 1103 1520 epistolam
1158 1455 1215 1509 S.
1264 1457 1547 1511 Athanasii
1593 1463 1846 1530 scriptam

254 1539 488 1608 quidem
540 1550 664 1608 post
705 1545 945 1609 synodos
994 1543 1048 1596 in
1084 1542 1321 1615 [Egypto
1356 1557 1411 1602 et
1456 1548 1765 1603 Macedonia
1796 1559 1851 1604 et

257 1634 474 1686 Achaia
514 1634 818 1689 Celebratas
864 1637 1201 1703 existimare,
1245 1640 1339 1693 sed
1374 1651 1663 1709 antequam
1712 1658 1847 1697 con-

260 1725 395 1777 cilia
426 1728 618 1778 eadem
651 1726 716 1778 de
747 1742 804 1780 re
834 1727 887 1779 in
922 1727 1178 1797 Hispania
1208 1739 1263 1783 et
1289 1730 1460 1786 Gallia
1488 1745 1539 1786 et
1572 1734 1692 1789 aliis
1717 1735 1847 1788 locis

1954 540 2275 595 Christianis
2326 543 2631 605 molestum,
2690 544 3007 599 orthodoxis
3040 554 3218 600 tamen
3269 550 3335 602 ad
3397 550 3523 605 ﬁdei

1953 632 2269 695 catholicae,
2337 648 2497 701 quam
2557 634 2827 690 haereticis
2887 634 3257 693 defensionem
3319 642 3524 696 erroris

1952 722 2308 775 commodius.
2344 722 2450 775 Sed
2486 732 2662 775 tamen
2696 739 2818 775 cum
2849 740 2943 777 sua
2974 737 3166 794 sponte
3209 744 3313 782 non
3358 746 3522 798 repu-

1951 818 2101 875 gnat,
2151 818 2209 862 ut
2258 810 2547 879 Gregorius
2600 812 2989 878 paciﬁcationis
3019 830 3181 873 causa
3220 818 3384 870 etiam
3415 822 3518 871 sub

1948 895 2161 950 Iuliano
2194 890 2433 953 ldrmulte
2463 901 2620 954 alicui
2646 917 2752 953 non
2782 880 2926 955 sana:
2955 902 3373 974 subscripserit;
3410 918 3523 961 tum

1953 1002 2082 1040 vero
2112 1004 2235 1041 eum
2297 1000 2423 1043 tunc
2456 992 2847 1059 subscripsisse
2888 994 3001 1047 haec
3039 998 3273 1051 maxime
3304 1000 3525 1053 demon-

1952 1086 2089 1130 strat
2120 1079 2278 1144 ratio,
2321 1081 2462 1148 quod
2504 1085 2751 1137 monachi
2788 1083 3114 1139 Nazianzeni
3145 1088 3328 1141 statim
3361 1099 3525 1159 atque

1951 1168 2277 1237 subscripsit
2320 1171 2386 1223 ab
2433 1171 2548 1237 ejus
2593 1177 2974 1229 comnmnione
3002 1178 3390 1245 discesserunt,
3423 1194 3528 1235 nec

1959 1268 2136 1311 tamen
2172 1269 2293 1312 ante
2334 1261 2459 1315 illud
2491 1265 2633 1331 quod
2671 1266 2777 1318 dixi
2816 1279 3028 1335 tempus
3059 1269 3447 1324 discesserunt.

2022 1347 2267 1402 Nondum
2311 1352 2555 1418 profecto
2598 1356 2847 1408 monachi
2888 1355 3253 1411 discesserant
3290 1374 3320 1412 a
3369 1374 3521 1421 cam-

1953 1439 2205 1492 munione
2265 1441 2503 1509 episc0pi
2569 1442 2922 1511 Nazianzeni,
2982 1465 3106 1502 cum
3158 1449 3453 1520 Gregorius
3490 1466 3523 1509 ο

1951 1528 2122 1583 Ponto
2156 1531 2370 1585 rediens
2405 1548 2545 1587 anno
2580 1535 2685 1589 362
2717 1552 2984 1593 summam
3012 1540 3264 1596 Ecclesia:
3292 1541 3526 1599 Nazian-

1952 1635 2097 1676 zena:
2150 1625 2494 1677 concordiam
2550 1626 2796 1681 laudaret
2860 1631 2912 1683 in
2978 1634 3212 1687 secunda
3277 1635 3523 1689 oratione

1952 1714 2029 1782 (p.
2057 1712 2166 1769 48).
2200 1714 2412 1769 Recens
2441 1726 2559 1771 erat
2590 1720 2847 1774 tumultus
2874 1738 2995 1775 cum
3024 1726 3288 1782 scriberet
3318 1729 3524 1783 oratio-

258 1814 633 1877 haberenwr’
675 1828 768 1869 aut
814 1793 1233 1874 sanem'habila
1272 1824 1656 1879 nuntiarentur
1681 1826 1850 1880 Alba.
1879 1793 1922 1848 Β
1952 1818 2074 1857 nem
2109 1806 2349 1872 tertiam,
2381 1822 2502 1875 qua:
2538 1811 2709 1876 prima
2744 1823 2827 1865 est
2858 1812 2911 1866 in
2942 1814 3237 1871 Julianum.
3274 1818 3347 1872 Ibi
3378 1820 3525 1874 enim

262 1907 446 1959 nasio.
473 1907 531 1959 5·
556 1907 843 1964 Rationem
879 1912 1055 1966 reddit
1086 1912 1341 1980 Basilius,
1379 1930 1477 1969 cur
1504 1917 1848 1973 Eustathium

262 1999 333 2050 ad
383 2013 539 2051 suam
574 2002 1015 2055 communionem
1056 2005 1385 2060 admisisset.
1408 2006 1523 2064 Non
1565 2011 1707 2063 enim
1741 2011 1850 2065 dif-

262 2089 411 2142 ﬁcile
434 2089 884 2146 estEustathium
916 2093 998 2146 his
1013 2097 1192 2150 verbis
1219 2097 1491 2168 depictum
1515 2116 1846 2169 agnoscere:

263 2180 332 2235 Si
364 2199 495 2249 quos
521 2183 832 2251 aliquando,
864 2186 1043 2255 inqttit
1066 2187 1321 2254 Basilius,
1350 2193 1413 2244 ab
1442 2194 1569 2247 Aria
1595 2197 1849 2263 magistro

262 2273 535 2340 profectos
572 2275 631 2327 in
671 2281 1087 2333 communionem
1125 2284 1457 2350 admisimus,
1491 2288 1729 2341 morbum
1766 2291 1849 2343 in-

264 2364 402 2416 timo
447 2367 606 2418 corde
660 2370 978 2424 occultantes
1008 2384 1053 2424 et
1092 2376 1181 2440 pia
1232 2378 1386 2430 verba
1435 2377 1719 2447 loquentes,
1756 2390 1849 2433 aut

263 2465 412 2508 certe
450 2457 518 2509 iis
545 2474 662 2525 qua:
691 2476 722 2511 a
753 2462 897 2515 nobis
926 2463 1229 2519 dicebantur
1259 2484 1362 2521 non
1398 2473 1851 2539 repugnantes,ita

263 2549 655 2614 suscepimus:
693 2566 810 2602 cum
863 2568 967 2606 non
1018 2570 1168 2609 omne
1220 2558 1285 2611 de
1340 2558 1532 2613 talibus
1578 2561 1848 2629 judicium

267 2638 425 2691 nobis
458 2640 583 2700 ipsis
608 2643 1040 2712 permitteremus,
1079 2649 1168 2700 sed
1197 2654 1531 2714 sententiam,
1563 2669 1681 2721 (ματ
1706 2657 1853 2722 prius

266 2729 391 2781 lata
430 2731 497 2783 de
525 2730 634 2784 illis
675 2733 847 2801 fuerat
894 2751 927 2788 a
964 2738 1201 2805 patribus
1246 2743 1463 2806 nostris,
1498 2760 1849 2812 sequeremur.

265 2817 395 2887 Ego
434 2822 573 2873 enim
614 2840 730 2877 cum
772 2828 1081 2894 accepissem
1117 2828 1321 2885 litteras
1356 2833 1641 2887 beatissimi
1684 2838 1851 2903 patris

266 2909 702 2967 Atltanasii......
762 2929 908 2967 ratus
942 2933 1144 2971 necesse
1176 2937 1286 2974 esse
1320 2931 1527 2975 tantum
1556 2926 1729 2977 virum
1760 2943 1845 2980 se-

266 3000 367 3065 qui
399 2999 462 3050 ob
493 3016 670 3054 eorum
718 3006 806 3072 qui
851 3006 1013 3073 legem
1045 3009 1293 3074 tulerant,
1336 3016 1729 3080 auctoritatem,
1770 3019 1850 3071 si—

268 3090 491 3157 mulque
517 3093 728 3160 cupiens
759 3097 1142 3163 paciﬁcationis
1168 3105 1455 3158 mercedem
1481 3110 1746 3176 consequi,
1781 3110 1848 3176 ﬁ-
1876 3136 1917 3193 ο

268 3181 395 3231 dem
436 3181 581 3234 illam
621 3185 925 3252 confitentes
953 3191 1274 3246 ascribebam
1306 3211 1522 3251 numero
1556 3203 1849 3254 communi-

270 3284 541 3327 carorum.
585 3274 935 3331 Adduxerunt
983 3296 1114 3353 ergo
1151 3285 1412 3343 Basilium
1444 3290 1728 3347 Athanasii
1762 3294 1851 3347 lit-

275 3373 434 3427 terae,
476 3374 534 3418 ut
582 3383 704 3421 cum
754 3370 1035 3429 Eustathio
1081 3380 1540 3448 communicaret;
1589 3390 1644 3437 et
1692 3394 1849 3439 ante—

271 3467 445 3519 quam
480 3454 578 3510 has
625 3462 899 3529 acciperet
941 3466 1171 3530 litteras,
1219 3468 1458 3525 incertus
1510 3482 1631 3527 erat
1666 3484 1849 3529 utrum

276 3546 549 3600 Iinstathii
589 3553 1025 3609 communionem
1078 3569 1247 3611 necne
1280 3560 1616 3616 admitteret.
1666 3562 1719 3618 Id
1753 3580 1851 3618 au-

278 3647 389 3688 tem
422 3639 639 3695 minime
667 3645 920 3713 congruit
969 3662 1112 3701 anno
1139 3648 1264 3704 571.
1302 3650 1455 3707 Tunc
1486 3653 1630 3707 enim
1671 3656 1851 3710 nullas

278 3728 537 3797 habebat,
584 3743 677 3788 aut
716 3737 906 3792 saltem
958 3741 1131 3797 nullas
1179 3743 1282 3797 sibi
1324 3744 1528 3801 habere
1560 3747 1849 3803 videbatur

276 3819 583 3889 ambigendi
612 3839 804 3878 causas
833 3845 846 3879 :
878 3837 932 3881 et
965 3843 1084 3883 cum
1117 3830 1277 3901 longe
1322 3842 1447 3888 ante
1491 3850 1690 3891 annum
1721 3838 1848 3903 571,

278 3908 438 3965 tirma
474 3927 593 3966 cum
620 3914 900 3972 Eustatbio
943 3924 1321 3977 communione
1349 3933 1403 3978 et
1447 3927 1682 3982 amicitia
1715 3945 1848 3984 con-
1892 3937 1911 3958 ⁶

270 4002 493 4067 junctus
525 4018 702 4075 esset;
742 4026 1084 4081 nequaquam
1133 4028 1258 4069 eum
1309 4016 1505 4072 litterae
1555 4020 1659 4073 hoc
1707 4036 1850 4077 anno

277 4104 514 4162 accepta:
535 4098 600 4150 ad
628 4101 761 4155 hanc
785 4106 1217 4159 communionem
1242 4107 1511 4163 adducere
1535 4119 1846 4177 potuerunt.

277 4181 385 4233 Sed
423 4197 545 4236 cum
589 4186 919 4255 Eustathius,
950 4208 1094 4247 anno
1120 4195 1245 4259 560,
1286 4197 1695 4266 subscripsisset
1738 4201 1850 4257 lor-

278 4273 439 4326 Inula:
472 4274 1108 4351 Constantinopolitanm,
1166 4302 1227 4339 ac
1263 4286 1364 4341 sub
1396 4287 1608 4344 Juliano
1650 4293 1851 4346 rediret

276 4380 341 4417 ex
378 4366 644 4421 Dardania
677 4371 752 4437 (in
781 4373 920 4427 hanc
949 4377 1091 4429 enim
1124 4378 1403 4447 regionem
1435 4380 1705 4449 relegatus
1734 4384 1851 4437 lue-

281 4456 424 4527 rat),
458 4475 652 4529 magna
686 4465 1002 4521 deliberatio
1034 4468 1224 4523 incidit
1259 4470 1480 4537 Basilio,
1519 4474 1847 4542 quibusnam
1876 4476 1920 4530 D

277 4551 678 4608 conditionibus
717 4569 839 4609 cum
887 4574 952 4612 eo
980 4563 1425 4618 communicaret.
1473 4564 1605 4617 Nam
1634 4582 1755 4620 cum
1788 4584 1846 4623 se

279 4639 506 4696 Basilius
532 4646 720 4699 eadem
770 4650 837 4702 de
880 4665 1039 4704 causa
1088 4653 1157 4705 ab
1210 4654 1445 4722 episcopi
1495 4656 1847 4715 Ctesariensis

276 4735 659 4788 communione
720 4741 1071 4803 removisset,
1129 4752 1330 4795 temere
1386 4759 1507 4795 cum
1562 4744 1846 4802 Eustatbio

276 4826 681 4881 communicare
713 4844 818 4883 non
850 4832 1052 4885 debuit.
1100 4834 1280 4897 Quare
1312 4834 1470 4902 digna
1508 4849 1594 4888 res
1632 4847 1750 4890 erat
1781 4838 1846 4893 de

274 4932 379 4984 qua
432 4918 497 4971 ad
541 4920 902 4974 Athanasium
954 4924 1183 4977 referret
1222 4942 1234 4975 :
1272 4940 1372 4978 nec
1432 4925 1575 4978 aliud
1637 4937 1846 4995 tempus

274 5010 444 5075 magis
487 5010 741 5064 idonemn
793 5015 875 5066 bis
926 5014 1069 5069 inter
1103 5016 1463 5070 Athanasium
1502 5029 1555 5071 et
1588 5018 1843 5073 Basilium

272 5098 467 5154 litteris
500 5105 769 5171 assignari
812 5116 1011 5171 potest.

342 5192 431 5244 IX.
468 5192 577 5247 lter
612 5196 666 5248 in
702 5196 932 5249 Pontum
966 5196 1180 5251 videtur
1210 5200 1520 5269 suscepisse
1551 5200 1845 5264 Gregorius

272 5286 372 5338 sub
409 5286 569 5339 linem
602 5288 816 5357 imperii
844 5290 1076 5356 Juliani;
1117 5307 1306 5359 nempe
1338 5308 1459 5345 cum
1492 5293 1658 5360 ipsius
1692 5304 1844 5361 pater

273 5391 357 5440 eo,
389 5388 445 5429 ut
472 5380 603 5431 satis
630 5396 725 5449 per
746 5398 803 5434 se
828 5394 995 5450 patet,
1024 5385 1247 5438 absente
1279 5383 1601 5451 subscripsit
1629 5386 1842 5438 cuidam

273 5466 537 5533 formulae,
568 5487 689 5539 qua:
738 5487 961 5541 magnas
1002 5476 1054 5527 in
1086 5474 1314 5528 ecclesia
1345 5471 1687 5527 Nazianzena
1731 5484 1844 5528 tur-

274 5557 369 5611 bas
398 5562 715 5627 commovit,
741 5579 806 5617 ac
832 5564 1110 5617 monachis
1134 5564 1315 5618 locum
1346 5564 1492 5617 dedit
1515 5565 1582 5618 ab
1604 5564 1842 5633 episcopi

270 5649 351 5703 sui
396 5654 781 5708 communione
827 5656 1158 5709 discedendi.
1211 5653 1405 5709 Mirum
1456 5669 1589 5708 sane
1639 5669 1704 5709 ac
1752 5655 1841 5707 vix

272 5738 531 5798 credibile
588 5742 858 5810 ejusmodi
914 5746 1333 5813 subscriptionis
1389 5746 1692 5816 exemplum
1742 5746 1842 5801 sub

585 5836 859 5898 ΡΑτιιοι..
907 5838 1023 5900 Gn.
1074 5839 1312 5901 XXIX.

1948 1896 2028 1949 sic
2061 1895 2294 1965 loquitur
2321 1898 2401 1968 (p.
2444 1900 2530 1971 35)
2563 1922 2575 1953 :
2608 1902 2730 1955 Εἴθε
2777 1922 2865 1974 μοι
2914 1907 3005 1959 τοῦ
3051 1910 3209 1979 χοροῦ
3256 1912 3420 1983 μέρος
3456 1908 3525 1984 ἦν

1950 1987 2166 2041 κάκεῖνο
2207 1990 2266 2042 τὸ
2299 1990 2567 2062 σύστημα,
2595 1994 2623 2046 ὃ
2652 1998 2746 2048 σὺν
2772 1999 2900 2067 ἡμῖν
2933 2001 3071 2062 τέως
3097 2000 3173 2071 τῷ
3205 2002 3322 2073 Θεῷ
3352 2020 3524 2075 προσ-

1955 2079 2079 2149 ᾴδον
2142 2083 2201 2134 οὐ
2250 2083 2502 2155 κίϐδηλον
2548 2087 2723 2160 ᾠδὴν,
2774 2091 2895 2143 οὐδὲ
2947 2093 3221 2165 ἀδόκιμον,
3256 2096 3391 2150 ἀλλὰ
3431 2101 3526 2151 καὶ

1949 2172 2048 2240 τῆς
2076 2172 2254 2239 δεξιᾶς
2288 2192 2417 2229 ποτε
2446 2178 2687 2243 στάσεως
2724 2181 3058 2254 ἀξιούμενον,
3097 2189 3332 2242 πιστεύω
3363 2190 3420 2242 δὲ
3442 2192 3525 2244 ὅτι

1951 2264 2043 2315 καὶ
2076 2267 2191 2334 μετ’
2236 2266 2413 2334 ὀλίγον
2458 2268 2913 2343 ἀξιωθησόμενον,
2950 2278 3049 2330 οὐκ
3078 2274 3173 2331 οἶδ’
3202 2281 3282 2332 ὃτι
3332 2282 3523 2346 παθὸν,

1950 2355 2208 2428 ἐξαίφνης
2282 2359 2684 2431 μεθαρμόζεταί
2722 2382 2780 2417 τε
2832 2367 2926 2419 καὶ
2976 2369 3394 2437 μετατάττεταιο
3432 2374 3526 2426 καὶ

1949 2447 2069 2499 οὐδὲ
2099 2450 2201 2501 ὑπὸ
2234 2451 2334 2520 τῆς
2384 2454 2744 2525 εὐφροσύνης,
2787 2458 2814 2509 ὃ
2860 2459 2952 2510 καὶ
2995 2459 3259 2529 θαυμάζω
3302 2462 3524 2532 μᾶλλον,

1952 2540 2031 2602 εἰς
2052 2543 2248 2595 ταύτὸν
2279 2543 2517 2615 ἔρχεται.
2570 2548 2738 2617 Atque
2767 2552 2975 2604 utinam
3005 2552 3093 2606 ille
3122 2570 3324 2622 quoque
3360 2568 3523 2610 coetus

1952 2634 2020 2685 ad
2062 2633 2278 2687 chorum
2317 2651 2553 2690 nostrum
2588 2657 2641 2692 se
2691 2642 3024 2711 adjungeret,
3070 2647 3181 2714 qui,
3228 2662 3343 2699 cum
3378 2648 3525 2715 prius

1952 2726 2242 2779 cantionem
2274 2728 2683 2803 haudquaquam
2718 2732 3073 2787 adulterinam
3124 2747 3277 2804 atque
3323 2738 3525 2807 ignobi-

1954 2814 2053 2867 lem
2082 2818 2351 2870 uobiscum
2384 2817 2493 2871 Deo
2521 2823 2799 2885 accineret,
2830 2840 2892 2875 ac
2921 2827 3105 2879 dextro
3137 2830 3401 2896 quondam
3434 2848 3525 2882 ur-

1954 2903 2077 2956 dine
2114 2906 2303 2973 dignus
2368 2908 2667 2973 haberetur,
2730 2924 2884 2980 atque
2940 2915 3118 2980 etiam,
3183 2926 3237 2969 ut
3287 2919 3523 2986 conﬁde.

1954 2993 2091 3047 brevi
2118 2995 2410 3065 habebitur,
2444 3002 2590 3054 haud
2621 3004 2729 3056 scio
2756 3020 2859 3072 qua
2885 3021 2939 3058 re
2971 3016 3282 3071 commotus,
3318 3019 3524 3076 repente

1954 3094 2169 3138 cantum
2203 3088 2257 3140 in
2287 3090 2550 3145 diversum
2577 3104 2762 3157 mutat,
2801 3095 3007 3165 alioque
3033 3098 3203 3164 gradu
3243 3108 3399 3167 atque
3431 3116 3522 3153 or-

1950 3176 2071 3229 dine
2096 3193 2205 3232 sese
2226 3179 2481 3246 collocat;
2517 3200 2579 3236 ac
2606 3201 2667 3237 ne
2699 3188 2759 3237 ob
2794 3202 3118 3241 communem
3143 3189 3353 3257 quidem
3384 3191 3522 3245 (teti-

1950 3267 2078 3320 tiam
2122 3269 2284 3338 (quod
2325 3275 2485 3327 etiam
2543 3278 2708 3345 magis
2763 3278 2948 3349 miror)
2998 3279 3192 3333 adduci
3246 3290 3413 3349 potest
3465 3294 3521 3337 ut

1950 3361 2217 3415 nobiscum
2252 3365 2624 3435 conjungatur.
2656 3369 2749 3423 IIis
2780 3380 2931 3425 certe
2973 3373 3216 3439 vocibus,
3252 3389 3369 3427 cum
3396 3376 3521 3429 hac-

1950 3459 2101 3505 tenus
2143 3452 2250 3507 Deo
2284 3458 2578 3511 cantionem
2621 3460 2881 3515 accineret
2914 3463 3211 3528 nobiscum,
3237 3465 3408 3518 subito
3448 3466 3520 3519 ad

1950 3542 2111 3599 aliam
2136 3548 2550 3601 communionem
2575 3552 2892 3620 prorumpit,
2930 3568 3120 3607 recens
3160 3567 3281 3609 esse
3314 3555 3521 3609 indicat

1951 3633 2339 3689 monachorum
2386 3636 2613 3692 factum.
2655 3636 2753 3694 His
2788 3642 2927 3694 adde
2957 3658 3105 3712 spem
3137 3643 3349 3699 illorum
3380 3648 3523 3702 redi-

1951 3733 2058 3788 tus,
2104 3740 2368 3781 summam
2419 3724 2716 3797 lenitatem,
2756 3748 2861 3800 qua
2906 3748 3000 3788 eos
3032 3746 3089 3788 ut
3138 3737 3379 3792 membra
3419 3753 3521 3794 sua

1950 3814 2361 3882 contplectitur;
2389 3826 2444 3871 et
2466 3821 2610 3888 quod
2637 3821 2713 3874 ait
2742 3821 2796 3875 in
2827 3834 2967 3878 orat.
2996 3822 3081 3887 19,
3118 3841 3171 3892 p.
3212 3825 3338 3891 196,
3361 3837 3519 3885 etor.

1952 3907 2039 3971 19,
2082 3923 2134 3977 p.
2171 3909 2299 3971 297,
2340 3913 2634 3967 monachos
2670 3914 2909 3967 omnium
2957 3927 3258 3981 postremos
3315 3918 3521 3974 disces-

1951 4000 2108 4055 sisse.
2139 4001 2214 4054 Ex
2246 4002 2330 4057 his
2363 4014 2540 4058 autem
2572 4006 2730 4058 simul
2762 4008 3023 4074 probatur
3054 4023 3158 4061 non
3191 4007 3360 4063 multo
3389 4020 3518 4065 ante

1951 4091 2337 4161 subscripsisse
2364 4093 2704 4163 Gregorium.
2726 4094 2881 4162 Nam,
2910 4099 2957 4151 si
2984 4100 3394 4169 subscripsisset
3419 4104 3519 4156 sub

1950 4180 2269 4237 Constantio
2312 4198 2456 4237 anno
2504 4184 2608 4238 560
2656 4187 2737 4240 vel
2775 4188 2900 4252 561,
2950 4190 3220 4257 quomodo
3268 4192 3520 4247 monachi

1950 4274 2375 4344 indignationem
2433 4292 2588 4330 suam
2637 4293 2808 4346 usque
2853 4280 2918 4331 ad
2972 4296 3173 4334 annum
3221 4281 3327 4337 565
3356 4282 3521 4337 corda

1951 4367 2311 4435 pressissent?
2352 4377 2443 4421 aut
2482 4368 2527 4421 si
2570 4368 2753 4421 tandiu
2801 4382 3135 4437 preSscsunt,
3186 4388 3285 4427 cur
3313 4373 3519 4427 disces-

1950 4456 2155 4510 sionem
2186 4458 2369 4512 subito
2397 4468 2450 4510 et
2489 4458 2751 4527 prmcipiti
2783 4462 3010 4515 consilio
3038 4464 3288 4517 attribuit
3314 4463 3522 4533 Grego-

1950 4547 2098 4602 rius?
2143 4548 2372 4602 Eosdcm
2404 4562 2559 4604 vocat
2587 4552 2900 4610 calidiosetn
2938 4553 3193 4609 Ecclesia:
3222 4562 3428 4623 partem
3462 4554 3519 4607 in

1948 4638 2193 4692 oratione
2232 4637 2319 4702 l‘J,
2355 4654 2478 4708 pag.
2522 4640 2648 4695 9.97.
2680 4640 2990 4695 Generatim
3037 4644 3101 4697 de
3127 4644 3374 4697 omnibus
3402 4660 3520 4700 mo-

1948 4731 2136 4784 nachis
2165 4731 2239 4783 ait
2268 4733 2321 4783 in
2350 4742 2488 4788 orat.
2516 4733 2608 4797 9.1,
2639 4750 2691 4802 p.
2722 4735 2846 4799 588,
2875 4752 2968 4788 eos
2996 4736 3048 4787 in
3075 4736 3195 4788 aliis
3228 4738 3392 4791 rebus
3418 4753 3517 4807 pa-

1948 4834 2097 4877 catos
2123 4835 2177 4876 et
2208 4825 2512 4877 moderatos
2552 4842 2693 4891 esse,
2735 4827 2832 4880 hac
2875 4828 2925 4878 in
2962 4842 3019 4880 re
3054 4826 3200 4881 lenes
3231 4839 3286 4881 et
3326 4828 3519 4887 faciles

1949 4930 2052 4966 non
2081 4930 2220 4979 esse,
2259 4931 2379 4968 cum
2420 4930 2512 4983 per
2556 4915 2830 4968 silentium
2863 4928 2917 4970 et
2941 4918 3178 4985 quietem
3221 4918 3315 4973 Dei
3351 4936 3513 4976 causa

1948 5007 2216 5073 proditur,
2249 5008 2341 5061 sed
2382 5010 2613 5063 bellaces
2647 5019 2699 5063 et
2730 5010 2784 5061 in
2812 5010 3147 5078 conﬂigendo
3174 5025 3327 5066 acres
3350 5021 3404 5066 et
3431 5012 3514 5067 fe—

1950 5114 2122 5153 roces.
2175 5098 2306 5151 Cum
2354 5100 2437 5152 bis
2480 5116 2586 5153 non
2618 5100 2850 5168 quadrat
2892 5100 3258 5156 dissimulatio
3284 5102 3514 5170 plurium

1946 5206 2246 5256 annorum,
2295 5208 2458 5259 quam
2509 5194 2789 5246 monachis
2856 5192 3216 5248 Nazianzenis
3270 5194 3519 5248 attribuit

1948 5282 2341 5345 'l'illemontius,
2370 5298 2494 5336 cum
2521 5282 2843 5353 Gregorium
2872 5286 2974 5340 sub
2988 5284 3304 5341 Constantio
3329 5285 3517 5341 existi-

1946 5383 2059 5425 mat
2085 5373 2493 5443 subscripsisse.

2018 5466 2286 5520 l’raaterca
2318 5483 2537 5521 causam
2585 5470 2958 5525 subscribendi
3002 5486 3107 5526 non
3145 5470 3341 5539 repetit
3378 5468 3517 5526 Gre-

1944 5562 2123 5627 gorius
2158 5574 2223 5613 ex
2254 5559 2420 5628 jussis
2446 5560 2567 5615 aula
2590 5561 2851 5630 profectis
2882 5572 2973 5616 aut
2999 5578 3067 5617 ex
3094 5578 3275 5617 rerum
3303 5572 3519 5631 pertur-

1943 5650 2181 5714 batione,
2226 5666 2347 5719 quae
2394 5660 2524 5707 tunc
2573 5669 2783 5707 summa
2830 5652 2953 5718 fuit,
3006 5654 3099 5709 sed
3146 5669 3213 5709 ex
3243 5652 3514 5708 desiderio

1943 5742 2092 5811 pacis
2155 5751 2211 5797 et
2281 5745 2678 5801 communionis
2726 5760 2849 5801 cum
2914 5743 3184 5800 nonnullis
3243 5742 3507 5801 iucundae.

3148 5852 3189 5894 Β
