3958 6212
424 360 634 402 XXXVIII

1759 337 2286 398 PROLEGOMENA.

424 459 580 532 Patet
608 460 661 513 id
704 472 767 514 ex
815 457 898 513 his
932 459 1108 514 verbis
1155 465 1295 513 orat.
1336 458 1868 532 l9(p.‘297):[lapdt
1896 461 1988 514 τοῦ
2022 471 2063 525 Α
2167 461 2337 529 Quam
2393 475 2497 515 non
2548 461 2705 516 modo
2752 462 2886 516 citra
2933 460 3304 530 ambitionem,
3359 462 3454 518 sed
3497 462 3660 519 etiam

422 524 487 608 Θέ
491 572 521 627 ρ
528 551 653 624 μοτέ
658 570 753 624 pou
773 552 969 624 μέρους
983 552 1080 623 τῆς
1095 552 1418 624 Ἐκκλησίας
1429 524 1558 606 stara
1565 524 1861 626 στασιάσδη
1871 571 1990 625 μεν,

422 644 708 717 γράμματι
739 643 1036 706 κλαπέντες
1059 642 1153 698 καὶ
1179 645 1386 716 ῥήμασι
1416 647 1682 716 τεχνικοῖς
1717 648 1798 710 εἰς
1826 664 1990 719 πονη-

424 737 524 810 ρὰν
552 735 854 789 κοινωνίαν.
898 738 943 789 Α
980 735 1285 803 ferventiore
1328 734 1582 792 Ecclesia:
1613 747 1763 805 parte
1785 738 1846 791 ob
1879 754 1994 792 eam

423 843 639 881 causam
667 827 851 881 seditio
880 826 938 879 in
972 843 1066 881 nos
1095 828 1324 883 excitata
1353 838 1451 891 est,
1480 830 1618 898 quod
1645 829 1845 898 scripto
1869 844 1993 898 quo-

421 916 543 969 dam
587 925 634 969 et
679 915 981 984 artiﬁciosis
1026 917 1193 971 verbis
1236 916 1636 986 circumscripti,
1687 918 1744 971 in
1777 934 1993 986 pravam

421 1007 721 1060 societatem
767 1008 1014 1076 pertracti
1051 1007 1351 1076 fuissemus.
1389 1007 1531 1061 Hinc
1577 1007 1739 1061 etiam
1787 1006 1996 1077 Grego-

422 1098 536 1153 rius
570 1098 647 1153 ait
672 1100 725 1153 in
746 1099 991 1154 oratione
1012 1098 1081 1154 12
1100 1098 1175 1169 (p.
1207 1099 1330 1168 196)
1378 1099 1677 1154 Ecclesiam
1698 1098 1995 1153 Nazianze-

425 1205 549 1245 nam
578 1202 704 1246 ante
731 1191 861 1246 illud
891 1192 1193 1257 dissidium,
1216 1206 1399 1246 arcam
1432 1189 1544 1246 Noe
1569 1192 1749 1247 vocari
1775 1191 1992 1246 solitam

419 1296 562 1346 esse,
590 1289 650 1336 ut
697 1296 817 1351 quae
860 1283 1096 1337 universi
1128 1283 1277 1337 orbis
1306 1282 1565 1337 diluvium
1599 1281 1713 1337 sola
1768 1280 1997 1353 eﬁ‘ugis-

423 1382 530 1430 set.
588 1374 718 1439 Sed,
768 1375 814 1430 si
865 1375 1150 1444 episcopus
1195 1373 1488 1444 Gregorius
1537 1374 1636 1428 sub
1681 1372 1995 1427 Constantio

422 1464 746 1519 Arianorum
776 1465 984 1520 artibus
1022 1465 1400 1528 succubuerat,
1428 1479 1535 1518 non
1567 1463 1722 1518 video
1759 1478 1859 1518 cur
1882 1462 1988 1517 Ec-

423 1556 645 1611 clesiam
678 1555 1074 1610 Nazianzenam
1103 1555 1240 1609 mala
1276 1554 1584 1611 communia
1618 1554 1841 1610 minime
1867 1554 1994 1610 atti-

422 1651 565 1719 gisse
596 1648 868 1703 dicantur.
1296 1632 1305 1639 ’

493 1739 561 1793 Χ.
587 1739 784 1794 Juliani
826 1754 973 1795 mors
1016 1738 1272 1794 divinitus
1315 1734 1515 1792 Basilio
1555 1738 1794 1792 revelata
1825 1740 1993 1793 l'uisse

423 1832 652 1898 dicitur;
685 1831 780 1887 sed
807 1845 929 1886 cum
962 1839 1109 1885 tanta
1141 1830 1677 1885 circumstantiarum
1706 1829 1989 1896 varietate,
2023 1810 2068 1866 Β

421 1931 483 1976 ut
527 1922 729 1976 referre
757 1923 875 1975 inon
930 1920 1119 1984 libeat,
1154 1934 1276 1989 qua:
1323 1934 1386 1976 ea
1434 1920 1504 1976 de
1548 1935 1608 1975 re
1650 1919 1898 1990 leguntur
1935 1920 1990 1975 in

422 2011 679 2066 Chronico
713 2010 1084 2076 Alexandrino,
1123 2009 1265 2079 apud
1308 2018 1553 2064 sanctum
1588 2010 1989 2064 Damascenum

422 2104 477 2158 in
510 2103 644 2159 libro
679 2102 753 2156 De
786 2103 1124 2172 imaginibus,
1155 2102 1247 2171 qui
1285 2098 1478 2155 Vitam'
1496 2100 1683 2155 Basilii
1710 2102 1778 2157 ab
1807 2099 1989 2156 He’lla-

364 2190 369 2195 ’
422 2194 513 2248 dio
542 2194 806 2264 scriptam
850 2195 1000 2260 citat,
1036 2205 1092 2250 et
1130 2193 1184 2249 in
1233 2192 1427 2247 Basilii
1466 2191 1583 2247 Vita
1615 2193 1992 2265 Amphilochia

421 2286 719 2354 supposita.

493 2377 573 2432 Ex
611 2378 695 2433 bis
732 2376 912 2433 verbis
956 2378 1205 2432 secundae
1254 2374 1517 2431 orationis
1539 2375 1784 2448 Gregorii
1816 2376 1872 2430 in
1893 2374 1994 2430 Ju-

423 2472 648 2539 lianum,
694 2469 823 2526 Herc
865 2469 960 2523 tibi
1010 2469 1243 2525 Basilius
1280 2479 1328 2525 et
1360 2468 1683 2540 Gregorius,
1731 2469 1996 2539 colligunt

423 2560 621 2615 eruditi
658 2561 760 2614 viri
806 2558 1126 2630 Gregorium
1155 2574 1187 2614 a
1229 2559 1432 2615 Basilio
1465 2559 1707 2629 adjutam
1739 2557 1907 2615 fuisse
1932 2559 1991 2615 in

421 2658 511 2712 his
544 2656 883 2712 orationibus
932 2655 1338 2724 componendis.
1384 2653 1687 2709 Probabilis
1720 2668 1851 2709 sane
1878 2654 1994 2708 haec

423 2749 785 2820 conjectura;
819 2756 872 2803 et
904 2762 1026 2802 cum
1059 2745 1357 2816 Gregorius
1388 2760 1512 2802 sese
1538 2755 1775 2816 paternae
1803 2747 1992 2801 domas

422 2842 772 2899 sollicitudini
823 2841 1091 2896 interdum
1145 2841 1355 2910 eripere
1399 2839 1623 2905 soleret,
1677 2839 1889 2894 videtur
1938 2838 1993 2893 in

420 2934 652 2989 Pontum
684 2933 896 2987 venisse
920 2942 1043 3002 post
1065 2940 1292 2986 mortem
1318 2929 1543 2996 Iuliani,
1574 2938 1628 2983 et
1648 2928 1832 2985 Basilii
1863 2944 1993 2984 con-

422 3031 543 3085 silio
566 3032 633 3085 ad
666 3030 807 3084 hanc
834 3027 1293 3084 clacubrationem
1322 3041 1455 3082 usus
1483 3025 1670 3081 fuisse.

1017 3105 1247 3196 BAPUT
1301 3138 1396 3198 1x.

421 3236 464 3295 l.
488 3228 779 3306 Presbyter.
792 3243 1003 3306 creatur
1023 3232 1279 3306 Basilius.
1304 3232 1368 3287 ll.
1395 3232 1847 3306 Ordinatusanuo

490 3307 576 3362 ΙΙΙ.
618 3299 695 3359 ne
722 3306 891 3373 prima
911 3303 1055 3357 illius
1085 3305 1324 3373 oratione
1359 3312 1406 3356 et
1434 3302 1601 3373 tribus
1629 3301 1879 3373 epistolis.
1902 3299 1990 3355 IV.

494 3378 654 3431 Pacis
684 3370 845 3428 causa
891 3374 1081 3427 secedit
1120 3374 1175 3426 in
1224 3371 1476 3426 Pontum.
1524 3370 1586 3425 V.
1623 3370 1772 3424 Redit
1813 3370 1994 3425 Cwsu-

492 3464 660 3507 ream,
709 3453 766 3497 ut
809 3444 1254 3497 haucecclesiam
1306 3440 1522 3496 Valente
1566 3442 1874 3494 adveniente
1905 3440 1996 3492 de-

493 3517 695 3586 fendat.
736 3512 826 3568 VI.
855 3510 1395 3586 kSecessio__ponenda
1432 3520 1651 3586 anteante
1694 3526 1831 3565 anno
1861 3508 1990 3574 564,

492 3580 583 3640 aut
621 3586 829 3639 ineunte
855 3583 979 3637 565.
1020 3581 1241 3635 Reditus
1273 3598 1411 3635 anno
1440 3580 1566 3637 565.

500 3680 543 3733 l.
577 3676 827 3747 Deplorat
853 3673 1149 3744 Gregorius
1189 3670 1288 3744 (a),
1314 3681 1371 3726 ut
1395 3686 1646 3744 magnum
1676 3673 1852 3728 aetatis
1882 3687 1995 3728 sun

422 3773 636 3837 vitium,
670 3770 811 3840 quod
856 3781 997 3837 saepe
1039 3766 1092 3821 in
1124 3765 1481 3821 electionibus
1524 3764 1668 3818 nulla
1699 3764 1996 3819 haberetur

422 3861 683 3918 doctrinae
705 3870 760 3915 et
797 3857 1104 3913 sanctitatis
1131 3856 1293 3921 ratio,
1323 3869 1387 3909 ac
1412 3854 1661 3909 homines
1688 3861 1883 3908 neutro
1909 3854 1995 3908 in-

421 3954 613 4008 atructi
640 3949 890 4022 praesidio
915 3930 980 4002 ad
1007 3945 1371 4001 sacerdotium
1399 3944 1577 3999 subito
1609 3942 1988 4004 eveherentar,

420 4055 477 4101 et
504 4044 677 4114 primo
709 4041 828 4095 loco
872 4036 1172 4100 constituti,
1213 4035 1468 4090 meliores
1510 4047 1569 4087 se
1599 4046 1664 4086 ac
1692 4031 1993 4087 sanctiores

420 4134 782 4204 despicerent,
817 4130 972 4202 quasi
997 4144 1119 4184 cum
1151 4126 1415 4195 dignitate
1444 4122 1763 4193 sapientiam
1791 4132 1845 4178 et
1866 4138 1993 4177 eru-

420 4227 682 4281 ditionem
731 4224 1093 4293 accepissent.
1117 4217 1244 4275 'Non
1285 4218 1366 4273 sic
1412 4215 1665 4280 Basilius,
1705 4214 1799 4270 sed
1846 4229 1990 4285 pra:-

420 4321 625 4387 scripto
664 4315 962 4372 canonibus
993 4312 1184 4369 ordine
1223 4310 1293 4364 ad
1320 4307 1682 4365 sacerdotium
1709 4307 1988 4377 pervenit;

419 4422 475 4465 et
514 4425 636 4464 cum
681 4421 865 4463 sacros
906 4404 1075 4458 libros
1118 4400 1315 4472 populo
1346 4399 1583 4470 legisset,
1631 4397 1683 4451 in
1716 4397 1993 4467 presbyte-

420 4518 603 4558 rorum
656 4516 721 4555 ac
765 4497 959 4554 deinde
1012 4497 1068 4551 in
1118 4495 1500 4564 episcoporum
1539 4489 1795 4545 cathedra
1829 4488 1988 4555 sedit,
2021 4511 2066 4568 Β

418 4610 525 4649 non
568 4593 828 4648 honorem
873 4602 1143 4658 quaerens,
1196 4585 1290 4641 sed
1330 4584 1397 4638 ab
1451 4584 1656 4638 honore
1699 4581 1986 4650 quaesitus;

418 4702 521 4741 nec
566 4687 633 4739 ab
676 4681 1007 4743 hominibus,
1053 4677 1147 4733 sed
1189 4691 1218 4729 a
1259 4677 1369 4730 Deo
1416 4673 1642 4745 gratiam
1694 4670 1990 4741 accipiens.

420 4776 674 4831 Basiliam
700 4770 1098 4841 .Pliilostorgius
1130 4765 1205 4840 (ὁ)
1233 4765 1345 4836 jam
1384 4778 1524 4818 anno
1555 4761 1662 4817 559
1704 4762 1990 4816 diaconum

420 4868 589 4922 fuisse
610 4876 798 4936 putat:
830 4863 1084 4919 Socrates
1101 4859 1192 4933 (c),
1222 4857 1313 4929 qui
1345 4871 1467 4910 cum
1495 4854 1695 4909 Basilio
1724 4852 1782 4907 S.
1814 4851 1991 4923 Chry-

416 4961 642 5017 sostomi
696 4958 871 5012 amico
914 4964 1159 5011 nostrum
1185 4949 1491 5017 confundit,
1544 4948 1610 5001 ad
1670 4947 1809 5001 hanc
1863 4959 1988 4999 eam

418 5054 735 5123 dignitatem
765 5064 796 5103 a
828 5048 888 5103 S.
916 5047 1131 5103 Meletio
1158 5054 1405 5101 evectum
1442 5048 1649 5096 narrat.
1688 5038 1794 5093 Sed
1823 5035 1988 5092 Tille—

414 5144 653 5210 montips
697 5156 766 5197 ne
795 5142 1083 5196 diaconum
1113 5137 1335 5209 quidem
1371 5135 1539 5190 fuisse
1571 5131 1830 5187 Basiliam
1859 5144 1987 5199 pro-

413 5237 508 5292 bat
547 5250 616 5290 ex
660 5231 967 5289 testimonio
994 5227 1356 5296 Nazianzeni,
1387 5228 1477 5297 qui
1510 5226 1564 5280 in
1594 5234 1704 5278 tant
1734 5229 1985 5278 accurata

415 5329 683 5393 ordinum,
710 5339 844 5396 quos
870 5323 1111 5379 exercuit
1136 5320 1388 5384 Basilius,
1421 5314 1854 5379 enumeratione,
1878 5326 1983 5367 non

416 5418 687 5473 omisisset
717 5417 1083 5483 diaconatum,
1122 5414 1168 5470 si
1204 5414 1257 5469 in
1282 5412 1391 5469 hoc
1417 5424 1634 5483 quoque
1666 5405 1837 5480 gradu
1879 5403 1981 5461 mi-

416 5510 719 5567 nistrasset.

484 5707 561 5779 (ei)
602 5708 751 5762 Orat.
782 5707 871 5763 20.

484 5777 558 5852 (ἃ)
596 5779 716 5835 Lib.
750 5794 823 5846 tv,
856 5793 905 5834 c.
937 5777 1023 5832 12.

2098 565 2203 606 non
2249 550 2478 605 libenter
2520 551 2801 605 ordinatus
2850 548 3032 613 fuerit,
3067 566 3135 604 ex
3170 549 3393 618 epistola
3426 550 3484 604 11
3523 549 3663 605 Gre-

2097 642 2230 709 gorii
2257 642 2627 711 perspicimus.
2664 645 2736 696 Tu
2767 657 2967 711 quoque
2995 652 3178 708 captus
3203 658 3277 705 es,
3305 642 3479 711 inquit
3505 641 3663 696 Basi-

2097 732 2190 793 lio,
2237 732 2672 800 quemadmodum
2715 738 2767 784 et
2825 745 2917 785 nos
2973 731 3353 799 circumscripti
3403 747 3422 786 :
3455 736 3666 801 quando

2095 821 2304 891 quidem
2340 821 2408 873 ad
2447 821 2819 890 presbyterium
2863 821 3113 889 pertracti
3157 838 3363 878 sumus.
3392 822 3562 893 Atque
3612 825 3666 877 id

2094 914 2303 981 quidem
2331 929 2362 965 a
2385 910 2534 965 nobis
2566 928 2669 965 non
2694 914 3050 980 expetebatur.
3085 911 3225 966 Nam
3254 927 3466 979 uterque
3487 913 3666 979 alteri,

2095 1009 2140 1059 si
2169 1006 2263 1057 alii
2290 1005 2538 1074 cuipiam,
2574 1003 2854 1073 locupletes
2876 1021 2987 1059 esse
3013 1013 3164 1057 testes
3192 1020 3490 1071 possumus,
3509 1022 3670 1076 quam

2096 1099 2243 1151 nobis
2278 1097 2425 1150 cordi
2466 1106 2599 1151 esset
2640 1097 2892 1166 pedestris
2928 1096 3260 1166 philosophia
3295 1098 3541 1162 humique
3574 1101 3671 1150 de-

2095 1205 2294 1257 pressa.
2329 1189 2406 1241 Ex
2436 1188 2623 1258 primis
2643 1187 2881 1256 ejusdem
2912 1188 3151 1256 epistolae
3181 1189 3381 1253 verbis,
3410 1186 3670 1259 Epistolas

2097 1288 2200 1330 tute
2225 1278 2531 1345 proemium
2570 1276 2750 1331 laudo.
2798 1276 2938 1342 Quid
2965 1284 3140 1331 autem
3169 1286 3380 1331 tuorum
3415 1294 3520 1332 nou
3551 1278 3672 1332 lau-

2096 1368 2554 1437 dandum?liquet
2575 1367 2829 1424 Basiliam
2852 1368 3083 1437 priorem
3112 1369 3417 1439 scripsisse,
3445 1384 3509 1425 ac
3534 1370 3673 1425 Gre-

2095 1460 2247 1531 gorio
2289 1474 2425 1514 onus
2473 1458 2575 1514 sibi
2631 1460 2943 1529 impositum
2993 1458 3347 1529 signiﬁcasse,
3379 1460 3461 1515 vel
3489 1462 3675 1530 potius

2096 1551 2443 1622 ingemuisse.
2488 1551 2640 1605 Illum
2681 1553 2824 1607 enim
2874 1553 3188 1605 consolatur
3232 1550 3559 1622 Gregorius;
3611 1561 3671 1607 et

2096 1645 2350 1715 quoniam
2398 1644 2453 1699 id
2512 1644 2711 1700 factum
2765 1652 2867 1709 est,
2913 1645 3054 1714 quod
3103 1643 3337 1698 fortasse
3389 1660 3495 1699 non
3547 1644 3669 1698 ﬁeri

2096 1736 2455 1803 praestitisset,
2504 1735 2785 1791 ferendum
2839 1751 2958 1791 esse
3005 1738 3215 1800 statuit,
3260 1736 3549 1806 praesertim
3602 1735 3670 1789 ob

2098 1838 2295 1896 tempus
2326 1829 2539 1897 multas,
2591 1828 2785 1898 inquit,
2812 1832 2867 1882 in
2897 1846 2989 1883 uos
3036 1831 3272 1882 excitans
3299 1830 3671 1883 hereticorum

2097 1918 2333 1989 linguas;
2368 1919 2599 1991 μάλιστα
2643 1919 2731 1973 διὰ
2768 1920 2858 1973 τὸν
2908 1919 3096 1991 καιρὸν
3125 1918 3324 1983 πολλὰς
3357 1920 3487 1990 ἡμῖν
3516 1921 3676 1989 αἱρε-

2098 2010 2265 2064 τικῶν
2298 2010 2659 2081 ἐπεισάγοντα
2689 2010 2960 2080 γλώσσας.

2166 2102 2232 2159 ll.
2277 2102 2423 2159 Satis
2468 2105 2609 2159 inter
2660 2103 2902 2157 eruditos
2946 2102 3196 2157 convenit
3237 2101 3494 2156 Basiliam
3520 2117 3669 2157 annc

2097 2196 2204 2251 562
2257 2198 2629 2268 presbyterum
2695 2197 2861 2252 fuisse
2915 2196 3246 2251 ordinatum.
3299 2195 3565 2250 Baronius
3613 2204 3675 2253 et

2099 2287 2447 2342 Hermantius
2478 2303 2542 2340 ex
2587 2287 2812 2356 epistola
2842 2287 3002 2341 modo
3031 2286 3243 2341 laudata
3280 2285 3534 2357 colligant
3569 2300 3671 2340 οτι

2100 2380 2339 2434 dinatarn
2384 2379 2531 2433 illum
2575 2378 2741 2434 fuisse
2783 2378 2970 2432 eodem
3006 2376 3121 2432 fere
3152 2387 3393 2447 tempore
3435 2391 3499 2432 ac
3528 2375 3672 2433 Gre-

2098 2469 2344 2539 gorium;
2388 2466 2610 2535 conjicit
2652 2465 3030 2521 Tillemontius
3072 2464 3353 2529 Basiliam,
3379 2480 3501 2520 cum
3545 2464 3672 2520 Cm-

2098 2571 2309 2613 saream
2335 2558 2573 2612 venisset
2593 2566 2889 2627 aegrotante
2914 2557 3121 2620 Dianio,
3151 2557 3221 2612 ibi
3249 2572 3417 2626 usque
3447 2557 3513 2611 ad
3547 2557 3667 2613 ele-

2100 2647 2330 2702 ctionem
2358 2647 2571 2702 Eusebii
2609 2656 2875 2701 moratum
2903 2661 3044 2711 esse,
3074 2657 3131 2701 et
3151 2647 3218 2702 ab
3240 2647 3493 2710 Eusebio,
3529 2647 3674 2702 forte

2100 2739 2318 2793 hortatu
2366 2736 2609 2806 Gregorii
2656 2736 2851 2806 patris,
2902 2746 3175 2791 retentum
3230 2746 3286 2791 et
3331 2738 3666 2795 ordinatura.

2171 2827 2536 2883 Timiditatem
2572 2828 2746 2898 injicit
2782 2828 3058 2894 hominum
3099 2827 3535 2883 doctissimon
3569 2844 3672 2882 an-

2100 2921 2346 2984 ctoritas,
2396 2920 2687 2989 quominus
2738 2919 2807 2975 ab
2854 2919 2934 2975 eis
2966 2919 3278 2974 dissentiam
3314 2919 3450 2975 :sed
3486 2928 3671 2974 tamen

2018 3014 2021 3015 ⁷
2099 3028 2264 3082 cogor
2293 3012 2597 3067 dissentire.
2629 3015 2801 3081 Atque
2833 3010 2961 3067 illud
2993 3012 3210 3079 quidem
3247 3021 3397 3067 certo
3425 3020 3674 3068 statuere

2101 3109 2369 3174 videntur,
2420 3108 2595 3163 serius
2643 3106 2896 3162 Basiliam
2957 3106 3263 3162 ordinatum
3296 3106 3463 3161 luisse
3504 3121 3669 3176 quam

2021 3169 2067 3234 Ο
2097 3199 2437 3269 Gregorium.
2478 3199 2592 3253 Non
2639 3200 2817 3254 minus
2862 3198 3206 3269 perspicuum
3239 3208 3294 3253 et
3324 3198 3669 3268 exploratum

2096 3300 2180 3347 est
2221 3306 2342 3345 eum
2384 3306 2488 3343 non
2535 3305 2565 3343 a
2608 3289 2815 3354 Diania,
2866 3300 2924 3344 ut
2969 3292 3187 3360 quidam
3222 3290 3528 3355 voluerunt,
3570 3290 3669 3345 sed

2094 3382 2164 3438 ab
2195 3382 2427 3437 Eusebio
2455 3382 2761 3436 ordinatum
2796 3381 2980 3437 fuisse.
3029 3381 3163 3437 Nam
3212 3382 3434 3437 Dianius
3477 3384 3670 3453 paucis

2095 3476 2371 3531 mensibus
2398 3484 2519 3545 post
2556 3474 2803 3544 Gregorii
2834 3476 3227 3530 ordinationem
3267 3484 3510 3530 mortuus
3553 3488 3666 3540 esu,

2094 3583 2196 3624 nec
2229 3583 2351 3623 cum
2389 3583 2454 3622 eo
2495 3567 2726 3623 Basilius
2758 3569 2827 3623 ab
2874 3583 3016 3624 anno
3049 3568 3174 3635 560,
3210 3568 3313 3623 nisi
3344 3569 3396 3622 in
3424 3578 3672 3624 extremo

2094 3662 2284 3716 morbo
2324 3660 2764 3715 communicavit.
2816 3660 2922 3716 Sed
2967 3661 3108 3730 quod
3156 3659 3550 3715 ordinationem
3595 3661 3673 3716 ad

2094 3764 2299 3803 annum
2333 3749 2438 3803 562
2478 3749 2739 3813 referunt,
2780 3749 2833 3804 id
2865 3749 3058 3804 vellem
3101 3749 3335 3804 vincibili
3365 3749 3546 3819 aliqua
3576 3765 3669 3802 ra-

2096 3840 2241 3893 tione
2268 3839 2597 3895 tlrmassent.
2627 3838 2760 3893 Nam
2803 3838 3058 3894 Basiliam
3104 3840 3369 3896 Caesarea!
3398 3857 3570 3911 usque
3598 3844 3671 3897 ad

2094 3930 2410 3986 electionem
2459 3928 2677 3987 Eusebii
2731 3940 2995 3985 moratum
3035 3947 3175 3996 esse,
3224 3933 3535 4002 conjectura
3583 3946 3675 3989 est

2093 4019 2235 4074 nulla
2263 4034 2484 4089 prorsus
2509 4020 2641 4073 fulta
2670 4021 2902 4084 ratione,
2934 4020 3017 4075 vel
3051 4021 3229 4090 patias
3257 4023 3439 4077 Basilii
3470 4023 3671 4078 solitu-

2094 4112 2235 4168 dinis
2260 4113 2452 4178 amori,
2477 4122 2533 4167 et
2561 4126 2705 4166 curm
2732 4111 3049 4166 monasterii
3084 4113 3299 4183 regendi
3335 4128 3671 4184 repugnans,

2096 4219 2216 4259 cum
2247 4205 2545 4274 praesertim
2575 4203 2804 4258 fateatur
2829 4200 3207 4259 Tillemontius
3238 4214 3450 4275 tempus
3476 4208 3530 4261 in
3564 4208 3672 4263 hac

2094 4296 2356 4352 electione
2392 4296 2821 4350 dissensionibus
2856 4304 3157 4351 extractum
3190 4295 3379 4352 fuisse.

2167 4385 2292 4453 Sed,
2334 4389 2476 4458 quod
2518 4402 2602 4441 me
2650 4389 2887 4442 maxime
2935 4388 3176 4442 deterret
3205 4389 3274 4443 ab
3310 4390 3409 4444 hac
3458 4390 3673 4456 ample-

2095 4481 2284 4536 ctenda
2337 4480 2609 4550 Opinione,
2651 4478 2897 4546 pluribus
2929 4481 3196 4533 rationum
3239 4482 3529 4535 momentis
3565 4482 3669 4534 ad-

2097 4575 2287 4636 ducor,
2338 4583 2398 4627 ut
2433 4572 2691 4627 Basiliam
2746 4586 2887 4626 anno
2923 4571 3029 4627 364
3060 4576 3160 4628 sub
3194 4572 3422 4628 Valente
3447 4573 3671 4627 credam

2096 4664 2405 4719 ordinatum
2448 4662 2635 4718 fuisse.
2678 4661 2735 4715 1ο
2780 4661 2898 4731 Ipsa
2932 4662 3182 4732 Gregorii
3217 4662 3382 4717 verba
3409 4661 3671 4716 Basiliam

2097 4757 2389 4820 monentis,
2424 4765 2484 4809 ttt
2514 4757 2614 4810 sibi
2647 4766 2836 4812 caveat
2864 4757 3151 4825 prwsertim
3179 4754 3242 4808 ob
3277 4765 3496 4822 tempus,
3523 4754 3672 4807 mul-

2096 4859 2177 4904 tas
2211 4851 2265 4905 in
2291 4848 2715 4921 uos,inquit(d),
2742 4848 3105 4902 haereticorum
3149 4848 3382 4902 excitans
3419 4845 3668 4916 linguas:

2094 4941 2229 5006 huc,
2265 4941 2505 5010 inquam,
2542 4944 2709 4995 verba
2738 4938 2980 4994 Valentis
3019 4939 3246 5008 imperio
3274 4936 3502 4993 miriﬁce
3534 4952 3671 4993 con-

2091 5043 2310 5105 gruant,
2344 5032 2542 5088 Juliani
2580 5046 2707 5087 vero
2740 5046 3102 5100 nequaquam.
3146 5029 3278 5084 Nam
3311 5029 3411 5085 sub
3444 5028 3664 5086 Juliano

2091 5125 2236 5179 trulla
2276 5125 2343 5178 ab
2384 5123 2654 5178 haereticis
2687 5122 2926 5191 pericula
2960 5123 3191 5176 maxima
3220 5122 3287 5176 ab
3332 5122 3667 5190 imperatore

2090 5226 2335 5286 apostata
2388 5214 2731 5270 exstiterunt.
2787 5215 2900 5270 Sub
2940 5214 3165 5269 Valente
3207 5225 3387 5267 autem
3440 5213 3666 5269 huresis

2091 5310 2271 5364 statim
2309 5308 2566 5362 verticem
2600 5306 2842 5373 sustulit,
2881 5316 2936 5362 et
2967 5306 3130 5376 ignis,
3166 5305 3260 5375 qui
3287 5304 3543 5359 saeviente
3566 5302 3665 5359 Ju-

2091 5402 2218 5455 liani
2254 5402 2631 5470 persecutione
2675 5401 2983 5469 suppositus
3027 5398 3197 5453 cineri
3232 5398 3535 5456 videbatur,
3569 5397 3668 5450 de-

2091 5508 2198 5547 nuo
2221 5492 2444 5549 exarsit.
2479 5490 2611 5545 Nota
2643 5491 2886 5560 profecto
2926 5506 3013 5547 res
3044 5498 3127 5547 est
3153 5497 3205 5546 et
3242 5489 3310 5545 ab
3339 5488 3456 5559 ipso
3487 5485 3661 5543 Tiile-

3470 5578 3489 5608 Ι

2166 5692 2236 5761 (ε)
2277 5692 2391 5746 Lib.
2426 5707 2495 5755 Iv,
2529 5709 2579 5748 c.
2614 5693 2702 5748 eo.

2163 5764 2242 5835 (ά)
2282 5761 2409 5817 Naz.
2446 5780 2531 5833 ep.
2566 5764 2649 5816 il.
