3958 6212
1633 340 1790 395 VlTA
1835 339 1893 395 S.
1935 337 2193 395 BASlLll.

3375 354 3541 396 XXIII

276 447 489 501 montio
540 458 743 513 notata,
801 448 1090 507 hatreticos
1144 454 1287 521 ipsos
1336 458 1437 512 sub
1467 456 1681 515 Juliano
1708 477 1736 515 a
1765 462 1855 517 do-
1897 466 1939 521 Α
1967 461 2181 515 videtur
2225 473 2286 514 ea
2332 460 2622 523 exstitisse,
2657 474 2815 529 quam
2870 457 3057 512 habuit
3113 456 3164 512 in
3209 472 3300 512 sex
3338 460 3541 528 primos

274 538 524 593 mesticis
546 541 980 598 dissensionibus
1020 546 1420 612 quodammodo
1464 554 1528 605 ad
1557 556 1859 609 communis

272 642 453 682 causae
487 631 860 686 defensionem
898 644 1151 690 avocatos
1199 636 1385 694 fuisse.
1422 641 1542 695 Non
1579 655 1695 697 erat
1730 661 1860 716 ergo

266 718 372 772 hoc
424 731 643 791 tempus
679 724 747 776 ad
781 740 969 778 eorum
998 728 1311 784 excitandas
1348 732 1556 803 linguas
1586 736 1857 790 idoneum.

266 810 325 863 2°
354 809 622 877 Basilius,
663 815 715 868 in
748 816 906 884 epist.
926 817 1383 890 2l0(p.3l3),ait
1407 840 1465 878 se
1485 827 1534 879 in
1554 826 1708 881 Ponti
1738 828 1862 882 soli-

266 901 463 957 tudine
511 907 689 970 plures
752 924 919 961 annos
969 911 1242 965 continuas
1283 930 1674 973 commoratum
1717 936 1858 979 esse.

264 992 335 1044 At
373 993 429 1046 in
461 1010 535 1048 ea
567 1012 727 1064 quam
781 999 1079 1055 refellitnus
1120 1005 1375 1072 Opinione
1433 1011 1615 1076 plures
1643 1014 1859 1081 quidem

268 1085 521 1140 traduxit
557 1103 723 1142 annos
749 1090 801 1142 in
834 1090 1024 1157 Ponto,
1061 1096 1152 1147 sed
1180 1096 1509 1167 interruptos
1539 1117 1603 1156 ac
1640 1106 1862 1161 minime

265 1179 589 1233 continuos.
622 1181 752 1235 llluc
785 1184 929 1236 enim
963 1200 1021 1240 se
1063 1189 1287 1242 contulit
1324 1184 1463 1245 anno
1492 1193 1617 1262 558,
1640 1200 1863 1269 presliy.

265 1279 349 1324 ter
379 1285 533 1325 anno
586 1272 692 1325 ’562
738 1285 955 1330 creatus
1002 1279 1161 1332 rediit
1200 1281 1251 1333 in
1303 1281 1533 1338 Pontum
1565 1302 1708 1342 anno
1734 1290 1859 1355 363,

263 1365 482 1436 ibique,
518 1378 576 1419 ut
604 1368 881 1424 existimat
907 1370 1306 1441 Tillemontius,
1355 1393 1527 1450 usque
1557 1382 1624 1436 ad
1655 1398 1857 1438 annum

262 1456 371 1510 366
424 1460 655 1515 resedit.

335 1550 402 1603 5°
441 1550 587 1605 Duas
630 1554 892 1608 habemus
926 1555 1112 1611 Basilii
1149 1559 1214 1613 ad
1249 1559 1532 1617 Leontium
1576 1568 1857 1635 epistolas,

262 1653 410 1706 quae,
440 1650 502 1693 nt
540 1643 703 1697 modo
753 1645 1070 1712 videbimus,
1116 1648 1255 1705 notis
1290 1653 1415 1706 anni
1460 1654 1566 1707 364
1606 1661 1860 1712 exeuntis

264 1730 501 1799 signata:
531 1743 678 1786 sunt.
712 1734 924 1814 Easdem
949 1738 1100 1793 initio
1122 1743 1408 1796 sacerdotii
1436 1746 1648 1814 scriptae
1673 1750 1861 1804 viden-

1966 570 2153 610 versus
2187 554 2627 609 Proverbiorum.
2666 554 2723 608 ln
2776 553 3073 621 primordio
3101 553 3245 605 enim
3302 553 3543 607 declarat

1964 661 2021 700 se
2051 645 2273 700 obedire
2297 645 2514 713 benigno
2559 646 2722 711 patri,
2759 645 2847 713 qui
2881 659 3022 695 more
3055 644 3339 709 peritorum
3381 658 3541 696 vena—

1963 750 2135 792 torum
2174 741 2228 790 itt
2270 738 2399 790 locis
2446 737 2707 806 difﬁcilem
2756 737 2958 788 aditum
3007 735 3337 797 habentibus,
3390 734 3544 798 quasi

1964 830 2125 882 catuli
2164 829 2392 897 alicujus
2420 844 2625 881 cursum
2655 826 2881 893 experiri
2898 827 3089 888 volens,
3127 823 3540 878 Proverbiorum

1966 924 2293 991 principium
2340 930 2700 991 proposuerat
2742 919 3139 988 exponendum.
3186 917 3329 970 Inter
3358 916 3542 969 Basilii

1965 1016 2220 1070 homilias
2276 1016 2391 1069 haec
2438 1014 2547 1069 sola
2584 1013 2843 1076 occurrit,
2875 1027 2997 1080 quae
3049 1024 3234 1063 coram
3284 1009 3540 1078 episcopo

1964 1107 2151 1161 habita
2188 1104 2471 1170 videatur;
2516 1104 2624 1158 sola
2670 1104 2813 1157 enim
2868 1109 3188 1170 praesentem
3230 1098 3540 1168 episcopum

1966 1197 2260 1251 honorifice
2290 1195 2510 1249 salutat.

2034 1286 2303 1342 Caeterum
2343 1302 2447 1341 non
2481 1288 2533 1341 in
2573 1287 2688 1340 solo
2718 1285 2865 1339 verbi
2903 1282 3204 1337 ministerio
3244 1280 3540 1335 Eusebium

1956 1379 2182 1447 iuvabat
2204 1379 2436 1433 Basilius
2462 1421 2475 1445 ,
2527 1379 2620 1433 sed
2653 1382 2834 1447 plures
2869 1374 3126 1429 Ecclesia:
3154 1372 3541 1427 administran-

1964 1476 2045 1530 da:
2076 1486 2259 1544 partes
2290 1475 2338 1529 ei
2386 1474 2691 1528 commissa:
2746 1473 3011 1526 videntur.
3051 1469 3183 1522 Nam
3239 1468 3440 1522 crebrae
3466 1468 3541 1522 illi

1962 1568 2343 1637 occupationes
2391 1580 2581 1635 parum
2635 1564 2732 1617 otii
2767 1563 3167 1632 relinquebant,
3208 1570 3265 1615 ut
3312 1561 3425 1630 ipse
3462 1569 3543 1614 te—

1963 1669 2140 1716 statur
2161 1659 2213 1713 in
2241 1658 2399 1728 epist.
2435 1658 2524 1711 20.
2569 1656 2737 1726 llujus
2770 1665 2948 1709 autem
2980 1663 3034 1709 et
3060 1654 3328 1710 vicesimae
3354 1654 3543 1722 prima:

1968 1751 2267 1806 scribenda:
2293 1766 2353 1803 ea
2384 1749 2484 1804 fuit
2537 1749 2753 1804 occasio
2782 1768 2795 1801 :
2832 1748 2963 1802 Cum
2998 1745 3256 1801 Leontius
3299 1746 3538 1815 sophista

266 1830 377 1874 tur.
409 1823 499 1876 Ait
525 1826 673 1879 enim
710 1844 724 1879 :
758 1810 1085 1882 Nobtfenim
1111 1831 1308 1886 crebrae
1332 1835 1436 1889 illa:
1464 1810 1857 1906 occupationes,
1892 1815 1936 1869 Β
1966 1842 2230 1896 Basiliam
2260 1851 2573 1897 accusasset
2597 1841 2740 1911 quod
2776 1855 2899 1893 raro
2932 1840 2999 1893 ad
3030 1854 3089 1893 se
3115 1840 3401 1903 scriberet,
3435 1839 3543 1892 cri-

265 1912 457 1979 quibus
490 1930 636 1967 nunc
662 1916 997 1985 distinemur,
1030 1923 1417 1977 excusationem
1439 1926 1577 1995 forte
1606 1930 1857 1998 aﬂ‘erant,

266 2004 313 2056 si
335 2005 530 2058 litteris
572 2008 829 2064 desimus.
858 2010 916 2064 4ο
941 2010 1133 2069 Libros
1167 2015 1216 2068 in
1265 2016 1584 2075 Eunomium
1626 2026 1860 2095 scriptos

268 2109 391 2149 esse
417 2099 763 2154 ostendimus
802 2117 944 2157 anno
976 2103 1100 2159 563.
1150 2105 1335 2176 Longe
1375 2121 1556 2166 autem
1602 2115 1861 2183 probabi-

266 2183 376 2241 ἕεις
420 2197 553 2243 tunc
598 2189 858 2246 Basiliam
904 2195 1079 2251 adhuc
1124 2197 1179 2252 in
1230 2200 1520 2257 solitudine
1568 2209 1859 2273 resedisse,

270 2289 431 2343 quam
462 2278 703 2335 insolitis
751 2287 1037 2340 sacerdotii
1085 2290 1530 2358 occupationibus
1560 2295 1857 2354 ditﬁcillimi

272 2371 455 2435 operis
492 2370 738 2426 laborem
764 2374 1061 2432 addidisse.

341 2458 456 2513 Non
488 2463 708 2517 videtur
750 2476 873 2519 ante
909 2483 1145 2522 mensem
1196 2469 1567 2541 Septembrem
1598 2477 1711 2533 hare
1738 2494 1860 2548 per-

273 2562 393 2606 acta
450 2555 751 2611 ordinatio.
793 2557 977 2627 Neque
997 2562 1137 2614 enim
1167 2573 1294 2619 ante
1327 2566 1429 2620 hoc
1458 2575 1667 2636 tempus
1692 2573 1859 2626 verti-

274 2660 389 2697 cem
432 2647 664 2702 sustulit
704 2649 947 2708 htcresis.
978 2651 1223 2718 Quandiu
1267 2657 1317 2709 in
1353 2658 1577 2715 Oriente
1624 2662 1725 2717 fuit
1758 2662 1859 2717 Va-

275 2724 630 2801 lentinianus,
664 2741 801 2795 nihil
846 2746 1193 2800 metuendum
1226 2746 1327 2802 fuit
1372 2749 1441 2805 ab
1481 2753 1856 2810 ltmreticorum

275 2830 538 2895 potentia.
567 2830 766 2887 Valens
792 2834 875 2889 die
896 2835 964 2889 28
992 2835 1165 2891 Martii
1187 2838 1458 2910 Augustus
1485 2847 1854 2914 renuntiatus,

276 2920 457 2988 elapso
502 2922 728 2978 circiter
781 2942 966 2982 mense
997 2928 1222 2985 fratrem
1263 2931 1522 2990 Sirmium
1555 2953 1725 3007 usque
1760 2956 1853 2997 co-

276 3014 497 3067 mitatus
522 3026 608 3069 est
637 3015 746 3086 (a);
782 3029 835 3072 et
866 3034 989 3073 cum
1034 3020 1086 3074 in
1122 3026 1397 3081 nonnullis
1424 3028 1736 3088 civitatibus
1768 3035 1855 3087 in-

280 3104 515 3171 terjectis
550 3109 685 3161 satis
726 3110 815 3162 ditt
845 3113 1037 3166 morati
1075 3114 1298 3182 fuerint,
1328 3119 1415 3173 vix
1459 3122 1633 3189 potuit
1660 3123 1856 3182 Valens

278 3205 399 3249 ante
426 3212 674 3253 mensem
703 3199 1074 3271 Septembrem
1100 3205 1616 3281 ConstantinOpolim
1652 3217 1852 3272 redire.

277 3286 544 3343 Redeunti
576 3304 935 3348 occurrerunt
969 3295 1241 3355 Heracleae
1270 3302 1425 3372 legati
1454 3304 1808 3377 Lampsaceni
1836 3327 1852 3377 ;

277 3379 392 3446 sed,
424 3395 546 3435 cum
584 3383 698 3452 jam
742 3384 888 3437 illum
937 3388 991 3440 in
1036 3404 1164 3445 suas
1225 3404 1403 3460 partes
1451 3398 1701 3453 traxisset
1747 3400 1855 3454 Eu-

279 3472 487 3536 doxius,
526 3477 789 3545 praecepit
826 3476 1019 3547 legatis
1062 3492 1120 3532 ut
1166 3481 1411 3539 Eudoxio
1440 3502 1562 3542 sese
1597 3490 1857 3561 adjunge-

278 3572 437 3618 rent:
468 3575 764 3620 renuentes
790 3569 1047 3624 iracunde
1072 3574 1275 3629 dimisit
1313 3591 1376 3630 ac
1409 3577 1704 3635 Ecclesiam
1732 3599 1857 3651 per-

277 3658 427 3726 sequi
476 3660 661 3727 carpit.
704 3659 828 3714 llzec
858 3662 1029 3731 prima
1068 3665 1167 3718 fuit
1195 3666 1573 3725 haereticorum
1619 3674 1718 3728 sub
1750 3676 1852 3731 Va-

277 3748 418 3803 lente
455 3749 663 3804 nefaria
694 3753 919 3819 molitio,
960 3754 1113 3823 cujus
1146 3758 1289 3813 fama
1330 3760 1440 3829 jam
1475 3764 1526 3817 in
1570 3764 1852 3835 Cappado-

277 3840 412 3893 ciam
442 3841 870 3910 perlata'fuerat,
900 3862 1020 3901 cum
1055 3848 1308 3904 Basilium
1338 3868 1522 3909 recens
1545 3858 1851 3912 ordinatum

280 3933 483 3986 monuit
508 3933 825 4004 Gregorius,
853 3949 1113 4006 quantum
1148 3942 1214 3996 ab
1242 3944 1513 4001 haereticis
1546 3949 1845 4017 periculum

279 4027 603 4081 immineret.
647 4026 828 4084 Basilii
873 4033 1272 4092 ordinationem
1327 4039 1539 4111 longius
1572 4058 1599 4096 a
1662 4061 1849 4101 mense

279 4113 584 4185 Septembri
627 4133 905 4177 removere
950 4141 1055 4177 non
1098 4127 1299 4192 sinunt,
1333 4146 1451 4199 quae
1496 4135 1563 4188 ab
1595 4149 1660 4190 eo
1703 4136 1852 4191 dein-

278 4219 423 4275 ceps,
473 4224 647 4279 usque
693 4212 760 4265 ad
814 4213 1054 4271 Valentis
1102 4220 1390 4275 adventum
1444 4236 1595 4294 gesta
1664 4243 1853 4283 narra-

278 4297 472 4354 bimus.

345 4392 429 4447 Ill.
457 4394 695 4452 Evectus
742 4402 808 4453 ad
838 4402 1196 4459 sacerdotium
1227 4405 1457 4464 Basilius
1499 4409 1700 4479 locum,
1742 4428 1849 4468 non

1965 1951 2087 1990 men
2116 1936 2171 1989 in
2200 1936 2483 2004 Leontium
2512 1946 2789 2003 retorquet
2812 1935 3058 1997 Basilius,
3091 1946 3318 2001 eumque
3338 1946 3401 1987 eo
3434 1946 3545 1984 ma-

1966 2027 2047 2097 gis
2073 2026 2399 2095 culpandum
2441 2029 2797 2089 demonstrat,
2846 2027 2986 2095 quod
3030 2034 3083 2079 et
3124 2024 3382 2093 plurimas
3403 2023 3542 2077 scri-

1966 2119 2123 2173 bendi
2154 2120 2467 2174 occasiones
2507 2120 2724 2183 habeat,
2752 2127 2826 2186 et,
2850 2128 2905 2171 nt
2929 2118 3193 2188 sophista,
3217 2116 3542 2185 loquacissi--

1966 2227 2084 2266 mus
2118 2213 2188 2267 sit
2222 2231 2238 2265 :
2276 2228 2373 2267 cur
2424 2222 2602 2265 autem
2644 2213 2755 2280 ipse
2781 2210 2955 2265 rarius
2981 2208 3281 2277 scripserit,
3316 2212 3541 2260 excusat

1964 2305 2188 2359 crebras
2226 2304 2610 2372 occupationes
2645 2302 2841 2372 quibus
2883 2300 3194 2362 distinetur,
3236 2305 3290 2351 et
3320 2304 3543 2351 contra-

1964 2405 2104 2449 ctam
2152 2411 2218 2450 ex
2273 2395 2514 2465 vulgaris
2566 2394 2833 2449 sermonis
2867 2408 2962 2447 usu
3005 2392 3295 2462 aeruginem
3350 2403 3539 2459 quam-

1962 2489 2112 2552 dam,
2152 2504 2272 2558 quae
2310 2488 2580 2557 sopbistas
2635 2487 2836 2556 alloqui
2895 2487 3194 2556 prohibeat.
3243 2482 3540 2553 Respondit

1964 2581 2221 2635 Leontius
2248 2588 2302 2634 et
2321 2580 2594 2634 Julianum
2623 2579 2907 2648 quemdam
2934 2577 3219 2640 incusavit,
3250 2574 3390 2644 quod
3410 2588 3537 2629 suas

1962 2671 2165 2726 Basilio
2201 2671 2408 2726 litteras
2436 2686 2544 2724 non
2584 2668 2927 2724 reddidisset.
2963 2667 3099 2721 Tum
3143 2665 3372 2721 Basilius
3416 2678 3539 2733 per-

1962 2774 2119 2818 acute
2144 2763 2411 2817 lulianum
2442 2768 2717 2830 comparat
2750 2776 2869 2815 cum
2900 2761 2962 2813 iis
2992 2774 3022 2812 a
3056 2758 3251 2827 quibus
3287 2766 3413 2809 tunc
3445 2769 3537 2806 an-

1964 2854 2113 2922 tiqua
2153 2853 2331 2906 debita
2375 2851 2794 2919 reposcebantur
2838 2867 2849 2901 :
2891 2858 2944 2903 et
2977 2847 3166 2915 quaerit
3197 2861 3262 2900 ex
3308 2844 3535 2899 Leontio

1962 2961 2090 2999 num
2120 2945 2165 2999 ei
2201 2944 2408 3014 placeat
2441 2941 2852 2997 celeberrimum
2890 2938 3017 2993 illud
3047 2937 3353 3006 tetraplum,
3386 2936 3535 3005 quod

1963 3046 2089 3092 tunc
2134 3036 2306 3106 pluris
2340 3035 2613 3090 faciebant
2662 3032 2905 3104 pecunia:
2936 3030 3162 3100 publica:
3195 3028 3531 3089 collectores,

1963 3144 2123 3198 quam
2149 3128 2485 3200 Pythagortei
2527 3126 2838 3196 Tetractyn.
2878 3123 2970 3177 llis
3008 3121 3279 3191 leporibus
3312 3118 3535 3173 notabat

1960 3220 2189 3275 Basilius
2211 3219 2585 3275 crudelitatem
2628 3217 2888 3279 Petronii,
2919 3214 3095 3269 soceri
3122 3211 3381 3273 Valentis,
3414 3211 3529 3280 qui,

1960 3321 2020 3367 ut
2073 3312 2147 3366 ait
2177 3312 2496 3366 Ammianus
2523 3312 2620 3382 (c),
2662 3312 2729 3363 ad
2762 3307 3036 3362 nudandos
3079 3308 3185 3359 sine
3216 3303 3534 3357 discretione

1959 3412 2169 3457 cunctos
2196 3402 2492 3455 immaniter
2510 3402 2765 3469 ﬂagrans,
2798 3408 3033 3452 nocentes
3054 3397 3249 3465 pariter
3278 3404 3323 3448 et
3353 3395 3533 3448 inson-

1959 3506 2034 3549 tes
2070 3505 2185 3565 post
2217 3496 2472 3563 exquisita
2514 3504 2770 3548 tormenta
2793 3489 3072 3561 quadrupli
3101 3487 3315 3542 nexibus
3336 3487 3532 3541 vincie-

1959 3586 2069 3653 bat,
2099 3586 2272 3638 debita
2298 3585 2415 3654 jam
2436 3585 2556 3637 inde
2579 3601 2611 3637 a
2641 3582 2954 3651 temporibus
2985 3580 3230 3647 principis
3255 3576 3529 3631 Aureliani

1956 3687 2313 3744 perscrutans,
2334 3686 2381 3729 et
2413 3675 2671 3743 impendio
2698 3690 2939 3737 merens,
2957 3674 3001 3724 si
3020 3685 3330 3741 quamquam
3353 3667 3528 3721 absol—

1956 3768 2109 3821 visset
2140 3766 2449 3820 indemnem.
2488 3765 2613 3820 Haec
2633 3774 2812 3818 autem
2837 3763 3071 3817 Petronii
3100 3759 3408 3821 crudelitas,
3440 3772 3528 3811 eo-

1957 3859 2079 3915 dem
2111 3868 2245 3913 teste
2275 3858 2583 3920 Ammiano,
2611 3871 2732 3912 cum
2756 3855 2994 3909 omnium
3020 3853 3228 3905 animos
3262 3850 3314 3903 in
3342 3847 3532 3903 Valen-

1958 3959 2064 4005 tem
2112 3949 2498 4014 exulcerasset,
2550 3963 2699 4017 spem
2751 3946 2937 4016 injecit
2985 3941 3248 4011 Procopio
3282 3940 3529 4010 potiundi

1957 4044 2190 4112 imperii,
2228 4042 2370 4112 quod
2404 4043 2619 4096 tandem
2665 4038 2949 4107 occupavit
2981 4051 3122 4091 anno
3152 4034 3275 4089 365.
3304 4030 3525 4087 Utram-

1956 4150 2061 4203 que
2088 4148 2217 4202 ergo
2243 4134 2525 4202 epistolam
2566 4147 2671 4185 non
2717 4129 2987 4184 immerito
3018 4126 3299 4180 referimus
3327 4124 3393 4179 ad
3428 4139 3526 4177 an-

1955 4240 2081 4279 num
2114 4224 2216 4278 364
2241 4233 2548 4288 exeuntem,
2575 4232 2666 4276 aut
2694 4221 2798 4275 565
2832 4222 3123 4274 ineuntem.
3166 4216 3350 4271 Serius
3376 4215 3524 4270 enim

1953 4316 2203 4372 collocari
2251 4333 2354 4371 non
2403 4316 2621 4379 debent,
2656 4314 2779 4382 quia
2814 4312 3042 4366 Basilius
3070 4311 3214 4363 circa
3257 4309 3359 4362 hoc
3389 4316 3523 4361 tem-

1952 4423 2053 4477 pus
2083 4409 2324 4463 Ctesarea
2353 4408 2620 4463 discessit.

282 4486 585 4541 institutum
638 4491 887 4546 mutavit.
948 4493 1408 4561 Quemadmodum
1455 4503 1600 4556 enim
1653 4519 1719 4559 ex
1758 4521 1849 4561 so-
1879 4503 1924 4558 D
2025 4500 2162 4555 Cum
2210 4499 2474 4569 scriberet
2514 4497 2711 4553 Basilio
2753 4495 3045 4567 Gregorius
3090 4508 3240 4549 more
3281 4506 3377 4547 suo
3404 4504 3523 4558 ept-

278 4578 501 4634 litudine
546 4580 736 4635 urbem
787 4582 1042 4642 eﬂ'ecerat
1088 4589 1269 4644 studio
1300 4589 1525 4658 juvandi
1572 4598 1843 4663 proximi,

280 4671 350 4724 ita
388 4672 441 4725 in
472 4674 609 4729 urbe
652 4686 906 4746 tanquam
948 4679 998 4732 in
1048 4680 1335 4737 solitudine
1369 4687 1577 4741 versari
1614 4689 1841 4758 sciebat,

281 4770 413 4816 teste
440 4763 687 4835 Nysseno
709 4768 806 4837 (b),
833 4784 930 4823 nec
957 4770 1234 4828 hominum
1265 4775 1570 4845 frequentia
1618 4795 1717 4837 nec
1748 4797 1845 4836 ne-

278 4857 543 4923 gotiorum
577 4859 919 4915 multitudine
945 4876 973 4915 a
1002 4864 1091 4932 pio
1128 4874 1183 4919 et
1209 4877 1367 4921 cauto
1395 4870 1610 4924 vivendi
1648 4888 1854 4940 genere,

280 4960 549 5003 avocatus.
579 4950 831 5023 Magnum
866 4970 997 5011 sane
1027 4959 1333 5026 praesidium
1358 4964 1565 5017 exstitit
1592 4964 1845 5022 Ecclesiae

280 5039 599 5097 Caesariensi
629 5044 681 5096 in
713 5045 977 5113 ejusmodi
1016 5050 1343 5119 presbytero,
1385 5054 1475 5121 qui
1506 5065 1703 5123 praster
1732 5056 1843 5111 elo-

280 5135 579 5201 quentiam,
626 5150 732 5203 qua
770 5138 1041 5204 sophistas
1076 5155 1264 5195 omnes
1308 5144 1449 5197 illius
1475 5147 1653 5200 aetatis
1680 5149 1840 5217 longe

279 5224 584 5292 superabat,
623 5242 722 5295 per
769 5236 895 5282 octo
934 5243 1107 5284 annos
1155 5245 1275 5286 sese
1306 5244 1628 5290 exercuerat
1666 5237 1723 5292 in
1755 5254 1845 5293 sa-

277 5317 383 5369 cris
413 5318 711 5385 Scripturis
762 5318 1025 5388 legendis,
1080 5322 1132 5376 in
1168 5326 1471 5381 nteditanda
1526 5343 1590 5384 ac
1642 5345 1843 5400 propu-

280 5408 483 5474 gnanda
521 5410 779 5466 Ecclesiae
810 5414 1077 5477 doctrina,
1111 5430 1173 5468 ac
1199 5416 1249 5469 in
1274 5418 1525 5473 omnibus
1555 5422 1845 5477 monastici

279 5497 507 5553 instituti
540 5501 1211 5575 virtutibusgexcolendis.
1254 5506 1432 5563 Prima
1480 5510 1627 5577 illius
1666 5514 1842 5569 oratio

346 5676 557 5747 (atAm.
581 5682 620 5736 ι.
646 5699 792 5742 xxvt.
828 5698 875 5737 c.
910 5684 963 5737 4.

348 5750 414 5817 (b)
445 5751 519 5805 De
543 5753 741 5819 Basil.,
769 5764 897 5809 tom.
917 5753 999 5820 ΙΙΙ,
1025 5771 1073 5821 p.
1104 5755 1245 5881 ί88.ι

1957 4592 2148 4647 stolam
2176 4591 2356 4646 verbis
2382 4590 2624 4653 brevem,
2653 4589 2933 4644 sententiis
2972 4586 3265 4657 copiosam,
3300 4580 3526 4635 tabella-

1957 4685 2091 4747 rius,
2142 4684 2361 4738 absente
2406 4681 2626 4746 Basilio,
2668 4681 2947 4752 epistolam
2997 4675 3271 4732 commisit
3323 4672 3413 4726 uni
3446 4687 3514 4725 ex

1957 4774 2137 4830 Basilii
2164 4774 2353 4827 amicis
2382 4789 2394 4824 :
2425 4788 2493 4827 ex
2517 4788 2625 4843 quo
2651 4773 2879 4841 conjicio
2902 4784 3022 4823 eum
3048 4767 3306 4822 Caesareae
3339 4762 3521 4832 potius

1957 4882 2114 4935 quam
2148 4867 2201 4920 in
2235 4865 2407 4922 Ponto
2456 4865 2786 4921 domicilium
2824 4861 3101 4917 habuisse.
3134 4858 3268 4913 Nam
3313 4856 3367 4910 in
3404 4870 3520 4907 mo-

1953 4961 2194 5015 nasterio
2242 4962 2439 5015 tradita
2475 4960 2664 5014 fuisset
2701 4956 2921 5026 epistola
2959 4956 3032 5019 ei,
3075 4954 3141 5008 ad
3184 4967 3344 5024 quem
3391 4966 3520 5005 cura

1954 5051 2217 5119 ejusmodi
2251 5066 2432 5107 rerum
2461 5050 2771 5122 pertinebat
2806 5067 2820 5102 :
2855 5061 2955 5102 nec
2992 5045 3268 5116 quaerendi
3296 5044 3347 5098 in
3379 5043 3521 5097 hunc

1954 5158 2109 5198 usum
2136 5142 2363 5198 fuissent
2387 5142 2568 5197 Basilii
2599 5141 2917 5194 familiares.
2951 5139 3260 5207 Respondet
3288 5134 3520 5191 Basilius

1954 5250 2047 5305 per
2072 5235 2313 5301 Petrum,
2339 5250 2499 5305 quem
2534 5235 2699 5304 ipsius
2726 5233 2947 5289 fratrem
2973 5233 3143 5289 fuisse
3167 5231 3333 5286 nolim
3368 5243 3520 5283 asse-

1954 5343 2162 5396 verare,
2198 5331 2397 5400 quippe
2427 5346 2549 5385 cum
2580 5345 2705 5385 eum
2748 5330 2815 5410 de
2850 5344 2999 5384 more
3025 5327 3255 5383 Basilius
3288 5323 3514 5378 fratrem

1953 5433 2109 5473 suum
2153 5434 2256 5474 non
2289 5420 2543 5489 appellet.

1952 5576 1958 5580 η
2025 5511 2114 5569 lV.
2145 5513 2219 5568 Eo
2262 5514 2482 5569 charior
2514 5515 2748 5601 Eusebio
2786 5519 3062 5575 debuisset
3106 5529 3226 5571 esse
3256 5510 3510 5577 Basilius:

2020 5696 2088 5768 (c)
2112 5698 2226 5756 Lib.
2259 5716 2402 5768 xxvi,
2431 5719 2479 5757 c.
2516 5705 2568 5760 6.
