3958 6212
394 392 466 434 x1.
1746 368 2259 429 PBOLEGOMENA
2271 410 2284 424 .

396 510 504 566 quo
529 496 702 565 magis
733 508 853 550 eum
875 492 946 562 :in
997 490 1216 546 ferendo
1247 491 1591 562 episcopatus
1622 506 1788 547 onere
1812 490 1969 560 juva-
1998 499 2044 554 Α
2074 505 2258 555 causa,
2296 488 2627 556 abduxisset,
2665 488 2805 543 idem
2832 487 2974 543 illius
3003 487 3234 543 reditum
3276 487 3340 543 ad
3397 486 3680 545 Ecclesia

399 590 513 645 bat.
559 587 666 642 Sed
722 586 972 656 quamvis
1018 583 1314 654 Gregorius
1360 584 1719 639 dissensionis
1755 599 1977 638 causam

398 677 647 731 consulto
671 685 867 740 taceat,
892 676 1107 730 videtur
1135 674 1322 729 Basilii
1364 675 1506 728 fama
1538 685 1593 730 et
1622 690 1868 731 sunnnus
1898 675 1978 729 in-

397 768 540 835 genii
573 776 630 820 et
658 768 917 821 doctrinae
957 765 1214 835 Splendor
1244 765 1433 819 oculos
1485 764 1704 821 Eusebii
1753 767 1975 820 Imsisse.

396 856 533 910 Erat
559 856 705 911 enim
738 855 1007 910 Eusebius
1032 865 1227 908 cmtera
1254 855 1472 924 quidem
1501 855 1659 910 fortis
1694 865 1750 910 et
1779 857 1979 925 pietate

401 945 753 1014 conspicuus,
785 953 845 998 ut
884 943 1185 1013 persecutio
1213 943 1541 1008 declaravit;
1570 946 1664 999 sed
1687 956 1867 1000 tamen
1895 962 1980 1000 re-

402 1053 531 1093 cens
565 1037 617 1090 in
647 1035 904 1091 cathedra
931 1036 1226 1090 collocatus
1257 1034 1360 1106 (a),
1391 1036 1630 1090 nondum
1658 1052 1848 1093 omnes
1878 1053 1979 1093 saa-

403 1129 508 1183 culi
546 1128 778 1183 allectus
814 1129 1162 1197 deposuerat,
1191 1143 1255 1182 ac
1297 1129 1515 1182 humani
1556 1129 1757 1198 aliquid
1786 1146 1977 1200 passus

402 1231 508 1288 est,
544 1231 600 1275 et
643 1220 901 1274 Basilium
936 1221 1005 1276 ab
1047 1219 1305 1273 Ecclesim
1349 1222 1820 1277 administratione
1864 1237 1975 1277 non

402 1314 520 1367 sine
554 1311 857 1381 ignominia
916 1312 1169 1365 removit.
1219 1310 1421 1365 Ducem
1457 1326 1612 1366 suum
1659 1312 1739 1368 sic
1779 1313 1975 1384 injuria

401 1394 651 1458 affectum
691 1411 747 1456 et
788 1400 1047 1469 rejectum
1096 1401 1349 1456 monachi
1412 1401 1777 1460 Ctesarienses
1831 1403 1977 1460 ferre

402 1509 514 1549 non
549 1502 844 1563 potuerunt
873 1492 980 1565 (b);
1032 1491 1125 1548 sed
1159 1493 1339 1547 statim
1381 1493 1573 1548 audaci
1620 1494 1864 1551 facinore
1909 1497 1977 1552 ab

400 1586 639 1657 episcopi
673 1587 1053 1641 communione
1083 1586 1336 1641 recedere
1379 1593 1645 1652 statuunt,
1687 1602 1977 1659 secumque

401 1689 612 1749 partem
642 1677 814 1747 plebis
838 1685 895 1732 et
924 1678 1310 1732 honoratorum
1340 1693 1448 1733 non
1482 1680 1733 1748 exiguam
1763 1681 1977 1737 abstra-

400 1772 558 1826 hunt.
607 1771 734 1826 Erat
771 1769 1033 1841 perfacile
1081 1770 1317 1825 schisma
1360 1770 1618 1838 conﬂare,
1680 1773 1855 1829 tribus
1909 1773 1976 1829 de

401 1864 584 1925 causis
612 1880 625 1915 :
677 1877 838 1917 nemo
873 1861 1238 1917 venerabilior
1266 1877 1332 1918 eo
1363 1863 1449 1917 cui
1481 1861 1623 1919 facta
1656 1864 1877 1934 injuria,
1911 1880 1974 1922 ac
2005 1839 2051 1900 Β

400 1956 628 2011 idoneus
659 1961 780 2010 erat
799 1953 918 2024 qui,
952 1953 998 2009 si
1021 1952 1301 2021 voluisset,
1327 1955 1497 2010 robur
1516 1964 1569 2011 et
1598 1954 1854 2011 ﬁduciam
1886 1957 1975 2012 ad.

399 2045 554 2102 deret
584 2045 811 2102 factioni
835 2064 851 2114 ;
908 2044 1178 2100 Eusebius
1203 2046 1412 2099 civitati
1440 2055 1727 2117 suspectus
1755 2057 1975 2119 propter

400 2138 836 2209 ordinationem;
880 2136 1111 2192 aderant
1147 2150 1216 2191 ex
1249 2134 1544 2192 Occidente
1585 2138 1849 2208 episcopi,
1882 2140 1972 2209 qui

400 2244 589 2285 onmes
618 2228 950 2284 orthodoxos
982 2230 1036 2283 in
1071 2243 1203 2284 suas
1231 2237 1417 2298 partes
1466 2230 1878 2299 pertrahebant.
1906 2234 1975 2286 At

399 2321 636 2377 Basilius
665 2338 774 2377 non
814 2322 859 2377 is
887 2331 1027 2388 erat,
1064 2322 1157 2392 qui
1197 2330 1292 2374 aut
1340 2322 1407 2375 iis
1442 2334 1578 2390 quos
1611 2322 1972 2393 adversarios,

402 2424 497 2467 aut
542 2414 611 2468 iis
641 2428 779 2483 quos
817 2413 1046 2467 nimium
1084 2412 1169 2467 sui
1211 2412 1484 2467 studiosos
1524 2411 1785 2480 habebat,
1822 2413 1975 2468 oblu-

400 2506 536 2559 ctari
567 2506 751 2569 vellet,
780 2513 871 2558 aut
899 2502 1197 2559 Ecclesiam
1233 2518 1331 2559 sua
1361 2518 1525 2559 causa
1567 2504 1851 2559 dilacerari
1883 2520 1975 2574 pa-

401 2605 633 2661 teretur,
674 2611 797 2651 cum
841 2594 1143 2665 praesertim
1187 2595 1405 2652 aliunde
1433 2606 1793 2665 oppugnatam
1833 2604 1887 2650 et
1919 2597 1972 2651 in

400 2686 699 2758 periculum
730 2686 1031 2756 conjectam
1068 2687 1280 2742 videret
1311 2687 1381 2742 ob
1432 2686 1842 2752 ltazreticorum,
1883 2688 1973 2757 qui

401 2788 532 2834 tunc
561 2778 834 2850 vigebant,
870 2777 1224 2834 dominatum.
1258 2777 1440 2846 Quare
1471 2777 1784 2834 consiliario
1819 2786 1976 2834 utens

401 2878 458 2923 ct
483 2870 759 2925 hortatore
790 2867 1057 2941 Gregorio
1102 2869 1240 2942 fugit
1268 2886 1391 2926 cum
1421 2869 1514 2925 illo
1539 2871 1593 2925 in
1639 2870 1890 2936 Pontum,
1920 2882 1978 2927 et

403 2964 754 3029 monasteria,
793 2979 911 3035 quae
956 2964 1071 3019 illic
1117 2974 1298 3031 erant,
1344 2964 1631 3036 gubernat.
1677 2963 1975 3035 Episcopos

403 3055 524 3113 illos
568 3057 934 3124 occidentales
962 3058 1276 3113 existimant
1313 3057 1512 3114 eruditi
1547 3058 1650 3113 viri
1682 3058 1972 3114 Eusebium

402 3162 525 3203 esse
567 3147 972 3204 Vercellensem
1019 3164 1143 3204 cum
1189 3149 1310 3205 aliis
1353 3149 1650 3213 nonnullis,
1701 3149 1792 3220 qui
1820 3150 1976 3206 nobis

402 3240 604 3311 cogniti
639 3254 746 3295 non
791 3250 938 3295 sunt.
980 3239 1188 3295 Revera
1239 3251 1466 3296 narrant
1500 3242 1755 3297 Socrates
1807 3242 1878 3314 (ε)
1925 3253 1981 3299 et

401 3331 629 3387 Ruﬁnus
678 3332 757 3403 (ιι)
818 3332 909 3403 S.;
932 3332 1247 3399 Eusebium,
1309 3334 1597 3389 Antiochia
1651 3336 1975 3405 digressum,

403 3424 641 3479 Orientis
670 3422 946 3480 Ecclesias
984 3438 1325 3495 peragrasse.
1358 3425 1487 3480 lnde
1511 3424 1785 3481 concludit
1816 3426 1978 3483 Tille—

403 3513 641 3567 montius
663 3512 949 3567 dissidium
981 3511 1110 3568 illud
1141 3513 1210 3567 ad
1231 3528 1431 3567 annum
1466 3510 1574 3569 365
1614 3513 1974 3570 referendum.

407 3604 541 3668 Sed,
587 3604 633 3659 si
682 3611 813 3659 tunc
846 3603 1019 3660 adfuit
1050 3603 1107 3659 S.
1144 3603 1409 3661 Eusebius
1446 3603 1836 3673 Vercellensis,
1886 3623 1980 3664 ne-

404 3709 555 3754 cesse
592 3705 678 3749 est
708 3695 984 3765 longiores
1012 3696 1063 3751 ei
1097 3696 1150 3751 in
1179 3696 1404 3753 Oriente
1432 3712 1617 3753 moras
1658 3699 1975 3767 attribuere,

402 3802 527 3842 cum
558 3786 746 3845 Basilii
794 3790 1071 3845 ordinatio
1117 3791 1185 3847 ad
1234 3804 1435 3846 annum
1468 3790 1573 3847 563
1622 3792 1814 3847 referri
1868 3807 1973 3847 non

402 3882 594 3949 possit.

474 3973 541 4028 ν.
575 3974 632 4029 Si
686 3974 926 4031 secessio
977 3974 1168 4032 Basilii
1221 3977 1379 4048 digna
1437 3977 1538 4032 fuit
1594 3976 1974 4042 admiratione,

402 4064 573 4120 multo
600 4064 814 4136 dignior
842 4066 1049 4122 reditus
1074 4067 1303 4122 exstitit.
1341 4066 1475 4121 Nam
1525 4081 1649 4122 cum
1697 4066 1768 4138 (e)
1805 4068 1977 4138 impe-

403 4164 555 4210 rator
580 4155 797 4221 Valens,
828 4156 947 4210 auri
994 4158 1424 4223 amantissimus,
1463 4166 1521 4212 ut
1548 4158 1627 4212 ait
1656 4155 1973 4227 Gregorius,

403 4255 458 4299 et
482 4246 684 4302 Christi
707 4247 1134 4316 inimicissimus,
1179 4247 1441 4304 Caesarea:
1484 4248 1795 4305 immineret
1833 4264 1976 4304 anno

401 4337 531 4401 365,
557 4351 748 4405 agmen
774 4339 997 4408 impium
1025 4353 1211 4410 agens,
1247 4340 1531 4410 episcopos
1557 4342 1810 4407 Arianos,
1846 4357 1974 4395 cru-

402 4427 551 4483 deles
584 4425 949 4482 Ecclesiarum
996 4429 1322 4495 tetrarchas,
1353 4428 1703 4487 Caesariensis
1733 4430 1973 4486 Ecclesia

2085 581 2452 636 defensionem
2502 582 2617 651 pari
2653 582 2934 651 prudentia
2970 581 3228 636 confecit.
3256 579 3493 637 Vocatus
3530 597 3679 651 pcr—

2080 675 2379 731 honorifice
2403 675 2468 729 ab
2501 674 2737 729 Eusebio
2770 674 3092 728 Caesariensi
3130 674 3195 726 ad
3226 673 3458 741 aliquem
3488 673 3677 742 spiri-

2081 766 2243 821 talem
2275 774 2625 832 conventum,
2665 764 2717 818 id
2745 774 2829 818 est
2871 764 2937 817 ad
2988 762 3220 831 aliquem
3255 763 3399 816 diem
3434 762 3677 827 festum,

2079 866 2293 928 gratum
2336 857 2600 922 animum,
2646 866 2834 927 utpar
2865 864 3004 919 erat,
3042 854 3373 924 significavit
3397 852 3467 923 (Ι)
3503 870 3518 917 ;
3560 853 3677 906 sed

2081 966 2186 1005 non
2217 951 2403 1005 omisit
2434 949 2777 1004 occasionem
2804 948 2973 1001 libere
3000 944 3552 1015 conquerendi,quod
3579 944 3677 997 in-

2077 1038 2276 1108 juriam
2302 1037 2503 1093 Basilio
2542 1039 2761 1092 fecisset
2804 1036 3068 1092 Eusebius
3108 1045 3165 1089 et
3200 1036 3377 1090 adhuc
3422 1034 3671 1088 faceret.

2081 1130 2217 1183 llum
2249 1129 2393 1183 enim
2431 1129 2532 1185 sibi
2560 1131 2821 1183 honorem
2859 1128 3041 1190 habet,
3078 1135 3387 1194 contempto
3410 1124 3623 1179 Basilio
3650 1164 3670 1187 ,

2080 1218 2222 1272 idem
2261 1233 2383 1274 eum
2411 1218 2615 1283 facere,
2651 1233 2714 1272 ac
2742 1218 2786 1271 si
2824 1218 2947 1288 quis
2980 1217 3137 1271 unius
3164 1215 3265 1269 viri
3298 1224 3459 1284 caput
3482 1214 3674 1269 altera

2080 1325 2244 1365 manu
2278 1310 2603 1376 demulceat,
2661 1310 2831 1363 altera
2879 1309 3080 1363 malam
3129 1306 3323 1373 feriat;
3370 1306 3673 1361 autetiam

2078 1400 2351 1457 convulsis
2387 1402 2577 1457 domus
2625 1400 2991 1456 fundamentis
3031 1401 3270 1469 parietes
3314 1401 3526 1471 pingat,
3564 1410 3669 1454 at-

2078 1510 2182 1567 que
2225 1504 2477 1551 externas
2516 1504 2696 1565 partes
2738 1504 2987 1551 exornet.
3033 1494 3327 1550 Pollicetur
3376 1508 3667 1549 summam

2076 1588 2193 1643 fore
2225 1588 2280 1644 in
2321 1603 2445 1644 eum
2476 1587 2663 1643 Basilii
2706 1586 3126 1649 observantiam,
3163 1586 3208 1640 si
3237 1601 3425 1656 aequus
3460 1587 3514 1640 in
3545 1584 3662 1640 Ba-

2077 1680 2254 1735 silium
2303 1694 2436 1735 esse
2482 1679 2649 1747 velit;
2693 1694 2752 1734 se
2805 1692 3021 1751 quoque
3070 1679 3253 1733 statim
3311 1687 3666 1745 secuturum,

2077 1774 2526 1841 quemadmodum
2559 1773 2762 1828 umbrae
2800 1787 3025 1843 corpora
3064 1783 3382 1841 sequuntur.

2152 1864 2411 1933 Quamvis
2450 1866 2873 1921 admonitionem
2913 1866 3130 1920 eximiis
3161 1863 3407 1918 laudibus
3438 1872 3664 1933 tempe-

2081 1964 2184 2023 ret,
2211 1970 2444 2027 eumque
2470 1958 2811 2013 sacerdotem
2846 1956 3077 2027 appellet
3104 1956 3368 2020 omnium,
3392 1970 3529 2022 quos
3561 1970 3672 2008 no-

2080 2048 2311 2115 verit,ct
2341 2050 2449 2103 vita
2481 2058 2537 2104 et
2560 2062 2812 2105 sermone
2842 2047 3370 2117 prtestantissimum,
3399 2045 3543 2100 illius
3576 2055 3668 2099 ta-

2081 2153 2205 2195 men
2250 2140 2553 2196 libertatem
2590 2140 2696 2195 sibi
2742 2140 3060 2211 injuriosam
3103 2138 3277 2193 vidcri
3324 2137 3667 2207 significavit

2081 2232 2361 2287 Eusebius.
2399 2231 2536 2286 Tum
2576 2232 2873 2303 Gregorius
2906 2230 2981 2303 (g)
3019 2230 3258 2286 declarat
3282 2243 3341 2284 se
3373 2244 3481 2284 non
3519 2244 3662 2284 con-

2084 2324 2382 2391 tumeliose,
2412 2326 2505 2380 sed
2542 2316 2945 2379 accommodate
2980 2325 3045 2379 ad
3075 2324 3218 2394 leges
3252 2323 3476 2394 spiritus
3520 2323 3666 2378 srri-

2081 2417 2252 2484 psisse
2288 2434 2300 2469 :
2333 2430 2544 2485 acquum
2571 2415 2715 2470 enim
2746 2430 2887 2481 esse,
2922 2424 2979 2469 ut
3008 2415 3108 2469 sibi
3140 2414 3426 2480 Eusebius,
3451 2430 3656 2485 quam-

2080 2507 2163 2561 vis
2188 2506 2353 2577 gradu
2398 2506 2643 2576 superior
2666 2506 2755 2573 sit,
2783 2504 2985 2575 justam
3023 2505 3329 2560 libertatem
3364 2505 3651 2560 concedat.

2080 2596 2369 2663 Caeterum,
2402 2600 2445 2654 si
2477 2613 2535 2654 sc
2568 2599 2743 2654 instar
2775 2598 2960 2653 famuli
2996 2613 3117 2654 esse
3151 2598 3299 2665 velit,
3347 2599 3549 2668 quique
3588 2612 3661 2652 ne

2080 2690 2296 2746 obtueri
2325 2689 2543 2760 quidem
2574 2691 2791 2755 debeat,
2820 2705 3106 2760 passurum
3131 2704 3189 2745 se
3217 2690 3354 2744 hanc
3376 2688 3657 2758 iniuriam,

2081 2780 2175 2837 sed
2201 2780 2255 2835 id
2282 2781 2482 2851 pietate
2505 2779 2723 2836 Eusebii
2750 2796 2971 2851 prorsus
2993 2781 3269 2853 indignum
3299 2794 3438 2835 esse.
3476 2778 3661 2849 Signi-

2082 2872 2207 2927 ﬁcat
2230 2874 2283 2927 in
2308 2872 2410 2927 alia
2435 2873 2659 2942 epistola
2692 2872 2768 2944 (It)
2802 2872 3004 2926 nullam
3044 2885 3103 2925 se
3145 2871 3495 2926 offensionem
3536 2872 3660 2925 ani-

2081 2979 2172 3019 mo
2199 2964 2541 3035 suscepisse;
2598 2966 2716 3032 sed,
2769 2965 2982 3021 etiamsi
3039 2964 3388 3035 suscepisset,
3420 2963 3662 3019 libenter

2080 3059 2185 3113 hoc
2217 3064 2459 3128 tempore
2500 3058 2892 3128 depositurum,
2932 3071 3053 3113 cum
3083 3056 3260 3110 videat
3298 3052 3442 3110 feras
3468 3055 3523 3109 in
3549 3055 3661 3111 Ec~

2082 3150 2300 3205 clesiam
2342 3150 2631 3215 irruentes,
2677 3161 2733 3206 et
2767 3164 3029 3218 generose
3083 3151 3425 3206 resistentem
3476 3147 3657 3203 Euse—

2080 3242 2249 3296 bium.
2291 3238 2477 3311 Itaque
2508 3252 2799 3296 venturum
2832 3258 2890 3297 se
2917 3242 3205 3311 promittit,
3243 3242 3286 3297 si
3314 3241 3384 3295 ita
3407 3241 3662 3295 videatur

2078 3333 2335 3400 Eusebio,
2381 3343 2441 3388 ut
2477 3348 2598 3387 cum
2628 3332 2770 3388 illius
2802 3332 3055 3403 precibus
3095 3348 3223 3388 suas
3261 3332 3574 3401 conjungal,
3600 3342 3662 3388 et

2078 3425 2239 3481 simul
2264 3434 2487 3496 pugnet,
2525 3439 2779 3495 eumque,
2820 3435 2881 3479 ut
2927 3408 3438 3493 praestantissimum
3474 3423 3658 3479 athle-

2080 3526 2189 3571 tam
2215 3517 2364 3586 pueri
2390 3516 2720 3582 hortatores,
2747 3516 3133 3572 succlatuando
3158 3517 3365 3571 incitet.

2147 3607 2265 3663 Non
2298 3609 2504 3678 ingrata
2545 3607 2646 3663 fuit
2674 3608 2904 3663 Eusebio
2938 3622 3102 3678 opera
3132 3608 3375 3677 Gregorii
3407 3607 3494 3681 (ἱ),
3535 3618 3656 3663 sta-

2080 3699 2291 3769 timque
2313 3701 2379 3753 ad
2404 3713 2527 3755 eum
2556 3713 2615 3754 se
2652 3699 2881 3754 contulit
2908 3698 3219 3770 Gregorius,
3251 3715 3484 3770 eumque
3517 3712 3661 3756 tem-

2077 3808 2231 3863 pore,
2259 3802 2317 3847 ut
2346 3792 2552 3849 ferrum
2588 3793 2730 3864 igne,
2774 3794 3039 3848 mollitum
3082 3808 3203 3848 esse
3251 3794 3659 3861 animadvertit,

2076 3895 2133 3942 et
2184 3887 2252 3942 ad
2305 3886 2632 3942 reddendam
2680 3884 2882 3941 Basilio
2928 3886 3359 3941 benevolentiam
3427 3888 3658 3943 omnino

2075 3976 2432 4046 propendere.
2487 3975 2792 4043 Quinetiam
2832 3974 3157 4045 signiﬁcavit
3188 3994 3246 4033 se
3276 3978 3342 4032 ad
3391 3976 3656 4032 Basilium

2077 4067 2322 4138 placandi
2370 4076 2424 4123 et
2491 4067 2784 4121 advocandi
2841 4083 3003 4123 causa
3069 4070 3426 4139 scripturum,
3482 4069 3657 4140 idque

2077 4159 2257 4227 multi,
2291 4160 2384 4229 qui
2412 4158 2629 4214 Eusebii
2674 4159 2915 4215 consiliis
2946 4160 3126 4215 intimi
3159 4172 3336 4226 erant,
3362 4161 3660 4214 conﬁrma-

2076 4260 2226 4306 runt.
2279 4252 2473 4307 Statim
2516 4266 2643 4322 ergo
2684 4251 2979 4323 Gregorius
3022 4253 3286 4309 Basilium
3342 4253 3509 4308 totius
3568 4252 3655 4308 rei

2077 4343 2361 4398 certiorem
2396 4343 2545 4410 facit,
2569 4358 2802 4413 eumque
2834 4344 3102 4409 hortatur,
3140 4356 3198 4400 ut
3229 4347 3536 4418 episc0pum
3561 4360 3662 4399 oc-

2077 4443 2236 4505 cupet
2285 4445 2378 4489 aut
2427 4436 2764 4491 adveniendo
2818 4446 2910 4490 aut
2979 4439 3289 4505 scribendo,
3343 4439 3429 4492 vel
3476 4437 3660 4506 potius

402 4519 458 4573 in
495 4520 791 4574 maximum
818 4518 1116 4589 periculum
1148 4531 1391 4576 venerat.
1445 4520 1581 4576 Nam
1620 4522 1858 4577 strenuis
1882 4522 1971 4576 illa
2004 4537 2049 4592 D
2077 4528 2359 4583 scribendo
2404 4543 2467 4582 ac
2515 4528 2709 4583 deinde
2752 4531 3040 4586 veniendo.
3090 4530 3206 4586 Non
3261 4531 3408 4586 enim
3456 4530 3656 4585 honori

401 4610 622 4678 quidem
644 4608 779 4663 viris
805 4606 1134 4673 abundabat,
1165 4609 1258 4664 sed
1286 4618 1691 4679 propugnatore
1719 4609 1976 4665 destituta

401 4707 521 4753 erat
563 4712 629 4752 ac
671 4696 959 4754 defensore
996 4699 1268 4752 sermonis
1319 4708 1373 4753 et
1421 4699 1646 4767 spiritus
1706 4697 1976 4768 praesidiis

400 4789 670 4843 instructo
700 4807 714 4844 :
756 4805 858 4845 nec
882 4790 1097 4855 Ariani,
1144 4789 1231 4858 qui
1273 4789 1383 4857 jam
1419 4789 1554 4844 alias
1587 4788 1863 4844 Ecclesias
1887 4788 1968 4843 vi-

400 4894 607 4952 cerant,
642 4884 776 4940 alias
799 4886 1207 4957 oppugnabant,
1245 4884 1381 4941 alias
1406 4885 1646 4940 victuros
1688 4899 1749 4939 se
1781 4898 1971 4954 spera-

400 4977 554 5041 bant,
579 4975 684 5030 ulla
718 4991 777 5031 re
807 4976 911 5031 alia
960 4978 1134 5047 magis
1157 4976 1512 5047 erigebantur
1538 4976 1604 5030 ad
1644 4990 1793 5045 spem
1817 4990 1971 5031 ever-

400 5066 578 5121 tendae
603 5064 883 5133 Caesareae,
923 5080 1084 5137 quam
1123 5066 1310 5122 Basilii
1348 5080 1566 5121 secessu
1595 5074 1650 5121 et
1679 5067 1835 5120 ducis
1863 5066 1970 5121 im-

399 5159 617 5228 peritia.

472 5250 579 5307 Sed
611 5264 797 5305 eorum
856 5250 1019 5321 fregit
1056 5236 1277 5307 consilia
1330 5251 1625 5325 Gregorius
1669 5250 1969 5306 Nazianze-

400 5357 522 5408 nus,
556 5341 648 5411 qui
679 5357 801 5397 cum
825 5339 1082 5396 Basiliam
1099 5341 1368 5413 Caesarea,
1400 5346 1548 5415 pacis
1586 5344 1969 5401 ecclesiastica;

449 5529 548 5599 '(a)
581 5528 737 5595 Naz.,
770 5545 825 5599 p.
858 5530 981 5585 540.

470 5602 543 5671 (ὑ)
574 5601 703 5671 Ibid.
735 5617 787 5668 p.
812 5602 937 5657 536.

473 5669 545 5737 (ε)
572 5669 695 5725 ‘Lib.
725 5687 807 5736 In,
837 5688 887 5725 c.
915 5671 967 5725 9.

473 5742 552 5807 (dl
576 5739 694 5795 Lib.
722 5756 760 5804 ι,
786 5756 835 5793 c.
872 5742 957 5794 so.

477 5811 547 5883 (ε)
571 5809 700 5866 Naz.
727 5824 808 5865 0r.
841 5810 931 5865 20.
959 5815 975 5840 ·’

2076 4620 2315 4676 futurum
2347 4619 2565 4686 Basilio,
2595 4621 2639 4675 si
2673 4622 2818 4691 prior
2857 4623 3144 4693 cpiscopus
3180 4624 3411 4678 cessisse
3443 4623 3662 4676 videre-

2076 4722 2183 4766 tur.
2222 4710 2489 4766 Practcrea
2524 4723 2733 4781 tempus
2775 4714 3070 4783 postulare,
3108 4724 3165 4769 ut
3203 4730 3338 4784 quos
3387 4715 3653 4770 hactenus

2075 4803 2301 4859 sudores
2333 4819 2395 4859 ac
2430 4804 2641 4859 labores
2673 4807 2952 4872 sustinuit,
2990 4822 3330 4877 nequaquam
3364 4808 3484 4863 illos
3514 4819 3655 4863 tem-

2074 4898 2223 4967 poris
2265 4906 2467 4967 puncto
2511 4897 2770 4965 effundat,
2825 4900 2917 4953 sed
2961 4901 3136 4968 potius
3176 4901 3378 4956 auxilio
3403 4913 3656 4956 accurrat

2076 4985 2332 5041 Ecclesiae
2378 4986 2755 5042 hmreticorum
2816 5003 3083 5043 concursu
3138 5000 3364 5056 vexatae,
3422 5007 3653 5061 quorum

2080 5074 2170 5127 alii
2216 5074 2327 5142 jam
2376 5075 2600 5129 aderant
2634 5085 2687 5129 et
2721 5077 2907 5131 turbas
2932 5078 3168 5147 ciebant,
3215 5081 3301 5134 alii
3340 5097 3461 5135 mox
3495 5095 3654 5138 erant

2076 5163 2313 5218 alfuturi.
2351 5164 2627 5220 l’rontiltit
2670 5180 2727 5221 se
2766 5169 3018 5223 comitem
3057 5171 3270 5225 itineris
3310 5173 3541 5227 libenter
3574 5174 3655 5228 fu-

2075 5266 2277 5325 turum,
2306 5257 2348 5311 si
2378 5258 2478 5311 hoc
2500 5273 2679 5327 operte
2702 5260 2935 5328 pretium
2962 5262 3231 5318 existimet
3257 5263 3504 5318 Basilius.

2149 5348 2265 5403 Non
2298 5349 2484 5403 multis
2512 5364 2646 5420 Opus
2685 5351 2870 5406 habuit
2891 5353 3230 5409 sermonibus
3261 5370 3518 5425 generosa
3544 5353 3649 5407 Ba-

2150 5530 2220 5599 (f)
2249 5530 2381 5587 Naz.
2415 5548 2501 5601 ep.
2528 5531 2622 5589 ‘20.

2147 5602 2222 5671 (9)
2258 5601 2349 5671 Ερ-
2384 5603 2506 5657 ¹69-
2566 5656 2572 5669 .

2148 5672 2225 5739 (It;
2258 5673 2353 5740 Ep.
2381 5672 2502 5727 170.

2148 5744 2187 5811 (ξ
2203 5740 2225 5813 )
2257 5742 2352 5811 Ep.
2380 5742 2467 5797 l9.
