3958 6212
1617 371 1777 426 VITA
1821 371 1880 426 S.
1922 371 2188 426 BASILII.
3423 387 3512 428 XLI

261 483 367 544 εἱδὶ
389 484 564 540 anima
599 485 705 555 (α),
739 485 832 540 sed
865 486 1053 542 statim
1087 501 1149 542 ac
1176 487 1492 555 Gregorium
1523 488 1658 544 vidit
1680 488 1841 560 legati
1871 492 1919 552 Α
1949 490 2078 545 titur
2126 503 2304 542 rerum
2344 502 2371 540 a
2400 486 2599 540 Basilio
2653 487 2966 556 presbytero
3000 493 3273 556 gestarum
3321 490 3512 557 series,

263 593 456 632 munus
496 567 816 642 obeun'tem,
858 593 985 632 cum
1040 593 1106 633 eo
1136 579 1372 632 accurrit
1407 578 1732 646 Caesaream,
1776 597 1839 636 ac

263 669 420 724 nullis
443 685 666 739 prorsus
690 671 985 724 simultatis
1028 669 1271 740 reliquiis
1297 671 1348 724 in
1389 673 1568 728 animo
1600 675 1838 728 residen-

262 763 408 816 tibus
435 771 604 815 totnm
636 776 698 816 se
737 762 804 815 ad
833 761 1202 817 defensionem
1235 761 1490 818 Ecclesia:
1517 765 1706 818 matris
1735 764 1840 818 im-

259 855 460 921 pendit.
503 853 700 907 Omnia
734 855 923 924 quippe
957 854 1115 907 simul
1155 865 1390 923 prwstat,
1438 855 1612 924 inquit
1638 855 1842 924 Grego-

257 948 396 1008 rius,
439 946 747 998 inimicitias
787 947 1025 1014 deponit,
1069 949 1349 1011 consultat,
1396 948 1560 1000 aciem
1601 948 1840 1015 instruit,

237 1036 521 1088 ’scandala
550 1045 600 1087 et
633 1036 976 1104 oﬂ'endicula,
1005 1053 1122 1106 qua:
1161 1038 1213 1090 in
1241 1038 1409 1090 medio
1439 1047 1609 1101 erant,
1634 1039 1842 1092 submo-

259 1136 366 1189 εει,
393 1137 684 1193 cunctaque
700 1143 784 1190 ea,
814 1143 1036 1196 quorum
1069 1128 1264 1195 ﬁducia
1291 1128 1369 1180 illi
1397 1146 1489 1182 nos
1516 1129 1648 1183 bello
1675 1130 1842 1184 laces-

258 1220 449 1270 sendos
487 1227 822 1283 putaverant.
869 1218 1020 1272 Alios
1051 1222 1294 1284 assumit,
1333 1220 1462 1274 alios
1481 1224 1683 1286 retinet,
1711 1223 1842 1276 alios

258 1307 556 1375 prepulsat.
615 1308 746 1362 Aliis
796 1325 979 1363 murus
1035 1311 1220 1376 ﬁrmus
1261 1320 1309 1364 et
1349 1311 1543 1364 vallum
1589 1313 1841 1382 eﬁicitur;

261 1397 386 1451 aliis
419 1400 624 1452 securis
655 1410 852 1464 petram
881 1401 1144 1468 scindens,
1173 1413 1262 1454 aut
1301 1404 1435 1472 ignis
1474 1405 1527 1455 in
1568 1405 1755 1470 spinis,
1788 1414 1842 1456 ut

260 1490 439 1543 dicina
472 1490 753 1558 Scriptura
793 1492 1050 1561 loquitur,
1095 1495 1446 1547 sarmentitios
1503 1495 1736 1548 homines
1795 1507 1842 1548 et

263 1581 324 1630 in
359 1579 700 1634 'dicinitatern
744 1583 1166 1648 contumeliosos,
1206 1583 1360 1648 facile
1400 1585 1694 1639 absumens.
1738 1583 1843 1638 De-

263 1671 784 1741 claratGregorius,
820 1675 866 1728 si
901 1670 1033 1745 quid
1056 1675 1328 1732 Barnabas
1364 1676 1525 1732 Paulo
1548 1677 1844 1733 decertanti

264 1765 482 1819 navavit
537 1766 644 1834 (sic
687 1767 831 1821 enim
880 1777 936 1822 et
969 1784 1028 1823 se
1075 1779 1129 1822 et
1155 1768 1409 1824 Basilium
1465 1770 1758 1841 designati,
1792 1771 1843 1825 id

264 1854 431 1912 Paulo
469 1859 820 1913 tribuendum
852 1875 992 1924 esse,
1021 1862 1109 1928 qui
1138 1876 1260 1916 eum
1296 1863 1608 1918 certaminis
1637 1865 1841 1919 socium

265 1950 531 2004 adhibuit.
599 1947 831 2005 Rediere
875 1965 1006 2021 ergo
1039 1966 1096 2005 re
1152 1951 1350 2008 infecta
1409 1953 1675 2019 luereliei,
1720 1964 1844 2009 tunc

266 2041 500 2112 primum
534 2044 745 2111 pudore
770 2042 958 2098 sun‘usi
986 2055 1040 2097 et
1069 2043 1212 2107 victi,
1246 2058 1346 2099 nec
1369 2044 1512 2100 aliud
1552 2045 1844 2116 quidquam

263 2149 328 2188 ex
361 2135 528 2188 tantis
561 2135 848 2212 conatibus
878 2145 1257 2205 perceperunt,
1289 2137 1392 2193 nisi
1415 2147 1473 2192 ut
1500 2138 1756 2193 invictum
1793 2139 1846 2192 in

264 2227 611 2282 defendenda
661 2229 950 2284 Trinitatis
1010 2229 1116 2286 ﬁde
1163 2231 1544 2301 Cappadocum
1606 2233 1847 2286 animum

264 2321 668 2391 perspicerent.

335 2412 424 2467 VI.
461 2413 845 2469 Secessionem
870 2429 933 2469 ac
958 2415 1189 2470 reditum
1215 2416 1395 2471 Basilii
1426 2417 1584 2472 aliter
1610 2432 1674 2472 ac
1697 2416 1852 2473 Tille—

267 2506 511 2561 manutius
545 2517 604 2561 et
627 2507 719 2560 alii
753 2506 931 2562 critici
963 2507 1356 2563 distribuimus.
1391 2508 1524 2564 Nam
1557 2512 1850 2566 secessisse

265 2599 414 2652 illum
454 2613 603 2653 anno
639 2599 1014 2667 565,rediisse
1057 2616 1198 2655 anno
1235 2601 1339 2656 566
1370 2602 1647 2657 existimat
1684 2602 1850 2658 Tille—

267 2690 527 2745 montius.
567 2689 820 2745 Reditum
851 2692 921 2746 ad
961 2707 1163 2747 annum
1195 2687 1311 2747 567
1327 2709 1450 2747 cum
1492 2693 1728 2749 Baronio
1763 2709 1850 2748 re-

262 2781 461 2851 jiciunt
513 2782 925 2838 contiuuatores
981 2783 1256 2848 Bollandi,
1313 2781 1512 2853 Pagius
1550 2786 1616 2840 ad
1650 2801 1847 2839 annum

266 2869 394 2925 570.
421 2869 681 2926 Pluribus
727 2872 999 2926 rationum
1039 2873 1324 2927 momentis
1355 2873 1618 2939 adducor,
1641 2883 1700 2928 ut
1725 2890 1850 2930 eum

268 2979 413 3018 anno
448 2964 556 3019 564
587 2975 844 3028 exeunte,
867 2974 970 3020 .aut
1014 2965 1232 3020 ineunte
1270 2965 1396 3031 565,
1432 2967 1735 3022 existimem
1761 2983 1849 3024 se—

271 3057 525 3122 cessisse,
571 3070 718 3109 anno
745 3064 922 3110 autem
951 3057 1057 3111 565
1096 3059 1342 3113 rediisse.
1389 3059 1461 3112 De
1488 3073 1708 3114 secessu
1737 3060 1849 3130 jam

1941 596 2098 650 quam
2135 581 2274 634 inira
2323 588 2584 634 texemus.
2631 578 2752 648 Ipse
2789 579 3082 650 Gregorius
3128 579 3260 634 nihil
3299 581 3353 635 in
3401 584 3515 653 pri-

1941 673 2168 728 mordiis
2211 673 2500 727 sacerdOtii
2537 682 2726 726 narrat
2768 681 2966 742 pratter
3010 672 3341 728 simultatem
3388 690 3513 729 cum

1942 766 2196 821 Eusebio.
2222 765 2438 819 Initium
2473 779 2788 831 magnarum
2825 779 3004 819 rerum
3045 778 3075 816 a
3113 763 3287 819 reditu
3326 766 3512 828 sumit,

1939 857 2082 926 quod
2105 866 2422 925 argumento
2449 867 2532 910 est
2565 870 2664 909 nec
2701 856 2788 909 diu
2831 856 3069 910 abfuisse
3103 854 3380 919 Basilium,
3419 872 3517 911 nec

1942 949 2112 1002 multo
2161 957 2280 1018 post
2332 948 2728 1002 ordinationem
2787 949 3101 1003 secessisse.
3153 948 3210 1001 2°
3263 947 3518 1003 Certissi-

1943 1055 2088 1093 mum
2146 1049 2522 1107 argumentum
2574 1040 2880 1108 suppeditat
2935 1039 3171 1094 Valentis
3216 1041 3267 1094 in
3325 1041 3514 1094 urbem

1944 1129 2242 1183 Caesaream
2276 1130 2535 1184 adventus
2567 1145 2708 1184 anno
2729 1131 2852 1184 565.
2886 1131 3014 1184 Erat
3052 1132 3104 1184 iu
3144 1132 3244 1186 hac
3290 1133 3424 1186 urbe
3465 1147 3516 1184 Iv

1943 1219 2081 1274 Non.
2107 1219 2212 1274 Jul.
2243 1221 2431 1275 eodem
2459 1236 2622 1283 anno,
2654 1231 2711 1275 ut
2737 1223 3064 1292 perspicitur
3085 1237 3151 1276 ex
3184 1223 3299 1291 lege
3328 1223 3518 1291 quinta

1944 1311 2010 1364 de
2049 1311 2456 1378 susceptoribus
2487 1314 2609 1365 data
2637 1312 2913 1377 Cmsareae,
2967 1312 3098 1366 Cod.
3138 1313 3343 1369 Theod.
3384 1323 3514 1368 tom.

1944 1399 2035 1466 IV,
2075 1417 2127 1469 p.
2157 1401 2281 1456 559.
2311 1402 2366 1454 In
2388 1403 2573 1456 eadem
2599 1404 2730 1457 urbe
2758 1405 3000 1457 numium
3026 1406 3234 1474 accepit
3264 1404 3520 1459 defectio-

1945 1495 2029 1548 nis
2058 1492 2328 1563 Procopii.
2367 1493 2635 1547 Valentem
2672 1512 2701 1546 α
2730 1492 2972 1548 Ca'sarea
3017 1495 3404 1564 Cappadocum,
3437 1497 3520 1550 in-

1944 1585 2064 1654 quit
2097 1585 2416 1640 Ammianus
2443 1584 2536 1655 (c),
2570 1597 2620 1638 nt
2652 1587 2916 1652 vaporatis
2943 1586 3154 1641 a'stibus
3181 1576 3379 1641 Cilicia:
3399 1589 3515 1657 jam

1946 1678 2116 1733 lenitis
2155 1679 2223 1732 ad
2263 1678 2554 1732 Antiochia:
2602 1689 2922 1744 percurreret
2966 1680 3128 1744 sedes,
3189 1680 3543 1748 Sophronias.

1945 1773 2126 1825 avertit
2155 1769 2443 1835 Galatiam,
2486 1771 2805 1826 defectionis
2839 1771 3077 1840 Procopii
3108 1773 3351 1827 nuntium
3391 1771 3521 1828 alle-

1948 1881 2092 1918 rens.
2133 1865 2264 1929 Quis
2288 1879 2418 1933 ergo
2451 1865 2661 1919 dubitet
2688 1865 2752 1917 ad
2787 1864 2929 1918 hunc
2966 1881 3165 1918 annum
3205 1864 3407 1919 referre
3434 1881 3519 1918 reo

1947 1955 2114 2010 ditum
2144 1955 2352 2019 Basilii,
2377 1955 2467 2023 qui
2498 1956 2805 2010 necessario
2829 1954 3147 2024 conjunctus
3171 1965 3254 2010 est
3281 1970 3400 2010 cum
3424 1955 3520 2010 ad-

1946 2055 2109 2099 ventu
2141 2043 2418 2098 Valentis?

2008 2138 2227 2192 Fatetur
2247 2135 2619 2190 Tillemontins
2651 2134 2928 2190 Valentem
2967 2136 3180 2190 venisse
3207 2133 3514 2190 Caesaream

1947 2245 2090 2284 anno
2115 2228 2258 2296 565;
2289 2245 2461 2298 neque
2497 2228 2640 2283 enim
2666 2228 2716 2282 id
2752 2229 2938 2297 negari
2968 2229 3160 2297 possit.
3196 2227 3303 2284 Sed
3336 2229 3522 2282 venire

1948 2321 2145 2377 iterum
2177 2322 2418 2391 potuisse
2472 2321 2752 2375 contendit
2786 2335 2928 2373 anno
2970 2319 3095 2374 566.
3147 2319 3328 2374 Potuit
3390 2335 3522 2376 sane

1947 2412 2155 2473 venire,
2193 2412 2285 2468 sed
2324 2427 2448 2467 eum
2481 2413 2695 2467 venisse
2737 2412 2884 2467 nullo
2933 2427 3156 2481 prorsus
3202 2421 3522 2480 argumento

1948 2505 2212 2573 suspicari
2263 2519 2573 2574 possumus.
2625 2504 2734 2558 lmo
2762 2520 2869 2558 non
2911 2505 3144 2569 venisse,
3179 2505 3366 2560 saltem
3399 2519 3521 2560 cum

1951 2597 2325 2668 triumphante
2371 2597 2462 2652 illo
2511 2597 2887 2665 episcoporum
2932 2595 3310 2650 haereticorum
3355 2596 3526 2650 comi-

1951 2698 2086 2756 tatu,
2151 2696 2490 2758 perSpectum
2549 2696 2604 2742 et
2655 2687 2995 2754 exploratum
3052 2687 3334 2742 habemus.
3387 2685 3523 2739 Nam

1950 2786 2096 2840 victo
2123 2797 2290 2854 prope
2317 2781 2592 2835 Nacoliam
2627 2779 2680 2834 in
2715 2779 2948 2848 Phrygia
2982 2787 3036 2832 et
3060 2778 3240 2833 occiso
3263 2777 3526 2847 Procopio

1949 2875 2037 2930 die
2064 2875 2132 2928 27
2156 2873 2304 2936 Maii,
2336 2887 2477 2927 anno
2511 2869 2637 2936 566,
2675 2881 2861 2940 posma
2897 2869 3144 2938 tiegotiis,
3183 2885 3304 2938 qua:
3354 2869 3526 2924 victo-

1951 2967 2088 3020 riam
2130 2966 2184 3019 in
2206 2963 2348 3019 bello
2375 2962 2523 3019 civili
2552 2961 2808 3031 subsequi
2843 2960 3041 3025 solent,
3066 2970 3362 3029 occupatus
3396 2961 3522 3026 fuit,

1952 3075 2016 3115 ac
2053 3075 2158 3115 non
2212 3071 2405 3127 parum
2461 3055 2720 3125 temporis
2765 3054 2818 3108 in
2868 3053 3104 3109 consciis
3147 3053 3527 3122 perquirendis

270 3163 465 3216 magna
506 3166 576 3203 ex
599 3159 754 3219 parte
785 3149 1025 3218 perfecta
1057 3164 1142 3205 res
1172 3165 1239 3204 ex
1269 3150 1354 3205 his
1382 3165 1500 3220 quae
1523 3151 1759 3207 diximus
1787 3153 1852 3208 de
1879 3175 1922 3234 ο
1957 3150 2266 3220 insumpsit.
2302 3149 2596 3218 Postquam
2651 3154 2835 3200 autem
2901 3145 2990 3200 his
3046 3144 3195 3199 curis
3244 3145 3528 3214 expeditus

272 3244 419 3298 illius
446 3244 815 3299 ordinatione.
847 3244 981 3299 Nam
1005 3244 1051 3298 si
1087 3245 1373 3315 presbyter
1395 3253 1612 3300 creatus
1645 3253 1727 3300 est
1750 3260 1848 3300 an-

277 3349 345 3388 no
365 3334 492 3398 564,
553 3338 602 3389 si
630 3350 774 3390 anno
803 3336 990 3390 eodem
1031 3347 1284 3403 exeunte,
1331 3346 1426 3392 aut
1472 3337 1718 3406 sequenti
1766 3339 1847 3392 in-

276 3437 436 3480 eunte
483 3427 662 3482 adhuc
700 3427 961 3482 Caesareae
986 3430 1286 3485 sacerdotio
1323 3429 1760 3500 perlungebatur,
1791 3439 1851 3486 ut

275 3517 512 3574 vidimus
546 3535 608 3573 ex
643 3521 888 3582 epistolis
916 3521 988 3574 20
1028 3532 1082 3576 et
1112 3523 1206 3587 2|,
1235 3537 1341 3578 non
1387 3525 1561 3593 petuit
1592 3534 1717 3578 ante
1747 3524 1852 3578 hoc

281 3617 490 3678 tempus
532 3610 880 3665 imminentes
921 3611 1108 3666 turbas
1144 3613 1392 3682 prudenti
1439 3629 1655 3670 secessu
1687 3615 1852 3670 decli-

278 3715 431 3753 nare.
459 3701 642 3769 Atque
694 3702 743 3756 id
775 3702 990 3771 quidem
1026 3704 1253 3758 mirilice
1285 3706 1518 3773 quadrat
1562 3723 1685 3762 cum
1738 3709 1853 3779 ipso

281 3792 460 3846 Basilii
489 3795 827 3858 testimonio,
873 3795 962 3864 qui
989 3799 1279 3851 secundam
1320 3797 1464 3851 illam
1489 3799 1852 3855 secessionem

215 3875 226 3888 ’
277 3899 346 3937 ne
389 3893 642 3938 numerat
680 3887 892 3954 quidem
925 3885 1024 3957 (b),
1071 3887 1162 3942 sed
1183 3903 1240 3943 se
1269 3888 1442 3956 plures
1481 3906 1646 3944 annos
1685 3894 1852 3945 conti-

281 3991 412 4027 nuos
447 3977 500 4028 in
545 3975 700 4029 Ponti
743 3977 1037 4032 solitudine
1076 3979 1383 4034 traduxisse
1416 3987 1665 4034 testatur.
1707 3984 1854 4036 Adeo

283 4065 460 4119 brevis
502 4065 603 4118 fuit
646 4068 879 4121 secunda
913 4068 1000 4122 illa
1043 4069 1296 4125 secessio.
1332 4070 1440 4124 Sed
1488 4071 1620 4124 nihil
1649 4071 1854 4141 signiti-

282 4157 494 4212 cautius
551 4157 793 4227 Gregorii
846 4160 1158 4214 testimonio
1205 4161 1296 4231 qui
1344 4162 1626 4230 conceptis
1676 4163 1854 4217 verbis

284 4257 514 4302 testatur
563 4265 811 4317 magnam
866 4250 1243 4304 haereticorum
1301 4257 1625 4319 potestatem
1666 4250 1848 4312 fuisse.

282 4355 402 4393 cum
429 4340 661 4405 Basilius
684 4341 970 4396 discessit:
1002 4343 1144 4410 quod
1170 4343 1386 4411 quidem
1419 4344 1484 4397 de
1519 4341 1714 4397 Juliani
1749 4343 1853 4396 im-

285 4433 432 4499 perio
463 4433 570 4486 dici
598 4447 702 4485 non
736 4443 936 4502 potest,
982 4433 1150 4488 multo
1179 4435 1357 4488 minus
1399 4434 1464 4487 de
1491 4433 1724 4488 Joviani.
1765 4434 1858 4489 Sic

1957 3241 2227 3296 convertit
2279 3250 2358 3296 se'
2393 3241 2460 3294 ad
2516 3238 2838 3295 evertendas
2887 3236 3196 3302 Ecclesias,
3227 3245 3338 3292 tum
3399 3252 3530 3292 vero

1956 3331 2139 3386 multa:
2165 3330 2416 3386 civitates
2453 3330 2807 3400 peragranda:
2832 3328 3070 3394 fuerunt,
3098 3329 3250 3382 multi
3287 3328 3531 3398 episcopi

1956 3422 2174 3477 Arianis
2225 3421 2570 3489 subiiciendi,
2623 3431 2910 3488 antequam
2965 3419 3270 3473 Ctesaream
3296 3419 3527 3474 veniret.

1959 3514 2049 3570 Sic
2074 3515 2218 3568 enim
2247 3514 2300 3566 in
2327 3515 2466 3567 hanc
2499 3515 2686 3568 urbem
2717 3511 2952 3576 advenit,
2976 3518 3036 3565 ut
3055 3511 3372 3579 jamdudum
3409 3511 3533 3564 nul-

1958 3607 2069 3661 lum
2095 3607 2240 3661 aliud
2284 3606 2486 3661 bellum
2529 3605 2784 3660 habuisse
2838 3604 3123 3669 videatur,
3174 3613 3369 3673 praeter
3403 3603 3532 3657 illud

1959 3699 2101 3770 quod
2164 3698 2424 3753 Ecclesiis
2480 3697 2769 3753 inferebat.
2818 3698 2986 3766 Atque
3047 3696 3143 3750 hoc
3190 3697 3399 3765 quidem
3446 3695 3533 3748 ille

1961 3794 2174 3856 animo,
2227 3790 2403 3859 inquit
2449 3788 2745 3859 Gregorius
2799 3788 2913 3858 (d),
2956 3797 3004 3842 et
3045 3803 3163 3840 cum
3191 3787 3290 3840 hac
3343 3787 3532 3855 impie—

1962 3893 2068 3937 tate
2114 3883 2391 3937 adversum
2427 3897 2525 3934 nos
2580 3881 2958 3946 expeditionem
2989 3878 3228 3946 suscipit.
3270 3875 3531 3946 Impetum

1961 3993 2164 4046 quoque
2193 3993 2298 4029 una
2321 3991 2440 4028 cum
2482 3990 2540 4027 eo
2573 3973 2702 4042 facit
2734 3973 2994 4025 exercitus
3026 3972 3140 4038 ipso
3192 3970 3402 4038 dignus,
3435 3969 3534 4020 im-

1960 4066 2108 4136 probi
2147 4065 2484 4119 ecclesiarum
2521 4063 2911 4133 gubernatores,
2957 4061 3083 4114 swvi
3135 4059 3278 4136 illius
3329 4057 3535 4126 imperii

1962 4159 2264 4212 tetrarchae.
2319 4156 2424 4221 Qui
2454 4173 2572 4209 cum
2611 4171 2675 4209 ex
2699 4154 2930 4208 ecclesiis
2958 4153 3096 4206 alias
3131 4151 3246 4221 jam
3279 4158 3534 4215 tenerent,

1963 4252 2096 4306 alias
2162 4258 2546 4319 oppugnarent,
2585 4247 2721 4300 alias
2774 4245 2835 4298 ob
2887 4235 3218 4314 imperatoris
3275 4259 3421 4311 opem
3473 4259 3540 4296 ac

1963 4358 2200 4406 manum,
2229 4357 2346 4411 quae
2376 4340 2572 4409 partim
2603 4336 2968 4402 adhibebatur,
3008 4336 3198 4404 partim
3256 4335 3539 4388 denuntia-

1965 4433 2138 4500 batur,
2169 4435 2222 4486 in
2251 4441 2558 4499 potestatem
2588 4440 2834 4483 venturas
2868 4435 3160 4496 sperarent,
3185 4425 3284 4478 huc
3313 4441 3534 4496 quoque,

286 4534 462 4574 autem
509 4522 750 4590 loquitur
779 4520 1073 4592 Gregorius
1097 4523 1173 4594 (p.
1204 4524 1330 4593 557)
1369 4541 1383 4577 :
1416 4524 1549 4576 Οὐδὲ
1582 4523 1717 4594 πρὸς
1757 4525 1857 4577 αὑ·
1891 4535 1934 4589 Ι)
1966 4536 2019 4579 ut
2055 4536 2288 4579 nostram
2320 4525 2373 4577 in
2404 4524 2657 4576 ditionem
2709 4537 2861 4574 suam
2898 4521 3208 4588 redigerent,
3264 4529 3534 4572 uenerunt.

284 4611 376 4664 τοῦ
409 4614 472 4664 τὸ
507 4613 776 4684 μάχεσθαι
805 4615 1089 4686 ῆδιασπᾷν
1117 4615 1178 4668 τὸ
1209 4614 1366 4686 σῶμα
1400 4615 1862 4686 τῆςἙκκλησίας,

287 4705 378 4755 καὶ
401 4702 577 4767 ἄλλως
607 4703 1037 4775 πολεμουμένης,
1066 4706 1160 4759 καὶ
1185 4705 1465 4776 σφαλερῶς
1492 4706 1861 4778 διακειμένης,

287 4795 392 4847 ὑπὸ
427 4795 531 4864 τῆς
564 4796 684 4848 τότε
713 4797 822 4849 τῶν
862 4796 1150 4866 αἱρετικῶν
1179 4796 1517 4860 δυναστείας.
1564 4796 1676 4851 Nec
1717 4798 1861 4851 illius

286 4898 397 4941 erat
439 4889 716 4954 dimicare,
759 4898 848 4941 aut
898 4887 1147 4944 Ecclesia:
1196 4906 1386 4957 corpus
1439 4889 1697 4954 lacerare,
1742 4905 1859 4958 qua:

287 4980 445 5033 etiam
469 4981 671 5050 alioqui
699 4979 763 5032 ab
800 4982 1081 5043 hrcreticis,
1111 4981 1199 5050 qui
1226 4991 1335 5033 tum
1378 4981 1664 5050 potentiam
1703 4990 1860 5046 atque

287 5072 562 5141 imperium
613 5072 930 5140 obtinebant,
985 5073 1410 5144 oppugnabatur,
1461 5089 1525 5126 ac
1574 5072 1861 5142 periculose

287 5164 472 5231 affecta
511 5171 648 5216 erat.

361 5253 469 5307 Vll.
501 5255 656 5320 Quod
696 5265 907 5324 spectat
951 5257 1018 5311 ad
1064 5257 1321 5322 reditum,
1358 5255 1632 5311 immerito
1674 5254 1728 5309 in
1763 5268 1861 5307 an-

285 5363 411 5400 num
443 5347 548 5402 566
586 5357 679 5402 aut
715 5350 818 5403 567
857 5349 1125 5404 diﬂ‘ertur.
1157 5349 1322 5403 Multo
1356 5349 1642 5404 absurdius
1672 5348 1861 5418 rejice-

287 5451 434 5492 retur
458 5443 528 5494 ad
555 5457 754 5496 annum
787 5444 926 5508 570;·
943 5446 1249 5498 necessario
1279 5443 1625 5497 collocandus
1664 5442 1728 5495 ad
1762 5456 1859 5494 an-

285 5546 413 5586 num
443 5533 573 5587 565.
633 5533 767 5589 Nam
808 5539 859 5591 l°
899 5546 1008 5592 tam
1042 5537 1252 5607 longam
1280 5537 1576 5594 absentiam
1617 5549 1722 5590 non
1761 5548 1856 5604 pa-

359 5739 439 5805 (a)
466 5736 626 5798 Nam.
654 5755 732 5796 or.
764 5744 853 5798 ΞΟ.

356 5808 432 5878 (b)
456 5810 554 5880 Ep.
590 5811 706 5866 aut.

1961 4618 2131 4672 Nemo
2171 4627 2424 4678 estsane,
2462 4615 2551 4682 qui
2576 4614 2662 4668 his
2715 4610 2952 4680 legendis
2979 4625 3083 4664 non
3119 4607 3536 4668 animadvertat,

1963 4709 2240 4765 Valentem
2267 4707 2584 4775 jamdudum
2615 4705 2682 4758 ab
2732 4704 2855 4757 aliis
2880 4702 3027 4756 curis
3058 4700 3286 4754 liberum
3313 4707 3370 4753 et
3395 4699 3540 4753 solu-

1963 4810 2099 4866 tum,
2127 4803 2239 4855 otio
2279 4816 2378 4854 suo
2416 4804 2481 4851 ad
2514 4797 2944 4866 persequendam
2978 4790 3276 4845 Ecclesium
3307 4791 3537 4844 abusum

1960 4895 2130 4949 fuisse
2160 4912 2174 4960 ;
2214 4909 2276 4948 ac
2311 4893 2540 4962 proinde
2591 4906 2697 4944 non
2730 4888 2866 4942 satis
2895 4883 3230 4954 superfuisse
3278 4883 3537 4953 temporis

1969 4996 2028 5040 ut
2055 4985 2356 5040 Caesaream
2383 4983 2592 5036 veniret
2623 4995 2767 5033 anno
2791 4977 2917 5031 566.

2040 5075 2136 5129 llis
2163 5073 2301 5127 adde
2321 5073 2602 5128 Valentem
2635 5068 2897 5136 Procopio
2925 5067 2976 5121 in
2999 5066 3235 5136 Phrygia
3266 5071 3540 5133 superato,

1967 5165 2420 5232 internarumque
2465 5160 2864 5216 dissensionum
2891 5159 3117 5213 materia
3146 5156 3453 5225 consopita,
3483 5164 3543 5205 ut

1967 5259 2044 5310 ait
2071 5254 2414 5320 Ammianus,
2439 5253 2671 5307 otiosum
2703 5265 2808 5304 non
2839 5250 3028 5305 fuisse.
3066 5249 3211 5303 Misit
3239 5249 3383 5301 enim
3447 5244 3540 5298 Vi-

1965 5357 2168 5404 ctorem
2204 5346 2522 5417 magistrum
2560 5345 2802 5414 equitum
2857 5345 2922 5398 ad
2977 5342 3186 5399 Gothos
3217 5382 3233 5407 ,
3259 5350 3316 5394 ut
3356 5353 3424 5392 ex
3462 5339 3541 5391 eis

1965 5439 2366 5503 sciscitaretur,
2397 5437 2749 5506 quamobrem
2777 5433 3044 5502 Proc0pio
3068 5429 3325 5485 auxilium
3358 5427 3541 5482 dedis-
3616 5492 3623 5501 ~

1965 5537 2108 5586 sent.
2164 5529 2403 5584 Reverso
2438 5527 2652 5583 Victore
2686 5525 2873 5582 Valens
2898 5525 3047 5596 parvi
3075 5525 3270 5577 ducens
3315 5535 3540 5576 excusa.-

2051 5738 2121 5808 (c)
2151 5738 2268 5792 Lib.
2293 5752 2440 5806 XXVI,
2471 5752 2518 5793 c.
2551 5736 2606 5804 τι

2041 5811 2120 5878 (d)
2161 5809 2251 5864 0r.
2275 5809 2364 5864 20.
