  <div class='ocr_page' id='page_1' title='image "/cluster/home/n/w/nwhite01/storage/ocr_20150623/29/mdp.39015012934371/051.png"; bbox 0 0 3958 6212; ppageno 0'>
   <div class='ocr_carea' id='block_1_1' title="bbox 389 5710 397 5735">
    <p class='ocr_par' dir='ltr' id='par_1_1' title="bbox 389 5710 397 5735">
     <span class='ocr_line' id='line_1_1' title="bbox 389 5710 397 5735; baseline 0 0"><span class='ocrx_word' id='word_1_1' title='bbox 389 5710 397 5735; x_wconf 67' lang='lat' dir='ltr'><strong>i</strong></span> 
     </span>
    </p>
   </div>
   <div class='ocr_carea' id='block_1_2' title="bbox 406 396 514 440">
    <p class='ocr_par' dir='ltr' id='par_1_2' title="bbox 406 396 514 440">
     <span class='ocr_line' id='line_1_2' title="bbox 406 396 514 440; baseline 0.009 -1"><span class='ocrx_word' id='word_1_2' title='bbox 406 396 514 440; x_wconf 72' lang='grc' dir='ltr'><strong>ίιΙΙ</strong></span> 
     </span>
    </p>
   </div>
   <div class='ocr_carea' id='block_1_3' title="bbox 1766 377 2297 442">
    <p class='ocr_par' dir='ltr' id='par_1_3' title="bbox 1766 377 2297 442">
     <span class='ocr_line' id='line_1_3' title="bbox 1766 377 2297 442; baseline -0.011 -3"><span class='ocrx_word' id='word_1_3' title='bbox 1766 380 2036 442; x_wconf 77' lang='lat' dir='ltr'><strong>PROLEG</strong></span> <span class='ocrx_word' id='word_1_4' title='bbox 2043 377 2297 437; x_wconf 78' lang='lat' dir='ltr'><strong>OMENA.</strong></span> 
     </span>
    </p>
   </div>
   <div class='ocr_carea' id='block_1_4' title="bbox 406 480 3653 575">
    <p class='ocr_par' dir='ltr' id='par_1_4' title="bbox 406 480 3653 575">
     <span class='ocr_line' id='line_1_4' title="bbox 406 480 3653 575; baseline -0.008 -15"><span class='ocrx_word' id='word_1_5' title='bbox 406 510 598 562; x_wconf 78' lang='lat' dir='ltr'><strong>tionem</strong></span> <span class='ocrx_word' id='word_1_6' title='bbox 633 507 991 571; x_wconf 75' lang='lat' dir='ltr'><strong>vanissimam,</strong></span> <span class='ocrx_word' id='word_1_7' title='bbox 1028 505 1210 575; x_wconf 80' lang='lat' dir='ltr'><strong>inquit</strong></span> <span class='ocrx_word' id='word_1_8' title='bbox 1252 506 1571 562; x_wconf 80' lang='lat' dir='ltr'><strong>Ammianus</strong></span> <span class='ocrx_word' id='word_1_9' title='bbox 1599 548 1614 573; x_wconf 94' lang='lat'><strong>,</strong></span> <span class='ocrx_word' id='word_1_10' title='bbox 1668 504 1974 566; x_wconf 64' lang='lat' dir='ltr'><strong>limum,</strong></span> <span class='ocrx_word' id='word_1_11' title='bbox 2006 505 2052 562; x_wconf 80' lang='grc' dir='ltr'><strong>Α</strong></span> <span class='ocrx_word' id='word_1_12' title='bbox 2083 501 2157 553; x_wconf 88' lang='lat' dir='ltr'><strong>tia</strong></span> <span class='ocrx_word' id='word_1_13' title='bbox 2185 507 2241 553; x_wconf 91' lang='lat' dir='ltr'><strong>et</strong></span> <span class='ocrx_word' id='word_1_14' title='bbox 2268 494 2574 566; x_wconf 86' lang='lat' dir='ltr'><strong>eloquentia</strong></span> <span class='ocrx_word' id='word_1_15' title='bbox 2599 501 2653 549; x_wconf 88' lang='lat' dir='ltr'><strong>et</strong></span> <span class='ocrx_word' id='word_1_16' title='bbox 2676 490 2906 548; x_wconf 87' lang='lat' dir='ltr'><strong>consilio</strong></span> <span class='ocrx_word' id='word_1_17' title='bbox 2936 495 2992 544; x_wconf 92' lang='lat' dir='ltr'><strong>et</strong></span> <span class='ocrx_word' id='word_1_18' title='bbox 3021 485 3220 540; x_wconf 80' lang='lat' dir='ltr'><strong>virtute</strong></span> <span class='ocrx_word' id='word_1_19' title='bbox 3253 480 3523 551; x_wconf 80' lang='lat' dir='ltr'><strong>superari,</strong></span> <span class='ocrx_word' id='word_1_20' title='bbox 3548 492 3653 535; x_wconf 82' lang='lat' dir='ltr'><strong>nec</strong></span> 
     </span>
    </p>
   </div>
   <div class='ocr_carea' id='block_1_5' title="bbox 407 598 1976 666">
    <p class='ocr_par' dir='ltr' id='par_1_5' title="bbox 407 598 1976 666">
     <span class='ocr_line' id='line_1_5' title="bbox 407 598 1976 666; baseline 0 -17"><span class='ocrx_word' id='word_1_21' title='bbox 407 612 458 652; x_wconf 69' lang='grc' dir='ltr'><strong>ρ.</strong></span> <span class='ocrx_word' id='word_1_22' title='bbox 488 599 542 661; x_wconf 85' lang='grc'><strong>5,</strong></span> <span class='ocrx_word' id='word_1_23' title='bbox 575 598 631 651; x_wconf 88' lang='lat' dir='ltr'><strong>in</strong></span> <span class='ocrx_word' id='word_1_24' title='bbox 671 614 757 652; x_wconf 89' lang='lat' dir='ltr'><strong>eos</strong></span> <span class='ocrx_word' id='word_1_25' title='bbox 786 598 937 665; x_wconf 89' lang='lat' dir='ltr'><strong>signa</strong></span> <span class='ocrx_word' id='word_1_26' title='bbox 976 599 1250 652; x_wconf 70' lang='lat' dir='ltr'><strong>commovit</strong></span> <span class='ocrx_word' id='word_1_27' title='bbox 1271 636 1287 664; x_wconf 93' lang='lat'><strong>,</strong></span> <span class='ocrx_word' id='word_1_28' title='bbox 1323 608 1493 652; x_wconf 90' lang='lat' dir='ltr'><strong>motus</strong></span> <span class='ocrx_word' id='word_1_29' title='bbox 1517 598 1844 654; x_wconf 83' lang='lat' dir='ltr'><strong>adventantis</strong></span> <span class='ocrx_word' id='word_1_30' title='bbox 1858 598 1976 666; x_wconf 87' lang='lat' dir='ltr'><strong>jam</strong></span> 
     </span>
    </p>
   </div>
   <div class='ocr_carea' id='block_1_6' title="bbox 406 686 1981 758">
    <p class='ocr_par' dir='ltr' id='par_1_6' title="bbox 406 686 1981 758">
     <span class='ocr_line' id='line_1_6' title="bbox 406 686 1981 758; baseline -0.001 -19"><span class='ocrx_word' id='word_1_31' title='bbox 406 688 678 758; x_wconf 76' lang='lat' dir='ltr'><strong>prtescios,</strong></span> <span class='ocrx_word' id='word_1_32' title='bbox 707 697 754 740; x_wconf 91' lang='lat' dir='ltr'><strong>et</strong></span> <span class='ocrx_word' id='word_1_33' title='bbox 780 686 1086 754; x_wconf 72' lang='lat' dir='ltr'><strong>pubescente</strong></span> <span class='ocrx_word' id='word_1_34' title='bbox 1109 704 1229 741; x_wconf 83' lang='lat' dir='ltr'><strong>vere</strong></span> <span class='ocrx_word' id='word_1_35' title='bbox 1264 690 1484 758; x_wconf 71' lang='lat' dir='ltr'><strong>qua’sito</strong></span> <span class='ocrx_word' id='word_1_36' title='bbox 1514 688 1571 742; x_wconf 87' lang='lat' dir='ltr'><strong>in</strong></span> <span class='ocrx_word' id='word_1_37' title='bbox 1598 703 1758 741; x_wconf 88' lang='lat' dir='ltr'><strong>unum</strong></span> <span class='ocrx_word' id='word_1_38' title='bbox 1783 688 1981 742; x_wconf 74' lang='lat' dir='ltr'><strong>exerci-</strong></span> 
     </span>
    </p>
   </div>
   <div class='ocr_carea' id='block_1_7' title="bbox 409 777 1983 847">
    <p class='ocr_par' dir='ltr' id='par_1_7' title="bbox 409 777 1983 847">
     <span class='ocr_line' id='line_1_7' title="bbox 409 777 1983 847; baseline 0.001 -16"><span class='ocrx_word' id='word_1_39' title='bbox 409 791 487 840; x_wconf 82' lang='lat' dir='ltr'><strong>tu,</strong></span> <span class='ocrx_word' id='word_1_40' title='bbox 538 795 696 845; x_wconf 88' lang='lat' dir='ltr'><strong>prope</strong></span> <span class='ocrx_word' id='word_1_41' title='bbox 756 777 1020 847; x_wconf 86' lang='lat' dir='ltr'><strong>Daphnem</strong></span> <span class='ocrx_word' id='word_1_42' title='bbox 1060 780 1265 834; x_wconf 84' lang='lat' dir='ltr'><strong>nomine</strong></span> <span class='ocrx_word' id='word_1_43' title='bbox 1290 780 1667 834; x_wconf 70' lang='lat' dir='ltr'><strong>munimentum</strong></span> <span class='ocrx_word' id='word_1_44' title='bbox 1688 790 1763 834; x_wconf 89' lang='lat' dir='ltr'><strong>est</strong></span> <span class='ocrx_word' id='word_1_45' title='bbox 1806 788 1983 832; x_wconf 85' lang='lat' dir='ltr'><strong>castra</strong></span> 
     </span>
    </p>
   </div>
   <div class='ocr_carea' id='block_1_8' title="bbox 408 865 1978 932">
    <p class='ocr_par' dir='ltr' id='par_1_8' title="bbox 408 865 1978 932">
     <span class='ocr_line' id='line_1_8' title="bbox 408 865 1978 932; baseline -0.002 -11"><span class='ocrx_word' id='word_1_46' title='bbox 408 879 652 922; x_wconf 81' lang='lat' dir='ltr'><strong>metatus.</strong></span> <span class='ocrx_word' id='word_1_47' title='bbox 701 866 879 932; x_wconf 87' lang='lat' dir='ltr'><strong>Quare</strong></span> <span class='ocrx_word' id='word_1_48' title='bbox 931 865 1173 922; x_wconf 77' lang='lat' dir='ltr'><strong>Valentis</strong></span> <span class='ocrx_word' id='word_1_49' title='bbox 1213 868 1301 922; x_wconf 88' lang='lat' dir='ltr'><strong>ille</strong></span> <span class='ocrx_word' id='word_1_50' title='bbox 1357 865 1659 922; x_wconf 60' lang='lat' dir='ltr'><strong>Caesaream</strong></span> <span class='ocrx_word' id='word_1_51' title='bbox 1697 868 1978 928; x_wconf 78' lang='lat' dir='ltr'><strong>adventus,</strong></span> 
     </span>
    </p>
   </div>
   <div class='ocr_carea' id='block_1_9' title="bbox 410 956 1983 1029">
    <p class='ocr_par' dir='ltr' id='par_1_9' title="bbox 410 956 1983 1029">
     <span class='ocr_line' id='line_1_9' title="bbox 410 956 1983 1029; baseline 0.001 -20"><span class='ocrx_word' id='word_1_52' title='bbox 410 959 500 1024; x_wconf 83' lang='lat' dir='ltr'><strong>qui</strong></span> <span class='ocrx_word' id='word_1_53' title='bbox 529 969 737 1013; x_wconf 86' lang='lat' dir='ltr'><strong>tantum</strong></span> <span class='ocrx_word' id='word_1_54' title='bbox 767 960 957 1015; x_wconf 87' lang='lat' dir='ltr'><strong>habuit</strong></span> <span class='ocrx_word' id='word_1_55' title='bbox 985 971 1329 1029; x_wconf 82' lang='lat' dir='ltr'><strong>apparatum,</strong></span> <span class='ocrx_word' id='word_1_56' title='bbox 1361 962 1427 1015; x_wconf 86' lang='lat' dir='ltr'><strong>ad</strong></span> <span class='ocrx_word' id='word_1_57' title='bbox 1458 975 1658 1015; x_wconf 88' lang='lat' dir='ltr'><strong>annum</strong></span> <span class='ocrx_word' id='word_1_58' title='bbox 1706 957 1811 1013; x_wconf 76' lang='lat'><strong>365</strong></span> <span class='ocrx_word' id='word_1_59' title='bbox 1844 956 1983 1012; x_wconf 82' lang='lat' dir='ltr'><strong>refe-</strong></span> 
     </span>
    </p>
   </div>
   <div class='ocr_carea' id='block_1_10' title="bbox 411 1049 1984 1123">
    <p class='ocr_par' dir='ltr' id='par_1_10' title="bbox 411 1049 1984 1123">
     <span class='ocr_line' id='line_1_10' title="bbox 411 1049 1984 1123; baseline 0.001 -21"><span class='ocrx_word' id='word_1_60' title='bbox 411 1049 634 1104; x_wconf 85' lang='lat' dir='ltr'><strong>rendus.</strong></span> <span class='ocrx_word' id='word_1_61' title='bbox 672 1050 824 1105; x_wconf 89' lang='lat' dir='ltr'><strong>Tunc</strong></span> <span class='ocrx_word' id='word_1_62' title='bbox 866 1051 1009 1107; x_wconf 90' lang='lat' dir='ltr'><strong>enim</strong></span> <span class='ocrx_word' id='word_1_63' title='bbox 1040 1053 1094 1106; x_wconf 88' lang='lat' dir='ltr'><strong>in</strong></span> <span class='ocrx_word' id='word_1_64' title='bbox 1124 1050 1334 1123; x_wconf 82' lang='lat' dir='ltr'><strong>Syriam</strong></span> <span class='ocrx_word' id='word_1_65' title='bbox 1362 1051 1586 1106; x_wconf 83' lang='lat' dir='ltr'><strong>tendens</strong></span> <span class='ocrx_word' id='word_1_66' title='bbox 1636 1049 1836 1103; x_wconf 87' lang='lat' dir='ltr'><strong>lentius</strong></span> <span class='ocrx_word' id='word_1_67' title='bbox 1865 1063 1984 1117; x_wconf 83' lang='lat' dir='ltr'><strong>pro-</strong></span> 
     </span>
    </p>
   </div>
   <div class='ocr_carea' id='block_1_11' title="bbox 419 1140 1982 1241">
    <p class='ocr_par' dir='ltr' id='par_1_11' title="bbox 419 1140 1982 1241">
     <span class='ocr_line' id='line_1_11' title="bbox 419 1140 1982 1241; baseline -0.002 -46"><span class='ocrx_word' id='word_1_68' title='bbox 419 1142 789 1241; x_wconf 72' lang='lat' dir='ltr'><strong>grediebatur,</strong></span> <span class='ocrx_word' id='word_1_69' title='bbox 815 1153 874 1198; x_wconf 89' lang='lat' dir='ltr'><strong>ut</strong></span> <span class='ocrx_word' id='word_1_70' title='bbox 903 1142 1104 1199; x_wconf 69' lang='lat' dir='ltr'><strong>Cilicia:</strong></span> <span class='ocrx_word' id='word_1_71' title='bbox 1157 1142 1365 1199; x_wconf 83' lang='lat' dir='ltr'><strong>calores</strong></span> <span class='ocrx_word' id='word_1_72' title='bbox 1399 1142 1644 1209; x_wconf 78' lang='lat' dir='ltr'><strong>evitarei,</strong></span> <span class='ocrx_word' id='word_1_73' title='bbox 1690 1149 1825 1196; x_wconf 82' lang='lat' dir='ltr'><strong>teste</strong></span> <span class='ocrx_word' id='word_1_74' title='bbox 1852 1140 1982 1193; x_wconf 82' lang='lat' dir='ltr'><strong>Atu-</strong></span> 
     </span>
    </p>
   </div>
   <div class='ocr_carea' id='block_1_12' title="bbox 410 1245 618 1288">
    <p class='ocr_par' dir='ltr' id='par_1_12' title="bbox 410 1245 618 1288">
     <span class='ocr_line' id='line_1_12' title="bbox 410 1245 618 1288; baseline 0.024 -5"><span class='ocrx_word' id='word_1_75' title='bbox 410 1245 618 1288; x_wconf 70' lang='lat' dir='ltr'><strong>insano.</strong></span> 
     </span>
    </p>
   </div>
   <div class='ocr_carea' id='block_1_13' title="bbox 484 1317 1984 1378">
    <p class='ocr_par' dir='ltr' id='par_1_13' title="bbox 484 1317 1984 1378">
     <span class='ocr_line' id='line_1_13' title="bbox 484 1317 1984 1378; baseline -0.004 -1"><span class='ocrx_word' id='word_1_76' title='bbox 484 1322 543 1377; x_wconf 69' lang='grc' dir='ltr'><strong>5ο</strong></span> <span class='ocrx_word' id='word_1_77' title='bbox 591 1320 817 1378; x_wconf 84' lang='lat' dir='ltr'><strong>Etiamsi</strong></span> <span class='ocrx_word' id='word_1_78' title='bbox 861 1324 1084 1378; x_wconf 84' lang='lat' dir='ltr'><strong>daretur</strong></span> <span class='ocrx_word' id='word_1_79' title='bbox 1136 1321 1489 1378; x_wconf 89' lang='lat' dir='ltr'><strong>Tillemontio</strong></span> <span class='ocrx_word' id='word_1_80' title='bbox 1528 1317 1813 1373; x_wconf 84' lang='lat' dir='ltr'><strong>Valentem</strong></span> <span class='ocrx_word' id='word_1_81' title='bbox 1845 1330 1984 1371; x_wconf 87' lang='lat' dir='ltr'><strong>anno</strong></span> 
     </span>
    </p>
   </div>
   <div class='ocr_carea' id='block_1_14' title="bbox 410 1410 1983 1480">
    <p class='ocr_par' dir='ltr' id='par_1_14' title="bbox 410 1410 1983 1480">
     <span class='ocr_line' id='line_1_14' title="bbox 410 1410 1983 1480; baseline -0.004 -12"><span class='ocrx_word' id='word_1_82' title='bbox 410 1411 517 1468; x_wconf 75' lang='lat'><strong>366</strong></span> <span class='ocrx_word' id='word_1_83' title='bbox 570 1414 761 1469; x_wconf 86' lang='lat' dir='ltr'><strong>iterum</strong></span> <span class='ocrx_word' id='word_1_84' title='bbox 804 1415 1017 1470; x_wconf 82' lang='lat' dir='ltr'><strong>venisse</strong></span> <span class='ocrx_word' id='word_1_85' title='bbox 1039 1414 1361 1480; x_wconf 64' lang='lat' dir='ltr'><strong>Caesaream,</strong></span> <span class='ocrx_word' id='word_1_86' title='bbox 1394 1427 1501 1467; x_wconf 90' lang='lat' dir='ltr'><strong>non</strong></span> <span class='ocrx_word' id='word_1_87' title='bbox 1540 1410 1983 1465; x_wconf 84' lang='lat' dir='ltr'><strong>idcireocausam</strong></span> 
     </span>
    </p>
   </div>
   <div class='ocr_carea' id='block_1_15' title="bbox 411 1500 1980 1570">
    <p class='ocr_par' dir='ltr' id='par_1_15' title="bbox 411 1500 1980 1570">
     <span class='ocr_line' id='line_1_15' title="bbox 411 1500 1980 1570; baseline -0.004 -12"><span class='ocrx_word' id='word_1_88' title='bbox 411 1502 704 1559; x_wconf 83' lang='lat' dir='ltr'><strong>obtineret.</strong></span> <span class='ocrx_word' id='word_1_89' title='bbox 736 1503 892 1560; x_wconf 81' lang='lat' dir='ltr'><strong>Modo</strong></span> <span class='ocrx_word' id='word_1_90' title='bbox 918 1504 1060 1559; x_wconf 90' lang='lat' dir='ltr'><strong>enim</strong></span> <span class='ocrx_word' id='word_1_91' title='bbox 1089 1512 1329 1566; x_wconf 88' lang='lat' dir='ltr'><strong>constet,</strong></span> <span class='ocrx_word' id='word_1_92' title='bbox 1368 1511 1428 1557; x_wconf 90' lang='lat' dir='ltr'><strong>ut</strong></span> <span class='ocrx_word' id='word_1_93' title='bbox 1462 1500 1708 1570; x_wconf 82' lang='lat' dir='ltr'><strong>proiecto</strong></span> <span class='ocrx_word' id='word_1_94' title='bbox 1742 1507 1980 1561; x_wconf 84' lang='lat' dir='ltr'><strong>constat,</strong></span> 
     </span>
    </p>
   </div>
   <div class='ocr_carea' id='block_1_16' title="bbox 416 1585 1985 1651">
    <p class='ocr_par' dir='ltr' id='par_1_16' title="bbox 416 1585 1985 1651">
     <span class='ocr_line' id='line_1_16' title="bbox 416 1585 1985 1651; baseline -0.003 -6"><span class='ocrx_word' id='word_1_95' title='bbox 416 1592 695 1649; x_wconf 82' lang='lat' dir='ltr'><strong>Valentem</strong></span> <span class='ocrx_word' id='word_1_96' title='bbox 744 1596 799 1648; x_wconf 91' lang='lat' dir='ltr'><strong>in</strong></span> <span class='ocrx_word' id='word_1_97' title='bbox 856 1596 997 1651; x_wconf 84' lang='lat' dir='ltr'><strong>hanc</strong></span> <span class='ocrx_word' id='word_1_98' title='bbox 1029 1596 1219 1648; x_wconf 87' lang='lat' dir='ltr'><strong>urbem</strong></span> <span class='ocrx_word' id='word_1_99' title='bbox 1251 1607 1392 1647; x_wconf 87' lang='lat' dir='ltr'><strong>anno</strong></span> <span class='ocrx_word' id='word_1_100' title='bbox 1429 1591 1534 1646; x_wconf 81' lang='lat'><strong>565</strong></span> <span class='ocrx_word' id='word_1_101' title='bbox 1568 1588 1809 1651; x_wconf 79' lang='lat' dir='ltr'><strong>venisse,</strong></span> <span class='ocrx_word' id='word_1_102' title='bbox 1847 1585 1985 1641; x_wconf 80' lang='lat' dir='ltr'><strong>refe-</strong></span> 
     </span>
    </p>
   </div>
   <div class='ocr_carea' id='block_1_17' title="bbox 416 1678 1983 1742">
    <p class='ocr_par' dir='ltr' id='par_1_17' title="bbox 416 1678 1983 1742">
     <span class='ocr_line' id='line_1_17' title="bbox 416 1678 1983 1742; baseline -0.004 -4"><span class='ocrx_word' id='word_1_103' title='bbox 416 1685 619 1739; x_wconf 84' lang='lat' dir='ltr'><strong>rendus</strong></span> <span class='ocrx_word' id='word_1_104' title='bbox 671 1686 776 1740; x_wconf 88' lang='lat' dir='ltr'><strong>erit</strong></span> <span class='ocrx_word' id='word_1_105' title='bbox 828 1687 894 1739; x_wconf 88' lang='lat' dir='ltr'><strong>ad</strong></span> <span class='ocrx_word' id='word_1_106' title='bbox 943 1687 1191 1742; x_wconf 90' lang='lat' dir='ltr'><strong>eumdem</strong></span> <span class='ocrx_word' id='word_1_107' title='bbox 1243 1698 1443 1739; x_wconf 87' lang='lat' dir='ltr'><strong>annum</strong></span> <span class='ocrx_word' id='word_1_108' title='bbox 1508 1683 1716 1738; x_wconf 89' lang='lat' dir='ltr'><strong>reditus</strong></span> <span class='ocrx_word' id='word_1_109' title='bbox 1765 1678 1983 1742; x_wconf 84' lang='lat' dir='ltr'><strong>Basilii,</strong></span> 
     </span>
    </p>
   </div>
   <div class='ocr_carea' id='block_1_18' title="bbox 416 1771 1985 1848">
    <p class='ocr_par' dir='ltr' id='par_1_18' title="bbox 416 1771 1985 1848">
     <span class='ocr_line' id='line_1_18' title="bbox 416 1771 1985 1848; baseline -0.003 -19"><span class='ocrx_word' id='word_1_110' title='bbox 416 1791 580 1845; x_wconf 84' lang='lat' dir='ltr'><strong>quem</strong></span> <span class='ocrx_word' id='word_1_111' title='bbox 615 1777 905 1834; x_wconf 86' lang='lat' dir='ltr'><strong>imminens</strong></span> <span class='ocrx_word' id='word_1_112' title='bbox 930 1794 960 1832; x_wconf 87' lang='lat' dir='ltr'><strong>a</strong></span> <span class='ocrx_word' id='word_1_113' title='bbox 990 1788 1337 1848; x_wconf 85' lang='lat' dir='ltr'><strong>persecutore</strong></span> <span class='ocrx_word' id='word_1_114' title='bbox 1375 1773 1675 1846; x_wconf 86' lang='lat' dir='ltr'><strong>periculum</strong></span> <span class='ocrx_word' id='word_1_115' title='bbox 1710 1773 1764 1827; x_wconf 91' lang='lat' dir='ltr'><strong>in</strong></span> <span class='ocrx_word' id='word_1_116' title='bbox 1793 1771 1985 1827; x_wconf 60' lang='lat' dir='ltr'><strong>solitu»</strong></span> 
     </span>
    </p>
   </div>
   <div class='ocr_carea' id='block_1_19' title="bbox 418 1840 2059 1932">
    <p class='ocr_par' dir='ltr' id='par_1_19' title="bbox 418 1840 2059 1932">
     <span class='ocr_line' id='line_1_19' title="bbox 418 1840 2059 1932; baseline -0.002 -13"><span class='ocrx_word' id='word_1_117' title='bbox 418 1868 547 1922; x_wconf 82' lang='lat' dir='ltr'><strong>diue</strong></span> <span class='ocrx_word' id='word_1_118' title='bbox 586 1869 828 1925; x_wconf 79' lang='lat' dir='ltr'><strong>residere</strong></span> <span class='ocrx_word' id='word_1_119' title='bbox 856 1884 960 1923; x_wconf 89' lang='lat' dir='ltr'><strong>non</strong></span> <span class='ocrx_word' id='word_1_120' title='bbox 988 1870 1230 1925; x_wconf 86' lang='lat' dir='ltr'><strong>sivisset.</strong></span> <span class='ocrx_word' id='word_1_121' title='bbox 1272 1867 1389 1923; x_wconf 88' lang='lat' dir='ltr'><strong>Non</strong></span> <span class='ocrx_word' id='word_1_122' title='bbox 1427 1868 1572 1923; x_wconf 90' lang='lat' dir='ltr'><strong>enim</strong></span> <span class='ocrx_word' id='word_1_123' title='bbox 1606 1864 1743 1920; x_wconf 86' lang='lat' dir='ltr'><strong>lenis</strong></span> <span class='ocrx_word' id='word_1_124' title='bbox 1770 1863 1985 1932; x_wconf 82' lang='lat' dir='ltr'><strong>quidem</strong></span> <span class='ocrx_word' id='word_1_125' title='bbox 2016 1840 2059 1895; x_wconf 75' lang='grc' dir='ltr'><strong>Β</strong></span> 
     </span>
    </p>
   </div>
   <div class='ocr_carea' id='block_1_20' title="bbox 417 1952 1989 2022">
    <p class='ocr_par' dir='ltr' id='par_1_20' title="bbox 417 1952 1989 2022">
     <span class='ocr_line' id='line_1_20' title="bbox 417 1952 1989 2022; baseline -0.003 -11"><span class='ocrx_word' id='word_1_126' title='bbox 417 1958 576 2011; x_wconf 86' lang='lat' dir='ltr'><strong>initio</strong></span> <span class='ocrx_word' id='word_1_127' title='bbox 615 1968 672 2013; x_wconf 87' lang='lat' dir='ltr'><strong>et</strong></span> <span class='ocrx_word' id='word_1_128' title='bbox 701 1961 1014 2016; x_wconf 86' lang='lat' dir='ltr'><strong>moderatus</strong></span> <span class='ocrx_word' id='word_1_129' title='bbox 1043 1958 1141 2014; x_wconf 73' lang='lat' dir='ltr'><strong>Fuit</strong></span> <span class='ocrx_word' id='word_1_130' title='bbox 1168 1958 1392 2022; x_wconf 75' lang='lat' dir='ltr'><strong>Valens,</strong></span> <span class='ocrx_word' id='word_1_131' title='bbox 1422 1967 1482 2012; x_wconf 89' lang='lat' dir='ltr'><strong>ut</strong></span> <span class='ocrx_word' id='word_1_132' title='bbox 1512 1956 1791 2011; x_wconf 83' lang='lat' dir='ltr'><strong>existimat</strong></span> <span class='ocrx_word' id='word_1_133' title='bbox 1820 1952 1989 2007; x_wconf 86' lang='lat' dir='ltr'><strong>Tille-</strong></span> 
     </span>
    </p>
   </div>
   <div class='ocr_carea' id='block_1_21' title="bbox 419 2047 1989 2119">
    <p class='ocr_par' dir='ltr' id='par_1_21' title="bbox 419 2047 1989 2119">
     <span class='ocr_line' id='line_1_21' title="bbox 419 2047 1989 2119; baseline -0.001 -18"><span class='ocrx_word' id='word_1_134' title='bbox 419 2049 683 2117; x_wconf 80' lang='lat' dir='ltr'><strong>tuontius,</strong></span> <span class='ocrx_word' id='word_1_135' title='bbox 708 2051 802 2105; x_wconf 86' lang='lat' dir='ltr'><strong>sed</strong></span> <span class='ocrx_word' id='word_1_136' title='bbox 828 2052 1015 2106; x_wconf 90' lang='lat' dir='ltr'><strong>eadem</strong></span> <span class='ocrx_word' id='word_1_137' title='bbox 1049 2066 1276 2119; x_wconf 88' lang='lat' dir='ltr'><strong>prorsus</strong></span> <span class='ocrx_word' id='word_1_138' title='bbox 1307 2050 1452 2105; x_wconf 90' lang='lat' dir='ltr'><strong>illius</strong></span> <span class='ocrx_word' id='word_1_139' title='bbox 1476 2047 1686 2118; x_wconf 89' lang='lat' dir='ltr'><strong>imperii</strong></span> <span class='ocrx_word' id='word_1_140' title='bbox 1718 2060 1782 2100; x_wconf 88' lang='lat' dir='ltr'><strong>ac</strong></span> <span class='ocrx_word' id='word_1_141' title='bbox 1807 2059 1989 2116; x_wconf 85' lang='lat' dir='ltr'><strong>perse-</strong></span> 
     </span>
    </p>
   </div>
   <div class='ocr_carea' id='block_1_22' title="bbox 419 2139 1990 2213">
    <p class='ocr_par' dir='ltr' id='par_1_22' title="bbox 419 2139 1990 2213">
     <span class='ocr_line' id='line_1_22' title="bbox 419 2139 1990 2213; baseline -0.003 -17"><span class='ocrx_word' id='word_1_142' title='bbox 419 2143 655 2198; x_wconf 88' lang='lat' dir='ltr'><strong>cutionis</strong></span> <span class='ocrx_word' id='word_1_143' title='bbox 697 2144 990 2213; x_wconf 89' lang='lat' dir='ltr'><strong>primordia</strong></span> <span class='ocrx_word' id='word_1_144' title='bbox 1033 2144 1271 2200; x_wconf 82' lang='lat' dir='ltr'><strong>fuerunt.</strong></span> <span class='ocrx_word' id='word_1_145' title='bbox 1304 2143 1464 2198; x_wconf 76' lang='lat' dir='ltr'><strong>Certa</strong></span> <span class='ocrx_word' id='word_1_146' title='bbox 1498 2152 1552 2196; x_wconf 91' lang='lat' dir='ltr'><strong>et</strong></span> <span class='ocrx_word' id='word_1_147' title='bbox 1575 2139 1851 2209; x_wconf 83' lang='lat' dir='ltr'><strong>explorata</strong></span> <span class='ocrx_word' id='word_1_148' title='bbox 1902 2151 1990 2192; x_wconf 85' lang='lat' dir='ltr'><strong>res</strong></span> 
     </span>
    </p>
   </div>
   <div class='ocr_carea' id='block_1_23' title="bbox 420 2231 1992 2308">
    <p class='ocr_par' dir='ltr' id='par_1_23' title="bbox 420 2231 1992 2308">
     <span class='ocr_line' id='line_1_23' title="bbox 420 2231 1992 2308; baseline -0.004 -18"><span class='ocrx_word' id='word_1_149' title='bbox 420 2244 601 2291; x_wconf 76' lang='lat' dir='ltr'><strong>estex</strong></span> <span class='ocrx_word' id='word_1_150' title='bbox 639 2238 964 2293; x_wconf 87' lang='lat' dir='ltr'><strong>testimoniis</strong></span> <span class='ocrx_word' id='word_1_151' title='bbox 1015 2238 1265 2308; x_wconf 74' lang='lat' dir='ltr'><strong>Gregorii</strong></span> <span class='ocrx_word' id='word_1_152' title='bbox 1306 2232 1757 2304; x_wconf 85' lang='lat' dir='ltr'><strong>Nazianzeui(a).</strong></span> <span class='ocrx_word' id='word_1_153' title='bbox 1818 2231 1992 2286; x_wconf 89' lang='lat' dir='ltr'><strong>Perti-</strong></span> 
     </span>
    </p>
   </div>
   <div class='ocr_carea' id='block_1_24' title="bbox 422 2321 1992 2396">
    <p class='ocr_par' dir='ltr' id='par_1_24' title="bbox 422 2321 1992 2396">
     <span class='ocr_line' id='line_1_24' title="bbox 422 2321 1992 2396; baseline -0.001 -18"><span class='ocrx_word' id='word_1_154' title='bbox 422 2327 729 2382; x_wconf 73' lang='lat' dir='ltr'><strong>mescendte</strong></span> <span class='ocrx_word' id='word_1_155' title='bbox 748 2337 905 2382; x_wconf 87' lang='lat' dir='ltr'><strong>erant</strong></span> <span class='ocrx_word' id='word_1_156' title='bbox 938 2328 1317 2383; x_wconf 79' lang='lat' dir='ltr'><strong>luereticorum</strong></span> <span class='ocrx_word' id='word_1_157' title='bbox 1352 2326 1574 2396; x_wconf 58' lang='lat' dir='ltr'><strong>lingua,</strong></span> <span class='ocrx_word' id='word_1_158' title='bbox 1613 2338 1736 2379; x_wconf 90' lang='lat' dir='ltr'><strong>cum</strong></span> <span class='ocrx_word' id='word_1_159' title='bbox 1764 2321 1992 2376; x_wconf 87' lang='lat' dir='ltr'><strong>Basilius</strong></span> 
     </span>
    </p>
   </div>
   <div class='ocr_carea' id='block_1_25' title="bbox 422 2411 1990 2488">
    <p class='ocr_par' dir='ltr' id='par_1_25' title="bbox 422 2411 1990 2488">
     <span class='ocr_line' id='line_1_25' title="bbox 422 2411 1990 2488; baseline -0.003 -20"><span class='ocrx_word' id='word_1_160' title='bbox 422 2417 712 2487; x_wconf 82' lang='lat' dir='ltr'><strong>presbyter</strong></span> <span class='ocrx_word' id='word_1_161' title='bbox 753 2419 1034 2473; x_wconf 83' lang='lat' dir='ltr'><strong>ordinatus</strong></span> <span class='ocrx_word' id='word_1_162' title='bbox 1063 2426 1163 2475; x_wconf 89' lang='lat' dir='ltr'><strong>est.</strong></span> <span class='ocrx_word' id='word_1_163' title='bbox 1193 2416 1330 2473; x_wconf 88' lang='lat' dir='ltr'><strong>Cum</strong></span> <span class='ocrx_word' id='word_1_164' title='bbox 1361 2417 1513 2488; x_wconf 86' lang='lat' dir='ltr'><strong>pacis</strong></span> <span class='ocrx_word' id='word_1_165' title='bbox 1554 2427 1720 2472; x_wconf 84' lang='lat' dir='ltr'><strong>causa</strong></span> <span class='ocrx_word' id='word_1_166' title='bbox 1743 2411 1906 2467; x_wconf 88' lang='lat' dir='ltr'><strong>rediit</strong></span> <span class='ocrx_word' id='word_1_167' title='bbox 1936 2412 1990 2465; x_wconf 89' lang='lat' dir='ltr'><strong>in</strong></span> 
     </span>
    </p>
   </div>
   <div class='ocr_carea' id='block_1_26' title="bbox 421 2505 1994 2579">
    <p class='ocr_par' dir='ltr' id='par_1_26' title="bbox 421 2505 1994 2579">
     <span class='ocr_line' id='line_1_26' title="bbox 421 2505 1994 2579; baseline -0.002 -19"><span class='ocrx_word' id='word_1_168' title='bbox 421 2508 769 2565; x_wconf 82' lang='lat' dir='ltr'><strong>solitudinem</strong></span> <span class='ocrx_word' id='word_1_169' title='bbox 800 2510 898 2579; x_wconf 91' lang='lat' dir='ltr'><strong>(b),</strong></span> <span class='ocrx_word' id='word_1_170' title='bbox 925 2512 1328 2579; x_wconf 72' lang='lat' dir='ltr'><strong>oppugnabatur</strong></span> <span class='ocrx_word' id='word_1_171' title='bbox 1367 2507 1678 2563; x_wconf 84' lang='lat' dir='ltr'><strong>Ecclesiaet</strong></span> <span class='ocrx_word' id='word_1_172' title='bbox 1708 2505 1994 2574; x_wconf 78' lang='lat' dir='ltr'><strong>periculose</strong></span> 
     </span>
    </p>
   </div>
   <div class='ocr_carea' id='block_1_27' title="bbox 424 2594 1997 2667">
    <p class='ocr_par' dir='ltr' id='par_1_27' title="bbox 424 2594 1997 2667">
     <span class='ocr_line' id='line_1_27' title="bbox 424 2594 1997 2667; baseline 0.001 -19"><span class='ocrx_word' id='word_1_173' title='bbox 424 2598 618 2667; x_wconf 73' lang='lat' dir='ltr'><strong>aﬁ‘ecta</strong></span> <span class='ocrx_word' id='word_1_174' title='bbox 648 2609 761 2653; x_wconf 87' lang='lat' dir='ltr'><strong>erat</strong></span> <span class='ocrx_word' id='word_1_175' title='bbox 796 2600 859 2653; x_wconf 91' lang='lat' dir='ltr'><strong>ob</strong></span> <span class='ocrx_word' id='word_1_176' title='bbox 904 2601 1272 2654; x_wconf 67' lang='lat' dir='ltr'><strong>Itwreticorum</strong></span> <span class='ocrx_word' id='word_1_177' title='bbox 1299 2600 1650 2654; x_wconf 83' lang='lat' dir='ltr'><strong>dominatum.</strong></span> <span class='ocrx_word' id='word_1_178' title='bbox 1685 2594 1913 2650; x_wconf 84' lang='lat' dir='ltr'><strong>Basilius</strong></span> <span class='ocrx_word' id='word_1_179' title='bbox 1941 2604 1997 2650; x_wconf 90' lang='lat' dir='ltr'><strong>et</strong></span> 
     </span>
    </p>
   </div>
   <div class='ocr_carea' id='block_1_28' title="bbox 428 2686 1996 2760">
    <p class='ocr_par' dir='ltr' id='par_1_28' title="bbox 428 2686 1996 2760">
     <span class='ocr_line' id='line_1_28' title="bbox 428 2686 1996 2760; baseline 0.001 -20"><span class='ocrx_word' id='word_1_180' title='bbox 428 2687 522 2741; x_wconf 85' lang='lat' dir='ltr'><strong>alii</strong></span> <span class='ocrx_word' id='word_1_181' title='bbox 554 2689 818 2760; x_wconf 88' lang='lat' dir='ltr'><strong>episcopi,</strong></span> <span class='ocrx_word' id='word_1_182' title='bbox 850 2691 942 2760; x_wconf 91' lang='lat' dir='ltr'><strong>qui</strong></span> <span class='ocrx_word' id='word_1_183' title='bbox 992 2693 1047 2746; x_wconf 91' lang='lat' dir='ltr'><strong>in</strong></span> <span class='ocrx_word' id='word_1_184' title='bbox 1073 2690 1418 2746; x_wconf 87' lang='lat' dir='ltr'><strong>Occidentem</strong></span> <span class='ocrx_word' id='word_1_185' title='bbox 1448 2704 1592 2745; x_wconf 86' lang='lat' dir='ltr'><strong>anno</strong></span> <span class='ocrx_word' id='word_1_186' title='bbox 1620 2686 1735 2743; x_wconf 71' lang='lat'><strong>376</strong></span> <span class='ocrx_word' id='word_1_187' title='bbox 1762 2687 1996 2756; x_wconf 88' lang='lat' dir='ltr'><strong>scripse-</strong></span> 
     </span>
    </p>
   </div>
   <div class='ocr_carea' id='block_1_29' title="bbox 424 2778 1994 2852">
    <p class='ocr_par' dir='ltr' id='par_1_29' title="bbox 424 2778 1994 2852">
     <span class='ocr_line' id='line_1_29' title="bbox 424 2778 1994 2852; baseline -0.004 -18"><span class='ocrx_word' id='word_1_188' title='bbox 424 2791 574 2845; x_wconf 80' lang='lat' dir='ltr'><strong>runt,</strong></span> <span class='ocrx_word' id='word_1_189' title='bbox 598 2781 711 2850; x_wconf 85' lang='lat' dir='ltr'><strong>jam</strong></span> <span class='ocrx_word' id='word_1_190' title='bbox 739 2783 997 2839; x_wconf 89' lang='lat' dir='ltr'><strong>tredecim</strong></span> <span class='ocrx_word' id='word_1_191' title='bbox 1025 2798 1192 2839; x_wconf 88' lang='lat' dir='ltr'><strong>annos</strong></span> <span class='ocrx_word' id='word_1_192' title='bbox 1209 2778 1994 2852; x_wconf 82' lang='lat' dir='ltr'><strong>persecutionisnumerabant,</strong></span> 
     </span>
    </p>
   </div>
   <div class='ocr_carea' id='block_1_30' title="bbox 422 2870 1997 2954">
    <p class='ocr_par' dir='ltr' id='par_1_30' title="bbox 422 2870 1997 2954">
     <span class='ocr_line' id='line_1_30' title="bbox 422 2870 1997 2954; baseline -0.004 -31"><span class='ocrx_word' id='word_1_193' title='bbox 422 2883 484 2923; x_wconf 88' lang='lat' dir='ltr'><strong>ut</strong></span> <span class='ocrx_word' id='word_1_194' title='bbox 506 2882 654 2940; x_wconf 87' lang='lat' dir='ltr'><strong>patet</strong></span> <span class='ocrx_word' id='word_1_195' title='bbox 697 2888 762 2929; x_wconf 81' lang='lat' dir='ltr'><strong>ex</strong></span> <span class='ocrx_word' id='word_1_196' title='bbox 791 2874 877 2929; x_wconf 78' lang='lat' dir='ltr'><strong>liis</strong></span> <span class='ocrx_word' id='word_1_197' title='bbox 906 2876 1088 2932; x_wconf 78' lang='lat' dir='ltr'><strong>verbis</strong></span> <span class='ocrx_word' id='word_1_198' title='bbox 1125 2874 1361 2954; x_wconf 67' lang='lat' dir='ltr'><strong>epistola:</strong></span> <span class='ocrx_word' id='word_1_199' title='bbox 1378 2872 1506 2939; x_wconf 62' lang='grc' dir='ltr'><strong>«με,</strong></span> <span class='ocrx_word' id='word_1_200' title='bbox 1542 2887 1598 2925; x_wconf 91' lang='lat' dir='ltr'><strong>n.</strong></span> <span class='ocrx_word' id='word_1_201' title='bbox 1640 2870 1696 2934; x_wconf 81' lang='lat'><strong>2,</strong></span> <span class='ocrx_word' id='word_1_202' title='bbox 1737 2870 1997 2939; x_wconf 68' lang='grc' dir='ltr'><strong>Τρισκαιρ</strong></span> 
     </span>
    </p>
   </div>
   <div class='ocr_carea' id='block_1_31' title="bbox 2084 574 3651 656">
    <p class='ocr_par' dir='ltr' id='par_1_31' title="bbox 2084 574 3651 656">
     <span class='ocr_line' id='line_1_31' title="bbox 2084 574 3651 656; baseline -0.015 -10"><span class='ocrx_word' id='word_1_203' title='bbox 2084 590 2314 647; x_wconf 86' lang='lat' dir='ltr'><strong>Basilius</strong></span> <span class='ocrx_word' id='word_1_204' title='bbox 2337 589 2457 643; x_wconf 89' lang='lat' dir='ltr'><strong>ideo</strong></span> <span class='ocrx_word' id='word_1_205' title='bbox 2483 587 2792 656; x_wconf 87' lang='lat' dir='ltr'><strong>episcopum</strong></span> <span class='ocrx_word' id='word_1_206' title='bbox 2813 582 2993 637; x_wconf 89' lang='lat' dir='ltr'><strong>minus</strong></span> <span class='ocrx_word' id='word_1_207' title='bbox 3012 578 3213 635; x_wconf 90' lang='lat' dir='ltr'><strong>coleret</strong></span> <span class='ocrx_word' id='word_1_208' title='bbox 3231 584 3285 630; x_wconf 92' lang='lat' dir='ltr'><strong>et</strong></span> <span class='ocrx_word' id='word_1_209' title='bbox 3310 574 3651 634; x_wconf 79' lang='lat' dir='ltr'><strong>observaret,</strong></span> 
     </span>
    </p>
   </div>
   <div class='ocr_carea' id='block_1_32' title="bbox 2080 660 3652 747">
    <p class='ocr_par' dir='ltr' id='par_1_32' title="bbox 2080 660 3652 747">
     <span class='ocr_line' id='line_1_32' title="bbox 2080 660 3652 747; baseline -0.011 -14"><span class='ocrx_word' id='word_1_210' title='bbox 2080 679 2223 747; x_wconf 88' lang='lat' dir='ltr'><strong>quod</strong></span> <span class='ocrx_word' id='word_1_211' title='bbox 2247 692 2312 733; x_wconf 87' lang='lat' dir='ltr'><strong>eo</strong></span> <span class='ocrx_word' id='word_1_212' title='bbox 2341 684 2422 732; x_wconf 88' lang='lat' dir='ltr'><strong>tot</strong></span> <span class='ocrx_word' id='word_1_213' title='bbox 2462 684 2608 730; x_wconf 83' lang='lat' dir='ltr'><strong>esset</strong></span> <span class='ocrx_word' id='word_1_214' title='bbox 2653 672 2898 742; x_wconf 89' lang='lat' dir='ltr'><strong>partibus</strong></span> <span class='ocrx_word' id='word_1_215' title='bbox 2923 669 3170 740; x_wconf 90' lang='lat' dir='ltr'><strong>superior</strong></span> <span class='ocrx_word' id='word_1_216' title='bbox 3194 675 3246 719; x_wconf 90' lang='lat' dir='ltr'><strong>et</strong></span> <span class='ocrx_word' id='word_1_217' title='bbox 3279 660 3652 733; x_wconf 66' lang='lat' dir='ltr'><strong>pra-stantior.</strong></span> 
     </span>
    </p>
   </div>
   <div class='ocr_carea' id='block_1_33' title="bbox 2081 750 3653 825">
    <p class='ocr_par' dir='ltr' id='par_1_33' title="bbox 2081 750 3653 825">
     <span class='ocr_line' id='line_1_33' title="bbox 2081 750 3653 825; baseline -0.013 -1"><span class='ocrx_word' id='word_1_218' title='bbox 2081 768 2563 825; x_wconf 70' lang='lat' dir='ltr'><strong>Prteclarissimum</strong></span> <span class='ocrx_word' id='word_1_219' title='bbox 2592 763 2737 818; x_wconf 91' lang='lat' dir='ltr'><strong>illum</strong></span> <span class='ocrx_word' id='word_1_220' title='bbox 2765 771 3088 817; x_wconf 89' lang='lat' dir='ltr'><strong>concentum</strong></span> <span class='ocrx_word' id='word_1_221' title='bbox 3120 761 3199 813; x_wconf 88' lang='lat' dir='ltr'><strong>sic</strong></span> <span class='ocrx_word' id='word_1_222' title='bbox 3223 754 3482 810; x_wconf 88' lang='lat' dir='ltr'><strong>describit</strong></span> <span class='ocrx_word' id='word_1_223' title='bbox 3508 750 3653 806; x_wconf 84' lang='lat' dir='ltr'><strong>Gre-</strong></span> 
     </span>
    </p>
   </div>
   <div class='ocr_carea' id='block_1_34' title="bbox 2081 843 3655 932">
    <p class='ocr_par' dir='ltr' id='par_1_34' title="bbox 2081 843 3655 932">
     <span class='ocr_line' id='line_1_34' title="bbox 2081 843 3655 932; baseline -0.013 -16"><span class='ocrx_word' id='word_1_224' title='bbox 2081 861 2266 932; x_wconf 77' lang='lat' dir='ltr'><strong>gorius</strong></span> <span class='ocrx_word' id='word_1_225' title='bbox 2320 857 2691 912; x_wconf 72' lang='lat' dir='ltr'><strong>Nazianzenus</strong></span> <span class='ocrx_word' id='word_1_226' title='bbox 2724 854 2793 927; x_wconf 85' lang='lat' dir='ltr'><strong>(c)</strong></span> <span class='ocrx_word' id='word_1_227' title='bbox 2827 871 2839 906; x_wconf 93' lang='lat'>:</span> <span class='ocrx_word' id='word_1_228' title='bbox 2900 851 2990 923; x_wconf 83' lang='grc' dir='ltr'><strong>Τῷ</strong></span> <span class='ocrx_word' id='word_1_229' title='bbox 3037 850 3096 904; x_wconf 81' lang='grc' dir='ltr'><strong>δέ</strong></span> <span class='ocrx_word' id='word_1_230' title='bbox 3129 867 3182 904; x_wconf 85' lang='grc' dir='ltr'><strong>τι</strong></span> <span class='ocrx_word' id='word_1_231' title='bbox 3209 848 3458 918; x_wconf 84' lang='grc' dir='ltr'><strong>δεύτερον</strong></span> <span class='ocrx_word' id='word_1_232' title='bbox 3490 843 3655 916; x_wconf 76' lang='grc' dir='ltr'><strong>ἔργον</strong></span> 
     </span>
    </p>
   </div>
   <div class='ocr_carea' id='block_1_35' title="bbox 2082 942 3657 1023">
    <p class='ocr_par' dir='ltr' id='par_1_35' title="bbox 2082 942 3657 1023">
     <span class='ocr_line' id='line_1_35' title="bbox 2082 942 3657 1023; baseline -0.01 -15"><span class='ocrx_word' id='word_1_233' title='bbox 2082 955 2178 1008; x_wconf 76' lang='grc' dir='ltr'><strong>καὶ</strong></span> <span class='ocrx_word' id='word_1_234' title='bbox 2232 952 2553 1023; x_wconf 84' lang='grc' dir='ltr'><strong>σπούδασμα</strong></span> <span class='ocrx_word' id='word_1_235' title='bbox 2604 951 2809 1021; x_wconf 84' lang='grc' dir='ltr'><strong>γίνεται</strong></span> <span class='ocrx_word' id='word_1_236' title='bbox 2854 945 3177 1019; x_wconf 82' lang='grc' dir='ltr'><strong>θεραπεύειν</strong></span> <span class='ocrx_word' id='word_1_237' title='bbox 3220 943 3314 996; x_wconf 81' lang='grc' dir='ltr'><strong>τὸν</strong></span> <span class='ocrx_word' id='word_1_238' title='bbox 3366 942 3657 1013; x_wconf 80' lang='grc' dir='ltr'><strong>πρόεδρον,</strong></span> 
     </span>
    </p>
   </div>
   <div class='ocr_carea' id='block_1_36' title="bbox 2083 1030 3660 1115">
    <p class='ocr_par' dir='ltr' id='par_1_36' title="bbox 2083 1030 3660 1115">
     <span class='ocr_line' id='line_1_36' title="bbox 2083 1030 3660 1115; baseline -0.011 -16"><span class='ocrx_word' id='word_1_239' title='bbox 2083 1045 2241 1100; x_wconf 75' lang='grc' dir='ltr'><strong>λύειν</strong></span> <span class='ocrx_word' id='word_1_240' title='bbox 2253 1047 2350 1115; x_wconf 84' lang='grc' dir='ltr'><strong>τὴν</strong></span> <span class='ocrx_word' id='word_1_241' title='bbox 2387 1043 2642 1114; x_wconf 77' lang='grc' dir='ltr'><strong>ὑποψίαν,</strong></span> <span class='ocrx_word' id='word_1_242' title='bbox 2674 1041 2883 1095; x_wconf 80' lang='grc' dir='ltr'><strong>πείθειν</strong></span> <span class='ocrx_word' id='word_1_243' title='bbox 2912 1038 3121 1100; x_wconf 83' lang='grc' dir='ltr'><strong>πάντας</strong></span> <span class='ocrx_word' id='word_1_244' title='bbox 3146 1033 3482 1106; x_wconf 78' lang='grc' dir='ltr'><strong>ἀνθρώπους,</strong></span> <span class='ocrx_word' id='word_1_245' title='bbox 3509 1031 3586 1095; x_wconf 85' lang='grc' dir='ltr'><strong>ὡς</strong></span> <span class='ocrx_word' id='word_1_246' title='bbox 3618 1030 3660 1084; x_wconf 68' lang='grc' dir='ltr'>ἃ</span> 
     </span>
    </p>
   </div>
   <div class='ocr_carea' id='block_1_37' title="bbox 2087 1118 3658 1210">
    <p class='ocr_par' dir='ltr' id='par_1_37' title="bbox 2087 1118 3658 1210">
     <span class='ocr_line' id='line_1_37' title="bbox 2087 1118 3658 1210; baseline -0.012 -18"><span class='ocrx_word' id='word_1_247' title='bbox 2087 1138 2187 1210; x_wconf 78' lang='grc' dir='ltr'><strong>μὲν</strong></span> <span class='ocrx_word' id='word_1_248' title='bbox 2231 1136 2518 1207; x_wconf 77' lang='grc' dir='ltr'><strong>λελύπητο,</strong></span> <span class='ocrx_word' id='word_1_249' title='bbox 2552 1134 2715 1206; x_wconf 76' lang='grc' dir='ltr'><strong>πεϊρά</strong></span> <span class='ocrx_word' id='word_1_250' title='bbox 2740 1149 2825 1196; x_wconf 86' lang='grc' dir='ltr'><strong>τις</strong></span> <span class='ocrx_word' id='word_1_251' title='bbox 2870 1126 2938 1203; x_wconf 81' lang='grc' dir='ltr'><strong>ἦν</strong></span> <span class='ocrx_word' id='word_1_252' title='bbox 2987 1126 3093 1182; x_wconf 74' lang='grc' dir='ltr'><strong>τοῦ·</strong></span> <span class='ocrx_word' id='word_1_253' title='bbox 3121 1123 3356 1197; x_wconf 77' lang='grc' dir='ltr'><strong>πονηροῦ</strong></span> <span class='ocrx_word' id='word_1_254' title='bbox 3385 1123 3478 1177; x_wconf 71' lang='grc' dir='ltr'><strong>καὶ</strong></span> <span class='ocrx_word' id='word_1_255' title='bbox 3505 1118 3658 1192; x_wconf 78' lang='grc' dir='ltr'><strong>πάλη</strong></span> 
     </span>
    </p>
   </div>
   <div class='ocr_carea' id='block_1_38' title="bbox 2081 1211 3662 1297">
    <p class='ocr_par' dir='ltr' id='par_1_38' title="bbox 2081 1211 3662 1297">
     <span class='ocr_line' id='line_1_38' title="bbox 2081 1211 3662 1297; baseline -0.012 -14"><span class='ocrx_word' id='word_1_256' title='bbox 2081 1233 2209 1294; x_wconf 83' lang='grc' dir='ltr'><strong>ταῖς</strong></span> <span class='ocrx_word' id='word_1_257' title='bbox 2229 1231 2309 1292; x_wconf 80' lang='grc' dir='ltr'><strong>είς</strong></span> <span class='ocrx_word' id='word_1_258' title='bbox 2330 1229 2391 1282; x_wconf 81' lang='grc' dir='ltr'><strong>τὸ</strong></span> <span class='ocrx_word' id='word_1_259' title='bbox 2418 1226 2579 1282; x_wconf 84' lang='grc' dir='ltr'><strong>καλὸν</strong></span> <span class='ocrx_word' id='word_1_260' title='bbox 2628 1224 2899 1297; x_wconf 83' lang='grc' dir='ltr'><strong>ὁμονοίαις</strong></span> <span class='ocrx_word' id='word_1_261' title='bbox 2949 1217 3346 1291; x_wconf 53' lang='grc' dir='ltr'><strong>βασκαίνοντας⁸</strong></span> <span class='ocrx_word' id='word_1_262' title='bbox 3379 1213 3542 1276; x_wconf 73' lang='grc' dir='ltr'><strong>αὐτὸς</strong></span> <span class='ocrx_word' id='word_1_263' title='bbox 3596 1211 3662 1265; x_wconf 78' lang='grc' dir='ltr'><strong>δὲ</strong></span> 
     </span>
    </p>
   </div>
   <div class='ocr_carea' id='block_1_39' title="bbox 2084 1304 3668 1394">
    <p class='ocr_par' dir='ltr' id='par_1_39' title="bbox 2084 1304 3668 1394">
     <span class='ocr_line' id='line_1_39' title="bbox 2084 1304 3668 1394; baseline -0.013 -18"><span class='ocrx_word' id='word_1_264' title='bbox 2084 1322 2201 1394; x_wconf 68' lang='grc' dir='ltr'><strong>ᾔδει</strong></span> <span class='ocrx_word' id='word_1_265' title='bbox 2260 1322 2459 1392; x_wconf 86' lang='grc' dir='ltr'><strong>νόμους</strong></span> <span class='ocrx_word' id='word_1_266' title='bbox 2508 1317 2815 1379; x_wconf 80' lang='grc' dir='ltr'><strong>εὐπειθείας</strong></span> <span class='ocrx_word' id='word_1_267' title='bbox 2869 1314 2965 1369; x_wconf 76' lang='grc' dir='ltr'><strong>καὶ</strong></span> <span class='ocrx_word' id='word_1_268' title='bbox 3002 1308 3377 1380; x_wconf 80' lang='grc' dir='ltr'><strong>πνευματικῆς</strong></span> <span class='ocrx_word' id='word_1_269' title='bbox 3423 1304 3668 1369; x_wconf 84' lang='grc' dir='ltr'><strong>τάξεως-</strong></span> 
     </span>
    </p>
   </div>
   <div class='ocr_carea' id='block_1_40' title="bbox 2083 1395 3659 1483">
    <p class='ocr_par' dir='ltr' id='par_1_40' title="bbox 2083 1395 3659 1483">
     <span class='ocr_line' id='line_1_40' title="bbox 2083 1395 3659 1483; baseline -0.015 -14"><span class='ocrx_word' id='word_1_270' title='bbox 2083 1413 2185 1468; x_wconf 79' lang='grc' dir='ltr'><strong>Διὰ</strong></span> <span class='ocrx_word' id='word_1_271' title='bbox 2224 1413 2379 1467; x_wconf 81' lang='grc' dir='ltr'><strong>τοῦτο</strong></span> <span class='ocrx_word' id='word_1_272' title='bbox 2420 1410 2625 1483; x_wconf 81' lang='grc' dir='ltr'><strong>παρῆν,</strong></span> <span class='ocrx_word' id='word_1_273' title='bbox 2677 1406 2946 1477; x_wconf 79' lang='grc' dir='ltr'><strong>ὲσόφιζεν,</strong></span> <span class='ocrx_word' id='word_1_274' title='bbox 3000 1404 3296 1474; x_wconf 82' lang='grc' dir='ltr'><strong>ὑπήκουεν,</strong></span> <span class='ocrx_word' id='word_1_275' title='bbox 3359 1395 3659 1451; x_wconf 71' lang='grc' dir='ltr'><strong>ἐνουθέτει.</strong></span> 
     </span>
    </p>
   </div>
   <div class='ocr_carea' id='block_1_41' title="bbox 2083 1493 3667 1578">
    <p class='ocr_par' dir='ltr' id='par_1_41' title="bbox 2083 1493 3667 1578">
     <span class='ocr_line' id='line_1_41' title="bbox 2083 1493 3667 1578; baseline -0.01 -17"><span class='ocrx_word' id='word_1_276' title='bbox 2083 1507 2270 1561; x_wconf 83' lang='grc' dir='ltr'><strong>Πάντα</strong></span> <span class='ocrx_word' id='word_1_277' title='bbox 2336 1502 2405 1578; x_wconf 73' lang='grc' dir='ltr'><strong>ἦν</strong></span> <span class='ocrx_word' id='word_1_278' title='bbox 2454 1503 2624 1575; x_wconf 80' lang='grc' dir='ltr'><strong>αὐτῷ,</strong></span> <span class='ocrx_word' id='word_1_279' title='bbox 2659 1502 2959 1574; x_wconf 74' lang='grc' dir='ltr'><strong>σύμϐουλος</strong></span> <span class='ocrx_word' id='word_1_280' title='bbox 3004 1498 3209 1569; x_wconf 76' lang='grc' dir='ltr'><strong>ἀγαθὸς</strong></span> <span class='ocrx_word' id='word_1_281' title='bbox 3233 1538 3249 1562; x_wconf 88' lang='grc'><strong>,</strong></span> <span class='ocrx_word' id='word_1_282' title='bbox 3297 1493 3667 1567; x_wconf 79' lang='grc' dir='ltr'><strong>παραστάτης</strong></span> 
     </span>
    </p>
   </div>
   <div class='ocr_carea' id='block_1_42' title="bbox 2084 1583 3661 1664">
    <p class='ocr_par' dir='ltr' id='par_1_42' title="bbox 2084 1583 3661 1664">
     <span class='ocr_line' id='line_1_42' title="bbox 2084 1583 3661 1664; baseline -0.01 -12"><span class='ocrx_word' id='word_1_283' title='bbox 2084 1596 2276 1664; x_wconf 78' lang='grc' dir='ltr'><strong>δεξιὸς,</strong></span> <span class='ocrx_word' id='word_1_284' title='bbox 2307 1597 2414 1650; x_wconf 81' lang='grc' dir='ltr'><strong>τῶν</strong></span> <span class='ocrx_word' id='word_1_285' title='bbox 2442 1594 2600 1648; x_wconf 89' lang='grc' dir='ltr'><strong>θείων</strong></span> <span class='ocrx_word' id='word_1_286' title='bbox 2634 1592 2904 1663; x_wconf 70' lang='grc' dir='ltr'><strong>ἐξηγητὴς</strong></span> <span class='ocrx_word' id='word_1_287' title='bbox 2922 1632 2947 1659; x_wconf 85' lang='grc'><strong>,-</strong></span> <span class='ocrx_word' id='word_1_288' title='bbox 2991 1591 3099 1643; x_wconf 83' lang='grc' dir='ltr'><strong>τῶν</strong></span> <span class='ocrx_word' id='word_1_289' title='bbox 3162 1587 3457 1659; x_wconf 83' lang='grc' dir='ltr'><strong>πρακτέων</strong></span> <span class='ocrx_word' id='word_1_290' title='bbox 3477 1633 3491 1650; x_wconf 90' lang='grc'><em>,</em></span> <span class='ocrx_word' id='word_1_291' title='bbox 3516 1583 3661 1638; x_wconf 86' lang='grc' dir='ltr'><strong>καθ-</strong></span> 
     </span>
    </p>
   </div>
   <div class='ocr_carea' id='block_1_43' title="bbox 2085 1675 3663 1760">
    <p class='ocr_par' dir='ltr' id='par_1_43' title="bbox 2085 1675 3663 1760">
     <span class='ocr_line' id='line_1_43' title="bbox 2085 1675 3663 1760; baseline -0.006 -20"><span class='ocrx_word' id='word_1_292' title='bbox 2085 1688 2401 1760; x_wconf 80' lang='grc' dir='ltr'><strong>ηγητὴς,γή</strong></span> <span class='ocrx_word' id='word_1_293' title='bbox 2412 1704 2518 1758; x_wconf 82' lang='grc' dir='ltr'><strong>ρως</strong></span> <span class='ocrx_word' id='word_1_294' title='bbox 2542 1684 2832 1756; x_wconf 81' lang='grc' dir='ltr'><strong>βακτηρία,</strong></span> <span class='ocrx_word' id='word_1_295' title='bbox 2850 1679 3346 1752; x_wconf 70' lang='grc' dir='ltr'><strong>πίπεωςὲρεισμα,</strong></span> <span class='ocrx_word' id='word_1_296' title='bbox 3373 1675 3480 1730; x_wconf 82' lang='grc' dir='ltr'><strong>τῶν</strong></span> <span class='ocrx_word' id='word_1_297' title='bbox 3506 1675 3663 1730; x_wconf 62' lang='grc' dir='ltr'><strong>ἔνδον</strong></span> 
     </span>
    </p>
   </div>
   <div class='ocr_carea' id='block_1_44' title="bbox 2088 1766 3661 1845">
    <p class='ocr_par' dir='ltr' id='par_1_44' title="bbox 2088 1766 3661 1845">
     <span class='ocr_line' id='line_1_44' title="bbox 2088 1766 3661 1845; baseline -0.011 -11"><span class='ocrx_word' id='word_1_298' title='bbox 2088 1782 2118 1834; x_wconf 83' lang='grc' dir='ltr'>ὁ</span> <span class='ocrx_word' id='word_1_299' title='bbox 2148 1780 2486 1843; x_wconf 81' lang='grc' dir='ltr'><strong>πιστότατος,</strong></span> <span class='ocrx_word' id='word_1_300' title='bbox 2514 1777 2623 1831; x_wconf 73' lang='grc' dir='ltr'><strong>τῶν</strong></span> <span class='ocrx_word' id='word_1_301' title='bbox 2661 1777 2818 1838; x_wconf 74' lang='grc' dir='ltr'><strong>ἐκτὸς</strong></span> <span class='ocrx_word' id='word_1_302' title='bbox 2840 1775 2868 1827; x_wconf 85' lang='grc' dir='ltr'>ὁ</span> <span class='ocrx_word' id='word_1_303' title='bbox 2900 1774 3348 1845; x_wconf 77' lang='grc' dir='ltr'><strong>πρακτικώτατος</strong></span> <span class='ocrx_word' id='word_1_304' title='bbox 3365 1786 3379 1800; x_wconf 68' lang='grc' dir='ltr'><strong>ν</strong></span> <span class='ocrx_word' id='word_1_305' title='bbox 3407 1768 3488 1821; x_wconf 77' lang='grc' dir='ltr'><strong>ἐνὶ</strong></span> <span class='ocrx_word' id='word_1_306' title='bbox 3508 1766 3661 1835; x_wconf 78' lang='grc' dir='ltr'><strong>λόγῳ</strong></span> 
     </span>
    </p>
   </div>
   <div class='ocr_carea' id='block_1_45' title="bbox 2086 1858 3665 1939">
    <p class='ocr_par' dir='ltr' id='par_1_45' title="bbox 2086 1858 3665 1939">
     <span class='ocr_line' id='line_1_45' title="bbox 2086 1858 3665 1939; baseline -0.011 -11"><span class='ocrx_word' id='word_1_307' title='bbox 2086 1873 2338 1937; x_wconf 75' lang='grc' dir='ltr'><strong>τοσοῦτος</strong></span> <span class='ocrx_word' id='word_1_308' title='bbox 2366 1875 2445 1936; x_wconf 85' lang='grc' dir='ltr'><strong>εἰς</strong></span> <span class='ocrx_word' id='word_1_309' title='bbox 2468 1871 2700 1934; x_wconf 78' lang='grc' dir='ltr'><strong>εὔνοιαν,</strong></span> <span class='ocrx_word' id='word_1_310' title='bbox 2735 1871 2857 1933; x_wconf 84' lang='grc' dir='ltr'><strong>ὅσος</strong></span> <span class='ocrx_word' id='word_1_311' title='bbox 2894 1871 2976 1931; x_wconf 84' lang='grc' dir='ltr'><strong>είς</strong></span> <span class='ocrx_word' id='word_1_312' title='bbox 3001 1866 3205 1939; x_wconf 77' lang='grc' dir='ltr'><strong>ἔχθραν</strong></span> <span class='ocrx_word' id='word_1_313' title='bbox 3230 1864 3291 1917; x_wconf 79' lang='grc' dir='ltr'><strong>τὸ</strong></span> <span class='ocrx_word' id='word_1_314' title='bbox 3313 1863 3440 1934; x_wconf 79' lang='grc' dir='ltr'><strong>πρὶν</strong></span> <span class='ocrx_word' id='word_1_315' title='bbox 3477 1858 3665 1931; x_wconf 78' lang='grc' dir='ltr'><strong>ἐνομί-</strong></span> 
     </span>
    </p>
   </div>
   <div class='ocr_carea' id='block_1_46' title="bbox 2088 1950 3665 2030">
    <p class='ocr_par' dir='ltr' id='par_1_46' title="bbox 2088 1950 3665 2030">
     <span class='ocr_line' id='line_1_46' title="bbox 2088 1950 3665 2030; baseline -0.011 -11"><span class='ocrx_word' id='word_1_316' title='bbox 2088 1965 2231 2030; x_wconf 76' lang='grc' dir='ltr'><strong>ζετο.</strong></span> <span class='ocrx_word' id='word_1_317' title='bbox 2286 1962 2566 2017; x_wconf 74' lang='grc' dir='ltr'><strong>Ἐντεῦθεν</strong></span> <span class='ocrx_word' id='word_1_318' title='bbox 2616 1959 2765 2030; x_wconf 76' lang='grc' dir='ltr'><strong>αὐτῷ</strong></span> <span class='ocrx_word' id='word_1_319' title='bbox 2818 1959 3014 2028; x_wconf 72' lang='grc' dir='ltr'><strong>περιῆν</strong></span> <span class='ocrx_word' id='word_1_320' title='bbox 3057 1957 3153 2010; x_wconf 73' lang='grc' dir='ltr'><strong>καὶ</strong></span> <span class='ocrx_word' id='word_1_321' title='bbox 3196 1954 3256 2008; x_wconf 77' lang='grc' dir='ltr'><strong>τὸ</strong></span> <span class='ocrx_word' id='word_1_322' title='bbox 3310 1952 3509 2023; x_wconf 79' lang='grc' dir='ltr'><strong>κράτος</strong></span> <span class='ocrx_word' id='word_1_323' title='bbox 3557 1950 3665 2019; x_wconf 80' lang='grc' dir='ltr'><strong>τῆς</strong></span> 
     </span>
    </p>
   </div>
   <div class='ocr_carea' id='block_1_47' title="bbox 2101 2040 3665 2127">
    <p class='ocr_par' dir='ltr' id='par_1_47' title="bbox 2101 2040 3665 2127">
     <span class='ocr_line' id='line_1_47' title="bbox 2101 2040 3665 2127; baseline -0.012 -16"><span class='ocrx_word' id='word_1_324' title='bbox 2101 2056 2447 2127; x_wconf 80' lang='grc' dir='ltr'><strong>Ἐκκλησίας,</strong></span> <span class='ocrx_word' id='word_1_325' title='bbox 2473 2056 2524 2108; x_wconf 77' lang='grc' dir='ltr'><strong>εἴ</strong></span> <span class='ocrx_word' id='word_1_326' title='bbox 2569 2054 2663 2107; x_wconf 67' lang='grc' dir='ltr'><strong>καὶ</strong></span> <span class='ocrx_word' id='word_1_327' title='bbox 2706 2051 2804 2121; x_wconf 73' lang='grc' dir='ltr'><strong>τῆς</strong></span> <span class='ocrx_word' id='word_1_328' title='bbox 2865 2050 3130 2120; x_wconf 83' lang='grc' dir='ltr'><strong>καθέδρας</strong></span> <span class='ocrx_word' id='word_1_329' title='bbox 3156 2042 3270 2117; x_wconf 81' lang='grc' dir='ltr'><strong>εἶχε</strong></span> <span class='ocrx_word' id='word_1_330' title='bbox 3313 2044 3382 2097; x_wconf 84' lang='grc' dir='ltr'><strong>τὰ</strong></span> <span class='ocrx_word' id='word_1_331' title='bbox 3405 2040 3665 2112; x_wconf 83' lang='grc' dir='ltr'><strong>δεύτερα.</strong></span> 
     </span>
    </p>
   </div>
   <div class='ocr_carea' id='block_1_48' title="bbox 2090 2130 3666 2220">
    <p class='ocr_par' dir='ltr' id='par_1_48' title="bbox 2090 2130 3666 2220">
     <span class='ocr_line' id='line_1_48' title="bbox 2090 2130 3666 2220; baseline -0.013 -18"><span class='ocrx_word' id='word_1_332' title='bbox 2090 2146 2200 2220; x_wconf 84' lang='grc' dir='ltr'><strong>Τὴν</strong></span> <span class='ocrx_word' id='word_1_333' title='bbox 2242 2147 2350 2218; x_wconf 82' lang='grc' dir='ltr'><strong>γὰρ</strong></span> <span class='ocrx_word' id='word_1_334' title='bbox 2379 2145 2589 2198; x_wconf 78' lang='grc' dir='ltr'><strong>εὔνοιαν</strong></span> <span class='ocrx_word' id='word_1_335' title='bbox 2617 2144 2894 2214; x_wconf 67' lang='grc' dir='ltr'><strong>εἰσφέρων</strong></span> <span class='ocrx_word' id='word_1_336' title='bbox 2915 2181 2930 2203; x_wconf 86' lang='grc'>,</span> <span class='ocrx_word' id='word_1_337' title='bbox 2965 2140 3062 2211; x_wconf 76' lang='grc' dir='ltr'><strong>τὴν</strong></span> <span class='ocrx_word' id='word_1_338' title='bbox 3097 2135 3341 2204; x_wconf 78' lang='grc' dir='ltr'><strong>ἐξουσίαν</strong></span> <span class='ocrx_word' id='word_1_339' title='bbox 3391 2130 3666 2200; x_wconf 73' lang='grc' dir='ltr'><strong>ἀντελαμ-</strong></span> 
     </span>
    </p>
   </div>
   <div class='ocr_carea' id='block_1_49' title="bbox 2091 2219 3667 2304">
    <p class='ocr_par' dir='ltr' id='par_1_49' title="bbox 2091 2219 3667 2304">
     <span class='ocr_line' id='line_1_49' title="bbox 2091 2219 3667 2304; baseline -0.011 -15"><span class='ocrx_word' id='word_1_340' title='bbox 2091 2236 2218 2288; x_wconf 78' lang='grc' dir='ltr'><strong>ϐανε</strong></span> <span class='ocrx_word' id='word_1_341' title='bbox 2238 2252 2252 2266; x_wconf 91' lang='grc'><strong>·</strong></span> <span class='ocrx_word' id='word_1_342' title='bbox 2286 2236 2381 2288; x_wconf 72' lang='grc' dir='ltr'><strong>καὶ</strong></span> <span class='ocrx_word' id='word_1_343' title='bbox 2400 2229 2468 2304; x_wconf 85' lang='grc' dir='ltr'><strong>ἦν</strong></span> <span class='ocrx_word' id='word_1_344' title='bbox 2491 2232 2776 2303; x_wconf 86' lang='grc' dir='ltr'><strong>θαυμαστή</strong></span> <span class='ocrx_word' id='word_1_345' title='bbox 2804 2248 2887 2294; x_wconf 89' lang='grc' dir='ltr'><strong>τις</strong></span> <span class='ocrx_word' id='word_1_346' title='bbox 2909 2231 2942 2301; x_wconf 81' lang='grc' dir='ltr'><strong>ἡ</strong></span> <span class='ocrx_word' id='word_1_347' title='bbox 2983 2225 3269 2298; x_wconf 77' lang='grc' dir='ltr'><strong>συμφωνία</strong></span> <span class='ocrx_word' id='word_1_348' title='bbox 3300 2222 3394 2277; x_wconf 71' lang='grc' dir='ltr'><strong>καὶ</strong></span> <span class='ocrx_word' id='word_1_349' title='bbox 3416 2224 3450 2293; x_wconf 85' lang='grc' dir='ltr'><strong>ἡ</strong></span> <span class='ocrx_word' id='word_1_350' title='bbox 3482 2219 3667 2291; x_wconf 76' lang='grc' dir='ltr'><strong>πλοκὴ</strong></span> 
     </span>
    </p>
   </div>
   <div class='ocr_carea' id='block_1_50' title="bbox 2090 2314 3663 2395">
    <p class='ocr_par' dir='ltr' id='par_1_50' title="bbox 2090 2314 3663 2395">
     <span class='ocr_line' id='line_1_50' title="bbox 2090 2314 3663 2395; baseline -0.009 -15"><span class='ocrx_word' id='word_1_351' title='bbox 2090 2326 2184 2380; x_wconf 85' lang='grc' dir='ltr'><strong>τοῦ</strong></span> <span class='ocrx_word' id='word_1_352' title='bbox 2214 2324 2493 2389; x_wconf 81' lang='grc' dir='ltr'><strong>δύνασθαι,</strong></span> <span class='ocrx_word' id='word_1_353' title='bbox 2525 2326 2554 2377; x_wconf 88' lang='grc' dir='ltr'>ὁ</span> <span class='ocrx_word' id='word_1_354' title='bbox 2581 2323 2678 2395; x_wconf 80' lang='grc' dir='ltr'><strong>μὲν</strong></span> <span class='ocrx_word' id='word_1_355' title='bbox 2699 2323 2790 2376; x_wconf 82' lang='grc' dir='ltr'><strong>τὸν</strong></span> <span class='ocrx_word' id='word_1_356' title='bbox 2811 2322 2938 2375; x_wconf 74' lang='grc' dir='ltr'><strong>λαὸν</strong></span> <span class='ocrx_word' id='word_1_357' title='bbox 2966 2316 3123 2390; x_wconf 72' lang='grc' dir='ltr'><strong>ἦγεν,</strong></span> <span class='ocrx_word' id='word_1_358' title='bbox 3157 2320 3187 2371; x_wconf 87' lang='grc' dir='ltr'>ὁ</span> <span class='ocrx_word' id='word_1_359' title='bbox 3217 2316 3276 2369; x_wconf 82' lang='grc' dir='ltr'><strong>δὲ</strong></span> <span class='ocrx_word' id='word_1_360' title='bbox 3317 2314 3410 2368; x_wconf 80' lang='grc' dir='ltr'><strong>τὸν</strong></span> <span class='ocrx_word' id='word_1_361' title='bbox 3436 2314 3663 2381; x_wconf 74' lang='grc' dir='ltr'><strong>ἄγοντα.</strong></span> 
     </span>
    </p>
   </div>
   <div class='ocr_carea' id='block_1_51' title="bbox 2093 2402 3666 2485">
    <p class='ocr_par' dir='ltr' id='par_1_51' title="bbox 2093 2402 3666 2485">
     <span class='ocr_line' id='line_1_51' title="bbox 2093 2402 3666 2485; baseline -0.012 -14"><span class='ocrx_word' id='word_1_362' title='bbox 2093 2419 2200 2471; x_wconf 77' lang='grc' dir='ltr'><strong>Καὶ</strong></span> <span class='ocrx_word' id='word_1_363' title='bbox 2249 2412 2359 2471; x_wconf 78' lang='grc' dir='ltr'><strong>οἷον</strong></span> <span class='ocrx_word' id='word_1_364' title='bbox 2385 2415 2736 2485; x_wconf 80' lang='grc' dir='ltr'><strong>λεοντοκόμος</strong></span> <span class='ocrx_word' id='word_1_365' title='bbox 2761 2431 2848 2475; x_wconf 83' lang='grc' dir='ltr'><strong>τις</strong></span> <span class='ocrx_word' id='word_1_366' title='bbox 2871 2408 2961 2484; x_wconf 76' lang='grc' dir='ltr'><strong>ἦν,</strong></span> <span class='ocrx_word' id='word_1_367' title='bbox 3006 2412 3172 2482; x_wconf 79' lang='grc' dir='ltr'><strong>τέχνῃ</strong></span> <span class='ocrx_word' id='word_1_368' title='bbox 3214 2404 3550 2461; x_wconf 84' lang='grc' dir='ltr'><strong>τιθασσεύων</strong></span> <span class='ocrx_word' id='word_1_369' title='bbox 3570 2402 3666 2455; x_wconf 78' lang='grc' dir='ltr'><strong>τὸν</strong></span> 
     </span>
    </p>
   </div>
   <div class='ocr_carea' id='block_1_52' title="bbox 2092 2490 3668 2575">
    <p class='ocr_par' dir='ltr' id='par_1_52' title="bbox 2092 2490 3668 2575">
     <span class='ocr_line' id='line_1_52' title="bbox 2092 2490 3668 2575; baseline -0.011 -13"><span class='ocrx_word' id='word_1_370' title='bbox 2092 2506 2497 2563; x_wconf 83' lang='grc' dir='ltr'><strong>δυναστεύοντα.</strong></span> <span class='ocrx_word' id='word_1_371' title='bbox 2529 2505 2639 2559; x_wconf 77' lang='grc' dir='ltr'><strong>Καὶ</strong></span> <span class='ocrx_word' id='word_1_372' title='bbox 2676 2502 2786 2575; x_wconf 80' lang='grc' dir='ltr'><strong>γὰρ</strong></span> <span class='ocrx_word' id='word_1_373' title='bbox 2829 2501 3021 2565; x_wconf 75' lang='grc' dir='ltr'><strong>ἐδεῖτο,</strong></span> <span class='ocrx_word' id='word_1_374' title='bbox 3043 2496 3238 2552; x_wconf 75' lang='grc' dir='ltr'><strong>νεωστὶ</strong></span> <span class='ocrx_word' id='word_1_375' title='bbox 3270 2495 3367 2566; x_wconf 83' lang='grc' dir='ltr'><strong>μὲν</strong></span> <span class='ocrx_word' id='word_1_376' title='bbox 3413 2493 3508 2546; x_wconf 72' lang='grc' dir='ltr'><strong>ἐπὶ</strong></span> <span class='ocrx_word' id='word_1_377' title='bbox 3562 2490 3668 2562; x_wconf 79' lang='grc' dir='ltr'><strong>τὴν</strong></span> 
     </span>
    </p>
   </div>
   <div class='ocr_carea' id='block_1_53' title="bbox 2094 2583 3665 2671">
    <p class='ocr_par' dir='ltr' id='par_1_53' title="bbox 2094 2583 3665 2671">
     <span class='ocr_line' id='line_1_53' title="bbox 2094 2583 3665 2671; baseline -0.012 -17"><span class='ocrx_word' id='word_1_378' title='bbox 2094 2600 2363 2671; x_wconf 80' lang='grc' dir='ltr'><strong>καθέδραν</strong></span> <span class='ocrx_word' id='word_1_379' title='bbox 2389 2596 2588 2660; x_wconf 73' lang='grc' dir='ltr'><strong>τεθεὶς,</strong></span> <span class='ocrx_word' id='word_1_380' title='bbox 2612 2595 2692 2649; x_wconf 75' lang='grc' dir='ltr'><strong>ἔτι</strong></span> <span class='ocrx_word' id='word_1_381' title='bbox 2710 2594 2767 2648; x_wconf 78' lang='grc' dir='ltr'><strong>δὲ</strong></span> <span class='ocrx_word' id='word_1_382' title='bbox 2792 2595 2890 2664; x_wconf 80' lang='grc' dir='ltr'><strong>τῆς</strong></span> <span class='ocrx_word' id='word_1_383' title='bbox 2922 2591 3192 2662; x_wconf 82' lang='grc' dir='ltr'><strong>κοσμικῆς</strong></span> <span class='ocrx_word' id='word_1_384' title='bbox 3213 2588 3343 2659; x_wconf 71' lang='grc' dir='ltr'><strong>ὕλης</strong></span> <span class='ocrx_word' id='word_1_385' title='bbox 3372 2604 3427 2640; x_wconf 87' lang='grc' dir='ltr'><strong>τι</strong></span> <span class='ocrx_word' id='word_1_386' title='bbox 3462 2583 3665 2645; x_wconf 83' lang='grc' dir='ltr'><strong>πνέων,</strong></span> 
     </span>
    </p>
   </div>
   <div class='ocr_carea' id='block_1_54' title="bbox 2094 2674 3671 2762">
    <p class='ocr_par' dir='ltr' id='par_1_54' title="bbox 2094 2674 3671 2762">
     <span class='ocr_line' id='line_1_54' title="bbox 2094 2674 3671 2762; baseline -0.014 -14"><span class='ocrx_word' id='word_1_387' title='bbox 2094 2694 2245 2748; x_wconf 77' lang='grc' dir='ltr'><strong>οὔπω</strong></span> <span class='ocrx_word' id='word_1_388' title='bbox 2264 2693 2321 2747; x_wconf 84' lang='grc' dir='ltr'><strong>δὲ</strong></span> <span class='ocrx_word' id='word_1_389' title='bbox 2363 2689 2790 2762; x_wconf 74' lang='grc' dir='ltr'><strong>κατηρτισμένος</strong></span> <span class='ocrx_word' id='word_1_390' title='bbox 2827 2687 2883 2740; x_wconf 81' lang='grc' dir='ltr'><strong>ὲν</strong></span> <span class='ocrx_word' id='word_1_391' title='bbox 2908 2687 3018 2749; x_wconf 85' lang='grc' dir='ltr'><strong>τοῖς</strong></span> <span class='ocrx_word' id='word_1_392' title='bbox 3063 2682 3154 2737; x_wconf 77' lang='grc' dir='ltr'><strong>τοῦ</strong></span> <span class='ocrx_word' id='word_1_393' title='bbox 3182 2681 3505 2749; x_wconf 79' lang='grc' dir='ltr'><strong>πνεύματος,</strong></span> <span class='ocrx_word' id='word_1_394' title='bbox 3536 2674 3671 2728; x_wconf 69' lang='lat' dir='ltr'><strong>sco).-</strong></span> 
     </span>
    </p>
   </div>
   <div class='ocr_carea' id='block_1_55' title="bbox 2095 2767 3671 2848">
    <p class='ocr_par' dir='ltr' id='par_1_55' title="bbox 2095 2767 3671 2848">
     <span class='ocr_line' id='line_1_55' title="bbox 2095 2767 3671 2848; baseline -0.014 -7"><span class='ocrx_word' id='word_1_395' title='bbox 2095 2788 2189 2841; x_wconf 73' lang='grc' dir='ltr'><strong>λοῦ</strong></span> <span class='ocrx_word' id='word_1_396' title='bbox 2211 2786 2267 2840; x_wconf 80' lang='grc' dir='ltr'><strong>δὲ</strong></span> <span class='ocrx_word' id='word_1_397' title='bbox 2290 2782 2384 2838; x_wconf 77' lang='grc' dir='ltr'><strong>τοῦ</strong></span> <span class='ocrx_word' id='word_1_398' title='bbox 2409 2782 2676 2843; x_wconf 83' lang='grc' dir='ltr'><strong>κλύδωνος</strong></span> <span class='ocrx_word' id='word_1_399' title='bbox 2700 2776 3039 2848; x_wconf 77' lang='grc' dir='ltr'><strong>περιζέοντος</strong></span> <span class='ocrx_word' id='word_1_400' title='bbox 3064 2774 3159 2829; x_wconf 80' lang='grc' dir='ltr'><strong>καὶ</strong></span> <span class='ocrx_word' id='word_1_401' title='bbox 3175 2773 3285 2826; x_wconf 84' lang='grc' dir='ltr'><strong>τῶν</strong></span> <span class='ocrx_word' id='word_1_402' title='bbox 3305 2767 3671 2839; x_wconf 74' lang='grc' dir='ltr'><strong>ἐπικειμένων</strong></span> 
     </span>
    </p>
   </div>
   <div class='ocr_carea' id='block_1_56' title="bbox 2096 2856 3672 2947">
    <p class='ocr_par' dir='ltr' id='par_1_56' title="bbox 2096 2856 3672 2947">
     <span class='ocr_line' id='line_1_56' title="bbox 2096 2856 3672 2947; baseline -0.013 -16"><span class='ocrx_word' id='word_1_403' title='bbox 2096 2878 2195 2947; x_wconf 84' lang='grc' dir='ltr'><strong>τῆς</strong></span> <span class='ocrx_word' id='word_1_404' title='bbox 2233 2871 2557 2945; x_wconf 84' lang='grc' dir='ltr'><strong>Ἐκκλησίας</strong></span> <span class='ocrx_word' id='word_1_405' title='bbox 2610 2868 2842 2941; x_wconf 79' lang='grc' dir='ltr'><strong>ἐχθρῶν,</strong></span> <span class='ocrx_word' id='word_1_406' title='bbox 2881 2865 2975 2919; x_wconf 83' lang='grc' dir='ltr'><strong>τοῦ</strong></span> <span class='ocrx_word' id='word_1_407' title='bbox 3025 2860 3510 2936; x_wconf 79' lang='grc' dir='ltr'><strong>χειραγιιγγοῦντος,</strong></span> <span class='ocrx_word' id='word_1_408' title='bbox 3569 2856 3672 2911; x_wconf 80' lang='grc' dir='ltr'><strong>καὶ</strong></span> 
     </span>
    </p>
   </div>
   <div class='ocr_carea' id='block_1_57' title="bbox 422 2948 3669 3040">
    <p class='ocr_par' dir='ltr' id='par_1_57' title="bbox 422 2948 3669 3040">
     <span class='ocr_line' id='line_1_57' title="bbox 422 2948 3669 3040; baseline -0.01 -6"><span class='ocrx_word' id='word_1_409' title='bbox 422 2958 649 3016; x_wconf 68' lang='grc' dir='ltr'><strong>δέκατον</strong></span> <span class='ocrx_word' id='word_1_410' title='bbox 680 2963 791 3035; x_wconf 78' lang='grc' dir='ltr'><strong>γὰρ</strong></span> <span class='ocrx_word' id='word_1_411' title='bbox 823 2964 940 3029; x_wconf 64' lang='grc' dir='ltr'><strong>ἒἐἷος</strong></span> <span class='ocrx_word' id='word_1_412' title='bbox 977 2966 1146 3029; x_wconf 58' lang='grc' dir='ltr'><strong>ἐστὶν,</strong></span> <span class='ocrx_word' id='word_1_413' title='bbox 1176 2948 1271 3034; x_wconf 57' lang='lat' dir='ltr'><strong>dif</strong></span> <span class='ocrx_word' id='word_1_414' title='bbox 1302 2957 1364 3016; x_wconf 63' lang='grc' dir='ltr'><strong>οὗ</strong></span> <span class='ocrx_word' id='word_1_415' title='bbox 1386 2966 1414 3016; x_wconf 76' lang='grc' dir='ltr'>ὁ</span> <span class='ocrx_word' id='word_1_416' title='bbox 1438 2959 1713 3033; x_wconf 79' lang='grc' dir='ltr'><strong>αἱρετικδς</strong></span> <span class='ocrx_word' id='word_1_417' title='bbox 1747 2960 1878 3029; x_wconf 75' lang='grc' dir='ltr'><strong>ἡμῖν</strong></span> <span class='ocrx_word' id='word_1_418' title='bbox 1901 2956 1998 3011; x_wconf 74' lang='grc' dir='ltr'><strong>πό·</strong></span> <span class='ocrx_word' id='word_1_419' title='bbox 2098 2967 2489 3040; x_wconf 79' lang='grc' dir='ltr'><strong>ὑπερείδοντος.</strong></span> <span class='ocrx_word' id='word_1_420' title='bbox 2518 2961 2616 3015; x_wconf 84' lang='grc' dir='ltr'><strong>Διὰ</strong></span> <span class='ocrx_word' id='word_1_421' title='bbox 2639 2959 2796 3014; x_wconf 77' lang='grc' dir='ltr'><strong>τοῦτο</strong></span> <span class='ocrx_word' id='word_1_422' title='bbox 2838 2957 2932 3012; x_wconf 74' lang='grc' dir='ltr'><strong>καὶ</strong></span> <span class='ocrx_word' id='word_1_423' title='bbox 2982 2956 3081 3028; x_wconf 83' lang='grc' dir='ltr'><strong>τὴν</strong></span> <span class='ocrx_word' id='word_1_424' title='bbox 3112 2951 3425 3025; x_wconf 79' lang='grc' dir='ltr'><strong>συμμαχίαν</strong></span> <span class='ocrx_word' id='word_1_425' title='bbox 3454 2948 3669 3020; x_wconf 79' lang='grc' dir='ltr'><strong>ἠγάπα,</strong></span> 
     </span>
    </p>
   </div>
   <div class='ocr_carea' id='block_1_58' title="bbox 425 3041 3670 3129">
    <p class='ocr_par' dir='ltr' id='par_1_58' title="bbox 425 3041 3670 3129">
     <span class='ocr_line' id='line_1_58' title="bbox 425 3041 3670 3129; baseline -0.01 -3"><span class='ocrx_word' id='word_1_426' title='bbox 425 3052 589 3124; x_wconf 75' lang='grc' dir='ltr'><strong>λεμος</strong></span> <span class='ocrx_word' id='word_1_427' title='bbox 612 3054 907 3125; x_wconf 70' lang='grc' dir='ltr'><strong>ἐπανέστηο</strong></span> <span class='ocrx_word' id='word_1_428' title='bbox 946 3055 1189 3109; x_wconf 70' lang='grc' dir='ltr'><strong>θεείηω*</strong></span> <span class='ocrx_word' id='word_1_429' title='bbox 1215 3054 1350 3107; x_wconf 57' lang='lat' dir='ltr'><strong>“lim</strong></span> <span class='ocrx_word' id='word_1_430' title='bbox 1387 3051 1575 3105; x_wconf 68' lang='grc' dir='ltr'><strong>ιενείῑιε</strong></span> <span class='ocrx_word' id='word_1_431' title='bbox 1619 3064 1790 3103; x_wconf 56' lang='lat' dir='ltr'><strong>nam“</strong></span> <span class='ocrx_word' id='word_1_432' title='bbox 1810 3056 1911 3114; x_wconf 59' lang='lat' dir='ltr'><strong>“is</strong></span> <span class='ocrx_word' id='word_1_433' title='bbox 1934 3061 1999 3100; x_wconf 70' lang='grc' dir='ltr'><strong>επ</strong></span> <span class='ocrx_word' id='word_1_434' title='bbox 2098 3061 2197 3115; x_wconf 76' lang='grc' dir='ltr'><strong>καὶ</strong></span> <span class='ocrx_word' id='word_1_435' title='bbox 2217 3055 2546 3129; x_wconf 75' lang='grc' dir='ltr'><strong>κρατοῦντος</strong></span> <span class='ocrx_word' id='word_1_436' title='bbox 2577 3052 2809 3114; x_wconf 78' lang='grc' dir='ltr'><strong>ἐκείνου,</strong></span> <span class='ocrx_word' id='word_1_437' title='bbox 2840 3051 3062 3122; x_wconf 86' lang='grc' dir='ltr'><strong>κρατεῖν</strong></span> <span class='ocrx_word' id='word_1_438' title='bbox 3098 3048 3258 3110; x_wconf 82' lang='grc' dir='ltr'><strong>αὐτὸς</strong></span> <span class='ocrx_word' id='word_1_439' title='bbox 3296 3041 3670 3112; x_wconf 73' lang='grc' dir='ltr'><strong>ὑπελάμϐανε.</strong></span> 
     </span>
    </p>
   </div>
   <div class='ocr_carea' id='block_1_59' title="bbox 424 3132 1996 3235">
    <p class='ocr_par' dir='ltr' id='par_1_59' title="bbox 424 3146 1687 3215">
     <span class='ocr_line' id='line_1_59' title="bbox 424 3146 1687 3215; baseline -0.006 -14"><span class='ocrx_word' id='word_1_440' title='bbox 424 3164 528 3215; x_wconf 89' lang='lat' dir='ltr'><strong>quo</strong></span> <span class='ocrx_word' id='word_1_441' title='bbox 557 3148 861 3201; x_wconf 77' lang='lat' dir='ltr'><strong>Itwreticum</strong></span> <span class='ocrx_word' id='word_1_442' title='bbox 892 3147 1038 3201; x_wconf 89' lang='lat' dir='ltr'><strong>nobis</strong></span> <span class='ocrx_word' id='word_1_443' title='bbox 1058 3146 1247 3199; x_wconf 90' lang='lat' dir='ltr'><strong>bellum</strong></span> <span class='ocrx_word' id='word_1_444' title='bbox 1274 3153 1515 3199; x_wconf 75' lang='lat' dir='ltr'><strong>exortum</strong></span> <span class='ocrx_word' id='word_1_445' title='bbox 1552 3151 1649 3197; x_wconf 85' lang='lat' dir='ltr'><strong>est.</strong></span> <span class='ocrx_word' id='word_1_446' title='bbox 1682 3188 1687 3193; x_wconf 82' lang='lat'><strong>.</strong></span> 
     </span>
    </p>
   </div>
   <div class='ocr_carea' id='block_1_60' title="bbox 2099 3132 3674 3235">
    <p class='ocr_par' dir='ltr' id='par_1_60' title="bbox 2102 3132 3674 3210">
     <span class='ocr_line' id='line_1_60' title="bbox 2102 3132 3674 3210; baseline -0.017 -2"><span class='ocrx_word' id='word_1_447' title='bbox 2102 3152 2413 3207; x_wconf 70' lang='lat' dir='ltr'><strong>Proximum</strong></span> <span class='ocrx_word' id='word_1_448' title='bbox 2443 3157 2617 3200; x_wconf 89' lang='lat' dir='ltr'><strong>autem</strong></span> <span class='ocrx_word' id='word_1_449' title='bbox 2655 3142 2856 3197; x_wconf 79' lang='lat' dir='ltr'><strong>Basilio</strong></span> <span class='ocrx_word' id='word_1_450' title='bbox 2889 3140 3155 3210; x_wconf 83' lang='lat' dir='ltr'><strong>negotium</strong></span> <span class='ocrx_word' id='word_1_451' title='bbox 3182 3154 3244 3190; x_wconf 87' lang='lat' dir='ltr'><strong>ac</strong></span> <span class='ocrx_word' id='word_1_452' title='bbox 3293 3135 3523 3189; x_wconf 86' lang='lat' dir='ltr'><strong>studium</strong></span> <span class='ocrx_word' id='word_1_453' title='bbox 3573 3132 3674 3183; x_wconf 79' lang='lat' dir='ltr'><strong>hoc</strong></span> 
     </span>
    </p>
   </div>
   <div class='ocr_carea' id='block_1_61' title="bbox 501 3231 1997 3308">
    <p class='ocr_par' dir='ltr' id='par_1_61' title="bbox 501 3231 1997 3308">
     <span class='ocr_line' id='line_1_61' title="bbox 501 3231 1997 3308; baseline -0.006 -15"><span class='ocrx_word' id='word_1_454' title='bbox 501 3237 866 3304; x_wconf 78' lang='lat' dir='ltr'><strong>Tillemontio,</strong></span> <span class='ocrx_word' id='word_1_455' title='bbox 896 3238 987 3308; x_wconf 92' lang='lat' dir='ltr'><strong>qui</strong></span> <span class='ocrx_word' id='word_1_456' title='bbox 1033 3236 1464 3308; x_wconf 86' lang='lat' dir='ltr'><strong>persecutionem</strong></span> <span class='ocrx_word' id='word_1_457' title='bbox 1494 3234 1677 3290; x_wconf 79' lang='lat' dir='ltr'><strong>dill‘ert</strong></span> <span class='ocrx_word' id='word_1_458' title='bbox 1708 3247 1882 3302; x_wconf 87' lang='lat' dir='ltr'><strong>usque</strong></span> <span class='ocrx_word' id='word_1_459' title='bbox 1931 3231 1997 3285; x_wconf 88' lang='lat' dir='ltr'><strong>ad</strong></span> 
     </span>
    </p>
   </div>
   <div class='ocr_carea' id='block_1_62' title="bbox 429 3323 2001 3397">
    <p class='ocr_par' dir='ltr' id='par_1_62' title="bbox 429 3323 2001 3397">
     <span class='ocr_line' id='line_1_62' title="bbox 429 3323 2001 3397; baseline -0.003 -15"><span class='ocrx_word' id='word_1_460' title='bbox 429 3345 632 3385; x_wconf 88' lang='lat' dir='ltr'><strong>annum</strong></span> <span class='ocrx_word' id='word_1_461' title='bbox 672 3329 798 3397; x_wconf 78' lang='lat'><strong>566,</strong></span> <span class='ocrx_word' id='word_1_462' title='bbox 855 3330 1032 3385; x_wconf 82' lang='lat' dir='ltr'><strong>fucum</strong></span> <span class='ocrx_word' id='word_1_463' title='bbox 1070 3330 1201 3386; x_wconf 82' lang='lat' dir='ltr'><strong>fecit</strong></span> <span class='ocrx_word' id='word_1_464' title='bbox 1248 3330 1542 3384; x_wconf 84' lang='lat' dir='ltr'><strong>auctoritas</strong></span> <span class='ocrx_word' id='word_1_465' title='bbox 1578 3324 1923 3381; x_wconf 87' lang='lat' dir='ltr'><strong>Theodoreti.</strong></span> <span class='ocrx_word' id='word_1_466' title='bbox 1952 3323 2001 3378; x_wconf 88' lang='lat' dir='ltr'><strong>ls</strong></span> 
     </span>
    </p>
   </div>
   <div class='ocr_carea' id='block_1_63' title="bbox 427 3418 1997 3477">
    <p class='ocr_par' dir='ltr' id='par_1_63' title="bbox 427 3418 1997 3477">
     <span class='ocr_line' id='line_1_63' title="bbox 427 3418 1997 3477; baseline -0.003 -3"><span class='ocrx_word' id='word_1_467' title='bbox 427 3422 574 3475; x_wconf 69' lang='lat' dir='ltr'><strong>etaim</strong></span> <span class='ocrx_word' id='word_1_468' title='bbox 606 3432 792 3477; x_wconf 86' lang='lat' dir='ltr'><strong>narrat</strong></span> <span class='ocrx_word' id='word_1_469' title='bbox 833 3420 1113 3477; x_wconf 80' lang='lat' dir='ltr'><strong>Valentem</strong></span> <span class='ocrx_word' id='word_1_470' title='bbox 1159 3422 1311 3476; x_wconf 89' lang='lat' dir='ltr'><strong>initio</strong></span> <span class='ocrx_word' id='word_1_471' title='bbox 1339 3419 1605 3476; x_wconf 85' lang='lat' dir='ltr'><strong>catholice</strong></span> <span class='ocrx_word' id='word_1_472' title='bbox 1655 3418 1997 3477; x_wconf 82' lang='lat' dir='ltr'><strong>sentientem,</strong></span> 
     </span>
    </p>
   </div>
   <div class='ocr_carea' id='block_1_64' title="bbox 430 3507 1999 3567">
    <p class='ocr_par' dir='ltr' id='par_1_64' title="bbox 430 3507 1999 3567">
     <span class='ocr_line' id='line_1_64' title="bbox 430 3507 1999 3567; baseline -0.004 -3"><span class='ocrx_word' id='word_1_473' title='bbox 430 3510 620 3565; x_wconf 72' lang='lat' dir='ltr'><strong>uteris</strong></span> <span class='ocrx_word' id='word_1_474' title='bbox 673 3511 972 3566; x_wconf 79' lang='lat' dir='ltr'><strong>Dominicae</strong></span> <span class='ocrx_word' id='word_1_475' title='bbox 1024 3521 1081 3566; x_wconf 93' lang='lat' dir='ltr'><strong>et</strong></span> <span class='ocrx_word' id='word_1_476' title='bbox 1111 3511 1342 3567; x_wconf 75' lang='lat' dir='ltr'><strong>Eudoxii</strong></span> <span class='ocrx_word' id='word_1_477' title='bbox 1383 3511 1592 3565; x_wconf 84' lang='lat' dir='ltr'><strong>artibus</strong></span> <span class='ocrx_word' id='word_1_478' title='bbox 1645 3520 1756 3563; x_wconf 90' lang='lat' dir='ltr'><strong>tum</strong></span> <span class='ocrx_word' id='word_1_479' title='bbox 1783 3507 1999 3562; x_wconf 88' lang='lat' dir='ltr'><strong>demum</strong></span> 
     </span>
    </p>
   </div>
   <div class='ocr_carea' id='block_1_65' title="bbox 432 3596 1998 3672">
    <p class='ocr_par' dir='ltr' id='par_1_65' title="bbox 432 3596 1998 3672">
     <span class='ocr_line' id='line_1_65' title="bbox 432 3596 1998 3672; baseline -0.006 -15"><span class='ocrx_word' id='word_1_480' title='bbox 432 3604 707 3672; x_wconf 87' lang='lat' dir='ltr'><strong>corrumpi</strong></span> <span class='ocrx_word' id='word_1_481' title='bbox 751 3603 1004 3672; x_wconf 75' lang='lat' dir='ltr'><strong>cmpisse,</strong></span> <span class='ocrx_word' id='word_1_482' title='bbox 1045 3617 1166 3658; x_wconf 87' lang='lat' dir='ltr'><strong>eum</strong></span> <span class='ocrx_word' id='word_1_483' title='bbox 1241 3616 1301 3657; x_wconf 89' lang='lat' dir='ltr'><strong>se</strong></span> <span class='ocrx_word' id='word_1_484' title='bbox 1344 3599 1599 3670; x_wconf 85' lang='lat' dir='ltr'><strong>baptismi</strong></span> <span class='ocrx_word' id='word_1_485' title='bbox 1638 3597 1890 3668; x_wconf 81' lang='lat' dir='ltr'><strong>praesidio</strong></span> <span class='ocrx_word' id='word_1_486' title='bbox 1934 3596 1998 3649; x_wconf 88' lang='lat' dir='ltr'><strong>ad</strong></span> 
     </span>
    </p>
   </div>
   <div class='ocr_carea' id='block_1_66' title="bbox 431 3686 2001 3750">
    <p class='ocr_par' dir='ltr' id='par_1_66' title="bbox 431 3686 2001 3750">
     <span class='ocr_line' id='line_1_66' title="bbox 431 3686 2001 3750; baseline -0.006 -2"><span class='ocrx_word' id='word_1_487' title='bbox 431 3692 637 3749; x_wconf 79' lang='lat' dir='ltr'><strong>bellum</strong></span> <span class='ocrx_word' id='word_1_488' title='bbox 696 3693 982 3750; x_wconf 81' lang='lat' dir='ltr'><strong>Gmhicum</strong></span> <span class='ocrx_word' id='word_1_489' title='bbox 1030 3694 1243 3748; x_wconf 83' lang='lat' dir='ltr'><strong>munire</strong></span> <span class='ocrx_word' id='word_1_490' title='bbox 1282 3692 1471 3749; x_wconf 84' lang='lat' dir='ltr'><strong>voluit.</strong></span> <span class='ocrx_word' id='word_1_491' title='bbox 1531 3689 1683 3745; x_wconf 86' lang='lat' dir='ltr'><strong>Tunc</strong></span> <span class='ocrx_word' id='word_1_492' title='bbox 1742 3689 1884 3743; x_wconf 90' lang='lat' dir='ltr'><strong>enim</strong></span> <span class='ocrx_word' id='word_1_493' title='bbox 1935 3686 2001 3740; x_wconf 90' lang='lat' dir='ltr'><strong>ab</strong></span> 
     </span>
    </p>
   </div>
   <div class='ocr_carea' id='block_1_67' title="bbox 414 3779 2003 3855">
    <p class='ocr_par' dir='ltr' id='par_1_67' title="bbox 414 3779 2003 3855">
     <span class='ocr_line' id='line_1_67' title="bbox 414 3779 2003 3855; baseline -0.006 -14"><span class='ocrx_word' id='word_1_494' title='bbox 414 3787 708 3855; x_wconf 63' lang='lat' dir='ltr'><strong>Eudoxio,</strong></span> <span class='ocrx_word' id='word_1_495' title='bbox 740 3801 769 3839; x_wconf 89' lang='lat' dir='ltr'><strong>a</strong></span> <span class='ocrx_word' id='word_1_496' title='bbox 799 3800 905 3855; x_wconf 91' lang='lat' dir='ltr'><strong>quo</strong></span> <span class='ocrx_word' id='word_1_497' title='bbox 936 3786 1270 3851; x_wconf 82' lang='lat' dir='ltr'><strong>initiabatur,</strong></span> <span class='ocrx_word' id='word_1_498' title='bbox 1294 3784 1613 3841; x_wconf 85' lang='lat' dir='ltr'><strong>obstrictum</strong></span> <span class='ocrx_word' id='word_1_499' title='bbox 1651 3779 2003 3851; x_wconf 67' lang='lat' dir='ltr'><strong>jurejurando</strong></span> 
     </span>
    </p>
   </div>
   <div class='ocr_carea' id='block_1_68' title="bbox 434 3873 2001 3948">
    <p class='ocr_par' dir='ltr' id='par_1_68' title="bbox 434 3873 2001 3948">
     <span class='ocr_line' id='line_1_68' title="bbox 434 3873 2001 3948; baseline -0.008 -16"><span class='ocrx_word' id='word_1_500' title='bbox 434 3879 627 3944; x_wconf 77' lang='lat' dir='ltr'><strong>fuisse,</strong></span> <span class='ocrx_word' id='word_1_501' title='bbox 652 3893 924 3948; x_wconf 89' lang='lat' dir='ltr'><strong>nunquam</strong></span> <span class='ocrx_word' id='word_1_502' title='bbox 960 3892 1019 3933; x_wconf 89' lang='lat' dir='ltr'><strong>se</strong></span> <span class='ocrx_word' id='word_1_503' title='bbox 1058 3878 1126 3931; x_wconf 89' lang='lat' dir='ltr'><strong>ab</strong></span> <span class='ocrx_word' id='word_1_504' title='bbox 1167 3877 1367 3930; x_wconf 85' lang='lat' dir='ltr'><strong>Ariana</strong></span> <span class='ocrx_word' id='word_1_505' title='bbox 1403 3873 1595 3929; x_wconf 82' lang='lat' dir='ltr'><strong>haeresi</strong></span> <span class='ocrx_word' id='word_1_506' title='bbox 1637 3883 2001 3931; x_wconf 88' lang='lat' dir='ltr'><strong>recessurum,</strong></span> 
     </span>
    </p>
   </div>
   <div class='ocr_carea' id='block_1_69' title="bbox 436 3957 2003 4028">
    <p class='ocr_par' dir='ltr' id='par_1_69' title="bbox 436 3957 2003 4028">
     <span class='ocr_line' id='line_1_69' title="bbox 436 3957 2003 4028; baseline -0.008 -4"><span class='ocrx_word' id='word_1_507' title='bbox 436 3980 494 4024; x_wconf 88' lang='lat' dir='ltr'><strong>et</strong></span> <span class='ocrx_word' id='word_1_508' title='bbox 524 3972 808 4025; x_wconf 78' lang='lat' dir='ltr'><strong>contraria:</strong></span> <span class='ocrx_word' id='word_1_509' title='bbox 855 3970 979 4025; x_wconf 85' lang='lat' dir='ltr'><strong>ﬁdei</strong></span> <span class='ocrx_word' id='word_1_510' title='bbox 1031 3968 1272 4024; x_wconf 74' lang='lat' dir='ltr'><strong>cultores</strong></span> <span class='ocrx_word' id='word_1_511' title='bbox 1318 3965 1569 4021; x_wconf 85' lang='lat' dir='ltr'><strong>omnibus</strong></span> <span class='ocrx_word' id='word_1_512' title='bbox 1590 3962 1724 4017; x_wconf 83' lang='lat' dir='ltr'><strong>locis</strong></span> <span class='ocrx_word' id='word_1_513' title='bbox 1745 3957 2003 4028; x_wconf 79' lang='lat' dir='ltr'><strong>expulsu-</strong></span> 
     </span>
    </p>
   </div>
   <div class='ocr_carea' id='block_1_70' title="bbox 435 4053 2003 4132">
    <p class='ocr_par' dir='ltr' id='par_1_70' title="bbox 435 4053 2003 4132">
     <span class='ocr_line' id='line_1_70' title="bbox 435 4053 2003 4132; baseline -0.008 -14"><span class='ocrx_word' id='word_1_514' title='bbox 435 4079 583 4118; x_wconf 87' lang='lat' dir='ltr'><strong>rum.</strong></span> <span class='ocrx_word' id='word_1_515' title='bbox 608 4063 791 4132; x_wconf 76' lang='lat' dir='ltr'><strong>Longe</strong></span> <span class='ocrx_word' id='word_1_516' title='bbox 816 4063 991 4132; x_wconf 91' lang='lat' dir='ltr'><strong>potior</strong></span> <span class='ocrx_word' id='word_1_517' title='bbox 1014 4063 1116 4117; x_wconf 88' lang='lat' dir='ltr'><strong>hac</strong></span> <span class='ocrx_word' id='word_1_518' title='bbox 1134 4061 1187 4114; x_wconf 90' lang='lat' dir='ltr'><strong>iu</strong></span> <span class='ocrx_word' id='word_1_519' title='bbox 1215 4074 1274 4113; x_wconf 90' lang='lat' dir='ltr'><strong>re</strong></span> <span class='ocrx_word' id='word_1_520' title='bbox 1300 4056 1593 4128; x_wconf 83' lang='lat' dir='ltr'><strong>Gregorius</strong></span> <span class='ocrx_word' id='word_1_521' title='bbox 1617 4053 1961 4109; x_wconf 85' lang='lat' dir='ltr'><strong>Theodoreto</strong></span> <span class='ocrx_word' id='word_1_522' title='bbox 1987 4068 2003 4114; x_wconf 85' lang='lat'><strong>;</strong></span> 
     </span>
    </p>
   </div>
   <div class='ocr_carea' id='block_1_71' title="bbox 434 4146 2003 4226">
    <p class='ocr_par' dir='ltr' id='par_1_71' title="bbox 434 4146 2003 4226">
     <span class='ocr_line' id='line_1_71' title="bbox 434 4146 2003 4226; baseline -0.01 -12"><span class='ocrx_word' id='word_1_523' title='bbox 434 4174 535 4214; x_wconf 85' lang='lat' dir='ltr'><strong>nec</strong></span> <span class='ocrx_word' id='word_1_524' title='bbox 562 4159 746 4213; x_wconf 80' lang='lat' dir='ltr'><strong>dubito</strong></span> <span class='ocrx_word' id='word_1_525' title='bbox 766 4157 895 4226; x_wconf 86' lang='lat' dir='ltr'><strong>quin</strong></span> <span class='ocrx_word' id='word_1_526' title='bbox 921 4153 1316 4216; x_wconf 81' lang='lat' dir='ltr'><strong>Tillemoutius,</strong></span> <span class='ocrx_word' id='word_1_527' title='bbox 1342 4153 1388 4207; x_wconf 91' lang='lat' dir='ltr'><strong>si</strong></span> <span class='ocrx_word' id='word_1_528' title='bbox 1414 4151 1481 4205; x_wconf 87' lang='lat' dir='ltr'><strong>ad</strong></span> <span class='ocrx_word' id='word_1_529' title='bbox 1502 4148 1665 4220; x_wconf 90' lang='lat' dir='ltr'><strong>primi</strong></span> <span class='ocrx_word' id='word_1_530' title='bbox 1693 4146 2003 4203; x_wconf 86' lang='lat' dir='ltr'><strong>testimonia</strong></span> 
     </span>
    </p>
   </div>
   <div class='ocr_carea' id='block_1_72' title="bbox 433 4239 2000 4317">
    <p class='ocr_par' dir='ltr' id='par_1_72' title="bbox 433 4239 2000 4317">
     <span class='ocr_line' id='line_1_72' title="bbox 433 4239 2000 4317; baseline -0.009 -10"><span class='ocrx_word' id='word_1_531' title='bbox 433 4251 673 4307; x_wconf 84' lang='lat' dir='ltr'><strong>animum</strong></span> <span class='ocrx_word' id='word_1_532' title='bbox 715 4248 1060 4313; x_wconf 83' lang='lat' dir='ltr'><strong>advertisset,</strong></span> <span class='ocrx_word' id='word_1_533' title='bbox 1083 4261 1272 4317; x_wconf 89' lang='lat' dir='ltr'><strong>parum</strong></span> <span class='ocrx_word' id='word_1_534' title='bbox 1309 4243 1591 4299; x_wconf 86' lang='lat' dir='ltr'><strong>tribuisset</strong></span> <span class='ocrx_word' id='word_1_535' title='bbox 1635 4239 2000 4300; x_wconf 84' lang='lat' dir='ltr'><strong>Theodoreto,</strong></span> 
     </span>
    </p>
   </div>
   <div class='ocr_carea' id='block_1_73' title="bbox 435 4330 2004 4414">
    <p class='ocr_par' dir='ltr' id='par_1_73' title="bbox 435 4330 2004 4414">
     <span class='ocr_line' id='line_1_73' title="bbox 435 4330 2004 4414; baseline -0.009 -16"><span class='ocrx_word' id='word_1_536' title='bbox 435 4346 592 4414; x_wconf 76' lang='lat' dir='ltr'><strong>cujus</strong></span> <span class='ocrx_word' id='word_1_537' title='bbox 624 4359 688 4397; x_wconf 74' lang='lat' dir='ltr'><strong>es</strong></span> <span class='ocrx_word' id='word_1_538' title='bbox 722 4342 1034 4396; x_wconf 85' lang='lat' dir='ltr'><strong>narratione</strong></span> <span class='ocrx_word' id='word_1_539' title='bbox 1062 4355 1131 4396; x_wconf 88' lang='lat' dir='ltr'><strong>ne</strong></span> <span class='ocrx_word' id='word_1_540' title='bbox 1155 4338 1288 4394; x_wconf 87' lang='lat' dir='ltr'><strong>illud</strong></span> <span class='ocrx_word' id='word_1_541' title='bbox 1325 4338 1543 4407; x_wconf 86' lang='lat' dir='ltr'><strong>quidem</strong></span> <span class='ocrx_word' id='word_1_542' title='bbox 1573 4332 1838 4396; x_wconf 73' lang='lat' dir='ltr'><strong>edicitur,</strong></span> <span class='ocrx_word' id='word_1_543' title='bbox 1860 4330 2004 4401; x_wconf 89' lang='lat' dir='ltr'><strong>quod</strong></span> 
     </span>
    </p>
   </div>
   <div class='ocr_carea' id='block_1_74' title="bbox 434 4424 2003 4502">
    <p class='ocr_par' dir='ltr' id='par_1_74' title="bbox 434 4424 2003 4502">
     <span class='ocr_line' id='line_1_74' title="bbox 434 4424 2003 4502; baseline -0.01 -11"><span class='ocrx_word' id='word_1_544' title='bbox 434 4434 715 4491; x_wconf 87' lang='lat' dir='ltr'><strong>contendit</strong></span> <span class='ocrx_word' id='word_1_545' title='bbox 771 4432 1169 4499; x_wconf 87' lang='lat' dir='ltr'><strong>Tillemontius,</strong></span> <span class='ocrx_word' id='word_1_546' title='bbox 1208 4428 1643 4502; x_wconf 86' lang='lat' dir='ltr'><strong>persecutionem</strong></span> <span class='ocrx_word' id='word_1_547' title='bbox 1701 4424 1767 4480; x_wconf 88' lang='lat' dir='ltr'><strong>ad</strong></span> <span class='ocrx_word' id='word_1_548' title='bbox 1800 4438 2003 4478; x_wconf 87' lang='lat' dir='ltr'><strong>annum</strong></span> 
     </span>
    </p>
   </div>
   <div class='ocr_carea' id='block_1_75' title="bbox 432 4514 1895 4592">
    <p class='ocr_par' dir='ltr' id='par_1_75' title="bbox 432 4514 1895 4592">
     <span class='ocr_line' id='line_1_75' title="bbox 432 4514 1895 4592; baseline -0.011 -8"><span class='ocrx_word' id='word_1_549' title='bbox 432 4529 538 4584; x_wconf 82' lang='grc'><strong>’566</strong></span> <span class='ocrx_word' id='word_1_550' title='bbox 575 4527 916 4585; x_wconf 77' lang='lat' dir='ltr'><strong>referendam</strong></span> <span class='ocrx_word' id='word_1_551' title='bbox 948 4540 1091 4589; x_wconf 84' lang='lat' dir='ltr'><strong>esse,</strong></span> <span class='ocrx_word' id='word_1_552' title='bbox 1117 4523 1210 4579; x_wconf 89' lang='lat' dir='ltr'><strong>sed</strong></span> <span class='ocrx_word' id='word_1_553' title='bbox 1234 4523 1415 4592; x_wconf 88' lang='lat' dir='ltr'><strong>potius</strong></span> <span class='ocrx_word' id='word_1_554' title='bbox 1439 4520 1508 4575; x_wconf 89' lang='lat' dir='ltr'><strong>ad</strong></span> <span class='ocrx_word' id='word_1_555' title='bbox 1534 4531 1739 4573; x_wconf 88' lang='lat' dir='ltr'><strong>annum</strong></span> <span class='ocrx_word' id='word_1_556' title='bbox 1770 4514 1895 4571; x_wconf 79' lang='grc'><strong>567.</strong></span> 
     </span>
    </p>
   </div>
   <div class='ocr_carea' id='block_1_76' title="bbox 1044 4613 1376 4672">
    <p class='ocr_par' dir='ltr' id='par_1_76' title="bbox 1044 4613 1376 4672">
     <span class='ocr_line' id='line_1_76' title="bbox 1044 4613 1376 4672; baseline -0.015 0"><span class='ocrx_word' id='word_1_557' title='bbox 1044 4615 1269 4672; x_wconf 82' lang='lat' dir='ltr'><strong>CAPUT</strong></span> <span class='ocrx_word' id='word_1_558' title='bbox 1310 4613 1376 4668; x_wconf 83' lang='lat' dir='ltr'><strong>X.</strong></span> 
     </span>
    </p>
   </div>
   <div class='ocr_carea' id='block_1_77' title="bbox 431 4699 2006 4774">
    <p class='ocr_par' dir='ltr' id='par_1_77' title="bbox 431 4699 2006 4774">
     <span class='ocr_line' id='line_1_77' title="bbox 431 4699 2006 4774; baseline -0.008 -12"><span class='ocrx_word' id='word_1_559' title='bbox 431 4706 475 4762; x_wconf 84' lang='grc' dir='ltr'><strong>Ι.</strong></span> <span class='ocrx_word' id='word_1_560' title='bbox 508 4709 697 4764; x_wconf 78' lang='lat' dir='ltr'><strong>Basilii</strong></span> <span class='ocrx_word' id='word_1_561' title='bbox 718 4707 1018 4764; x_wconf 83' lang='lat' dir='ltr'><strong>arctissima</strong></span> <span class='ocrx_word' id='word_1_562' title='bbox 1043 4704 1344 4774; x_wconf 85' lang='lat' dir='ltr'><strong>conjunctio</strong></span> <span class='ocrx_word' id='word_1_563' title='bbox 1376 4717 1495 4756; x_wconf 89' lang='lat' dir='ltr'><strong>cum</strong></span> <span class='ocrx_word' id='word_1_564' title='bbox 1524 4699 2006 4774; x_wconf 81' lang='lat' dir='ltr'><strong>Eusebioepiscopo</strong></span> 
     </span>
    </p>
   </div>
   <div class='ocr_carea' id='block_1_78' title="bbox 505 4771 2010 4834">
    <p class='ocr_par' dir='ltr' id='par_1_78' title="bbox 505 4771 2010 4834">
     <span class='ocr_line' id='line_1_78' title="bbox 505 4771 2010 4834; baseline -0.009 -2"><span class='ocrx_word' id='word_1_565' title='bbox 505 4779 838 4834; x_wconf 79' lang='lat' dir='ltr'><strong>Ctesariensi.</strong></span> <span class='ocrx_word' id='word_1_566' title='bbox 880 4776 942 4832; x_wconf 84' lang='lat' dir='ltr'><strong>ll.</strong></span> <span class='ocrx_word' id='word_1_567' title='bbox 996 4771 1215 4830; x_wconf 75' lang='lat' dir='ltr'><strong>Videtur</strong></span> <span class='ocrx_word' id='word_1_568' title='bbox 1271 4774 1326 4826; x_wconf 86' lang='lat' dir='ltr'><strong>in</strong></span> <span class='ocrx_word' id='word_1_569' title='bbox 1357 4772 1678 4825; x_wconf 86' lang='lat' dir='ltr'><strong>monasterio</strong></span> <span class='ocrx_word' id='word_1_570' title='bbox 1722 4771 1933 4830; x_wconf 77' lang='lat' dir='ltr'><strong>vixisse,</strong></span> <span class='ocrx_word' id='word_1_571' title='bbox 1960 4778 2010 4821; x_wconf 86' lang='lat' dir='ltr'><strong>et</strong></span> 
     </span>
    </p>
   </div>
   <div class='ocr_carea' id='block_1_79' title="bbox 502 4838 2006 4915">
    <p class='ocr_par' dir='ltr' id='par_1_79' title="bbox 502 4838 2006 4915">
     <span class='ocr_line' id='line_1_79' title="bbox 502 4838 2006 4915; baseline -0.007 -16"><span class='ocrx_word' id='word_1_572' title='bbox 502 4865 661 4901; x_wconf 85' lang='lat' dir='ltr'><strong>unam</strong></span> <span class='ocrx_word' id='word_1_573' title='bbox 718 4850 980 4915; x_wconf 66' lang='lat' dir='ltr'><strong>praecipue</strong></span> <span class='ocrx_word' id='word_1_574' title='bbox 1046 4843 1343 4915; x_wconf 73' lang='lat' dir='ltr'><strong>Ecclesium</strong></span> <span class='ocrx_word' id='word_1_575' title='bbox 1392 4841 1674 4915; x_wconf 79' lang='lat' dir='ltr'><strong>regendam</strong></span> <span class='ocrx_word' id='word_1_576' title='bbox 1730 4838 2006 4915; x_wconf 75' lang='lat' dir='ltr'><strong>accepisse.</strong></span> 
     </span>
    </p>
   </div>
   <div class='ocr_carea' id='block_1_80' title="bbox 500 4908 2009 4972">
    <p class='ocr_par' dir='ltr' id='par_1_80' title="bbox 500 4908 2009 4972">
     <span class='ocr_line' id='line_1_80' title="bbox 500 4908 2009 4972; baseline -0.007 0"><span class='ocrx_word' id='word_1_577' title='bbox 500 4917 590 4972; x_wconf 81' lang='grc' dir='ltr'><strong>ιιι.</strong></span> <span class='ocrx_word' id='word_1_578' title='bbox 618 4908 809 4972; x_wconf 75' lang='lat' dir='ltr'><strong>Basilii</strong></span> <span class='ocrx_word' id='word_1_579' title='bbox 842 4908 1132 4971; x_wconf 80' lang='lat' dir='ltr'><strong>auctoritas</strong></span> <span class='ocrx_word' id='word_1_580' title='bbox 1157 4914 1252 4969; x_wconf 87' lang='lat' dir='ltr'><strong>sub</strong></span> <span class='ocrx_word' id='word_1_581' title='bbox 1286 4908 1512 4965; x_wconf 78' lang='lat' dir='ltr'><strong>Eusebio</strong></span> <span class='ocrx_word' id='word_1_582' title='bbox 1546 4911 1603 4964; x_wconf 87' lang='lat' dir='ltr'><strong>in</strong></span> <span class='ocrx_word' id='word_1_583' title='bbox 1645 4908 2009 4963; x_wconf 84' lang='lat' dir='ltr'><strong>ecclesiasticis</strong></span> 
     </span>
    </p>
   </div>
   <div class='ocr_carea' id='block_1_81' title="bbox 502 4976 2001 5056">
    <p class='ocr_par' dir='ltr' id='par_1_81' title="bbox 502 4976 2001 5056">
     <span class='ocr_line' id='line_1_81' title="bbox 502 4976 2001 5056; baseline -0.005 -18"><span class='ocrx_word' id='word_1_584' title='bbox 502 4989 721 5056; x_wconf 74' lang='lat' dir='ltr'><strong>negotiis</strong></span> <span class='ocrx_word' id='word_1_585' title='bbox 747 4992 816 5041; x_wconf 87' lang='lat' dir='ltr'><strong>ad</strong></span> <span class='ocrx_word' id='word_1_586' title='bbox 841 4986 1158 5047; x_wconf 79' lang='lat' dir='ltr'><strong>Ctesaream,</strong></span> <span class='ocrx_word' id='word_1_587' title='bbox 1176 4994 1230 5037; x_wconf 91' lang='lat' dir='ltr'><strong>ut</strong></span> <span class='ocrx_word' id='word_1_588' title='bbox 1255 4981 1603 5056; x_wconf 25' lang='lat' dir='ltr'><strong>met‘ropolim,</strong></span> <span class='ocrx_word' id='word_1_589' title='bbox 1630 4976 2001 5056; x_wconf 68' lang='lat' dir='ltr'><strong>spectantibus.</strong></span> 
     </span>
    </p>
   </div>
   <div class='ocr_carea' id='block_1_82' title="bbox 502 5049 2000 5122">
    <p class='ocr_par' dir='ltr' id='par_1_82' title="bbox 502 5049 2000 5122">
     <span class='ocr_line' id='line_1_82' title="bbox 502 5049 2000 5122; baseline -0.008 -11"><span class='ocrx_word' id='word_1_590' title='bbox 502 5049 594 5111; x_wconf 75' lang='grc' dir='ltr'><strong>ινῖ</strong></span> <span class='ocrx_word' id='word_1_591' title='bbox 633 5057 886 5122; x_wconf 66' lang='lat' dir='ltr'><strong>Quaenam</strong></span> <span class='ocrx_word' id='word_1_592' title='bbox 920 5057 1217 5109; x_wconf 75' lang='lat' dir='ltr'><strong>exstiterint</strong></span> <span class='ocrx_word' id='word_1_593' title='bbox 1258 5051 1614 5106; x_wconf 85' lang='lat' dir='ltr'><strong>ecclesiastica</strong></span> <span class='ocrx_word' id='word_1_594' title='bbox 1645 5049 1739 5102; x_wconf 87' lang='lat' dir='ltr'><strong>illa</strong></span> <span class='ocrx_word' id='word_1_595' title='bbox 1775 5049 2000 5122; x_wconf 81' lang='lat' dir='ltr'><strong>negotia.</strong></span> 
     </span>
    </p>
   </div>
   <div class='ocr_carea' id='block_1_83' title="bbox 501 5119 2003 5192">
    <p class='ocr_par' dir='ltr' id='par_1_83' title="bbox 501 5119 2003 5192">
     <span class='ocr_line' id='line_1_83' title="bbox 501 5119 2003 5192; baseline -0.009 -9"><span class='ocrx_word' id='word_1_596' title='bbox 501 5129 569 5183; x_wconf 71' lang='grc' dir='ltr'><strong>ν.</strong></span> <span class='ocrx_word' id='word_1_597' title='bbox 608 5119 739 5191; x_wconf 76' lang='lat' dir='ltr'><strong>Qua:</strong></span> <span class='ocrx_word' id='word_1_598' title='bbox 772 5126 959 5179; x_wconf 85' lang='lat' dir='ltr'><strong>Basilii</strong></span> <span class='ocrx_word' id='word_1_599' title='bbox 1014 5136 1187 5192; x_wconf 85' lang='lat' dir='ltr'><strong>partes</strong></span> <span class='ocrx_word' id='word_1_600' title='bbox 1216 5126 1269 5176; x_wconf 86' lang='lat' dir='ltr'><strong>in</strong></span> <span class='ocrx_word' id='word_1_601' title='bbox 1309 5124 1374 5192; x_wconf 79' lang='lat' dir='ltr'><strong>iis</strong></span> <span class='ocrx_word' id='word_1_602' title='bbox 1405 5136 1544 5192; x_wconf 69' lang='lat' dir='ltr'><strong>t]_lltB_</strong></span> <span class='ocrx_word' id='word_1_603' title='bbox 1582 5130 1696 5188; x_wconf 89' lang='lat' dir='ltr'><strong>post</strong></span> <span class='ocrx_word' id='word_1_604' title='bbox 1725 5119 2003 5192; x_wconf 69' lang='lat' dir='ltr'><strong>synodum</strong></span> 
     </span>
    </p>
   </div>
   <div class='ocr_carea' id='block_1_84' title="bbox 505 5188 2001 5264">
    <p class='ocr_par' dir='ltr' id='par_1_84' title="bbox 505 5188 2001 5264">
     <span class='ocr_line' id='line_1_84' title="bbox 505 5188 2001 5264; baseline -0.007 -12"><span class='ocrx_word' id='word_1_605' title='bbox 505 5188 919 5264; x_wconf 68' lang='lat' dir='ltr'><strong>Lampsacenam</strong></span> <span class='ocrx_word' id='word_1_606' title='bbox 946 5188 1103 5263; x_wconf 81' lang='lat' dir='ltr'><strong>gesta.</strong></span> <span class='ocrx_word' id='word_1_607' title='bbox 1124 5203 1274 5264; x_wconf 86' lang='lat' dir='ltr'><strong>sunt.</strong></span> <span class='ocrx_word' id='word_1_608' title='bbox 1303 5191 1388 5248; x_wconf 84' lang='lat' dir='ltr'><strong>Vl.</strong></span> <span class='ocrx_word' id='word_1_609' title='bbox 1417 5188 1681 5243; x_wconf 73' lang='lat' dir='ltr'><strong>Probatur</strong></span> <span class='ocrx_word' id='word_1_610' title='bbox 1715 5189 1850 5242; x_wconf 85' lang='lat' dir='ltr'><strong>hanc</strong></span> <span class='ocrx_word' id='word_1_611' title='bbox 1875 5203 2001 5257; x_wconf 82' lang='lat' dir='ltr'><strong>syn—</strong></span> 
     </span>
    </p>
   </div>
   <div class='ocr_carea' id='block_1_85' title="bbox 501 5263 1426 5333">
    <p class='ocr_par' dir='ltr' id='par_1_85' title="bbox 501 5263 1426 5333">
     <span class='ocr_line' id='line_1_85' title="bbox 501 5263 1426 5333; baseline -0.008 -11"><span class='ocrx_word' id='word_1_612' title='bbox 501 5270 661 5323; x_wconf 84' lang='lat' dir='ltr'><strong>odum</strong></span> <span class='ocrx_word' id='word_1_613' title='bbox 685 5283 824 5320; x_wconf 83' lang='lat' dir='ltr'><strong>anno</strong></span> <span class='ocrx_word' id='word_1_614' title='bbox 852 5264 957 5319; x_wconf 68' lang='lat'><strong>364</strong></span> <span class='ocrx_word' id='word_1_615' title='bbox 978 5265 1210 5317; x_wconf 83' lang='lat' dir='ltr'><strong>habitam</strong></span> <span class='ocrx_word' id='word_1_616' title='bbox 1249 5263 1426 5333; x_wconf 73' lang='lat' dir='ltr'><strong>fuisse.</strong></span> 
     </span>
    </p>
   </div>
   <div class='ocr_carea' id='block_1_86' title="bbox 505 5350 2012 5428">
    <p class='ocr_par' dir='ltr' id='par_1_86' title="bbox 505 5350 2012 5428">
     <span class='ocr_line' id='line_1_86' title="bbox 505 5350 2012 5428; baseline -0.007 -14"><span class='ocrx_word' id='word_1_617' title='bbox 505 5363 546 5415; x_wconf 94' lang='grc'><strong>1.</strong></span> <span class='ocrx_word' id='word_1_618' title='bbox 588 5359 884 5428; x_wconf 81' lang='lat' dir='ltr'><strong>Reportata</strong></span> <span class='ocrx_word' id='word_1_619' title='bbox 944 5371 1012 5410; x_wconf 81' lang='lat' dir='ltr'><strong>ex</strong></span> <span class='ocrx_word' id='word_1_620' title='bbox 1055 5356 1248 5410; x_wconf 65' lang='lat' dir='ltr'><strong>haeresi</strong></span> <span class='ocrx_word' id='word_1_621' title='bbox 1310 5355 1545 5410; x_wconf 77' lang='lat' dir='ltr'><strong>victoria</strong></span> <span class='ocrx_word' id='word_1_622' title='bbox 1598 5350 1857 5407; x_wconf 85' lang='lat' dir='ltr'><strong>Basilium</strong></span> <span class='ocrx_word' id='word_1_623' title='bbox 1884 5364 2012 5404; x_wconf 89' lang='lat' dir='ltr'><strong>cum</strong></span> 
     </span>
    </p>
   </div>
   <div class='ocr_carea' id='block_1_87' title="bbox 433 5441 2010 5520">
    <p class='ocr_par' dir='ltr' id='par_1_87' title="bbox 433 5441 2010 5520">
     <span class='ocr_line' id='line_1_87' title="bbox 433 5441 2010 5520; baseline -0.008 -12"><span class='ocrx_word' id='word_1_624' title='bbox 433 5454 666 5508; x_wconf 86' lang='lat' dir='ltr'><strong>Eusebio</strong></span> <span class='ocrx_word' id='word_1_625' title='bbox 693 5462 799 5506; x_wconf 77' lang='lat' dir='ltr'><strong>tatu</strong></span> <span class='ocrx_word' id='word_1_626' title='bbox 828 5461 975 5506; x_wconf 87' lang='lat' dir='ltr'><strong>arcte</strong></span> <span class='ocrx_word' id='word_1_627' title='bbox 998 5449 1392 5520; x_wconf 77' lang='lat' dir='ltr'><strong>conjunxit,-ut</strong></span> <span class='ocrx_word' id='word_1_628' title='bbox 1437 5462 1536 5502; x_wconf 87' lang='lat' dir='ltr'><strong>nec</strong></span> <span class='ocrx_word' id='word_1_629' title='bbox 1567 5445 1818 5513; x_wconf 91' lang='lat' dir='ltr'><strong>episcopo</strong></span> <span class='ocrx_word' id='word_1_630' title='bbox 1845 5441 2010 5497; x_wconf 88' lang='lat' dir='ltr'><strong>mole—</strong></span> 
     </span>
    </p>
   </div>
   <div class='ocr_carea' id='block_1_88' title="bbox 433 5533 2010 5613">
    <p class='ocr_par' dir='ltr' id='par_1_88' title="bbox 433 5533 2010 5613">
     <span class='ocr_line' id='line_1_88' title="bbox 433 5533 2010 5613; baseline -0.01 -9"><span class='ocrx_word' id='word_1_631' title='bbox 433 5558 579 5604; x_wconf 81' lang='lat' dir='ltr'><strong>stum</strong></span> <span class='ocrx_word' id='word_1_632' title='bbox 604 5554 749 5600; x_wconf 79' lang='lat' dir='ltr'><strong>esset</strong></span> <span class='ocrx_word' id='word_1_633' title='bbox 778 5545 845 5599; x_wconf 84' lang='lat' dir='ltr'><strong>ab</strong></span> <span class='ocrx_word' id='word_1_634' title='bbox 869 5558 954 5608; x_wconf 85' lang='lat' dir='ltr'><strong>eo,</strong></span> <span class='ocrx_word' id='word_1_635' title='bbox 980 5554 1139 5610; x_wconf 88' lang='lat' dir='ltr'><strong>quem</strong></span> <span class='ocrx_word' id='word_1_636' title='bbox 1172 5542 1435 5613; x_wconf 75' lang='lat' dir='ltr'><strong>dignitate</strong></span> <span class='ocrx_word' id='word_1_637' title='bbox 1479 5536 1788 5610; x_wconf 84' lang='lat' dir='ltr'><strong>superabat,</strong></span> <span class='ocrx_word' id='word_1_638' title='bbox 1830 5533 2010 5592; x_wconf 86' lang='lat' dir='ltr'><strong>scien-</strong></span> 
     </span>
    </p>
   </div>
   <div class='ocr_carea' id='block_1_89' title="bbox 508 5751 991 5822">
    <p class='ocr_par' dir='ltr' id='par_1_89' title="bbox 508 5751 991 5822">
     <span class='ocr_line' id='line_1_89' title="bbox 508 5751 991 5822; baseline 0.002 -17"><span class='ocrx_word' id='word_1_639' title='bbox 508 5752 580 5822; x_wconf 64' lang='grc' dir='ltr'><strong>τις</strong></span> <span class='ocrx_word' id='word_1_640' title='bbox 615 5751 744 5806; x_wconf 72' lang='lat' dir='ltr'><strong>Naz.</strong></span> <span class='ocrx_word' id='word_1_641' title='bbox 778 5769 863 5820; x_wconf 87' lang='lat' dir='ltr'><strong>ep.</strong></span> <span class='ocrx_word' id='word_1_642' title='bbox 905 5755 991 5808; x_wconf 81' lang='grc' dir='ltr'><strong>Η.</strong></span> 
     </span>
    </p>
   </div>
   <div class='ocr_carea' id='block_1_90' title="bbox 512 5819 1029 5892">
    <p class='ocr_par' dir='ltr' id='par_1_90' title="bbox 512 5819 1029 5892">
     <span class='ocr_line' id='line_1_90' title="bbox 512 5819 1029 5892; baseline 0.002 -14"><span class='ocrx_word' id='word_1_643' title='bbox 512 5819 587 5892; x_wconf 71' lang='grc' dir='ltr'><strong>(ιι)</strong></span> <span class='ocrx_word' id='word_1_644' title='bbox 618 5823 783 5889; x_wconf 82' lang='lat' dir='ltr'><strong>Idem,</strong></span> <span class='ocrx_word' id='word_1_645' title='bbox 816 5819 898 5879; x_wconf 84' lang='lat' dir='ltr'><strong>Or.</strong></span> <span class='ocrx_word' id='word_1_646' title='bbox 939 5824 1029 5879; x_wconf 68' lang='grc'><strong>20.</strong></span> 
     </span>
    </p>
   </div>
   <div class='ocr_carea' id='block_1_91' title="bbox 2105 3224 3674 3314">
    <p class='ocr_par' dir='ltr' id='par_1_91' title="bbox 2105 3224 3674 3314">
     <span class='ocr_line' id='line_1_91' title="bbox 2105 3224 3674 3314; baseline -0.015 -17"><span class='ocrx_word' id='word_1_647' title='bbox 2105 3244 2232 3314; x_wconf 75' lang='lat' dir='ltr'><strong>fuit,</strong></span> <span class='ocrx_word' id='word_1_648' title='bbox 2263 3238 2553 3294; x_wconf 82' lang='lat' dir='ltr'><strong>antistitem</strong></span> <span class='ocrx_word' id='word_1_649' title='bbox 2591 3235 2759 3289; x_wconf 85' lang='lat' dir='ltr'><strong>colere</strong></span> <span class='ocrx_word' id='word_1_650' title='bbox 2795 3244 2948 3300; x_wconf 89' lang='lat' dir='ltr'><strong>atque</strong></span> <span class='ocrx_word' id='word_1_651' title='bbox 2978 3229 3271 3293; x_wconf 83' lang='lat' dir='ltr'><strong>observare,</strong></span> <span class='ocrx_word' id='word_1_652' title='bbox 3320 3224 3674 3291; x_wconf 80' lang='lat' dir='ltr'><strong>suspicionem</strong></span> 
     </span>
    </p>
   </div>
   <div class='ocr_carea' id='block_1_92' title="bbox 2105 3315 3677 3402">
    <p class='ocr_par' dir='ltr' id='par_1_92' title="bbox 2105 3315 3677 3402">
     <span class='ocr_line' id='line_1_92' title="bbox 2105 3315 3677 3402; baseline -0.015 -12"><span class='ocrx_word' id='word_1_653' title='bbox 2105 3333 2472 3402; x_wconf 77' lang='lat' dir='ltr'><strong>exstinguere,</strong></span> <span class='ocrx_word' id='word_1_654' title='bbox 2535 3325 2845 3381; x_wconf 82' lang='lat' dir='ltr'><strong>mortalibus</strong></span> <span class='ocrx_word' id='word_1_655' title='bbox 2892 3320 3131 3376; x_wconf 88' lang='lat' dir='ltr'><strong>omnibus</strong></span> <span class='ocrx_word' id='word_1_656' title='bbox 3190 3315 3501 3387; x_wconf 85' lang='lat' dir='ltr'><strong>persuadere</strong></span> <span class='ocrx_word' id='word_1_657' title='bbox 3561 3326 3677 3367; x_wconf 86' lang='lat' dir='ltr'><strong>mo-</strong></span> 
     </span>
    </p>
   </div>
   <div class='ocr_carea' id='block_1_93' title="bbox 2106 3405 3675 3489">
    <p class='ocr_par' dir='ltr' id='par_1_93' title="bbox 2106 3405 3675 3489">
     <span class='ocr_line' id='line_1_93' title="bbox 2106 3405 3675 3489; baseline -0.016 -10"><span class='ocrx_word' id='word_1_658' title='bbox 2106 3427 2308 3481; x_wconf 86' lang='lat' dir='ltr'><strong>lestiam</strong></span> <span class='ocrx_word' id='word_1_659' title='bbox 2344 3438 2482 3486; x_wconf 90' lang='lat' dir='ltr'><strong>eam,</strong></span> <span class='ocrx_word' id='word_1_660' title='bbox 2523 3435 2682 3489; x_wconf 83' lang='lat' dir='ltr'><strong>quant</strong></span> <span class='ocrx_word' id='word_1_661' title='bbox 2711 3422 3010 3483; x_wconf 85' lang='lat' dir='ltr'><strong>acceperat,</strong></span> <span class='ocrx_word' id='word_1_662' title='bbox 3033 3412 3374 3468; x_wconf 86' lang='lat' dir='ltr'><strong>tentationem</strong></span> <span class='ocrx_word' id='word_1_663' title='bbox 3389 3405 3675 3474; x_wconf 87' lang='lat' dir='ltr'><strong>quamdam</strong></span> 
     </span>
    </p>
   </div>
   <div class='ocr_carea' id='block_1_94' title="bbox 2105 3491 3678 3582">
    <p class='ocr_par' dir='ltr' id='par_1_94' title="bbox 2105 3491 3678 3582">
     <span class='ocr_line' id='line_1_94' title="bbox 2105 3491 3678 3582; baseline -0.017 -9"><span class='ocrx_word' id='word_1_664' title='bbox 2105 3530 2157 3573; x_wconf 85' lang='lat' dir='ltr'><strong>et</strong></span> <span class='ocrx_word' id='word_1_665' title='bbox 2183 3517 2378 3570; x_wconf 79' lang='lat' dir='ltr'><strong>luctum</strong></span> <span class='ocrx_word' id='word_1_666' title='bbox 2422 3514 2569 3582; x_wconf 80' lang='lat' dir='ltr'><strong>praui</strong></span> <span class='ocrx_word' id='word_1_667' title='bbox 2624 3491 3007 3577; x_wconf 15' lang='lat' dir='ltr'><strong>illiusifuisse,</strong></span> <span class='ocrx_word' id='word_1_668' title='bbox 3060 3504 3292 3557; x_wconf 82' lang='lat' dir='ltr'><strong>Itonest</strong></span> <span class='ocrx_word' id='word_1_669' title='bbox 3312 3516 3374 3552; x_wconf 91' lang='lat' dir='ltr'><strong>ac</strong></span> <span class='ocrx_word' id='word_1_670' title='bbox 3416 3494 3678 3551; x_wconf 83' lang='lat' dir='ltr'><strong>laudabili</strong></span> 
     </span>
    </p>
   </div>
   <div class='ocr_carea' id='block_1_95' title="bbox 2108 3595 3675 3663">
    <p class='ocr_par' dir='ltr' id='par_1_95' title="bbox 2108 3595 3675 3663">
     <span class='ocr_line' id='line_1_95' title="bbox 2108 3595 3675 3663; baseline -0.015 0"><span class='ocrx_word' id='word_1_671' title='bbox 2108 3606 2402 3663; x_wconf 70' lang='lat' dir='ltr'><strong>concordia:</strong></span> <span class='ocrx_word' id='word_1_672' title='bbox 2426 3604 2708 3659; x_wconf 81' lang='lat' dir='ltr'><strong>invidentis</strong></span> <span class='ocrx_word' id='word_1_673' title='bbox 2733 3617 2751 3655; x_wconf 91' lang='lat'><strong><em>:</em></strong></span> <span class='ocrx_word' id='word_1_674' title='bbox 2780 3610 3023 3654; x_wconf 74' lang='lat' dir='ltr'><strong>ca&#39;terum</strong></span> <span class='ocrx_word' id='word_1_675' title='bbox 3057 3612 3157 3648; x_wconf 90' lang='lat' dir='ltr'><strong>non</strong></span> <span class='ocrx_word' id='word_1_676' title='bbox 3190 3595 3435 3663; x_wconf 85' lang='lat' dir='ltr'><strong>ignarum</strong></span> <span class='ocrx_word' id='word_1_677' title='bbox 3463 3605 3517 3643; x_wconf 84' lang='lat' dir='ltr'><strong>se</strong></span> <span class='ocrx_word' id='word_1_678' title='bbox 3542 3601 3675 3649; x_wconf 85' lang='lat' dir='ltr'><strong>esse,</strong></span> 
     </span>
    </p>
   </div>
   <div class='ocr_carea' id='block_1_96' title="bbox 2109 3680 3678 3771">
    <p class='ocr_par' dir='ltr' id='par_1_96' title="bbox 2109 3680 3678 3771">
     <span class='ocr_line' id='line_1_96' title="bbox 2109 3680 3678 3771; baseline -0.017 -15"><span class='ocrx_word' id='word_1_679' title='bbox 2109 3702 2233 3771; x_wconf 81' lang='lat' dir='ltr'><strong>quid</strong></span> <span class='ocrx_word' id='word_1_680' title='bbox 2272 3697 2577 3754; x_wconf 74' lang='lat' dir='ltr'><strong>obedientiaz</strong></span> <span class='ocrx_word' id='word_1_681' title='bbox 2602 3694 2904 3761; x_wconf 85' lang='lat' dir='ltr'><strong>ordinisque</strong></span> <span class='ocrx_word' id='word_1_682' title='bbox 2932 3686 3144 3742; x_wconf 83' lang='lat' dir='ltr'><strong>ritualis</strong></span> <span class='ocrx_word' id='word_1_683' title='bbox 3166 3685 3302 3755; x_wconf 86' lang='lat' dir='ltr'><strong>leges</strong></span> <span class='ocrx_word' id='word_1_684' title='bbox 3329 3680 3678 3752; x_wconf 84' lang='lat' dir='ltr'><strong>postularent.</strong></span> 
     </span>
    </p>
   </div>
   <div class='ocr_carea' id='block_1_97' title="bbox 2109 3768 3678 3859">
    <p class='ocr_par' dir='ltr' id='par_1_97' title="bbox 2109 3768 3678 3859">
     <span class='ocr_line' id='line_1_97' title="bbox 2109 3768 3678 3859; baseline -0.017 -15"><span class='ocrx_word' id='word_1_685' title='bbox 2109 3768 2185 3846; x_wconf 61' lang='lat' dir='ltr'><strong>Ac</strong></span> <span class='ocrx_word' id='word_1_686' title='bbox 2208 3789 2424 3859; x_wconf 84' lang='lat' dir='ltr'><strong>proinde</strong></span> <span class='ocrx_word' id='word_1_687' title='bbox 2445 3785 2646 3847; x_wconf 77' lang='lat' dir='ltr'><strong>adesse,</strong></span> <span class='ocrx_word' id='word_1_688' title='bbox 2670 3785 2873 3844; x_wconf 74' lang='lat' dir='ltr'><strong>docere,</strong></span> <span class='ocrx_word' id='word_1_689' title='bbox 2912 3781 3052 3833; x_wconf 83' lang='lat' dir='ltr'><strong>dicto</strong></span> <span class='ocrx_word' id='word_1_690' title='bbox 3075 3775 3372 3828; x_wconf 86' lang='lat' dir='ltr'><strong>audientem</strong></span> <span class='ocrx_word' id='word_1_691' title='bbox 3399 3787 3451 3823; x_wconf 89' lang='lat' dir='ltr'><strong>se</strong></span> <span class='ocrx_word' id='word_1_692' title='bbox 3475 3768 3678 3839; x_wconf 83' lang='lat' dir='ltr'><strong>prtrbe-</strong></span> 
     </span>
    </p>
   </div>
   <div class='ocr_carea' id='block_1_98' title="bbox 2110 3863 3683 3947">
    <p class='ocr_par' dir='ltr' id='par_1_98' title="bbox 2110 3863 3683 3947">
     <span class='ocr_line' id='line_1_98' title="bbox 2110 3863 3683 3947; baseline -0.013 -13"><span class='ocrx_word' id='word_1_693' title='bbox 2110 3898 2187 3945; x_wconf 86' lang='lat' dir='ltr'><strong>re,</strong></span> <span class='ocrx_word' id='word_1_694' title='bbox 2218 3893 2448 3942; x_wconf 83' lang='lat' dir='ltr'><strong>mouere,</strong></span> <span class='ocrx_word' id='word_1_695' title='bbox 2492 3876 2694 3947; x_wconf 86' lang='lat' dir='ltr'><strong>quidvis</strong></span> <span class='ocrx_word' id='word_1_696' title='bbox 2735 3873 2957 3941; x_wconf 80' lang='lat' dir='ltr'><strong>denique</strong></span> <span class='ocrx_word' id='word_1_697' title='bbox 2996 3869 3078 3922; x_wconf 87' lang='lat' dir='ltr'><strong>illi</strong></span> <span class='ocrx_word' id='word_1_698' title='bbox 3120 3882 3251 3931; x_wconf 88' lang='lat' dir='ltr'><strong>esse,</strong></span> <span class='ocrx_word' id='word_1_699' title='bbox 3293 3863 3519 3917; x_wconf 86' lang='lat' dir='ltr'><strong>monitor</strong></span> <span class='ocrx_word' id='word_1_700' title='bbox 3557 3875 3683 3926; x_wconf 84' lang='lat' dir='ltr'><strong>pro-</strong></span> 
     </span>
    </p>
   </div>
   <div class='ocr_carea' id='block_1_99' title="bbox 2111 3948 3683 4038">
    <p class='ocr_par' dir='ltr' id='par_1_99' title="bbox 2111 3948 3683 4038">
     <span class='ocr_line' id='line_1_99' title="bbox 2111 3948 3683 4038; baseline -0.015 -14"><span class='ocrx_word' id='word_1_701' title='bbox 2111 3971 2228 4036; x_wconf 83' lang='lat' dir='ltr'><strong>bus,</strong></span> <span class='ocrx_word' id='word_1_702' title='bbox 2266 3967 2553 4038; x_wconf 88' lang='lat' dir='ltr'><strong>opitulator</strong></span> <span class='ocrx_word' id='word_1_703' title='bbox 2617 3962 2943 4024; x_wconf 84' lang='lat' dir='ltr'><strong>commodus,</strong></span> <span class='ocrx_word' id='word_1_704' title='bbox 2988 3959 3284 4012; x_wconf 84' lang='lat' dir='ltr'><strong>divinorum</strong></span> <span class='ocrx_word' id='word_1_705' title='bbox 3346 3948 3683 4006; x_wconf 78' lang='lat' dir='ltr'><strong>oraculorum</strong></span> 
     </span>
    </p>
   </div>
   <div class='ocr_carea' id='block_1_100' title="bbox 2110 4055 3685 4127">
    <p class='ocr_par' dir='ltr' id='par_1_100' title="bbox 2110 4055 3685 4127">
     <span class='ocr_line' id='line_1_100' title="bbox 2110 4055 3685 4127; baseline -0.016 -10"><span class='ocrx_word' id='word_1_706' title='bbox 2110 4073 2407 4127; x_wconf 77' lang='lat' dir='ltr'><strong>enarrator,</strong></span> <span class='ocrx_word' id='word_1_707' title='bbox 2452 4074 2630 4112; x_wconf 88' lang='lat' dir='ltr'><strong>rerum</strong></span> <span class='ocrx_word' id='word_1_708' title='bbox 2679 4055 3003 4125; x_wconf 84' lang='lat' dir='ltr'><strong>agendarum</strong></span> <span class='ocrx_word' id='word_1_709' title='bbox 3040 4055 3493 4120; x_wconf 79' lang='lat' dir='ltr'><strong>prtemonstrator,</strong></span> <span class='ocrx_word' id='word_1_710' title='bbox 3533 4056 3685 4095; x_wconf 80' lang='lat' dir='ltr'><strong>seue-</strong></span> 
     </span>
    </p>
   </div>
   <div class='ocr_carea' id='block_1_101' title="bbox 2112 4137 3681 4216">
    <p class='ocr_par' dir='ltr' id='par_1_101' title="bbox 2112 4137 3681 4216">
     <span class='ocr_line' id='line_1_101' title="bbox 2112 4137 3681 4216; baseline -0.015 -8"><span class='ocrx_word' id='word_1_711' title='bbox 2112 4155 2269 4208; x_wconf 83' lang='lat' dir='ltr'><strong>ctutis</strong></span> <span class='ocrx_word' id='word_1_712' title='bbox 2314 4149 2628 4212; x_wconf 86' lang='lat' dir='ltr'><strong>subsidium,</strong></span> <span class='ocrx_word' id='word_1_713' title='bbox 2668 4147 2793 4216; x_wconf 74' lang='lat' dir='ltr'><strong>ﬁdei</strong></span> <span class='ocrx_word' id='word_1_714' title='bbox 2827 4142 3228 4203; x_wconf 74' lang='lat' dir='ltr'><strong>adminiculum,</strong></span> <span class='ocrx_word' id='word_1_715' title='bbox 3273 4137 3681 4192; x_wconf 85' lang='lat' dir='ltr'><strong>domesticorum</strong></span> 
     </span>
    </p>
   </div>
   <div class='ocr_carea' id='block_1_102' title="bbox 2111 4226 3680 4313">
    <p class='ocr_par' dir='ltr' id='par_1_102' title="bbox 2111 4226 3680 4313">
     <span class='ocr_line' id='line_1_102' title="bbox 2111 4226 3680 4313; baseline -0.013 -15"><span class='ocrx_word' id='word_1_716' title='bbox 2111 4242 2473 4313; x_wconf 82' lang='lat' dir='ltr'><strong>ﬁdelissimus,</strong></span> <span class='ocrx_word' id='word_1_717' title='bbox 2500 4251 2831 4295; x_wconf 70' lang='lat' dir='ltr'><strong>externorum</strong></span> <span class='ocrx_word' id='word_1_718' title='bbox 2851 4238 2920 4290; x_wconf 87' lang='lat' dir='ltr'><strong>ad</strong></span> <span class='ocrx_word' id='word_1_719' title='bbox 2948 4252 3030 4289; x_wconf 89' lang='lat' dir='ltr'><strong>res</strong></span> <span class='ocrx_word' id='word_1_720' title='bbox 3059 4230 3309 4301; x_wconf 87' lang='lat' dir='ltr'><strong>regendas</strong></span> <span class='ocrx_word' id='word_1_721' title='bbox 3337 4226 3640 4297; x_wconf 79' lang='lat' dir='ltr'><strong>aptissimus</strong></span> <span class='ocrx_word' id='word_1_722' title='bbox 3659 4239 3680 4278; x_wconf 91' lang='lat'><strong><em>:</em></strong></span> 
     </span>
    </p>
   </div>
   <div class='ocr_carea' id='block_1_103' title="bbox 2113 4321 3689 4395">
    <p class='ocr_par' dir='ltr' id='par_1_103' title="bbox 2113 4321 3689 4395">
     <span class='ocr_line' id='line_1_103' title="bbox 2113 4321 3689 4395; baseline -0.015 -7"><span class='ocrx_word' id='word_1_723' title='bbox 2113 4344 2168 4389; x_wconf 86' lang='lat' dir='ltr'><strong>ut</strong></span> <span class='ocrx_word' id='word_1_724' title='bbox 2191 4350 2294 4387; x_wconf 90' lang='lat' dir='ltr'><strong>uno</strong></span> <span class='ocrx_word' id='word_1_725' title='bbox 2332 4336 2483 4387; x_wconf 82' lang='lat' dir='ltr'><strong>uerbo</strong></span> <span class='ocrx_word' id='word_1_726' title='bbox 2505 4332 2701 4392; x_wconf 88' lang='lat' dir='ltr'><strong>dicam,</strong></span> <span class='ocrx_word' id='word_1_727' title='bbox 2733 4338 2918 4395; x_wconf 81' lang='lat' dir='ltr'><strong>tantus</strong></span> <span class='ocrx_word' id='word_1_728' title='bbox 2937 4327 3005 4381; x_wconf 89' lang='lat' dir='ltr'><strong>ad</strong></span> <span class='ocrx_word' id='word_1_729' title='bbox 3059 4321 3487 4382; x_wconf 86' lang='lat' dir='ltr'><strong>benevolentiam,</strong></span> <span class='ocrx_word' id='word_1_730' title='bbox 3514 4332 3689 4386; x_wconf 75' lang='lat' dir='ltr'><strong>quan.</strong></span> 
     </span>
    </p>
   </div>
   <div class='ocr_carea' id='block_1_104' title="bbox 2113 4410 3683 4495">
    <p class='ocr_par' dir='ltr' id='par_1_104' title="bbox 2113 4410 3683 4495">
     <span class='ocr_line' id='line_1_104' title="bbox 2113 4410 3683 4495; baseline -0.013 -14"><span class='ocrx_word' id='word_1_731' title='bbox 2113 4437 2198 4481; x_wconf 88' lang='lat' dir='ltr'><strong>tus</strong></span> <span class='ocrx_word' id='word_1_732' title='bbox 2218 4427 2363 4495; x_wconf 84' lang='lat' dir='ltr'><strong>prius</strong></span> <span class='ocrx_word' id='word_1_733' title='bbox 2390 4426 2458 4478; x_wconf 85' lang='lat' dir='ltr'><strong>ad</strong></span> <span class='ocrx_word' id='word_1_734' title='bbox 2488 4423 2817 4478; x_wconf 82' lang='lat' dir='ltr'><strong>inimicitiam</strong></span> <span class='ocrx_word' id='word_1_735' title='bbox 2846 4436 2955 4474; x_wconf 85' lang='lat' dir='ltr'><strong>esse</strong></span> <span class='ocrx_word' id='word_1_736' title='bbox 2979 4416 3283 4487; x_wconf 86' lang='lat' dir='ltr'><strong>putabatur.</strong></span> <span class='ocrx_word' id='word_1_737' title='bbox 3322 4413 3408 4467; x_wconf 79' lang='lat' dir='ltr'><strong>Ea:</strong></span> <span class='ocrx_word' id='word_1_738' title='bbox 3445 4427 3548 4481; x_wconf 91' lang='lat' dir='ltr'><strong>quo</strong></span> <span class='ocrx_word' id='word_1_739' title='bbox 3568 4410 3683 4477; x_wconf 77' lang='lat' dir='ltr'><strong>hoc</strong></span> 
     </span>
    </p>
   </div>
   <div class='ocr_carea' id='block_1_105' title="bbox 2038 4504 3685 4590">
    <p class='ocr_par' dir='ltr' id='par_1_105' title="bbox 2038 4504 3685 4590">
     <span class='ocr_line' id='line_1_105' title="bbox 2038 4504 3685 4590; baseline -0.013 -18"><span class='ocrx_word' id='word_1_740' title='bbox 2038 4535 2082 4590; x_wconf 81' lang='grc' dir='ltr'><strong>ι)</strong></span> <span class='ocrx_word' id='word_1_741' title='bbox 2113 4518 2544 4586; x_wconf 83' lang='lat' dir='ltr'><strong>consequebatur,</strong></span> <span class='ocrx_word' id='word_1_742' title='bbox 2589 4523 2647 4567; x_wconf 91' lang='lat' dir='ltr'><strong>ut</strong></span> <span class='ocrx_word' id='word_1_743' title='bbox 2703 4513 2910 4566; x_wconf 86' lang='lat' dir='ltr'><strong>etiamsi</strong></span> <span class='ocrx_word' id='word_1_744' title='bbox 2952 4509 3204 4564; x_wconf 79' lang='lat' dir='ltr'><strong>cathedra</strong></span> <span class='ocrx_word' id='word_1_745' title='bbox 3256 4504 3479 4574; x_wconf 75' lang='lat' dir='ltr'><strong>inferior</strong></span> <span class='ocrx_word' id='word_1_746' title='bbox 3527 4509 3685 4562; x_wconf 85' lang='lat' dir='ltr'><strong>esset,</strong></span> 
     </span>
    </p>
   </div>
   <div class='ocr_carea' id='block_1_106' title="bbox 2114 4586 3691 4672">
    <p class='ocr_par' dir='ltr' id='par_1_106' title="bbox 2114 4586 3691 4672">
     <span class='ocr_line' id='line_1_106' title="bbox 2114 4586 3691 4672; baseline -0.014 -10"><span class='ocrx_word' id='word_1_747' title='bbox 2114 4607 2368 4662; x_wconf 64' lang='lat' dir='ltr'><strong>Ecclesia!</strong></span> <span class='ocrx_word' id='word_1_748' title='bbox 2394 4616 2564 4659; x_wconf 88' lang='lat' dir='ltr'><strong>tamen</strong></span> <span class='ocrx_word' id='word_1_749' title='bbox 2596 4602 2873 4672; x_wconf 88' lang='lat' dir='ltr'><strong>imperium</strong></span> <span class='ocrx_word' id='word_1_750' title='bbox 2900 4599 3174 4653; x_wconf 75' lang='lat' dir='ltr'><strong>obtineret.</strong></span> <span class='ocrx_word' id='word_1_751' title='bbox 3209 4591 3418 4648; x_wconf 82' lang='lat' dir='ltr'><strong>Etenim</strong></span> <span class='ocrx_word' id='word_1_752' title='bbox 3443 4603 3548 4661; x_wconf 69' lang='lat' dir='ltr'><strong>pro</strong></span> <span class='ocrx_word' id='word_1_753' title='bbox 3597 4586 3691 4641; x_wconf 91' lang='lat' dir='ltr'><strong>be-</strong></span> 
     </span>
    </p>
   </div>
   <div class='ocr_carea' id='block_1_107' title="bbox 2115 4683 3687 4766">
    <p class='ocr_par' dir='ltr' id='par_1_107' title="bbox 2115 4683 3687 4766">
     <span class='ocr_line' id='line_1_107' title="bbox 2115 4683 3687 4766; baseline -0.013 -12"><span class='ocrx_word' id='word_1_754' title='bbox 2115 4697 2427 4761; x_wconf 84' lang='lat' dir='ltr'><strong>nevolentia,</strong></span> <span class='ocrx_word' id='word_1_755' title='bbox 2457 4712 2620 4766; x_wconf 88' lang='lat' dir='ltr'><strong>quam</strong></span> <span class='ocrx_word' id='word_1_756' title='bbox 2645 4693 2917 4764; x_wconf 75' lang='lat' dir='ltr'><strong>a/ferebat,</strong></span> <span class='ocrx_word' id='word_1_757' title='bbox 2942 4689 3313 4744; x_wconf 88' lang='lat' dir='ltr'><strong>auctoritatem</strong></span> <span class='ocrx_word' id='word_1_758' title='bbox 3354 4683 3635 4750; x_wconf 84' lang='lat' dir='ltr'><strong>recipiebat</strong></span> <span class='ocrx_word' id='word_1_759' title='bbox 3667 4695 3687 4734; x_wconf 90' lang='lat'><strong><em>:</em></strong></span> 
     </span>
    </p>
   </div>
   <div class='ocr_carea' id='block_1_108' title="bbox 2112 4775 3690 4859">
    <p class='ocr_par' dir='ltr' id='par_1_108' title="bbox 2112 4775 3690 4859">
     <span class='ocr_line' id='line_1_108' title="bbox 2112 4775 3690 4859; baseline -0.014 -12"><span class='ocrx_word' id='word_1_760' title='bbox 2112 4811 2176 4847; x_wconf 90' lang='lat' dir='ltr'><strong>ac</strong></span> <span class='ocrx_word' id='word_1_761' title='bbox 2217 4794 2382 4846; x_wconf 85' lang='lat' dir='ltr'><strong>mirus</strong></span> <span class='ocrx_word' id='word_1_762' title='bbox 2407 4791 2617 4859; x_wconf 79' lang='lat' dir='ltr'><strong>quidem</strong></span> <span class='ocrx_word' id='word_1_763' title='bbox 2654 4797 2765 4841; x_wconf 82' lang='lat' dir='ltr'><strong>erat</strong></span> <span class='ocrx_word' id='word_1_764' title='bbox 2790 4795 3072 4840; x_wconf 86' lang='lat' dir='ltr'><strong>concentus</strong></span> <span class='ocrx_word' id='word_1_765' title='bbox 3103 4796 3370 4853; x_wconf 73' lang='lat' dir='ltr'><strong>nexusque</strong></span> <span class='ocrx_word' id='word_1_766' title='bbox 3389 4775 3690 4847; x_wconf 88' lang='lat' dir='ltr'><strong>potestatis.</strong></span> 
     </span>
    </p>
   </div>
   <div class='ocr_carea' id='block_1_109' title="bbox 2111 4867 3694 4954">
    <p class='ocr_par' dir='ltr' id='par_1_109' title="bbox 2111 4867 3694 4954">
     <span class='ocr_line' id='line_1_109' title="bbox 2111 4867 3694 4954; baseline -0.014 -15"><span class='ocrx_word' id='word_1_767' title='bbox 2111 4885 2212 4939; x_wconf 87' lang='lat' dir='ltr'><strong>Ille</strong></span> <span class='ocrx_word' id='word_1_768' title='bbox 2241 4885 2437 4954; x_wconf 80' lang='lat' dir='ltr'><strong>plebem</strong></span> <span class='ocrx_word' id='word_1_769' title='bbox 2469 4881 2717 4942; x_wconf 71' lang='lat' dir='ltr'><strong>ducebat,</strong></span> <span class='ocrx_word' id='word_1_770' title='bbox 2741 4879 2823 4933; x_wconf 91' lang='lat' dir='ltr'><strong>hic</strong></span> <span class='ocrx_word' id='word_1_771' title='bbox 2847 4878 3117 4931; x_wconf 87' lang='lat' dir='ltr'><strong>ductorem</strong></span> <span class='ocrx_word' id='word_1_772' title='bbox 3155 4892 3173 4930; x_wconf 88' lang='lat'><strong><em>:</em></strong></span> <span class='ocrx_word' id='word_1_773' title='bbox 3216 4891 3278 4928; x_wconf 91' lang='lat' dir='ltr'><strong>ac</strong></span> <span class='ocrx_word' id='word_1_774' title='bbox 3308 4870 3443 4927; x_wconf 73' lang='lat' dir='ltr'><strong>velut</strong></span> <span class='ocrx_word' id='word_1_775' title='bbox 3473 4867 3694 4939; x_wconf 74' lang='lat' dir='ltr'><strong>quidam</strong></span> 
     </span>
    </p>
   </div>
   <div class='ocr_carea' id='block_1_110' title="bbox 2111 4954 3693 5035">
    <p class='ocr_par' dir='ltr' id='par_1_110' title="bbox 2111 4954 3693 5035">
     <span class='ocr_line' id='line_1_110' title="bbox 2111 4954 3693 5035; baseline -0.013 -8"><span class='ocrx_word' id='word_1_776' title='bbox 2111 4974 2319 5028; x_wconf 87' lang='lat' dir='ltr'><strong>leonum</strong></span> <span class='ocrx_word' id='word_1_777' title='bbox 2360 4980 2579 5026; x_wconf 80' lang='lat' dir='ltr'><strong>curator</strong></span> <span class='ocrx_word' id='word_1_778' title='bbox 2602 4976 2736 5030; x_wconf 74' lang='lat' dir='ltr'><strong>erat,</strong></span> <span class='ocrx_word' id='word_1_779' title='bbox 2784 4967 3039 5035; x_wconf 86' lang='lat' dir='ltr'><strong>eum.qui</strong></span> <span class='ocrx_word' id='word_1_780' title='bbox 3091 4963 3441 5033; x_wconf 86' lang='lat' dir='ltr'><strong>principatum</strong></span> <span class='ocrx_word' id='word_1_781' title='bbox 3464 4954 3693 5020; x_wconf 83' lang='lat' dir='ltr'><strong>tenebat,</strong></span> 
     </span>
    </p>
   </div>
   <div class='ocr_carea' id='block_1_111' title="bbox 2111 5045 3696 5127">
    <p class='ocr_par' dir='ltr' id='par_1_111' title="bbox 2111 5045 3696 5127">
     <span class='ocr_line' id='line_1_111' title="bbox 2111 5045 3696 5127; baseline -0.013 -8"><span class='ocrx_word' id='word_1_782' title='bbox 2111 5076 2224 5119; x_wconf 86' lang='lat' dir='ltr'><strong>arte</strong></span> <span class='ocrx_word' id='word_1_783' title='bbox 2255 5062 2572 5118; x_wconf 86' lang='lat' dir='ltr'><strong>demulcens.</strong></span> <span class='ocrx_word' id='word_1_784' title='bbox 2601 5060 2823 5127; x_wconf 82' lang='lat' dir='ltr'><strong>Quippe,</strong></span> <span class='ocrx_word' id='word_1_785' title='bbox 2850 5065 2906 5110; x_wconf 86' lang='lat' dir='ltr'><strong>ut</strong></span> <span class='ocrx_word' id='word_1_786' title='bbox 2937 5072 3100 5123; x_wconf 86' lang='lat' dir='ltr'><strong>nuper</strong></span> <span class='ocrx_word' id='word_1_787' title='bbox 3129 5056 3185 5108; x_wconf 89' lang='lat' dir='ltr'><strong>in</strong></span> <span class='ocrx_word' id='word_1_788' title='bbox 3236 5051 3489 5107; x_wconf 80' lang='lat' dir='ltr'><strong>cathedra</strong></span> <span class='ocrx_word' id='word_1_789' title='bbox 3529 5045 3696 5100; x_wconf 86' lang='lat' dir='ltr'><strong>collo-</strong></span> 
     </span>
    </p>
   </div>
   <div class='ocr_carea' id='block_1_112' title="bbox 2113 5141 3693 5220">
    <p class='ocr_par' dir='ltr' id='par_1_112' title="bbox 2113 5141 3693 5220">
     <span class='ocr_line' id='line_1_112' title="bbox 2113 5141 3693 5220; baseline -0.013 -9"><span class='ocrx_word' id='word_1_790' title='bbox 2113 5167 2282 5220; x_wconf 85' lang='lat' dir='ltr'><strong>catus,</strong></span> <span class='ocrx_word' id='word_1_791' title='bbox 2325 5172 2387 5209; x_wconf 86' lang='lat' dir='ltr'><strong>ac</strong></span> <span class='ocrx_word' id='word_1_792' title='bbox 2440 5154 2719 5207; x_wconf 75' lang='lat' dir='ltr'><strong>mundana&#39;</strong></span> <span class='ocrx_word' id='word_1_793' title='bbox 2746 5150 2981 5204; x_wconf 75' lang='lat' dir='ltr'><strong>materia:</strong></span> <span class='ocrx_word' id='word_1_794' title='bbox 3028 5147 3232 5217; x_wconf 87' lang='lat' dir='ltr'><strong>aliquid</strong></span> <span class='ocrx_word' id='word_1_795' title='bbox 3258 5146 3430 5199; x_wconf 86' lang='lat' dir='ltr'><strong>adhuc</strong></span> <span class='ocrx_word' id='word_1_796' title='bbox 3457 5141 3693 5208; x_wconf 87' lang='lat' dir='ltr'><strong>spirans,</strong></span> 
     </span>
    </p>
   </div>
   <div class='ocr_carea' id='block_1_113' title="bbox 2117 5239 3697 5318">
    <p class='ocr_par' dir='ltr' id='par_1_113' title="bbox 2117 5239 3697 5318">
     <span class='ocr_line' id='line_1_113' title="bbox 2117 5239 3697 5318; baseline -0.015 -13"><span class='ocrx_word' id='word_1_797' title='bbox 2117 5250 2450 5318; x_wconf 83' lang='lat' dir='ltr'><strong>nondumque</strong></span> <span class='ocrx_word' id='word_1_798' title='bbox 2481 5247 2534 5299; x_wconf 89' lang='lat' dir='ltr'><strong>in</strong></span> <span class='ocrx_word' id='word_1_799' title='bbox 2563 5246 2645 5299; x_wconf 86' lang='lat' dir='ltr'><strong>his</strong></span> <span class='ocrx_word' id='word_1_800' title='bbox 2668 5260 2786 5314; x_wconf 76' lang='lat' dir='ltr'><strong>qua:</strong></span> <span class='ocrx_word' id='word_1_801' title='bbox 2822 5243 3043 5314; x_wconf 89' lang='lat' dir='ltr'><strong>spiritus</strong></span> <span class='ocrx_word' id='word_1_802' title='bbox 3078 5248 3261 5308; x_wconf 70' lang='lat' dir='ltr'><strong>erant,</strong></span> <span class='ocrx_word' id='word_1_803' title='bbox 3290 5239 3603 5295; x_wconf 85' lang='lat' dir='ltr'><strong>instructus,</strong></span> <span class='ocrx_word' id='word_1_804' title='bbox 3631 5245 3697 5283; x_wconf 86' lang='lat' dir='ltr'><strong>ac</strong></span> 
     </span>
    </p>
   </div>
   <div class='ocr_carea' id='block_1_114' title="bbox 2118 5332 3696 5415">
    <p class='ocr_par' dir='ltr' id='par_1_114' title="bbox 2118 5332 3696 5415">
     <span class='ocr_line' id='line_1_114' title="bbox 2118 5332 3696 5415; baseline -0.017 -15"><span class='ocrx_word' id='word_1_805' title='bbox 2118 5353 2371 5415; x_wconf 65' lang='lat' dir='ltr'><strong>praeterea</strong></span> <span class='ocrx_word' id='word_1_806' title='bbox 2436 5340 2633 5410; x_wconf 83' lang='lat' dir='ltr'><strong>ingenti</strong></span> <span class='ocrx_word' id='word_1_807' title='bbox 2701 5345 3003 5403; x_wconf 87' lang='lat' dir='ltr'><strong>tempestate</strong></span> <span class='ocrx_word' id='word_1_808' title='bbox 3074 5332 3329 5401; x_wconf 68' lang='lat' dir='ltr'><strong>undique</strong></span> <span class='ocrx_word' id='word_1_809' title='bbox 3375 5333 3637 5382; x_wconf 77' lang='lat' dir='ltr'><strong>testuante</strong></span> <span class='ocrx_word' id='word_1_810' title='bbox 3679 5366 3696 5387; x_wconf 88' lang='lat'><strong>,</strong></span> 
     </span>
    </p>
   </div>
   <div class='ocr_carea' id='block_1_115' title="bbox 2122 5414 3701 5506">
    <p class='ocr_par' dir='ltr' id='par_1_115' title="bbox 2122 5414 3701 5506">
     <span class='ocr_line' id='line_1_115' title="bbox 2122 5414 3701 5506; baseline -0.016 -15"><span class='ocrx_word' id='word_1_811' title='bbox 2122 5449 2275 5506; x_wconf 88' lang='lat' dir='ltr'><strong>atque</strong></span> <span class='ocrx_word' id='word_1_812' title='bbox 2302 5432 2693 5487; x_wconf 84' lang='lat' dir='ltr'><strong>imminentibus</strong></span> <span class='ocrx_word' id='word_1_813' title='bbox 2721 5428 2974 5483; x_wconf 84' lang='lat' dir='ltr'><strong>Ecclesia:</strong></span> <span class='ocrx_word' id='word_1_814' title='bbox 3011 5426 3270 5488; x_wconf 83' lang='lat' dir='ltr'><strong>hostibus,</strong></span> <span class='ocrx_word' id='word_1_815' title='bbox 3314 5436 3444 5490; x_wconf 88' lang='lat' dir='ltr'><strong>opus</strong></span> <span class='ocrx_word' id='word_1_816' title='bbox 3475 5414 3701 5470; x_wconf 82' lang='lat' dir='ltr'><strong>habebat</strong></span> 
     </span>
    </p>
   </div>
   <div class='ocr_carea' id='block_1_116' title="bbox 2120 5507 3702 5596">
    <p class='ocr_par' dir='ltr' id='par_1_116' title="bbox 2120 5507 3702 5596">
     <span class='ocr_line' id='line_1_116' title="bbox 2120 5507 3702 5596; baseline -0.014 -11"><span class='ocrx_word' id='word_1_817' title='bbox 2120 5529 2351 5594; x_wconf 84' lang='lat' dir='ltr'><strong>homine,</strong></span> <span class='ocrx_word' id='word_1_818' title='bbox 2378 5543 2411 5580; x_wconf 92' lang='lat' dir='ltr'><strong>a</strong></span> <span class='ocrx_word' id='word_1_819' title='bbox 2438 5540 2540 5596; x_wconf 88' lang='lat' dir='ltr'><strong>quo</strong></span> <span class='ocrx_word' id='word_1_820' title='bbox 2566 5522 2703 5579; x_wconf 81' lang='lat' dir='ltr'><strong>velut</strong></span> <span class='ocrx_word' id='word_1_821' title='bbox 2732 5532 2971 5594; x_wconf 84' lang='lat' dir='ltr'><strong>porrecta</strong></span> <span class='ocrx_word' id='word_1_822' title='bbox 3015 5536 3175 5574; x_wconf 86' lang='lat' dir='ltr'><strong>manu</strong></span> <span class='ocrx_word' id='word_1_823' title='bbox 3206 5518 3484 5577; x_wconf 82' lang='lat' dir='ltr'><strong>duceretur</strong></span> <span class='ocrx_word' id='word_1_824' title='bbox 3514 5520 3563 5566; x_wconf 89' lang='lat' dir='ltr'><strong>et</strong></span> <span class='ocrx_word' id='word_1_825' title='bbox 3593 5507 3702 5575; x_wconf 60' lang='lat' dir='ltr'><strong>[illi</strong></span> 
     </span>
    </p>
   </div>
   <div class='ocr_carea' id='block_1_117' title="bbox 2193 5732 2509 5805">
    <p class='ocr_par' dir='ltr' id='par_1_117' title="bbox 2193 5732 2509 5805">
     <span class='ocr_line' id='line_1_117' title="bbox 2193 5732 2509 5805; baseline -0.006 -17"><span class='ocrx_word' id='word_1_826' title='bbox 2193 5735 2263 5805; x_wconf 68' lang='lat' dir='ltr'><strong>(cl</strong></span> <span class='ocrx_word' id='word_1_827' title='bbox 2297 5734 2391 5793; x_wconf 84' lang='lat' dir='ltr'><strong>0r.</strong></span> <span class='ocrx_word' id='word_1_828' title='bbox 2421 5732 2509 5788; x_wconf 77' lang='lat'><strong>20.</strong></span> 
     </span>
    </p>
   </div>
  </div>
