3958 6212
1669 382 1827 437 νιΤΑ
1866 382 1922 436 S.
1967 380 2234 439 BASILII.

3408 403 3543 445 ιιιιῐ

288 507 501 558 riretur.
539 504 618 557 Ac
646 512 929 572 propterea
976 503 1141 572 ipsius
1205 519 1352 572 opem
1408 515 1558 573 atque
1609 505 1867 558 auxilium
1898 508 1945 565 Α
1974 500 2142 556 fuisse
2167 514 2482 571 cognoscas.
2517 498 2653 555 Hinc
2702 500 2912 570 plebem
2963 502 3062 557 sibi
3095 505 3438 561 commissam
3466 510 3546 563 sic

290 596 724 665 amplectebatur,
771 612 934 665 eoque
983 596 1289 651 dominante
1328 597 1556 666 seipsum
1600 598 1869 651 dominari

285 688 580 757 judicabat.

362 779 421 833 II.
456 780 551 833 llis
576 780 765 834 verbis
786 780 875 833 διὰ
902 779 1060 833 τοῦτο
1086 780 1290 851 παρῆν,
1321 781 1515 835 idcirco
1538 782 1741 847 aderat,
1784 782 1868 833 in-

289 873 461 925 dicari
492 872 712 926 videtur
764 872 1003 927 oﬂiciosa
1053 874 1294 940 quazdam
1348 874 1610 927 sedulitas
1659 872 1866 936 Basilii,

288 964 511 1016 domum
548 964 791 1032 episcopi
823 966 904 1019 sui
932 966 1148 1019 assidue
1175 966 1509 1030 ventitantis,
1544 981 1648 1018 non
1692 975 1872 1018 tamen

298 1055 355 1106 in
381 1055 481 1108 bac
511 1055 675 1110 domo
704 1056 864 1110 simul
906 1071 1028 1111 cum
1060 1056 1311 1124 episcopo
1359 1056 1623 1125 degentis.
1660 1054 1872 1110 Revera

294 1145 533 1201 Basilius
582 1148 802 1202 videtur
844 1149 897 1201 in
950 1147 1278 1202 monasterio
1319 1147 1598 1218 presbyter
1647 1148 1870 1202 vixisse.

297 1236 360 1290 ld
394 1238 724 1306 perspicitur
743 1252 809 1291 ex
852 1237 1075 1307 Regalis
1118 1238 1433 1292 monasticis
1461 1239 1537 1307 (p.
1564 1237 1713 1308 245),
1738 1253 1874 1307 qua-
1899 1262 1907 1270 -

298 1338 629 1382 rumanetor
652 1344 775 1383 cum
817 1330 1121 1383 sacerdotio
1164 1329 1524 1382 monasticum
1572 1330 1873 1383 institutum

294 1417 680 1488 conjungebat.
706 1418 783 1489 (a)
806 1419 939 1473 Cum
968 1420 1184 1487 quidam
1208 1420 1259 1472 in
1284 1434 1347 1473 eo
1375 1418 1513 1483 loco,
1540 1418 1630 1472 ubi
1653 1419 1879 1487 degebat

294 1510 551 1574 Basilius,
576 1511 933 1564 monasticam
964 1512 1129 1564 vitam
1176 1511 1428 1579 amplecti
1455 1511 1639 1579 vellet,
1688 1513 1877 1566 maluit

296 1618 421 1657 eum
468 1602 711 1658 Basilius
759 1604 975 1657 mittere
1037 1604 1089 1657 in
1134 1604 1522 1659 monasterium
1556 1645 1571 1670 ,
1630 1606 1772 1673 quod
1824 1606 1877 1659 in

296 1696 474 1753 Ponto
499 1698 838 1752 instituerat.
865 1698 1032 1752 Forte
1068 1700 1119 1752 in
1152 1713 1216 1753 eo
1256 1699 1373 1753 loco
1399 1698 1488 1752 ubi
1520 1699 1748 1768 degebat
1779 1699 1880 1751 Ba-

299 1790 475 1854 silius,
509 1806 618 1846 non
667 1791 882 1860 vigebat
917 1791 1239 1846 cmnobitica
1285 1791 1590 1859 disciplina,
1636 1791 1727 1844 sed
1768 1792 1879 1845 bini

1973 596 2262 663 alloquitur
2295 594 2345 647 in
2398 595 2615 647 bomilia
2672 595 2737 649 de
2764 596 2906 650 fame
2942 607 2995 649 et
3016 597 3281 663 siccitate,
3315 614 3464 653 num.
3490 602 3540 665 l,

1973 702 2095 755 pag.
2147 684 2215 737 6'2
2255 704 2269 740 :
2306 685 2435 739 Filii
2480 686 2609 751 mei,
2654 703 2782 754 quos
2832 704 2923 755 per
2969 688 3306 759 Evangelium
3370 696 3543 761 genui.

1972 776 2110 830 llinc
2159 776 2321 828 etiam
2355 776 2442 829 illa
2488 776 2727 830 clausula
2785 778 2971 831 homil.
3006 779 3041 831 2
3084 782 3138 834 in
3166 780 3399 837 llexaem
3434 801 3450 837 :
3479 785 3548 837 ω

1974 868 2222 945 eluceuLis
2247 868 2302 920 in
2344 870 2617 936 splendore
2643 878 2945 923 sanctorum
2970 873 3127 924 veluti
3161 875 3261 939 sol,
3292 879 3359 927 ad
3382 893 3549 929 meam

1972 958 2134 1025 ipsius
2171 957 2570 1011 exsultationem
2602 961 2656 1012 in
2691 960 2776 1015 die
2803 960 3020 1029 Christi,
3046 966 3129 1016 cui
3169 966 3336 1033 gloria
3364 977 3411 1020 et
3450 969 3551 1020 imp

1975 1050 2176 1114 perium
2204 1050 2258 1101 in
2281 1050 2475 1104 sarcula
2498 1052 2835 1106 stcculorum.
2890 1054 3076 1109 Amen.
3111 1057 3370 1113 Videntur
3402 1060 3547 1113 enim

1977 1139 2162 1194 Basilii
2192 1142 2449 1206 homilia:,
2482 1146 2772 1212 perpaucis
2800 1148 3040 1215 exceptis
3063 1190 3078 1214 ,
3119 1159 3244 1203 ante
3269 1151 3551 1219 episcopa-

1979 1239 2089 1284 tum
2119 1231 2499 1299 pronuntiatte.
2539 1232 2644 1287 Sed
2670 1234 2736 1288 de
2760 1235 2845 1289 his
2871 1236 3011 1292 alius
3047 1239 3151 1292 erit
3199 1240 3413 1293 dicendi
3474 1240 3551 1295 lo-

1978 1338 2094 1375 ους.

2048 1413 2136 1468 ιιι.
2162 1414 2461 1470 Cornmissa
2492 1418 2690 1473 Basilio
2713 1422 3009 1476 auctoritas
3050 1439 3154 1477 non
3198 1423 3355 1478 unius
3382 1423 3552 1477 eccle-

1980 1507 2075 1562 sire
2110 1522 2207 1561 nec
2248 1508 2407 1561 unius
2438 1509 2677 1563 civitatis
2737 1513 2933 1567 ﬁnibus
2991 1514 3409 1578 continebatur;
3457 1514 3551 1569 sed

1981 1616 2101 1655 cum
2129 1600 2481 1655 Caesariensis
2519 1602 2755 1656 Ecclesia
2788 1606 3135 1658 exarcbit-um
3160 1604 3247 1674 jus
3276 1606 3327 1658 in
3374 1606 3554 1675 plures

1978 1693 2287 1762 provincias
2326 1694 2569 1759 haberet,
2596 1706 2655 1749 ut
2683 1694 2820 1749 infra
2854 1696 3175 1762 videbimus,
3207 1698 3429 1752 minime
3456 1698 3557 1750 du-

1982 1783 2127 1837 bium
2164 1795 2245 1839 est
2266 1786 2394 1854 quin
2431 1786 2809 1854 Basilius,qui
2855 1790 2950 1841 etsi
3005 1790 3258 1842 cathedra
3305 1788 3553 1858 inferior,

301 1890 396 1935 aut
412 1882 550 1935 terni
579 1881 833 1935 vivebant
856 1892 1071 1937 ascetar.
1096 1884 1268 1950 Atque
1296 1882 1435 1936 hanc
1458 1882 1688 1951 conjicio
1715 1881 1881 1935 exsti-
1911 1885 1953 1939 Β
1983 1874 2231 1929 Εεείεδὶιε
2252 1876 2526 1944 imperium
2566 1877 2852 1942 obtinebat.
2901 1880 3161 1947 plurimas
3193 1891 3370 1949 partes
3394 1882 3558 1935 susti-

301 1974 435 2027 tisse
469 1988 719 2037 causam,
756 1990 858 2027 cur
912 1975 1056 2029 hunc
1089 1975 1358 2029 hominem
1394 1974 1577 2028 mallet
1613 1975 1666 2028 in
1699 1975 1884 2029 Ponti—

302 2081 422 2119 cum
452 2066 846 2120 monasterium
878 2067 1115 2120 mittere.
1138 2066 1330 2121 Postea
1353 2068 1558 2135 insigne
1580 2067 1882 2121 emnobinm

302 2154 572 2210 Cmsarea:
598 2156 872 2209 exstruxit
911 2155 1145 2211 Basilius
1174 2171 1317 2209 anno
1345 2156 1471 2209 ⁸572.
1518 2155 1622 2209 Sed
1655 2156 1744 2208 vix
1786 2157 1886 2209 du-

307 2247 477 2313 bium,
507 2246 643 2316 quin
674 2255 798 2300 ante
828 2248 1196 2316 episcopatum
1223 2246 1602 2302 cmnobiticam
1632 2247 1797 2301 vitam
1829 2247 1881 2300 in

302 2336 441 2390 hanc
492 2337 690 2390 urbem
744 2336 1127 2389 introduxerit.
1170 2335 1299 2388 Nam
1332 2336 1383 2389 in
1428 2335 1654 2405 epistola
1695 2336 1755 2389 8l
1809 2336 1887 2389 iu-

303 2431 470 2499 signis
494 2444 564 2484 ex
596 2430 749 2483 urbis
793 2428 1135 2500 presbyterio
1177 2431 1431 2483 sacerdos
1466 2430 1518 2482 in
1572 2431 1801 2483 ascetica
1830 2440 1885 2483 et

306 2519 612 2573 continenti
638 2519 749 2571 vita
787 2521 1051 2572 hactenus
1084 2518 1301 2585 vixisse,
1342 2526 1395 2573 et
1425 2533 1489 2572 ex
1543 2519 1727 2574 labore
1771 2536 1887 2573 ma-

304 2627 469 2664 nuum
506 2612 615 2666 sibi
667 2626 790 2665 cum
826 2611 1091 2665 fratribus
1130 2611 1289 2666 simul
1323 2611 1646 2681 degentibus
1680 2614 1883 2667 victum

304 2704 505 2757 dicitur
562 2719 910 2773 comparare.
954 2703 1183 2758 Videtur
1218 2703 1341 2757 huic
1393 2704 1885 2771 mouasterioprw-

305 2793 473 2850 fuisse
511 2795 771 2849 Basilius.
802 2794 941 2850 Hinc
991 2794 1133 2849 illius
1180 2797 1415 2850 studium
1447 2796 1884 2865 excipiendorum

308 2889 587 2952 ltOSpitum
615 2889 806 2943 laudat
836 2888 1168 2956 Gregorius;
1203 2904 1309 2958 quo
1354 2888 1567 2958 quidem
1608 2888 1782 2944 ollicio
1836 2891 1886 2943 in

310 2981 538 3049 privatis
574 2982 785 3035 aedibus
842 2994 897 3037 et
931 2997 1141 3037 summa
1175 2996 1355 3035 rerum
1393 2980 1631 3034 omnium
1684 2982 1886 3050 in0pia,

310 3072 375 3124 ad
409 3088 575 3141 quam
610 3088 670 3128 se
704 3073 881 3127 libens
930 3072 1246 3143 redegerat,
1283 3071 1373 3125 vix
1406 3068 1649 3139 perfungi
1683 3073 1891 3140 potuis-

310 3171 409 3217 set.

380 3254 455 3309 Ex
484 3256 917 3312 Cazsariensibus
946 3257 1190 3313 ecclesiis
1238 3273 1399 3313 unam
1442 3261 1712 3329 praecipue
1739 3258 1891 3313 Basi-

313 3349 381 3401 lio
420 3350 486 3402 ad
526 3349 827 3418 regendum
860 3350 1209 3404 commissam
1236 3350 1405 3404 fuisse
1438 3352 1795 3420 perspicimus
1826 3364 1893 3403 ex

320 3438 538 3493 bomilia
570 3440 624 3493 in
686 3440 951 3509 psalmum
1002 3458 1126 3497 cxrv
1187 3442 1260 3510 (p.
1299 3442 1442 3509 l99).
1475 3441 1640 3507 Nam,
1676 3456 1794 3495 cum
1838 3440 1892 3494 in

314 3532 544 3598 quodam
608 3544 909 3603 martyrum
973 3534 1173 3602 templo
1199 3536 1426 3604 populus
1464 3550 1493 3589 a
1524 3536 1699 3590 media
1736 3544 1895 3589 nocte

314 3639 485 3692 usque
509 3624 576 3677 ad
624 3626 905 3678 meridiem
945 3624 1201 3680 Basilium
1251 3636 1574 3697 exspectans
1607 3628 1897 3696 perduras-

315 3727 416 3783 set,
466 3717 559 3770 ubi
599 3718 818 3771 advenit
845 3718 1097 3781 Basilius,
1117 3718 1218 3772 hac
1250 3735 1378 3772 usus
1408 3728 1489 3773 est
1524 3718 1894 3783 excusatione,

314 3822 411 3861 cur
438 3824 559 3862 sero
583 3810 839 3873 venisset,
870 3811 1009 3879 quod
1045 3811 1208 3865 aliam
1243 3811 1527 3867 ecclesiam
1575 3811 1779 3866 honore
1803 3827 1897 3880 pa-

323 3917 434 3954 rem
461 3901 880 3965 administrans,
927 3904 1028 3957 diei
1078 3913 1289 3972 tempus
1324 3904 1374 3955 in
1419 3902 1631 3971 liturgia
1664 3902 1734 3956 ibi
1761 3903 1897 3956 cele-

318 3993 523 4046 branda
576 3994 979 4062 insumpsisset.
1040 3995 1186 4049 Illius
1257 3996 1420 4047 verba
1491 3994 1896 4064 perspicuitatis

320 4098 479 4138 causa
507 4084 764 4139 referam.
802 4084 954 4150 Quod
992 4088 1037 4138 si
1068 4097 1113 4139 et
1142 4087 1271 4139 mihi
1301 4087 1418 4155 ipsi,
1443 4086 1634 4151 inquit,
1674 4086 1898 4139 redden~

321 4180 387 4232 da
419 4182 559 4233 ratio
600 4197 695 4233 cur
744 4192 980 4234 moratus
1026 4183 1147 4245 sint,
1178 4192 1224 4234 et
1264 4182 1448 4249 perdiu
1475 4199 1505 4233 α
1538 4180 1680 4234 robls
1715 4182 1899 4248 abfue—

323 4271 438 4334 rim,
461 4272 517 4324 id
544 4288 717 4325 causa:
748 4273 988 4339 afferam,
1010 4273 1147 4342 quod
1180 4290 1295 4325 cum
1343 4273 1504 4324 aliam
1530 4272 1652 4324 huic
1703 4272 1898 4325 honore

320 4380 499 4430 parem
532 4364 917 4417 ecclesiamDei
950 4366 1309 4417 administrent
1334 4405 1347 4427 ,
1378 4380 1476 4416 non
1506 4379 1662 4432 parvo
1694 4381 1723 4416 a
1756 4363 1896 4416 vobis

322 4458 645 4526 disjunctam
674 4457 971 4519 intervallo,
1002 4458 1098 4510 hoc
1124 4459 1229 4510 diei
1267 4468 1465 4523 tempus
1505 4457 1894 4523 insumpserim.

1917 3225 1959 3283 C

1984 1966 2165 2019 nuerit
2213 1982 2397 2021 earum
2451 1983 2791 2037 rerum,qu:e
2849 1980 2976 2024 tunc
3018 1972 3069 2025 in
3102 1972 3208 2027 itlis
3247 1973 3560 2041 regionibus

1986 2056 2053 2109 ad
2083 2057 2204 2111 fidei
2255 2059 2617 2113 defensionem
2653 2070 2707 2113 et
2742 2059 3092 2115 ecclesiarqu
3129 2063 3557 2131 pacificationem

1984 2159 2148 2218 gesta:
2204 2148 2443 2204 fuerunt.
2478 2150 2533 2204 Id
2584 2161 2763 2207 autem
2814 2152 3119 2222 colligimus
3147 2171 3253 2209 non
3292 2161 3463 2210 solum
3490 2171 3561 2210 ex

1986 2239 2234 2309 Gregorii
2264 2242 2600 2309 testimonio,
2629 2245 2720 2313 qui
2757 2253 2964 2297 tantam
3016 2245 3213 2300 Basilio
3265 2249 3561 2303 auctorita-

1986 2340 2091 2386 tem
2126 2335 2192 2385 ab
2216 2332 2448 2389 Eusebio
2478 2349 2789 2389 concessam
2828 2335 2996 2390 fuisse
3040 2346 3247 2402 narrat,
3276 2338 3369 2391 sed
3395 2338 3558 2391 etiam

1984 2439 2049 2478 ex
2087 2424 2329 2492 pluribus
2360 2424 2543 2481 Basilii
2598 2428 2863 2496 epistolis,
2915 2445 3049 2497 quas
3091 2432 3369 2501 presbyter
3417 2433 3561 2487 scri—

1985 2516 2111 2584 psit.
2148 2517 2413 2571 Discimus
2448 2532 2511 2571 ex
2535 2521 2694 2586 epist.
2720 2520 2808 2584 28,
2848 2538 2899 2572 n.
2934 2522 2985 2583 5,
3014 2522 3314 2577 Musonium
3351 2525 3563 2593 cpisco-

1986 2622 2110 2675 pum
2143 2607 2633 2663 Neocarsariensem
2660 2626 2783 2665 cum
2814 2611 3010 2667 Basilio
3036 2614 3101 2667 ad
3142 2630 3327 2683 pacem
3370 2615 3560 2671 Eccle-

1987 2700 2191 2753 siarum
2245 2715 2573 2755 concurrere
2628 2714 2847 2771 propter
2916 2708 3178 2774 quasdam
3242 2709 3564 2779 anticipatas

1987 2792 2269 2860 opiniones
2298 2793 2530 2848 noluisse
2556 2834 2570 2859 ,
2600 2796 2692 2849 sed
2743 2806 2920 2851 tamen
2960 2797 3214 2853 Basilium
3252 2801 3390 2855 idem
3420 2818 3564 2856 sem-

1988 2898 2083 2952 per
2116 2899 2235 2937 cum
2272 2886 2388 2952 ipso
2435 2888 2725 2953 sentiendi,
2763 2888 3013 2958 illiusque
3066 2890 3133 2943 ad
3174 2894 3563 2961 oppugnandos

1990 2976 2271 3032 haereticos
2300 2981 2597 3034 advocandi
2648 2980 2853 3036 nullum
2918 2993 3131 3055 tempus
3180 2985 3560 3041 intermisisse.

1991 3066 2214 3122 Videtur
2264 3071 2598 3125 Athanasius
2646 3074 2966 3142 Ancyrauus
3016 3092 3136 3130 cum
3181 3075 3381 3133 Basilio
3430 3092 3565 3131 con-

1987 3157 2229 3227 iunctior
2258 3160 2428 3216 fuisse
2457 3163 2509 3216 in
2550 3163 2653 3218 hoc
2688 3165 2916 3220 consilio
2961 3167 3416 3236 pacificandarum
3463 3168 3566 3221 Ec-

1994 3251 2303 3308 clesiarum.
2344 3254 2475 3309 Nam
2509 3270 2630 3310 cum
2676 3258 2722 3311 is
2768 3258 2953 3313 eodem
3012 3269 3250 3329 tempore
3279 3275 3342 3315 ac
3385 3259 3567 3313 Musc-

1991 3343 2114 3396 nius
2148 3352 2377 3397 mortem
2416 3345 2658 3410 obiisset,
2690 3346 2768 3400 sic
2797 3348 3126 3402 desiderium
3166 3365 3321 3403 suum
3347 3350 3566 3420 {signiti-

1993 3443 2080 3489 cat
2117 3433 2345 3489 Basilius
2371 3435 2444 3505 (b)
2469 3455 2481 3489 :
2511 3437 2732 3491 Cuinam
2760 3439 3000 3509 deinceps
3027 3441 3361 3494 ecclesiarum
3378 3456 3566 3494 curant

1992 3526 2279 3593 deferemus
2302 3528 2328 3580 .’
2353 3527 2518 3589 Quem
2542 3529 2889 3597 adjungemus
2924 3531 3277 3583 molestiarum
3314 3533 3511 3585 socium
3541 3531 3567 3583 Ρ

1996 3616 2160 3681 Quem
2186 3617 2388 3672 la'titia:
2407 3620 2758 3688 participem?
2784 3622 3036 3690 Deplorat
3070 3624 3122 3677 in
3148 3624 3371 3693 epistola
3403 3623 3471 3678 50
3495 3626 3563 3677 ad

1995 3705 2285 3761 Eusebium
2318 3708 2753 3763 Samosatensem
2799 3712 3005 3766 tristem
3039 3712 3404 3767 Ecclesiarum
3454 3724 3567 3767 sta-

1985 3790 2129 3855 tum.
2160 3799 2331 3867 Luget
2382 3800 2435 3854 in
2471 3816 2555 3870 ep.
2582 3801 2649 3855 54
2672 3805 2737 3855 ad
2776 3804 3043 3867 eutndem,
3071 3804 3344 3874 delapsam
3378 3807 3429 3858 in
3464 3806 3569 3859 bre-

1996 3890 2289 3945 reticorum
2327 3906 2517 3945 manus
2560 3890 2880 3946 Tarsensem
2946 3894 3272 3957 Ecclesiamt,
3306 3897 3428 3949 dum
3458 3898 3572 3963 epi-

1997 3985 2144 4052 sc0pi
2183 3992 2464 4038 morantur
2489 4000 2550 4038 ac
2605 3984 2927 4050 deliberant,
2971 4001 3136 4057 seque
3165 3997 3351 4043 nmtuo
3404 3990 3573 4059 respi-

1998 4078 2165 4131 ciunt.

2071 4166 2157 4220 IV.
2188 4167 2444 4233 Quaenam
2490 4178 2668 4222 autem
2705 4169 2792 4222 illa
2834 4170 3143 4225 exstiterint
3190 4172 3562 4228 ecclesiastica

1999 4261 2244 4331 negotia,
2278 4261 2330 4314 in
2367 4261 2564 4327 quibus
2604 4262 2857 4331 gerendis
2902 4263 3063 4318 studii
3094 4278 3157 4318 ac
3188 4264 3575 4318 sollicitudinis

1998 4352 2181 4407 Basilii
2213 4353 2349 4407 bona
2379 4368 2503 4421 pars
2530 4354 2785 4417 accessit,
2814 4356 3003 4422 paucis
3032 4356 3428 4425 exponendum.
3455 4354 3573 4409 Jam

2002 4446 2243 4500 diximus
2274 4446 2540 4515 plurimos
2566 4448 2616 4499 in
2652 4447 2877 4501 Oriente
2908 4448 3241 4502 orthodoxos
3268 4449 3575 4516 episcopos,

326 4547 588 4612 Quoniam
636 4550 798 4618 igua,-
831 4551 971 4602 άεάῑι
1022 4549 1167 4603 nobis
1224 4548 1480 4602 Dominus
1528 4561 1574 4602 ει
1624 4549 1894 4617 [imrgiam
1930 4587 1973 4641 Β
2007 4538 2096 4590 ubi
2129 4537 2381 4590 viderunt
2412 4539 2646 4591 Arianos
2674 4539 2723 4591 in
2761 4550 3001 4605 apertam
3036 4540 3363 4605 impietatem
3390 4555 3575 4591 erum-

325 4644 427 4695 illis
458 4642 769 4710 adimplere,
799 4660 889 4695 nec
934 4655 1116 4696 vestra:
1144 4643 1319 4695 deesse
1358 4642 1642 4705 charitati;
1695 4642 1895 4709 gratias

324 4748 521 4784 mecum
550 4735 690 4801 agite
727 4733 968 4801 largitori
1006 4733 1255 4799 beneﬁce,
1279 4732 1366 4797 qui
1404 4732 1537 4783 hanc
1566 4746 1722 4799 quam
1760 4730 1899 4782 ride-

327 4824 644 4889 tiscorporis
678 4826 844 4876 nostri
897 4824 1216 4877 debilitatem
1242 4823 1493 4877 invisibili
1524 4840 1620 4876 sua
1663 4822 1898 4889 potentia

326 4914 561 4967 deduxit.
592 4913 891 4982 Episcopus
925 4915 976 4967 in
1006 4916 1181 4983 aliqua
1238 4913 1488 4969 diwcesis
1519 4928 1628 4967 sua:
1667 4911 1897 4965 ecclesia

327 5006 645 5060 concionem
700 5006 925 5069 habens,
975 5022 1313 5075 nequaquam
1376 5004 1619 5073 profecto
1682 5002 1897 5063 dixerit,

328 5098 483 5151 aliam
531 5113 560 5150 a
603 5112 663 5151 se
717 5096 923 5150 honore
955 5112 1137 5164 parem
1193 5095 1558 5149 administrari
1591 5094 1897 5148 ecclesiam.

329 5192 448 5247 llaec
486 5192 585 5247 soli
614 5198 923 5258 congruunt
972 5192 1307 5260 presbytero.
1347 5188 1479 5241 Cum
1533 5202 1660 5254 ergo
1715 5185 1903 5238 alIixus

328 5292 467 5337 esset
498 5282 589 5335 uni
646 5280 890 5335 ecclesia":
924 5280 1363 5333 administranda:
1390 5278 1637 5339 Basilms,
1684 5278 1903 5329 minime

328 5376 542 5437 mirqu,
561 5374 679 5425 siin
709 5371 823 5437 ejus
858 5370 1113 5434 hontiliis,
1141 5382 1335 5438 praeter
1357 5385 1498 5433 eam,
1524 5385 1643 5437 qua:
1662 5368 1900 5423 omnium

329 5465 495 5531 prima
557 5465 610 5519 in
688 5465 1015 5531 principium
1071 5461 1485 5517 Proverbiorum
1559 5460 1901 5529 pronuntiata

328 5566 428 5621 est,
464 5558 600 5612 nihil
634 5572 866 5627 prorsus
928 5555 1186 5621 occurrit,
1215 5570 1281 5611 ex
1328 5568 1433 5623 quo
1456 5551 1764 5623 cpiscopqu
1808 5552 1901 5605 ad-

400 5699 472 5766 {z}
496 5697 587 5765 Ep.
624 5696 717 5751 ΕΖ».

407 5837 431 5868 δ

2008 4643 2155 4695 pere,
2190 4630 2256 4681 ab
2287 4644 2472 4682 eorum
2525 4630 2932 4693 communione,
2982 4644 3141 4697 quam
3192 4630 3453 4683 hactenus
3507 4630 3577 4684 ob

2008 4721 2232 4775 ha-resis
2255 4722 2472 4790 perﬁda:
2508 4722 2997 4775 dissimulationem
3033 4735 3137 4775 non
3173 4722 3442 4790 fugerant,
3478 4738 3574 4792 pe-

2008 4815 2506 4869 nitus-recessisse.
2546 4815 2608 4869 lli
2644 4816 2784 4883 apud
2823 4813 2880 4867 S.
2915 4813 3276 4882 Epiphaniam
3318 4826 3582 4869 vocantur

2009 4905 2356 4971 Semiariani,
2390 4910 2531 4976 apud
2567 4910 2845 4961 Socratem
2878 4915 2932 4959 et
2990 4904 3350 4959 Sozomenum
3400 4906 3579 4960 Mace-

2007 4999 2253 5061 duniani,
2292 4999 2492 5068 iniquis
2542 5013 2764 5067 prorsus
2814 4996 3140 5051 nominibus.
3188 4998 3388 5052 Bellum
3426 4998 3578 5051 Aria-

2009 5092 2449 5145 nisacerrimum
2489 5092 2801 5144 indixerunt
2836 5105 2977 5145 anno
3012 5090 3136 5155 558,
3180 5106 3243 5144 ac
3268 5100 3377 5143 tum
3410 5091 3580 5159 gratia

2006 5194 2062 5236 et
2101 5185 2425 5238 auctoritate
2482 5184 2621 5252 apud
2678 5183 3054 5239 Constantium
3112 5184 3433 5237 ﬂoruerunt.
3476 5183 3580 5237 Se-l

2010 5276 2201 5328 Ariani
2228 5290 2370 5328 anno
2404 5275 2507 5329 ’560
2546 5285 2784 5330 retracto
2827 5280 2892 5339 ad
2935 5276 3357 5345 seimperatoris
3403 5276 3584 5328 animo

2016 5380 2205 5432 pmnas
2234 5370 2301 5419 ab
2328 5368 2408 5419 eis
2447 5367 2780 5435 repetiernnt
2809 5368 3046 5422 defensa:
3073 5368 3336 5432 veritatis,
3370 5382 3431 5419 ac
3462 5366 3584 5434 plu-

2014 5458 2181 5510 rimos
2225 5458 2541 5525 deposuere.
2595 5457 2827 5513 Rediere
2857 5460 3102 5528 plerique
3134 5459 3232 5511 sub
3266 5456 3497 5519 Juliano,
3530 5462 3586 5510 et

2012 5564 2268 5617 magnum
2314 5550 2439 5604 fidei
2484 5551 2719 5605 studium
2756 5552 3117 5606 declararunt.
3145 5550 3279 5604 Cum
3323 5546 3587 5619 ejusmodi

2086 5688 2156 5758 (b)
2191 5686 2288 5756 Ep.
2314 5688 2401 5745 29.
