3958 6212
418 368 544 410 XLIV

1788 344 2324 402 PROLEGOMENA.

418 470 690 544 episcopis
728 469 1006 538 coniuncti
1036 476 1196 525 erant
1221 466 1669 539 prastantissimi
1702 466 1807 523 viri
1834 466 2001 523 Mele-
2026 473 2074 530 Α
2105 468 2257 523 noris
2283 465 2569 536 episcopos
2588 466 2848 523 habuisse
2888 465 3094 521 homini
3134 479 3240 525 non
3271 465 3373 522 alia
3404 481 3567 536 quam
3603 464 3687 522 le—

420 567 547 628 tius,
595 562 861 617 Eusebius
913 559 1334 626 Samosatensis,
1384 560 1622 618 Basilius
1669 568 1726 615 et
1775 558 1991 630 plurimi

419 654 510 707 alii
537 653 784 709 doctrina
812 662 868 707 et
894 652 1188 707 sanctitate
1215 651 1585 707 celeberrimi.

489 743 752 811 Quamvis
788 752 970 798 autem
1024 758 1224 809 magno
1258 742 1517 797 Ecclesia
1547 741 1831 798 commodo
1870 756 1997 797 eve-

421 837 585 900 nerit,
615 845 670 889 ut
705 833 772 889 ab
800 834 1019 889 Arianis
1066 835 1359 904 ogthodoxi
1406 834 1741 897 secederent,
1774 849 1878 888 non
1914 834 1997 887 id-

421 926 570 980 circo
601 935 778 981 tamen
824 942 930 995 pax
986 927 1264 992 restituta,
1311 927 1405 982 sed
1461 926 1893 981 dissensionibus
1941 936 1998 981 et

418 1020 655 1089 partium
684 1019 881 1074 studiis
912 1021 1109 1075 referta
1142 1021 1329 1075 omnia
1379 1019 1625 1083 fuerunt,
1658 1019 1731 1073 ita
1767 1027 1823 1072 ut
1858 1019 1995 1074 alius

420 1109 558 1165 alios
602 1110 1093 1165 communicatores
1128 1108 1378 1173 haberet,
1416 1119 1511 1162 aut
1558 1124 1586 1161 a
1630 1123 1725 1162 sua
1753 1094 1997 1161 commu-

421 1201 583 1258 nione
608 1211 933 1257 removeret.
949 1200 1395 1257 Communicabat
1423 1200 1651 1254 Basilius
1673 1214 1797 1254 cum
1824 1200 1991 1253 Atha-

423 1294 610 1358 nasio;
651 1294 745 1347 sed
781 1308 1123 1361 nequaquam
1151 1292 1479 1347 Athanasius
1524 1307 1646 1346 cum
1692 1290 1903 1346 Meletin
1939 1298 1996 1345 et

420 1384 660 1439 Eusebio
689 1381 1083 1449 Samosatensi,
1118 1383 1325 1437 inlimis
1378 1380 1563 1435 Basilii
1619 1381 1829 1436 amicis.
1872 1379 1995 1434 Fla-

426 1475 618 1546 grabat
650 1475 967 1531 Eustathius
997 1475 1319 1545 iustissimis
1347 1473 1637 1528 Arianismi
1672 1472 1996 1540 suspicioni-

402 1569 561 1634 .bus;
596 1566 862 1631 Basilius,
889 1569 978 1637 qui
1017 1568 1160 1622 illius
1195 1568 1432 1621 animum
1458 1582 1523 1621 ex
1562 1582 1661 1622 suo
1692 1567 1990 1636 spectabat,

425 1657 594 1711 multa
642 1657 787 1713 illius
820 1674 984 1713 causa
1023 1659 1159 1714 bella
1195 1658 1470 1713 sustinuit.
1513 1657 1662 1712 Multi
1705 1658 1796 1713 alii
1834 1658 1992 1713 ﬁdem

396 1748 782 1805 ’defendcbant
808 1766 913 1805 non
949 1751 1239 1814 insincera,
1280 1758 1338 1804 ut
1369 1746 1712 1815 Eustathius,
1747 1752 1931 1806 animo
1974 1767 1987 1803 :

2099 560 2271 615 ctoris
2305 559 2568 638 dignitate
2602 568 2813 615 ornato.
2861 558 2994 612 Nam
3041 575 3185 629 sape
3228 560 3362 614 alias
3412 559 3679 624 Basilius,

2098 660 2159 705 ut
2175 649 2642 720 Constantinopoli
2663 652 2941 716 ann0559,
2963 650 3146 705 utilem
3167 651 3433 720 episc0pis
3447 666 3671 720 operam

2098 750 2421 806 navaverat,
2453 756 2516 796 ac
2539 742 2849 810 nuperrime
2876 756 3092 796 causam
3116 740 3370 796 Ecclesia
3406 741 3674 794 adversus

2097 832 2420 886 Eunomium
2454 832 2921 903 praestantissimis
2945 833 3164 901 scriptis
3190 831 3525 886 defenderat.

2166 923 2464 978 Concilium
2500 923 2935 994 Lampsacenum
2967 925 3257 980 subsecuta
3302 933 3385 979 est
3413 939 3675 994 persecu-
3732 908 3743 915 ’

2098 1013 2192 1078 ιίο,
2223 1016 2274 1068 in
2305 1029 2410 1084 qua
2446 1016 2662 1085 quidem
2695 1017 2808 1085 iam
2857 1016 3095 1070 vidimus
3120 1014 3255 1085 quid
3304 1016 3371 1070 de
3425 1015 3673 1070 Ecclesia

2099 1103 2334 1162 Basilius
2358 1108 2621 1162 meruerit
2649 1124 2789 1163 anno
2812 1108 2942 1171 365,
2973 1124 3095 1163 cum
3128 1107 3390 1177 Valentis,
3415 1108 3509 1179 qui
3546 1108 3674 1178 plu-

2107 1197 2259 1251 ribus
2288 1198 2401 1267 iam
2440 1200 2665 1254 vastatis
2722 1199 2968 1255 ccclesiis
3026 1200 3415 1255 Casariensem
3464 1215 3563 1270 spe
3617 1210 3677 1254 et

2054 1302 2067 1307 ”
2096 1287 2354 1341 aviditate
2380 1290 2691 1353 devorabat,
2721 1290 2902 1345 irritos
2926 1290 3259 1360 iul’ectosque
3286 1299 3510 1345 conatus
3546 1292 3684 1345 red-

2095 1378 2248 1433 didit.
2277 1377 2481 1434 Prater
2515 1380 2655 1436 hanc
2697 1382 3001 1446 victoriam,
3037 1396 3157 1449 qua
3201 1380 3405 1436 fractos
3454 1382 3676 1436 animos

2095 1470 2437 1526 eXsuscitare
2464 1472 2671 1538 debuit,
2705 1483 2950 1528 exortum
2982 1473 3139 1528 civile
3172 1473 3368 1528 bellum
3399 1474 3677 1542 episcopis

2095 1564 2304 1634 copiam
2355 1562 2505 1619 dedit
2532 1563 2600 1618 de
2628 1563 2790 1619 rebus
2820 1565 3208 1620 ecclesiasticis
3243 1566 3385 1621 inter
3422 1581 3484 1621 se
3526 1566 3675 1620 deli-

2096 1656 2346 1714 berandi.
2377 1655 2495 1713 Non
2531 1656 2674 1712 enim
2706 1660 2965 1726 perducta
2997 1660 3065 1713 ad
3097 1659 3302 1713 exitum
3331 1657 3546 1712 fuerant
3573 1659 3673 1712 dei-

2098 1759 2249 1806 creta
2282 1750 2664 1820 Lampsacena
2689 1750 2915 1820 synodi;
2947 1750 3135 1805 eadem
3184 1766 3399 1821 semper
3431 1760 3553 1805 erat
3581 1765 3675 1805 re-

418 1840 514 1895 sed
548 1849 726 1905 tamen
758 1841 1005 1910 pluribus
1040 1835 1277 1911 shspccti
1311 1852 1489 1899 erant.
1521 1843 1661 1899 Hinc
1717 1842 1828 1900 illa
1875 1844 1993 1914 cpi-
2023 1819 2066 1874 Β
2097 1858 2212 1895 rum
2236 1819 2615 1912 perturbatio;
2647 1819 2884 1910 episcopi
2928 1841 3021 1910 qui
3065 1842 3133 1896 ab
3162 1819 3383 1895 Arianis
3423 1856 3676 1896 recesse-

417 1928 613 1984 niones
657 1930 983 2001 anticipata,
1022 1930 1221 2001 quibus
1268 1945 1327 1986 se
1366 1931 1646 1989 Musonius
1707 1931 1990 1987 Neocaesa-

416 2022 615 2078 riensis
644 2022 875 2078 detineri
910 2021 1205 2090 fatebatur,
1265 2025 1560 2093 quominus
1617 2025 1873 2080 Basilium
1934 2026 1987 2078 in

417 2114 772 2186 paciﬁcandis
795 2116 1057 2173 Ecclesiis
1076 2116 1312 2185 iuvaret.
1338 2116 1624 2186 Permagni
1662 2132 1793 2187 ergo
1824 2117 1994 2174 inter-

414 2214 533 2260 erat
573 2213 628 2261 et
674 2206 740 2259 ad
771 2205 929 2261 (idem
958 2216 1011 2261 et
1037 2208 1102 2261 ad
1129 2207 1388 2261 unitatem
1421 2206 1695 2272 Ecclesia,
1718 2216 1776 2260 ut
1805 2207 1992 2261 ortho-

415 2291 543 2348 doxi
570 2308 762 2350 omnes
792 2296 1015 2351 remotis
1060 2296 1458 2364 suspicionibus
1489 2312 1555 2352 ac
1602 2312 1710 2351 una
1763 2311 1990 2366 prorsus

416 2384 655 2439 stabilita
714 2386 1096 2445 communione
1128 2387 1274 2442 vires
1319 2402 1447 2442 suas
1501 2386 1555 2441 in
1611 2389 1989 2457 oppugnandis

414 2474 691 2530 hareticis
739 2474 1151 2545 coniungerent.
1202 2475 1261 2531 In
1308 2477 1412 2534 hoc
1445 2478 1783 2548 perficiendo
1828 2493 1991 2548 opere

412 2564 643 2620 Basilius
669 2580 772 2622 nec
802 2567 1110 2638 presbyter,
1134 2582 1234 2623 nec
1272 2570 1560 2638 episcopus
1588 2570 1869 2625 elaborare
1898 2572 1993 2627 de-

410 2657 569 2712 stitit.
625 2656 732 2714 Sed
788 2672 912 2715 eum
966 2658 1033 2714 ad
1070 2667 1283 2729 optatos
1334 2661 1513 2716 exitus
1568 2662 1825 2717 eximium
1888 2663 1990 2718 hoc

408 2747 698 2805 consilium
751 2749 1051 2819 perducere
1101 2765 1248 2822 mors
1281 2750 1579 2820 prohibuit.
1609 2754 1681 2806 At
1712 2753 1861 2821 operi
1897 2767 1990 2807 co-

409 2840 656 2896 ronidem
700 2841 962 2910 imposuit
986 2844 1227 2911 synodus
1265 2843 1604 2897 acumenica
1638 2843 1896 2909 secunda,
1933 2843 1987 2897 in

408 2947 515 3001 qua
569 2932 751 2987 Basilii
800 2934 965 2988 amici
1018 2933 1309 3003 plurimum
1355 2943 1672 3001 potuerunt.
1722 2933 1798 2988 lbi
1840 2935 1986 2989 enim

402 3022 702 3082 constituta
746 3033 875 3077 sunt
891 3023 1136 3092 quadam
1159 3022 1322 3077 veluti
1347 3033 1533 3077 centra
1562 3024 1987 3089 communionis,

413 3125 478 3164 ac
508 3111 892 3178 spectatissimi
923 3111 1128 3180 quique
1159 3112 1212 3165 in
1253 3112 1483 3179 singulis
1512 3112 1803 3179 provinciis
1830 3113 1983 3168 electi

411 3214 542 3258 sunt
590 3203 856 3273 episcopi,
888 3203 1213 3273 quibuscum
1267 3205 1579 3274 quicunque
1616 3207 1988 3260 communica-

406 3303 555 3359 rent,
597 3308 691 3349 eos
721 3308 821 3365 pro
852 3294 1141 3351 catholicis
1174 3295 1362 3350 haberi
1395 3296 1631 3366 synodus
1653 3296 1857 3362 voluit;
1897 3313 1991 3353 se-

408 3400 528 3450 cus,
564 3384 610 3440 si
651 3385 865 3441 illorum
910 3395 1164 3441 carerent
1201 3390 1607 3442 communione.
1649 3387 1852 3458 Synodi
1890 3391 1987 3445 de-

407 3485 619 3531 cretum
645 3478 970 3533 auctoritate
1000 3492 1095 3532 sua
1137 3477 1483 3533 confirmavit
1511 3478 1872 3545 Theodosius,
1927 3491 1987 3537 ut

405 3575 557 3636 patet
575 3581 640 3621 ex
673 3567 1023 3622 celeberrima
1048 3568 1189 3623 illius
1210 3568 1347 3639 lege,
1370 3569 1461 3623 lib.
1487 3586 1574 3624 xvt
1599 3570 1982 3639 Cod.Theod.,

408 3654 496 3707 tit.
531 3654 589 3708 1.
620 3653 849 3726 Magnus
877 3670 1010 3711 sane
1038 3656 1193 3713 dolor
1226 3659 1438 3713 exstitit
1468 3659 1695 3727 Basilio,
1725 3664 1869 3731 quod
1901 3663 1982 3717 la-

404 3744 598 3800 borum
638 3761 866 3802 suorum
905 3747 1142 3803 fructum
1175 3765 1281 3807 non
1312 3751 1505 3806 viderit
1537 3771 1550 3806 :
1593 3755 1686 3808 sed
1719 3755 1863 3809 illius
1887 3772 1984 3809 no-

408 3838 543 3893 mini
577 3838 850 3910 rebusque
894 3842 1061 3909 gestis
1091 3858 1346 3911 magnum
1380 3844 1510 3897 tuibi
1549 3847 1765 3899 videtur
1814 3847 1983 3901 decus

406 3926 681 3984 addidisse
713 3930 953 4000 synodus
1008 3930 1629 3999 ConStantinopolitana,
1685 3934 1810 3987 dum
1865 3933 1985 4003 eius

404 4018 636 4087 vestigia
669 4022 892 4089 premit,
923 4032 979 4075 et
1005 4021 1313 4079 inchoatam
1339 4024 1409 4077 ab
1439 4038 1502 4077 eo
1533 4023 1690 4077 telam
1724 4026 1979 4093 pertexit.

476 4104 545 4161 ν.
582 4107 799 4163 Initium
855 4125 1178 4180 magnarum
1232 4127 1418 4166 rerum
1477 4113 1686 4169 exstitit
1741 4115 1985 4184 synodus

403 4197 799 4269 Lampsaceua,
823 4200 979 4268 cujus
1026 4203 1391 4258 convocanda
1431 4203 1704 4260 licentiam
1743 4205 1822 4277 (a)
1853 4222 1984 4262 con-

405 4287 570 4343 cessit
601 4286 1034 4355 Valentinianus,
1066 4296 1195 4345 dum
1230 4293 1407 4348 adhuc
1442 4294 1493 4348 in
1535 4294 1830 4351 Occidente
1864 4313 1982 4353 mo—

405 4381 648 4436 rabatur.
683 4381 740 4435 ln
771 4382 872 4438 hoc
899 4384 1130 4439 concilio
1160 4400 1257 4455 per
1279 4386 1414 4442 duos
1447 4402 1665 4444 menses
1711 4389 1981 4445 delibera-

2094 1939 2238 1996 rant,
2266 1931 2465 1988 bellum
2499 1929 2827 1999 inexpiabile
2882 1930 3155 1985 habebant
3195 1945 3317 1985 cum
3360 1932 3671 1994 Anommis,

2093 2039 2193 2077 nec
2224 2033 2404 2077 tamen
2441 2022 2749 2079 Occidentis
2773 2032 2827 2078 et
2856 2021 3075 2093 Egypti
3104 2023 3541 2077 communionem
3569 2021 3675 2076 ha-

2092 2113 2316 2179 bebant,
2353 2124 2447 2169 aut
2479 2114 2671 2169 saltem
2709 2129 2816 2168 non
2843 2128 2941 2182 per
2973 2129 3033 2168 se
3061 2114 3184 2181 ipsi,
3216 2116 3309 2168 sed
3340 2129 3434 2184 per
3460 2114 3676 2170 medios

2091 2208 2349 2277 quosdam
2377 2208 2861 2262 communieatores
2903 2208 3209 2262 habebant:
3242 2217 3506 2278 praterea
3529 2207 3673 2261 mul-

2092 2310 2269 2354 torum
2302 2298 2487 2368 lapsus
2515 2299 2569 2352 in
2613 2299 2993 2367 persecutione
3048 2313 3246 2353 novum
3285 2298 3482 2356 vulnus
3528 2298 3678 2354 lece-

2090 2398 2198 2446 rat.
2247 2391 2432 2459 Itaque
2483 2390 2631 2443 varia
2660 2391 2886 2445 concilia
2922 2392 3195 2461 Smyrna,
3216 2399 3270 2445 et
3310 2391 3363 2445 iu
3396 2389 3675 2461 Pamphy-

2099 2480 2196 2547 lia,
2226 2480 2429 2536 Isauria
2480 2495 2544 2534 ac
2594 2479 2756 2551 Lycia
2806 2482 3073 2536 celebrata
3127 2492 3252 2537 sunt
3301 2481 3396 2553 (c),
3434 2496 3670 2551 quorum

2091 2571 2311 2626 nomine
2336 2581 2445 2627 tres
2477 2570 2639 2639 legati
2668 2571 2724 2624 in
2756 2569 3104 2626 Occidentem
3132 2586 3254 2625 cum
3279 2570 3477 2626 litteris
3491 2571 3672 2635 missi,

2091 2663 2410 2719 Eustathius
2435 2662 2788 2726 Sehasteuus,
2821 2661 3076 2717 Silvanus
3108 2660 3394 2717 Tarsensis
3417 2671 3474 2716 et
3497 2660 3674 2716 Theo-

2090 2758 2272 2827 philus
2303 2755 2764 2811 Castabalitanus.
2800 2751 2897 2807 His
2927 2754 3110 2809 datum
3170 2753 3223 2806 in
3282 2750 3575 2817 mandatis,
3608 2762 3673 2805 ut

2091 2849 2215 2904 fidei
2247 2847 2479 2903 Nicana
2502 2846 2936 2909 subscriberent,
2964 2855 3018 2900 et
3036 2844 3243 2900 litteras
3272 2842 3678 2899 communionis

2090 2955 2120 2994 a
2154 2940 2372 2995 Liberio
2413 2941 2799 3006 impetrarent.
2841 2936 3049 2992 Prater
3091 2936 3398 2991 communia
3448 2935 3667 3006 neg0tia

2090 3032 2349 3085 curandae
2379 3039 2540 3084 erant
2596 3029 2885 3085 Eustathio
2929 3042 3016 3082 res
3073 3028 3324 3096 propria.
3379 3026 3668 3093 Depositus

2089 3122 2235 3175 enim
2260 3136 2402 3175 anno
2435 3121 2541 3175 51ἶο
2581 3121 2647 3174 ab
2689 3119 2994 3182 Anomais,
3026 3133 3090 3173 ac
3123 3126 3306 3188 postea
3343 3117 3394 3172 in
3423 3115 3673 3171 Valentis

2088 3213 2471 3282 persecutione
2497 3211 2705 3281 lapsus,
2730 3212 2941 3280 magnis
2984 3210 3256 3280 prasidiis
3290 3209 3506 3279 egebat,
3547 3218 3606 3262 ut
3633 3225 3673 3263 θ

2090 3303 2392 3359 Catholicis
2424 3303 2781 3373 reciperetur,
2813 3317 2912 3357 nec
2955 3302 3360 3371 opprimeretur
3387 3300 3456 3354 ab
3485 3300 3665 3367 barc-

2091 3396 2236 3450 ticis.
2269 3394 2385 3449 Non
2418 3395 2563 3449 enim
2588 3395 2654 3448 ad
2682 3394 2826 3447 aliud
2848 3404 3058 3463 tempus
3092 3393 3281 3447 referri
3310 3393 3472 3448 debet
3519 3392 3665 3461 quod

2093 3490 2169 3542 ait
2198 3487 2426 3542 Basilius
2460 3483 2565 3557 (d),
2596 3484 2961 3550 Eustathium,
2996 3500 3120 3540 cum
3149 3495 3293 3539 tomo
3322 3482 3391 3538 ab
3432 3483 3665 3539 Eudoxii

2088 3578 2327 3632 factione
2355 3577 2661 3647 composito
2689 3577 3081 3643 consensisset,
3115 3576 3171 3629 in
3222 3575 3485 3631 concione
3514 3572 3666 3630 frau-

2086 3670 2209 3725 dem
2245 3670 2346 3723 sibi
2381 3668 2579 3723 factam
2612 3669 2950 3737 deplorasse.

2158 3761 2373 3830 Aliquid
2401 3762 2635 3817 Basilius
2662 3762 2898 3817 consilio
2926 3775 3027 3814 suo
3064 3759 3130 3812 ad
3161 3759 3304 3814 hanc
3339 3758 3667 3829 legationem

2060 3827 2299 3908 ‘vidctnr
2330 3854 2646 3908 contulisse.
2688 3853 2859 3907 Erant
2897 3852 3040 3905 enim
3082 3861 3193 3905 tres
3225 3827 3492 3919 legati—ex
3528 3849 3661 3903 iuti-

2087 3948 2190 4000 tnis
2209 3946 2354 4000 illius
2385 3945 2578 3999 amicis
2607 3960 2622 3996 :
2653 3944 2795 4014 quod
2818 3942 3035 4012 quidem
3059 3942 3125 3996 de
3154 3941 3430 3996 Eustathio
3448 3950 3662 3995 certum

2085 4052 2178 4091 sua
2212 4046 2406 4105 sponte
2426 4045 2479 4089 et
2513 4034 2857 4105 exploratum
2882 4044 2999 4095 est;
3050 4033 3115 4087 de
3145 4032 3439 4102 TheOpbilo
3476 4042 3669 4087 autem

2087 4129 2297 4183 consuli
2344 4134 2524 4196 potest
2551 4124 2777 4193 epistola
2807 4125 2915 4179 245
2944 4125 3011 4179 ad
3041 4139 3166 4178 eum
3209 4125 3431 4191 scripta.
3477 4125 3673 4193 Atque.

2086 4218 2230 4273 haud
2260 4217 2377 4271 scio
2407 4230 2477 4270 an
2514 4216 2796 4269 Silvanum
2835 4216 3077 4270 omnium
3107 4216 3397 4284 plurimum
3442 4214 3659 4279 fecerit,

2084 4324 2241 4379 quem
2273 4319 2329 4363 et
2357 4319 2634 4363 mortuum
2668 4309 2890 4362 beatum
2926 4307 3185 4376 appellat,
3237 4316 3293 4361 et
3342 4307 3525 4360 vivum
3578 4306 3666 4363 sic

2084 4401 2273 4464 coluit,
2306 4410 2365 4454 ut
2397 4400 2542 4455 illius
2568 4399 2777 4453 visendi
2814 4400 3086 4455 desiderio
3126 4398 3471 4455 solitudinem
3498 4414 3666 4453 suam

404 4483 516 4527 tum
568 4481 671 4540 est,
697 4488 760 4528 ac
789 4472 1071 4529 decretum
1120 4485 1179 4529 ut
1227 4477 1383 4531 irrita
1419 4487 1624 4544 essent,
1658 4494 1780 4549 qua
1838 4480 1981 4537 Con-

2091 4492 2376 4561 aliquando
2406 4491 2686 4561 reliquerit
2732 4490 2832 4563 (e),
2856 4492 3109 4546 comitem
3141 4507 3199 4545 se
3247 4490 3529 4544 Eustatbio
3563 4491 3662 4544 ad-

399 4565 750 4635 stantiuopoli
820 4564 1050 4621 Eudoxii
1110 4575 1167 4622 et
1224 4566 1410 4624 Acacii
1483 4572 1978 4629 machinationibus

402 4668 557 4727 gesta
603 4657 840 4727 fuerant,
882 4668 1048 4730 atque
1086 4669 1147 4714 ut
1198 4660 1800 4733 Constantinopolitana
1851 4666 1975 4721 fidei

401 4745 636 4802 formula
668 4747 1015 4817 rejiceretur,
1061 4749 1235 4805 Filius
1272 4749 1420 4805 Patri
1452 4754 1646 4807 similis
1678 4755 1974 4808 secundum

401 4824 759 4893 substantiam
796 4841 1205 4911 pradicaretur,
1230 4856 1405 4909 eaque
1432 4843 1485 4897 in
1508 4845 1763 4900 omnibus
1793 4844 1980 4901 Eccle-

401 4930 500 4985 aiis
555 4929 689 4985 fides
742 4931 971 5002 vigeret,
1010 4948 1133 5004 qua
1185 4934 1448 4988 Seleucia
1497 4935 1716 5003 quidem
1771 4936 1972 4991 confir-

402 5033 572 5085 mata,
600 5022 903 5079 Antiochia
935 5040 1065 5080 vero
1100 5026 1153 5079 in
1178 5026 1523 5082 dedicatione
1552 5028 1775 5096 majoris
1803 5028 1978 5083 eccle-

401 5114 497 5170 sia
524 5115 771 5183 exposita
830 5114 1027 5171 fuerat.
1076 5118 1194 5173 Non
1241 5119 1416 5173 adfuit
1476 5119 1761 5188 Lampsaci
1817 5119 1974 5176 Basi-

399 5204 620 5278 lius(b),
654 5207 745 5261 sed
777 5221 899 5262 eum
942 5208 1257 5265 Eustathius
1296 5226 1419 5267 cum
1444 5210 1687 5280 pluribus
1716 5211 1836 5266 aliis
1866 5212 1983 5281 cpi-

404 5299 587 5367 scopis
620 5297 981 5369 Lampsacum
1022 5303 1403 5370 proficiscens,
1434 5304 1486 5357 in
1529 5303 1704 5357 locum
1745 5304 1977 5360 Eusiuoe

400 5389 612 5445 dictum
637 5392 938 5455 advocavit,
970 5392 1152 5463 ibique
1183 5394 1417 5451 Basilius
1458 5410 1578 5450 cum
1613 5396 1884 5467 episcopis
1906 5399 1972 5454 de

407 5481 515 5537 fide
538 5482 701 5536 multa
735 5484 1013 5538 disseruit.
1041 5484 1259 5539 Minime
1300 5488 1496 5542 mirum
1524 5499 1607 5543 est
1637 5496 1843 5543 tantum
1870 5489 1968 5546 lto-

476 5667 552 5734 (a)
586 5666 825 5727 Summ.
857 5668 949 5723 lib.
982 5684 1057 5736 Vl,
1094 5686 1141 5725 c.
1174 5672 1223 5725 7.

474 5739 555 5803 (θ)
574 5739 670 5809 Ep.
695 5740 820 5793 225.

474 5809 545 5878 ιε)
580 5812 814 5878 Sou'at.,
839 5810 931 5867 lib.
961 5826 1035 5879 tv,
1068 5823 1119 5866 c.
1160 5810 1246 5866 li.

2078 4579 2332 4648 iungens.
2382 4579 2585 4633 Deinde
2630 4593 2763 4633 vero
2813 4580 3102 4648 plurimum
3151 4581 3410 4634 intererat
3442 4578 3658 4644 Basilii,

2085 4679 2140 4722 ut
2191 4668 2373 4736 lapsus
2416 4669 2683 4727 Eustathii
2740 4680 3111 4738 repararctur;
3169 4671 3364 4739 vixque
3415 4669 3645 4723 dubium

2085 4761 2219 4829 quin
2248 4762 2516 4817 suadente
2549 4771 2643 4814 aut
2665 4760 2856 4815 saltem
2887 4762 3150 4827 probante
3181 4760 3376 4816 Basilio
3404 4758 3659 4832 (n,hanc

2086 4852 2404 4906 Eusmthius
2429 4852 2598 4907 errati
2648 4851 2911 4922 purgandi
2945 4853 3084 4905 viam
3119 4853 3406 4918 invenerit,
3442 4860 3502 4905 ut
3546 4851 3661 4906 Bo-

2083 4957 2226 4995 mam
2258 4940 2557 5011 profectus,
2607 4942 2733 4996 inde
2777 4941 2937 4995 ﬁdem
2982 4952 3194 5015 patrum
3232 4943 3528 5011 acciperet,
3578 4944 3666 4998 ita

2080 5041 2139 5087 ut
2161 5035 2302 5103 quod
2334 5033 2591 5088 Ecclesiis
2614 5033 2927 5088 detrimenti
2976 5033 3233 5097 intulwt
3264 5034 3409 5087 malo
3455 5048 3658 5103 appro-

2080 5124 2275 5186 bando,
2313 5124 2366 5177 id
2403 5123 2627 5179 meliore
2673 5123 3069 5177 introduceudn
3115 5125 3456 5180 emendaret.
3492 5124 3658 5180 Deoia

2079 5230 2184 5285 que
2214 5214 2448 5270 Basilius
2481 5230 2628 5269 anno
2660 5213 2759 5269 571
2798 5215 2875 5269 sic
2903 5215 3012 5284 agit
3040 5230 3163 5269 cum
3197 5226 3385 5271 sancto
3407 5217 3657 5271 Athana-

2079 5309 2160 5362 sio
2185 5308 2252 5362 dc
2277 5307 2473 5375 legatis
2517 5307 2743 5362 Romam
2794 5307 3098 5370 mittendis,
3129 5316 3188 5361 ut
3216 5325 3323 5363 non
3375 5319 3505 5364 tunc
3539 5312 3655 5380 pri-

2084 5414 2229 5452 mum
2268 5395 2411 5453 hanc
2461 5399 2849 5468 c0gitationem
2902 5401 3209 5468 suscepisse
3248 5401 3517 5468 videatur,
3551 5404 3651 5456 sed

2081 5490 2395 5557 iamdudum
2454 5491 2598 5546 illius
2657 5491 2946 5547 utilitatem
3009 5493 3369 5563 perspexisse.
3435 5491 3657 5548 Dudum

2150 5674 2226 5745 (ιι)
2254 5673 2351 5740 Ep.
2376 5673 2501 5734 stt.
2534 5691 2587 5727 η.
2619 5676 2673 5731 5.

2150 5750 2223 5810 (ei
2247 5747 2340 5811 lip.
2376 5745 2502 5809 2'25,
2541 5762 2593 5797 ιι.
2620 5746 2673 5797 5.

2147 5813 2212 5884 (ί)
2237 5812 2335 5884 εν.
2372 5815 2499 5885 2n,
2532 5831 2585 5871 η,
2617 5815 2672 5868 5.
