3958 6212
395 341 523 384 XLVI

1770 321 2304 381 PROLEGOMENA.

396 441 506 499 565
539 442 825 511 scriberet,
861 453 1010 514 gesta
1043 442 1236 514 synodi
1269 441 1569 513 Tyanensis
1629 455 1696 496 ex
1754 439 1969 495 incerto
1999 445 2046 499 Α
2073 437 2229 507 legati
2268 438 2630 502 mitterentur,
2657 436 2903 508 pluribus
2936 437 3072 495 locis
3114 438 3297 495 habita
3339 448 3467 496 sunt
3507 457 3650 497 con-

398 543 607 587 tantum
633 549 850 589 rumore
872 536 1085 606 cognita
1119 534 1396 598 habuisse,
1422 548 1543 604 quas
1571 542 1759 602 postea
1802 547 1968 587 accu-

397 625 574 680 ratius
636 625 910 695 cognovit,
955 627 1238 695 epistolam
1282 626 1390 680 244
1439 623 1701 680 scribens.
1755 622 1970 677 Inutilis

396 732 621 786 prorsus
656 717 770 772 haec
797 718 1133 788 conjectura,
1161 734 1286 773 cum
1317 716 1542 787 cpistola
1563 715 1670 770 265
1704 716 1970 784 posterior

396 808 490 868 sit.
532 817 592 860 ut
624 807 870 862 omittam
903 808 1355 863 verisimillimum
1389 822 1529 871 esse,
1551 807 1807 861 Basilium
1845 819 1968 860 cum

397 899 655 968 episcopo
681 914 780 954 suo
813 901 880 954 ad
908 901 1173 972 synodum
1205 899 1544 970 Tyanensem
1573 899 1812 983 venisse.

399 1012 423 1035 ι
475 989 565 1045 Vl.
605 990 854 1060 Magnam
885 1007 1014 1047 sane
1048 991 1245 1047 Basilio
1278 991 1488 1045 laudem
1523 990 1760 1045 detrahit
1789 988 1970 1058 Opinio

397 1079 764 1150 Tillemonlii,
808 1085 897 1152 qui
931 1084 1059 1138 dum
1108 1098 1230 1138 eum
1279 1083 1331 1137 in
1379 1082 1687 1138 solitudinis
1735 1081 1970 1135 latebras

397 1172 546 1227 abdit
572 1178 640 1228 ab
672 1189 813 1229 anno
848 1173 953 1228 565
993 1187 1162 1241 usque
1189 1173 1255 1228 ad
1288 1172 1416 1238 566,
1444 1172 1647 1225 nullam
1675 1171 1724 1225 ei
1755 1179 1967 1239 partem

397 1263 484 1318 bis
512 1265 565 1316 in
598 1265 760 1318 rebus
792 1263 1063 1332 relinquit.
1117 1263 1224 1318 Sed
1268 1263 1393 1333 quia
1442 1262 1788 1317 doctissimus
1834 1261 1971 1316 scri-

396 1363 544 1421 ptor,
583 1370 684 1408 cur
725 1353 906 1409 Basilii
936 1354 1169 1409 reditum
1213 1354 1424 1424 longius
1457 1352 1689 1416 differat,
1729 1352 1835 1408 hoc
1873 1366 1971 1421 po-

401 1444 669 1499 tissimum
716 1446 910 1500 nititur
956 1455 1291 1516 argumento,
1336 1445 1481 1513 quod
1527 1444 1764 1515 synodus
1809 1443 1971 1498 Lam-

398 1548 633 1603 psacena
678 1551 820 1590 anno
853 1534 962 1591 565
991 1535 1173 1590 habita
1205 1534 1366 1589 fuerit
1398 1533 1501 1605 (a),
1533 1535 1838 1604 persecutio
1869 1549 1970 1587 au-

400 1634 508 1677 tem
537 1625 605 1680 ad
647 1641 846 1681 annum
877 1633 1190 1696 sequentem
1221 1627 1523 1696 pertineat,
1553 1625 1969 1680 examinandum

398 1715 560 1770 nobis
618 1728 704 1772 est
758 1731 996 1786 quonam
1042 1732 1185 1772 anno
1228 1717 1345 1773 haec
1384 1716 1623 1788 synodus
1661 1714 1968 1771 collocanda

400 1800 492 1855 sit.

469 1891 889 1963 Lampsacenam
911 1896 1172 1966 synodum
1195 1895 1270 1968 (b)
1287 1897 1354 1951 ab
1370 1880 1634 1950 anno'564
1659 1895 1831 1951 divelli
1860 1912 1966 1952 non

404 1982 592 2037 sinunt
616 1984 1061 2041 circumstantim.
1092 1985 1335 2041 Licentia
1364 1987 1591 2056 cogendi
1619 1987 1834 2041 concilii
1860 2002 1969 2041 non

401 2089 431 2127 a
468 2073 690 2131 Valente
731 2077 957 2146 petitur,
1000 2079 1096 2133 sed
1140 2093 1168 2131 a
1201 2076 1600 2144 Valentiniano,
1637 2077 1731 2147 qui
1782 2077 1971 2133 relicta

400 2166 893 2239 Constantinopoli,
919 2169 1147 2224 Romam
1176 2173 1529 2233 contendens,
1559 2171 1665 2225 iter
1690 2186 1785 2240 per
1806 2171 1973 2226 Thra-

400 2260 542 2315 ciam
585 2260 837 2317 faciebat.
881 2262 1182 2333 Responsio
1230 2264 1574 2333 imperatoris
1616 2263 1839 2318 minime
1882 2279 1972 2318 re-

400 2351 544 2407 dolet
574 2352 845 2422 ingenium
876 2352 1140 2408 Valentis.
1170 2352 1261 2408 Sic
1288 2355 1431 2409 enim
1474 2354 1756 2423 respondit
1781 2371 1795 2408 :
1837 2352 1973 2407 Mihi

400 2443 610 2511 quidem
643 2444 699 2497 in
731 2443 985 2498 (uicorum
1017 2445 1201 2499 ordine
1225 2446 1510 2500 constituto
1539 2446 1621 2516 fas
1643 2462 1746 2499 non
1773 2455 1849 2500 est
1875 2444 1974 2499 Im-

393 2531 631 2601 jusmodi
664 2536 873 2604 negotia
910 2537 1170 2591 curiosius
1210 2540 1480 2604 scrutari;
1516 2540 1813 2592 sacerdotes
1856 2554 1972 2593 vero

399 2625 587 2694 quibus
619 2626 675 2679 id
702 2643 843 2680 cura:
869 2636 968 2695 est,
998 2629 1217 2683 seorsim
1246 2628 1537 2698 ubicunque
1568 2631 1829 2700 voluerint
1856 2647 1976 2684 con-

400 2712 628 2767 ueniant.
677 2712 857 2784 Legati
903 2731 933 2769 a
968 2716 1199 2772 concilio
1235 2717 1387 2773 missi
1441 2717 1722 2774 Valentem
1772 2721 1973 2775 adeunt

400 2799 698 2870 Heracleae,
746 2819 777 2860 e
828 2803 1059 2861 Thracia
1105 2815 1219 2862 tum
1278 2818 1669 2865 revertentem.
1725 2809 1971 2865 Fratrem

401 2892 548 2946 enim
578 2891 836 2950 Sirmium
890 2911 1060 2965 usque
1103 2898 1392 2953 comitatus
1428 2898 1625 2955 fuerat.
1673 2900 1800 2954 Haac
1840 2916 1969 2970 pro-

400 2979 543 3036 tecto
584 2997 711 3037 cum
749 2998 892 3040 anno
937 2985 1042 3040 566
1083 2987 1305 3044 omnino
1351 2990 1643 3045 cohaerent.
1695 2990 1822 3046 Plus
1870 2992 1972 3063 tri-

402 3069 674 3127 buendum
704 3074 789 3129 his
828 3075 1258 3132 circumstantiis
1297 3093 1419 3148 quae
1462 3090 1755 3134 narrantur
1797 3096 1827 3134 a
1871 3082 1972 3136 So-

400 3172 655 3226 someno,
675 3176 833 3230 quam
854 3162 995 3217 notis
1022 3164 1419 3231 consularibus,
1444 3182 1577 3235 quas
1593 3167 1845 3224 Socrates
1864 3186 1970 3224 non
1999 3152 2042 3210 (ἶ

400 3263 470 3304 ex
509 3249 662 3304 Actis
689 3251 903 3306 concilii
931 3252 1286 3323 Lampsaceni
1335 3255 1497 3322 eruit,
1543 3258 1660 3321 sed,
1717 3267 1776 3311 ut
1828 3274 1973 3328 saepe

400 3340 558 3406 alias,
605 3356 674 3395 ex
714 3344 946 3412 propriis
1001 3345 1345 3413 coniecturis.
1399 3346 1513 3404 Hoc
1559 3349 1675 3419 ipso
1718 3352 1864 3406 enim
1917 3354 1971 3407 in

402 3430 522 3486 loco
569 3432 769 3488 bellum
822 3437 1083 3494 adversus
1127 3437 1451 3511 Procopium
1503 3459 1647 3499 anno
1695 3448 1970 3517 sequenti,

402 3523 666 3581 Gratiano
710 3536 765 3580 et
812 3527 1139 3601 Dagalaipho
1186 3521 1539 3601 consulibus,
1583 3537 1636 3591 id
1683 3547 1766 3593 est
1827 3555 1973 3598 anno

404 3613 534 3682 366,
569 3618 682 3687 geri
714 3622 942 3690 cepisse
980 3636 1185 3679 narrat.
1213 3626 1269 3680 In
1294 3643 1401 3698 quo
1428 3630 1646 3699 quidem
1692 3633 1971 3689 nobiscum

402 3705 555 3774 facit,
588 3725 652 3765 ac
690 3710 1020 3770 Tillemonlii
1066 3720 1393 3774 sententiam
1434 3722 1650 3788 evertit,
1695 3725 1821 3787 dum
1862 3727 1975 3781 bel-

403 3800 513 3855 lum
545 3803 701 3859 civile
735 3821 876 3861 anno
917 3818 1036 3878 post
1071 3811 1334 3881 synodum
1362 3811 1784 3882 Lampsacenam
1814 3830 1974 3870 exoro

403 3901 517 3946 tum
559 3907 682 3950 esse
727 3907 930 3952 narrat.
977 3901 1109 3954 Dum
1165 3915 1344 3957 autem
1395 3904 1536 3959 idem
1589 3904 1787 3960 bellum
1834 3908 1974 3962 Gra-

402 3983 554 4040 tiano
593 3996 648 4040 et
695 3987 1019 4057 Dagalaipbo
1067 3995 1399 4063 consulibus,
1442 3997 1495 4050 id
1544 4009 1629 4053 est
1679 4014 1823 4054 anno
1869 4000 1975 4055 566

405 4076 523 4142 geri
568 4079 798 4147 coepisse
855 4083 1018 4145 dicit,
1064 4094 1173 4139 tota
1217 4097 1367 4142 errat
1417 4089 1540 4151 via,
1590 4106 1689 4145 nec
1738 4092 1846 4162 jam
1890 4095 1974 4159 ei,

405 4163 533 4219 dum
607 4170 870 4239 synodum
946 4170 1366 4243 Lampsacenam
1434 4181 1646 4237 duobus
1719 4184 1977 4254 Augustis

403 4256 641 4324 primum
700 4263 1013 4319 consulibus
1064 4267 1301 4322 babitam
1356 4269 1558 4338 refert,
1613 4283 1757 4328 tanta
1816 4278 1975 4331 attri-

405 4347 618 4403 buenda
667 4362 751 4406 est
817 4356 1141 4425 auctoritas,
1191 4369 1454 4430 quantam
1510 4365 1757 4421 attribuit
1807 4365 1978 4422 Tille-

404 4443 660 4498 montius.

475 4533 635 4590 Aliud
685 4535 840 4592 nobis
869 4548 1247 4608 argumentum
1288 4546 1599 4613 suppeditat
1647 4552 1972 4618 persecutio,

405 4639 527 4696 quae
565 4644 687 4684 cum
718 4646 860 4687 anno
889 4632 994 4687 565
1031 4644 1278 4703 grassata
1305 4636 1398 4704 sit,
1443 4647 1501 4692 ut
1548 4656 1709 4710 supra
1753 4643 1977 4698 demon-

407 4729 657 4789 stratum,
689 4734 742 4778 et
769 4727 1055 4782 concilium
1084 4727 1512 4797 Lampsacenum
1559 4737 1849 4791 subsecuta
1881 4737 1974 4804 sit,

407 4820 468 4865 ut
509 4827 695 4871 omnes
726 4815 985 4884 fatentur,
1017 4823 1325 4877 certissimo
1360 4836 1677 4894 argumento
1718 4838 1802 4883 est
1835 4828 1975 4883 banc

404 4895 667 4974 synodum
694 4923 835 4963 anno
864 4911 968 4965 564
1002 4913 1240 4968 habitam
1273 4915 1459 4970 fuisse.
1492 4976 1506 4989 ι

479 4995 595 5064 Ipsa
621 4998 852 5068 denique
877 5002 1045 5058 series
1067 5013 1122 5059 et
1139 5007 1393 5075 junctura
1416 5021 1603 5061 earum
1630 5022 1828 5076 rerum,
1853 5026 1974 5080 quae

400 5105 431 5144 α
473 5089 675 5160 synodo
716 5089 1083 5161 Lampsacena
1116 5112 1285 5167 usque
1318 5100 1385 5153 ad
1420 5103 1756 5173 Tyanensem
1807 5102 1976 5156 inter-

406 5190 711 5248 Cesserunt,
751 5183 980 5238 miriﬁce
1023 5189 1252 5255 quadrat
1290 5194 1342 5246 in
1387 5209 1450 5249 ea
1496 5209 1656 5262 quam
1700 5194 1978 5260 sequimur

407 5273 708 5341 sententia;
736 5281 792 5328 at
822 5275 876 5328 in
903 5276 1157 5346 opinione
1181 5281 1501 5339 Tillemonlii
1527 5285 1740 5354 penitus
1768 5285 1978 5339 discon-

396 5363 574 5417 venit.
607 5363 928 5434 Legatorum
969 5370 1021 5422 in
1071 5369 1418 5429 Occidentem
1453 5376 1834 5430 mittendorum
1883 5392 1976 5431 ne-

407 5456 717 5512 cessitatem
745 5459 923 5515 attulit
949 5464 1344 5532 persecutionis
1377 5466 1649 5521 violentia:
1685 5476 1972 5537 antequam

481 5660 554 5725 (al
600 5660 755 5717 Tom.
786 5659 870 5721 Vl,
907 5670 1016 5714 not.
1047 5661 1138 5726 8|,
1162 5666 1252 5731 82,
1282 5668 1334 5724 in
1364 5670 1610 5725 Ariunos.

484 5730 557 5802 (b)
598 5735 812 5790 Suzom.
838 5731 930 5786 lib.
961 5746 1029 5800 γι,
1064 5750 1111 5791 c.
1145 5736 1194 5792 7.

2070 529 2192 583 cilia
2231 529 2324 601 (c),
2354 538 2412 583 ut
2448 531 2689 600 Smyrnae
2719 531 2771 584 in
2815 531 2963 597 Asia,
3003 541 3164 602 atque
3201 534 3362 587 etiam
3398 534 3451 587 in
3499 534 3650 589 Pisi-

2071 622 2180 688 dia,
2217 620 2443 688 lsauria,
2476 621 2788 691 Pamphylia
2822 636 2877 677 et
2915 623 3099 694 Lycia.
3138 624 3231 679 His
3268 636 3443 679 autem
3473 628 3650 681 rebus

2069 714 2508 781 percommodum
2559 722 2770 783 tempus
2802 714 2922 780 fuit,
2956 716 3154 770 bellum
3189 715 3456 785 ProcOpii,
3491 719 3643 787 quod

2070 805 2138 857 ab
2172 813 2361 858 testate
2393 804 2521 858 anni
2561 804 2666 859 565
2697 821 2867 875 usque
2893 807 2957 860 ad
2991 821 3230 860 mensem
3264 806 3463 861 Maium
3511 810 3655 863 anni

2070 892 2198 958 566,
2224 893 2501 948 Valentem
2538 894 2787 950 detinuit.
2840 898 2908 950 At
2950 897 3041 967 qui
3084 898 3345 968 synodum
3378 897 3651 968 Lampsa-

2069 998 2256 1039 cenam
2299 985 2365 1039 ad
2405 1000 2602 1039 annum
2635 985 2738 1040 565
2770 986 3030 1054 referunt,
3078 988 3227 1042 varia
3274 989 3362 1043 illa
3407 989 3650 1044 concilia

2070 1085 2124 1130 et
2152 1076 2468 1146 legationem
2519 1093 2659 1132 anno
2688 1081 2934 1146 sequenti
2976 1078 3081 1134 566
3121 1079 3384 1134 collocare
3432 1095 3648 1150 coimu-

2072 1175 2199 1220 tur:
2237 1182 2343 1236 quo
2381 1176 2619 1236 tempore
2646 1167 2922 1224 Valentem
2968 1170 3106 1225 bello
3135 1169 3279 1224 civili
3316 1168 3647 1224 defunctum

2068 1257 2240 1313 latere
2273 1257 2636 1313 dillicillimnm
2683 1272 2820 1315 erat.
2851 1260 3154 1328 Quinetiam
3198 1261 3269 1316 ita
3304 1275 3422 1316 sese
3456 1263 3508 1315 in
3544 1277 3647 1315 ar-

2070 1360 2216 1405 ctum
2240 1349 2554 1416 conjiciunt,
2578 1360 2635 1405 ut
2658 1351 2843 1419 pedem
2869 1351 3069 1406 referre
3090 1366 3194 1406 non
3222 1352 3448 1420 possint.
3503 1352 3648 1406 Nam

2069 1458 2191 1497 cum
2229 1441 2519 1511 Procopius
2560 1443 2733 1497 victus
2764 1458 2868 1497 non
2916 1443 3078 1497 fuerit
3124 1443 3225 1498 nisi
3272 1458 3455 1499 mense
3499 1442 3651 1498 Maio

2070 1533 2198 1585 anni
2231 1531 2335 1586 366
2373 1546 2602 1600 cumque
2660 1531 2906 1588 Liberius
2940 1547 3075 1603 papa
3109 1547 3294 1588 mense
3323 1531 3648 1603 Septembri

2070 1622 2311 1691 ejusdem
2334 1623 2463 1677 anni
2501 1622 2721 1687 obierit,
2757 1624 3025 1693 quomodo
3057 1625 3196 1678 intra
3232 1623 3360 1677 illud
3407 1632 3646 1692 tempus,

2071 1716 2213 1784 quod
2243 1729 2273 1767 a
2306 1728 2491 1769 mense
2521 1714 2661 1770 Maio
2689 1716 2755 1770 ad
2788 1717 3160 1785 Septembrem
3204 1713 3427 1779 efﬂuxit,
3461 1723 3542 1769 tot
3576 1730 3650 1770 ac

2001 1805 2044 1864 Β
2076 1812 2239 1859 tantae
2271 1820 2360 1859 res
2387 1806 2637 1860 concludi
2668 1806 2894 1876 possint,
2926 1806 3284 1876 negotiorum,
3313 1819 3433 1874 quae
3459 1818 3653 1874 super-

2070 1910 2193 1951 esse
2218 1894 2392 1949 solent
2417 1904 2540 1965 post
2563 1895 2762 1950 bellum
2791 1895 2970 1961 civile,
2999 1892 3418 1956 administratio,
3446 1893 3653 1947 deinde

2069 1990 2374 2057 persecutio
2400 1989 2454 2043 in
2496 1989 2662 2043 variis
2696 1988 3010 2058 provinciis,
3036 2001 3168 2056 quas
3201 1985 3503 2056 peragravit
3528 1985 3648 2039 Va-

2069 2078 2210 2144 lens,
2249 2079 2625 2148 episcOporum
2661 2078 2824 2132 varia:
2852 2079 2991 2132 inter
3030 2093 3089 2133 se
3128 2076 3544 2131 deliberationes
3572 2089 3649 2131 ac

2069 2172 2220 2226 varia
2257 2172 2509 2237 concilia,
2538 2171 2835 2243 legatorum
2870 2172 3099 2242 denique
3126 2171 3386 2236 delectus,
3412 2185 3643 2224 eorum-

2072 2275 2178 2330 que
2216 2260 2268 2315 in
2316 2261 2505 2314 urbem
2538 2260 2764 2314 Romam
2797 2262 3077 2326 adventus,
3130 2261 3219 2315 ubi
3260 2275 3384 2315 cum
3425 2259 3649 2315 Liberio

2073 2350 2139 2404 de
2166 2350 2327 2404 rebus
2355 2350 2590 2405 Orientis
2618 2361 2867 2421 egerunt,
2915 2351 3102 2422 eiqueJ
3125 2350 3389 2406 dederunt
3431 2350 3651 2406 litteras

2073 2449 2127 2496 et
2158 2442 2225 2496 ab
2253 2456 2319 2497 eo
2346 2451 2694 2513 acceperunt.

2684 2534 2912 2590 CAPUT
2950 2535 3043 2591 XI.

2072 2627 2113 2684 Ι.
2151 2628 2423 2694 Quomodo
2463 2628 2751 2699 presbyteri
2787 2645 3020 2699 Amunere
3077 2631 3133 2684 in
3184 2630 3302 2697 ipsa
3353 2627 3479 2683 urbe
3527 2644 3651 2698 pcr-

2170 2701 2353 2752 itttctus
2399 2697 2652 2753 Basilius.
2685 2698 2743 2753 II.
2777 2697 2856 2752 De
2887 2699 3031 2753 illius
3069 2700 3299 2765 epistolis
3341 2698 3411 2752 22
3454 2709 3501 2751 et
3530 2697 3645 2754 7'25.

2172 2769 2229 2822 ll.
2258 2768 2503 2822 Charitas
2531 2768 2720 2822 Basilii
2747 2768 2884 2836 [mne
2915 2780 3203 2836 grassante.
3237 2767 3322 2822 IV.
3348 2769 3463 2822 Duo
3490 2786 3551 2822 ea
3581 2774 3650 2822 de

2143 2854 2200 2893 re
2225 2840 2519 2893 testimonia
2549 2837 2786 2908 Gregorii
2811 2836 3033 2908 Nysseni
3060 2838 3406 2899 explicantur.
3442 2836 3508 2893 V.
3531 2838 3646 2891 Fu-

2142 2924 2249 2962 mes
2279 2918 2385 2962 toto
2411 2925 2548 2961 anno
2573 2907 2675 2962 568
2702 2908 3022 2975 perduravit.

2142 2998 2184 3053 l.
2228 2998 2333 3054 Sed
2374 3014 2514 3053 nunc
2550 2998 2876 3053 redeundum
2930 2998 3081 3054 nobis
3113 3007 3196 3054 est
3229 2998 3649 3064 Cmsaream,.et

2073 3092 2201 3161 quid
2234 3089 2307 3145 ibi
2343 3089 2625 3160 presbyter
2656 3089 2885 3159 gesserit
2912 3088 3164 3152 Basilius,
3196 3098 3454 3144 narrante
3496 3091 3641 3146 Gre-

2075 3184 2251 3252 gorio,
2282 3182 2633 3236 audiendum.
2667 3180 2756 3236 Sic
2792 3181 2954 3251 igitur
2983 3176 3157 3251 pergit
3186 3181 3491 3250 Theologus
3522 3180 3604 3254 (d)
3625 3200 3647 3238 :

2075 3277 2185 3347 Τῆς
2225 3275 2318 3328 καὶ
2361 3273 2489 3345 περὶ
2533 3273 2633 3344 τὴν
2680 3272 3000 3343 Ἐκκλησίαν
3046 3272 3142 3325 τοῦ
3186 3272 3379 3344 ἀνδρὸς
3414 3273 3666 3344 κηδεμοα

2073 3367 2193 3430 νίας
2230 3365 2325 3419 καὶ
2365 3363 2728 3436 προστασίας,
2770 3364 2941 3418 πολλὰ
2977 3363 3077 3436 μὲν
3120 3365 3216 3418 καὶ
3261 3364 3396 3418 ἄλλα
3442 3366 3649 3438 γνωρί-

2076 3476 2279 3531 σματα,
2314 3457 2595 3530 παρρησία
2623 3457 2759 3529 πρὸς
2786 3456 3051 3529 ἄρχοντας
3078 3457 3205 3521 τούς
3237 3475 3297 3511 τε
3332 3436 3525 3523 ἄλλους
3553 3436 3654 3514 atat

2075 3556 2200 3618 τοὺς
2244 3552 2649 3615 δυνατωτάτους
2701 3551 2800 3621 τῆς
2849 3550 3087 3614 πόλεως·
3132 3550 3401 3620 διαφορῶν
3466 3550 3651 3615 λύσεις

2073 3648 2173 3701 οὐκ
2219 3643 2647 3715 ἁπιστούμεναι,
2683 3642 2796 3697 ἀλλ’
2831 3643 2937 3696 ὑπὸ
2972 3644 3071 3713 τῆς
3101 3643 3308 3697 ἐκείνου
3339 3644 3654 3716 φωνῆςοτρει

2075 3736 2360 3807 πούμεναι,
2409 3735 2562 3806 νόμῳ
2612 3733 2689 3805 τῷ
2733 3732 2917 3804 τρόπῳ
2961 3732 3261 3805 χρώμεναι,
3318 3735 3652 3805 προστασίαι

2074 3827 2182 3882 τῶν
2232 3827 2520 3897 δεομένων,
2571 3828 2625 3879 αἱ
2670 3826 2767 3896 μὲν
2814 3825 3030 3888 πλείους
3090 3828 3490 3896 πνευματικαὶ,
3545 3828 3651 3881 οὐκ

2074 3920 2249 3989 ὀλίγαι
2291 3920 2346 3973 δὲ
2377 3921 2471 3973 καὶ
2514 3918 2853 3988 σωματικαί·
2907 3918 2999 3971 καὶ
3041 3917 3148 3990 γὰρ
3197 3918 3478 3973 καὶτοῦτο
3515 3920 3651 3973 πολ-

2074 4010 2229 4073 λάκις
2254 4012 2332 4074 είς
2359 4010 2534 4081 ψυχὴν
2562 4010 2716 4080 φέρει
2749 4009 2816 4062 δι’
2839 4010 3050 4072 εὐνοίας
3081 4009 3433 4082 δου)οὐμενον
3452 4028 3465 4041 ·
3498 4028 3654 4064 πτω-

2075 4103 2357 4174 χοτροφίαι
2377 4143 2391 4166 ,
2428 4101 2720 4171 ξενοδοχίαι
2739 4141 2753 4165 ,
2803 4101 3228 4172 παρθενοκομίαι
3254 4142 3268 4162 ,
3339 4101 3650 4172 νομοθεσίαι

2080 4188 2358 4260 μοναστῶν
2380 4188 2642 4259 ἔγγραφοί
2661 4207 2720 4242 τε
2746 4190 2841 4243 καὶ
2861 4190 3094 4261 ἄγραφοι
3111 4207 3125 4220 ο
3152 4191 3322 4260 εὐχῶν
3340 4191 3613 4257 διατάξεις
3632 4234 3648 4255 ,

2076 4281 2363 4352 εὐκοσμίαι
2399 4280 2491 4334 τοῦ
2543 4280 2802 4352 βήματος,
2849 4280 2917 4334 τὰ
2975 4282 3109 4335 ἄλλα
3147 4279 3229 4345 οἷς
3269 4282 3333 4335 ἂν
3379 4284 3406 4335 ὁ
3432 4283 3651 4354 ἀληθῶς

2076 4373 2360 4443 ἄνθρωπος
2387 4372 2479 4426 τοῦ
2510 4371 2643 4426 Θεοῦ
2673 4375 2767 4427 καὶ
2803 4374 2941 4445 μετὰ
2966 4375 3101 4428 Θεοῦ
3132 4376 3486 4446 τεταγμένος,
3518 4377 3664 4431 λαὸν

2079 4463 2426 4534 ὠφελήσειεν.
2458 4464 2581 4518 lam
2612 4481 2726 4518 vero
2772 4465 2936 4532 ipsius
2988 4482 3111 4534 erga
3167 4463 3459 4519 Ecclesium
3507 4483 3653 4520 cura!

2082 4568 2144 4605 ac
2205 4553 2438 4620 praesidii
2497 4569 2794 4623 quanquam
2844 4551 3010 4606 multa
3040 4571 3268 4622 gquoque
3302 4554 3409 4607 a.’ia
3450 4556 3655 4609 indicia

2081 4654 2233 4711 sunt,
2279 4644 2491 4698 libertas
2527 4644 2598 4696 ad
2648 4645 2927 4709 pra’sides,
2969 4661 3084 4697 cum
3116 4645 3272 4709 alios,
3314 4656 3421 4698 tum
3463 4656 3654 4713 poten-

2079 4736 2308 4789 tissimos
2348 4750 2576 4805 quosque
2636 4735 2881 4801 civitatis,
2929 4736 3400 4789 controversiarum
3451 4738 3652 4791 direm-

2079 4826 2285 4894 ptiones
2333 4839 2657 4894 nequaquam
2692 4835 2965 4892 suspectte,
2993 4826 3084 4878 sed
3126 4824 3188 4877 ab
3238 4826 3349 4890 eius
3382 4841 3501 4879 voce
3542 4826 3660 4896 for-

2078 4929 2237 4972 matte
2266 4934 2327 4970 ac
2373 4920 2691 4981 constitutis,
2720 4918 2973 4986 modoque
3009 4926 3255 4985 tanquam
3289 4917 3396 4985 lege
3425 4926 3655 4979 utentes,

2079 5008 2346 5077 egentium.
2373 5008 2686 5075 patrocinia,
2733 5007 2885 5075 plura
2937 5007 3145 5076 quidem
3179 5007 3513 5075 spiritantia,
3562 5011 3656 5061 sed

2083 5112 2256 5154 tamen
2303 5116 2553 5168 corporea
2594 5114 2698 5152 non
2725 5115 2894 5166 pauca
2928 5100 3072 5168 (nam
3097 5099 3151 5151 id
3186 5115 3385 5169 quoque
3412 5114 3656 5168 stupean-

2083 5209 2223 5246 mero
2253 5192 2322 5245 ad
2348 5191 2577 5244 animam
2604 5189 2791 5253 tendit,
2826 5204 2918 5256 per
2952 5187 3351 5241 benevolentiam
3382 5187 3655 5258 subigens,

2082 5300 2145 5336 ac
2186 5283 2321 5337 velut
2374 5282 2429 5334 in
2477 5279 2777 5334 seruitutem
2821 5278 3076 5347 trahens),
3106 5295 3392 5347 pauperum
3424 5279 3653 5333 alendo-

2083 5391 2221 5437 rum,
2248 5375 2505 5440 hospitum
2541 5371 2983 5440 excipiendorum,
3010 5371 3265 5441 uirginum
3293 5370 3654 5424 curandarum

2084 5468 2347 5527 studium,
2402 5465 2814 5519 monasticarum
2855 5462 3026 5533 legum
3065 5463 3417 5518 institutiones
3456 5464 3657 5531 pastini

2158 5666 2228 5735 (τ)
2271 5666 2476 5736 Sacra}.
2511 5665 2601 5720 lib.
2634 5682 2711 5736 Ill,
2745 5681 2792 5722 c.
2822 5664 2906 5720 12.

2154 5730 2232 5811 (d)
2271 5735 2363 5793 υτ.
2389 5730 2478 5805 at),
2506 5736 2627 5792 sto.
