3958 6212
1744 323 1904 381 VITA
1932 323 2002 420 .S.
2038 319 2303 376 BASILII.

3464 339 3609 380 XLVII

357 445 562 514 scripto,
599 444 795 514 partint
839 459 961 498 voce
1006 444 1242 511 tradita,
1293 462 1502 514 precum
1541 447 1934 516 descriptiones,
1966 453 2010 507 Α
2039 444 2137 512 ptis
2187 442 2440 496 mandata
2485 450 2633 504 sunt,
2681 437 2882 510 colligit
2938 439 3314 495 Tillemontius
3371 445 3606 496 nondum

351 537 579 590 sacrarii
630 537 1056 600 concinnitates,
1108 555 1168 591 ea
1211 540 1428 605 denique
1487 544 1702 607 omnia,
1733 542 1934 610 'quibus

350 629 614 696 quispiam
660 646 780 683 vere
821 629 912 682 Dei
962 629 1117 683 homo
1181 648 1242 684 ac
1293 631 1402 686 Deo
1449 634 1750 702 adjunctus,
1799 631 1935 700 plebi

348 721 598 784 prodesse
622 730 800 788 queat.

429 809 541 862 Duo
589 810 900 863 indicantur
929 810 1033 865 hoc
1074 811 1196 866 loco
1236 812 1420 866 Basilii
1473 813 1699 886 insignia
1745 832 1930 887 Opera,

347 896 568 968 Regula
601 903 912 954 monastica:
949 917 1012 956 ac
1058 901 1320 973 Liturgia.
1375 904 1585 976 Regulae
1615 911 1931 976 prolixiores

349 998 479 1041 ante
531 989 934 1044 ordinationem
995 993 1210 1060 scriptae
1245 995 1510 1049 'videntur
1555 1015 1570 1051 :
1610 999 1744 1053 nihil
1785 1003 1929 1056 enim

353 1078 560 1133 habent
602 1094 672 1134 ex
719 1094 829 1148 quo
861 1079 1119 1134 Basilium
1171 1091 1295 1137 tunc
1334 1086 1704 1156 presbyterum
1757 1089 1928 1145 fuisse

343 1169 589 1238 iudices;
645 1171 734 1236 ait;
767 1171 859 1240 (p.
912 1172 1052 1241 327)
1116 1182 1319 1227 tantum
1377 1176 1478 1230 sibi
1530 1193 1751 1234 necesse
1809 1195 1932 1237 esse

341 1258 766 1328 iustiﬁcationes
795 1264 886 1318 Dei
917 1265 1244 1319 annuntiare
1271 1285 1284 1320 :
1310 1268 1450 1331 quod
1479 1271 1697 1338 quidem
1730 1283 1928 1329 ascetas

345 1350 639 1420 discipulos
672 1352 976 1406 instituenti
1012 1356 1288 1408 convenit.
1317 1355 1434 1411 Non
1461 1374 1590 1428 ergo
1619 1361 1765 1414 aliud
1793 1377 1931 1432 opus

344 1441 546 1495 indicat
577 1440 875 1512 Gregorius
897 1444 994 1514 (a),
1022 1457 1143 1496 cum
1178 1445 1405 1513 scriptas
1427 1460 1457 1499 a
1487 1462 1548 1501 se
1574 1457 1630 1502 et
1655 1463 1685 1502 a
1717 1449 1914 1505 Basilio

343 1533 631 1588 monasﬁci
665 1534 895 1588 instituti
939 1535 1083 1604 leges
1111 1550 1519 1593 commemorat.
1550 1540 1622 1594 At
1653 1541 1707 1595 iu
1742 1557 1926 1607 prote-

343 1623 455 1676 tnio
535 1622 867 1693 Regularum
932 1625 1224 1680 breuiorum
1312 1628 1597 1684 manifeste
1663 1624 1931 1687 indicatur

342 1715 732 1774 sacerdotium.
760 1733 881 1771 cum
907 1719 1019 1771 ait:
1048 1717 1270 1773 Necesse
1294 1729 1370 1774 est
1397 1737 1487 1775 nos
1510 1724 1716 1792 quidem
1743 1726 1926 1794 quibus

2040 543 2165 588 tunc
2211 547 2337 585 suas
2371 531 2544 600 ipsum
2593 530 2847 584 Basilium
2900 531 3112 600 regulas
3159 531 3463 600 scripsisse.
3505 533 3609 586 Do-

2037 624 2262 678 ctissimi
2295 624 2393 675 viri
2443 622 2807 690 conjecturam
2855 637 2958 675 non
2995 623 3194 676 invitus
3227 637 3442 690 sequar.
3498 623 3606 678 Sed

2038 715 2164 768 mihi
2211 716 2428 784 probari
2465 730 2568 767 non
2603 722 2796 780 potest,
2829 715 2970 780 quod
3003 714 3142 769 idem
3177 714 3473 779 existimat,
3510 719 3610 767 lia-

2033 807 2243 869 silium,
2290 821 2410 860 cum
2461 806 2792 858 monasterio
2828 807 3054 861 Pontico
3104 807 3317 860 abesset
3364 807 3429 860 ad
3470 819 3608 860 tem-

2035 913 2154 966 pus,
2186 899 2300 952 hate
2331 898 2642 965 scripsisse;
2677 912 2906 965 cumque
2932 913 3091 966 quem
3139 899 3192 950 in
3237 898 3338 952 hac
3381 899 3605 966 epistola

2031 988 2397 1051 commendat,
2433 988 2650 1054 petiisse
2680 991 2747 1041 ab
2782 1004 2866 1054 eo,
2896 998 2952 1041 ut
2983 990 3099 1042 sine
3139 1004 3286 1043 mora
3337 992 3604 1043 monasti-

2031 1095 2152 1135 cum
2189 1081 2426 1134 habitum
2462 1079 2562 1132 sibi
2603 1083 2926 1133 concederet
2953 1080 3006 1132 in
3039 1096 3102 1133 eo
3135 1081 3272 1145 loco,
3333 1081 3421 1134 ubi
3474 1091 3601 1135 tunc

2032 1170 2476 1241 peregrinabatur
2503 1171 2756 1227 Basilius.
2797 1171 3149 1226 Monasticum
3179 1175 3322 1226 enim
3352 1174 3598 1227 habittm

2031 1262 2300 1325 designari
2343 1261 2714 1316 Tillemoutius
2745 1273 2899 1330 putat
2930 1263 3013 1317 his
3055 1264 3278 1318 verbis:
3311 1263 3421 1333 Ego
3461 1267 3601 1317 enim

2028 1353 2180 1405 illum
2216 1354 2300 1405 hic
2335 1354 2532 1406 amoris
2571 1370 2694 1424 erga
2730 1353 2894 1407 Deum
2931 1371 3180 1409 coronam
3211 1356 3446 1420 accipere
3492 1367 3605 1410 stu-
3655 1387 3662 1396 ο

2031 1443 2236 1496 dentem
2269 1443 2474 1496 distuli.

2102 1533 2300 1588 Verum
2345 1536 2545 1590 amoris
2580 1550 2706 1605 erga
2741 1534 2905 1590 Deum
2943 1551 3174 1600 corona,
3218 1551 3321 1590 non
3365 1546 3448 1590 est
3483 1553 3600 1591 mo-

2031 1627 2271 1682 nasticus
2313 1627 2546 1690 habitus,
2579 1628 2670 1680 sed
2712 1642 2919 1681 merces
2948 1645 2976 1680 a
3029 1627 3137 1681 Deo
3185 1636 3372 1681 sancte
3413 1629 3600 1681 viven-

2033 1717 2175 1771 tibus
2207 1719 2492 1785 promissa.
2521 1717 2687 1772 Nemo
2719 1718 3043 1772 induebatur
3089 1719 3384 1772 monastica
3429 1728 3599 1779 veste.

342 1807 596 1859 creditum
631 1819 708 1860 est
740 1825 927 1862 munus
962 1811 1201 1875 docendi,
1232 1820 1447 1878 paratas
1475 1831 1584 1867 esse
1613 1817 1755 1869 omni
1799 1825 1929 1869 rem-
1954 1813 2002 1872 B
2032 1819 2123 1862 aut
2180 1810 2232 1863 in
2291 1809 2579 1864 interiores
2638 1809 2949 1863 monasterii
3019 1810 3161 1864 sedes
3214 1811 3602 1866 admittebatur

337 1914 464 1965 pore
489 1909 540 1952 et
564 1901 846 1968 promptos
872 1903 940 1953 ad
974 1903 1305 1957 instruendus
1335 1907 1780 1975 per/iciendasque
1811 1908 1928 1960 ani-

339 2003 474 2049 mus,
503 1999 549 2039 et
583 1989 741 2040 modo
763 1989 971 2058 publice
993 2007 1169 2043 corant
1202 2002 1309 2044 tota
1339 1990 1580 2046 Ecclesia
1620 1995 1922 2058 contestari,

337 2078 492 2130 modo
521 2079 774 2137 privatim
829 2083 1124 2149 permittere
1155 2083 1432 2154 unicuique
1474 2101 1677 2146 eorum,
1721 2087 1810 2154 qui
1854 2086 1925 2137 ad

336 2188 430 2225 nos
485 2175 843 2238 accesserint,
890 2184 947 2226 ut
994 2191 1088 2228 suo
1137 2175 1397 2228 arbitratu
1457 2192 1550 2230 nos
1600 2179 1926 2246 interrogare

334 2267 560 2329 possint,
589 2275 699 2319 etc.
734 2266 809 2320 De
842 2264 1083 2342 Liturgia
1117 2267 1242 2320 alibi
1272 2282 1516 2338 agemus.

406 2356 470 2412 ll.
531 2357 1031 2428 NondumRegulas
1055 2359 1342 2428 scripserat
1368 2359 1614 2426 Basilius,
1663 2361 1755 2416 sed
1789 2360 1922 2414 scri-

333 2449 500 2503 bendi
576 2447 693 2514 jam
772 2449 1056 2502 consilium
1123 2458 1373 2519 ceperat,
1448 2465 1571 2504 cum
1635 2449 1919 2518 epistolam

336 2539 654 2594 vicesimam
689 2541 981 2594 secnndam
1021 2541 1294 2606 exaravit,
1345 2555 1466 2610 quae
1517 2549 1598 2596 est
1638 2541 1716 2594 De
1745 2541 1918 2610 perfe-

335 2631 506 2684 ctione
545 2631 667 2684 vita:
700 2631 1022 2684 monasticaz.
1051 2629 1111 2686 In
1143 2632 1256 2701 ipso
1302 2633 1448 2686 enim
1489 2633 1714 2688 exordio
1749 2643 1917 2688 testa-

338 2734 445 2787 tur,
468 2738 592 2777 cum
624 2722 791 2776 multa
819 2723 949 2785 sint,
979 2739 1098 2792 quae
1123 2739 1153 2777 a
1184 2723 1470 2793 Scriptura
1499 2724 1912 2794 praecipiuntur,

335 2827 394 2866 se
425 2816 493 2867 de
525 2813 612 2867 his
639 2814 880 2877 interim,
905 2815 971 2866 de
1001 2814 1199 2882 quibus
1225 2823 1496 2868 commota
1543 2816 1768 2884 quatstio
1799 2815 1916 2870 fue-

335 2909 440 2967 rat,
472 2902 690 2956 brevem
725 2902 1147 2957 admonitionem
1180 2902 1576 2973 subjecturum,
1603 2920 1706 2959 non
1747 2921 1915 2975 appo-

333 2997 453 3050 silis
487 2996 786 3067 Scriptura:
839 2997 1184 3062 testimoniis,
1235 2999 1332 3053 sed
1378 2999 1570 3053 lectori
1624 3001 1689 3053 ad
1740 3014 1911 3070 agno—

332 3085 592 3140 scendum
641 3086 865 3140 relictis.
907 3086 1078 3141 Nemo
1116 3096 1196 3141 cst
1239 3103 1371 3142 sane
1402 3088 1518 3157 qui,
1563 3088 1604 3142 si
1643 3088 1910 3158 ejusmodi

2026 1909 2150 1953 ante
2182 1898 2590 1968 professionem,
2628 1909 2682 1951 ut
2716 1909 2863 1965 patet
2906 1915 2971 1952 ex
3014 1901 3284 1970 interrog.
3312 1917 3346 1954 x
3397 1901 3602 1970 longio-

2025 2006 2144 2045 rum
2201 1989 2326 2061 Reg.
2367 1992 2483 2060 Ipsa
2527 1992 2686 2045 etiam
2725 1992 2987 2058 professio
3018 1994 3068 2046 in
3103 2009 3168 2048 eo
3215 1993 3318 2047 sita
3365 2005 3504 2059 erat,
3543 2004 3603 2048 ut

2025 2082 2259 2136 novitius
2291 2083 2530 2150 probatis
2579 2081 2816 2152 legitimo
2876 2092 3117 2151 tempore
3161 2084 3596 2153 periclitatisquc

2030 2175 2306 2237 moribus,
2353 2174 2581 2228 fratrum
2625 2190 2854 2228 numero
2893 2175 3271 2231 ascriberetur.
3320 2177 3601 2242 Quomodo

2021 2279 2150 2334 ergo
2171 2281 2200 2319 a
2233 2265 2427 2320 Basilio
2461 2276 2768 2320 transeunte
2792 2267 2842 2319 id
2869 2267 3088 2334 petitum
3119 2267 3327 2331 fuisset,
3369 2270 3510 2336 quod
3539 2268 3593 2321 in

2021 2353 2138 2421 ipso
2161 2355 2486 2409 monasterio
2511 2363 2713 2408 tantam
2739 2355 3042 2410 cautionem
3078 2365 3132 2410 et
3159 2357 3598 2412 deliberationem

2019 2444 2358 2512 postulabat?
2376 2445 2422 2499 ls
2439 2460 2588 2514 ergo,
2606 2459 2761 2514 quem
2779 2446 3120 2499 commendat
3136 2445 3602 2511 Basilius,volebat

2019 2551 2140 2591 sese
2198 2537 2250 2590 in
2304 2536 3003 2592 monasterio'Czesarieusi
3068 2552 3164 2607 per
3217 2547 3383 2592 totam
3433 2523 3620 2594 vitam.

2021 2629 2131 2684 Deo
2173 2643 2522 2693 consecrare,
2571 2629 2756 2698 ibique
2797 2632 2997 2685 amoris
3047 2646 3173 2701 erga
3225 2634 3388 2688 Deum
3436 2649 3599 2688 coro-

2017 2735 2140 2774 nam
2187 2721 2451 2788 accipere.
2499 2717 2681 2787 Neque
2727 2719 2853 2772 illud
2901 2721 3064 2774 etiam
3101 2720 3315 2777 difﬁcile
3367 2724 3582 2793 perspi-

2018 2813 2180 2876 citur,
2235 2811 2525 2872 Basilium,
2567 2809 2667 2864 etsi
2699 2824 2886 2863 curam
2938 2812 3293 2876 monasterii,
3338 2814 3481 2881 quod
3533 2815 3585 2868 in

2014 2901 2185 2958 Ponto
2218 2902 2552 2962 fundaverat,
2586 2915 2688 2954 non
2719 2901 2939 2954 omnino
2973 2903 3302 2970 abjecisset;
3341 2915 3467 2959 tunc
3515 2915 3596 2958 ta-

2015 3005 2137 3045 men
2169 3006 2274 3045 non
2310 2990 2548 3045 abfuisse
2573 2989 2638 3043 ad
2669 3000 2900 3058 tempus,
2925 2991 3018 3045 sed
3051 3007 3275 3059 prorsus
3302 2994 3584 3047 astrictum

2014 3079 2180 3136 fuisse
2219 3081 2551 3153 presbyterio
2595 3081 2854 3136 Ecclesia:
2897 3081 3275 3140 Caesariensis.
3307 3085 3604 3142 Statuerat.

330 3178 616 3231 exordium
650 3176 797 3247 legat
843 3178 1123 3241 attentius,
1155 3193 1260 3231 non
1300 3178 1456 3232 facile
1491 3181 1783 3248 perspiciat
1816 3180 1909 3234 Ba-
1941 3158 1984 3215 (ἶ
2016 3175 2156 3228 enim
2189 3174 2242 3226 in
2282 3173 2408 3227 illud
2447 3174 2832 3227 monasterium
2880 3174 3148 3243 proficisci
3173 3216 3186 3240 ,
3231 3192 3337 3230 non
3378 3187 3434 3230 ut
3473 3179 3590 3248 ipse

332 3269 530 3332 silium,
573 3282 696 3321 cum
742 3282 995 3336 magnum
1033 3268 1247 3336 aliquod
1290 3269 1356 3323 de
1402 3268 1669 3323 institutis
1717 3286 1909 3324 mona-

332 3360 485 3413 sticis
526 3374 661 3427 opus
705 3361 1080 3422 meditaretur,
1134 3359 1185 3412 in
1239 3374 1346 3426 quo
1379 3362 1694 3427 apponenda
1751 3369 1908 3415 erant

334 3445 626 3516 Scriptura:
660 3448 1003 3512 testimonia,
1047 3447 1161 3501 haec
1196 3449 1413 3502 interim
1471 3450 1710 3510 breviter
1770 3466 1909 3518 prat-

332 3549 483 3606 eepta
535 3541 847 3594 tradidisse.
887 3540 1038 3595 Unde
1069 3542 1207 3594 hanc
1253 3542 1534 3611 epistolam
1583 3558 1689 3596 non
1739 3545 1910 3599 multo

329 3640 452 3700 post
477 3630 660 3684 Basilii
693 3633 923 3685 reditum
957 3630 1320 3685 collocandum
1353 3631 1624 3685 existimo.

399 3722 556 3778 Circa
614 3724 755 3778 idem
816 3732 1027 3792 tempus
1072 3733 1126 3777 et
1188 3734 1313 3777 ante
1372 3723 1606 3791 scriptas
1669 3724 1907 3794 regulas,

327 3815 413 3869 vel
440 3826 610 3881 certe,
663 3831 787 3869 cum
818 3815 1080 3872 Caesareae
1117 3816 1418 3885 presbyteri
1467 3831 1687 3869 munere
1720 3817 1909 3884 funge-

329 3916 477 3961 retur
507 3907 766 3970 Basilius,
811 3905 1120 3963 collocanda
1164 3908 1390 3976 epistola
1426 3909 1679 3962 vicesima
1723 3911 1936 3990 tertia,l

328 4014 448 4066 qua:
484 3999 666 4052 minus
693 4009 947 4052 accurate
971 3998 1314 4062 inscribitur,
1345 3997 1788 4052 Commendatitia
1833 4002 1902 4053 ad

329 4091 668 4152 monachum,
713 4105 834 4144 cum
871 4090 1050 4158 potius
1099 4091 1195 4144 toti
1248 4092 1579 4146 monasterio
1628 4093 1904 4146 debuisset

327 4182 568 4236 inscribi.
612 4183 856 4236 Accessit
885 4183 1100 4251 quidam
1143 4183 1208 4236 ad
1245 4183 1504 4237 Basilium
1548 4183 1726 4238 saeculi
1757 4185 1908 4239 vani-

330 4284 488 4328 tatem
524 4286 903 4336 contemnens,
927 4289 990 4327 ac
1017 4275 1159 4328 viam
1202 4277 1269 4328 ad
1313 4273 1524 4328 Domini
1563 4277 1902 4329 mansionem

327 4366 676 4420 deducentem
731 4365 934 4433 ingredi
989 4366 1232 4431 cupiens.
1279 4366 1456 4434 Atque
1499 4366 1546 4420 is
1589 4367 1806 4435 quidem
1849 4367 1902 4420 in

2013 3266 2268 3321 novitium
2305 3265 2450 3318 illum
2484 3275 2714 3334 regeret,
2755 3266 2849 3319 sed
2882 3277 2938 3319 ut
2989 3268 3037 3322 ei
3073 3269 3356 3322 ductorem
3388 3281 3442 3323 et
3484 3286 3596 3324 ma-

2011 3357 2243 3427 giSIrum
2287 3357 2505 3425 pietatis
2551 3357 2870 3426 praeficeret.
2911 3357 3219 3425 Quinetiam
3253 3376 3376 3415 cum
3409 3377 3467 3416 se
3497 3378 3596 3418 oc-

2010 3449 2384 3516 cupationibus
2413 3450 2524 3503 suis
2557 3450 2768 3518 eripere
2801 3465 2906 3503 non
2944 3452 3223 3518 potuisset,
3269 3470 3444 3522 neque
3473 3455 3583 3509 eri-

2009 3553 2137 3606 pere
2168 3554 2324 3606 posse
2362 3548 2604 3606 speraret
2635 3554 2729 3606 per
2776 3548 2945 3591 totum
2979 3540 3109 3594 illud
3146 3550 3381 3612 tempus,
3435 3545 3579 3612 quod

2011 3629 2064 3682 in
2099 3631 2376 3699 probando
2411 3631 2616 3684 novitio
2661 3631 3036 3683 insumendum
3082 3643 3222 3698 erat,
3259 3636 3498 3702 praecipit
3535 3645 3594 3689 ut

2009 3738 2067 3777 se
2096 3737 2200 3776 non
2223 3733 2537 3792 exspectato
2565 3723 2824 3778 orobctur
2848 3733 2902 3776 et
2934 3724 3163 3779 fratrum
3211 3727 3385 3780 ordini
3421 3728 3593 3782 ascri-

2009 3815 2186 3868 batur.

2081 3903 2168 3958 lll.
2210 3902 2355 3958 Inter
2386 3905 2582 3959 eximia
2628 3905 2808 3960 Basilii
2859 3907 3158 3978 presbyteri
3209 3907 3466 3976 prteclare
3511 3909 3592 3962 fa-

2008 4006 2116 4059 cla,
2161 3996 2390 4065 palmam
2427 3999 2517 4051 dat
2557 3997 2852 4068 Gregorius
2899 3999 3274 4053 Nazianzenus
3316 3999 3590 4064 charitati,

2006 4104 2166 4156 quam
2218 4090 2268 4142 in
2308 4089 2448 4144 fame
2484 4090 2557 4162 (b)
2598 4092 2837 4146 ninnium
2891 4105 3010 4161 post
3061 4093 3338 4146 hominum
3384 4109 3589 4146 memo-

2007 4181 2145 4233 riam
2211 4182 2548 4235 atrorissima
2605 4182 2932 4252 designavit.
2981 4184 3319 4239 Calamitatis
3370 4200 3587 4238 causam

2006 4271 2201 4325 frustra
2239 4275 2430 4341 repetit
2478 4273 2741 4328 Barouius
2776 4274 2846 4344 (ε)
2897 4290 2961 4329 ex
3013 4277 3277 4343 grandine
3327 4278 3590 4329 inusitata:

2007 4363 2404 4432 magnitudinis,
2431 4380 2590 4433 quam
2626 4366 2795 4420 instar
2831 4351 3064 4436 lapidum
3095 4367 3347 4422 Socrates
3374 4369 3456 4438 (ιι)
3490 4382 3582 4420 ce-

327 4456 440 4525 ipso
468 4456 612 4519 loco,
646 4455 733 4509 ubi
771 4466 894 4509 tunc
921 4466 1039 4509 erat
1068 4457 1316 4532 Basilius,
1349 4457 1702 4512 monasticam
1737 4460 1898 4511 vitam
1931 4498 1978 4558 ι)
2005 4454 2201 4508 cidisse
2250 4466 2435 4510 narrat
2501 4457 2962 4528 Constantinopoli
3031 4475 3174 4514 anno
3241 4460 3382 4524 567,
3430 4469 3586 4513 sexto

326 4548 573 4616 amplecti
620 4547 873 4612 volebat;
921 4548 1014 4602 sed
1063 4563 1184 4601 eum
1220 4547 1451 4603 Basilius
1505 4548 1807 4612 diti‘erehat,
1842 4550 1895 4603 in

324 4638 604 4695 Pomicum
659 4641 1045 4693 monasterium
1109 4639 1376 4694 deducere
1446 4642 1684 4706 malens,
1738 4642 1897 4710 eique

324 4731 430 4785 illic
483 4732 802 4798 magistrum
851 4731 1083 4798 aliquem
1117 4729 1359 4799 pietatis,
1407 4746 1565 4799 quem
1623 4733 1736 4801 ipse
1783 4733 1894 4786 ele-

323 4825 507 4891 gisset,
549 4823 844 4892 praeficere.
875 4829 942 4876 At
970 4822 1198 4877 Basilius
1234 4823 1464 4893 negotiis
1494 4827 1744 4878 detentus
1773 4840 1894 4878 cum

322 4916 373 4968 in
419 4914 650 4970 Pontum
701 4915 969 4983 proficisci
1020 4930 1122 4967 non
1173 4925 1372 4983 posset,
1426 4917 1573 4970 misit
1622 4916 1894 4970 hominem

321 5023 441 5061 cum
479 5007 703 5071 litteris,
732 5024 795 5060 ac
829 5007 1106 5060 monachis
1140 5005 1417 5075 praecepit,
1449 5017 1502 5058 ut
1535 5021 1655 5060 eum
1691 5006 1792 5060 rite
1836 5014 1890 5059 et

321 5097 552 5166 legitime
607 5099 932 5164 probarent,
968 5105 1023 5149 et
1066 5098 1206 5165 quod
1255 5097 1370 5167 ipse
1418 5113 1538 5151 cum
1584 5097 1663 5151 eis
1714 5097 1892 5151 facere

319 5190 583 5251 voluerat,
612 5188 662 5241 id
694 5188 812 5243 sine
841 5204 900 5241 se
933 5188 1274 5256 perficerent.

393 5280 466 5333 Ex
520 5280 606 5333 bis
649 5280 892 5348 epistola:
939 5280 1138 5342 verbis,
1167 5278 1452 5332 Elementis
1488 5279 1758 5334 imbuatur
1807 5296 1889 5333 se-

321 5374 541 5426 cundum
579 5387 640 5424 ea
678 5388 797 5441 qua:
839 5389 870 5424 ιι
915 5370 1160 5426 Patribus
1201 5372 1397 5427 sanctis
1441 5379 1641 5426 statuta
1671 5383 1718 5428 et
1760 5373 1893 5428 scri-

387 5599 462 5664 (a)
509 5598 634 5651 Naz.
665 5613 749 5666 ep.
780 5599 834 5652 9.

408 5669 455 5736 b)
496 5670 589 5722 Or.
617 5669 705 5722 ΞΟ.

408 5672 455 5736 b)
496 5672 589 5722 Or.
617 5672 705 5722 ΞΟ.

385 5672 452 5811 ξι)
495 5741 574 5795 Ad
605 5755 694 5793 an.
723 5737 849 5792 367.

2003 4545 2186 4600 Nonas
2229 4545 2378 4600 Julii.
2431 4547 2571 4601 Idem
2611 4549 2794 4604 multis
2843 4551 2980 4604 locis
3034 4551 3296 4606 accidisse
3354 4559 3585 4604 testatur

2005 4637 2337 4692 Sozomenus
2368 4639 2437 4711 (e)
2469 4658 2482 4693 :
2511 4641 2604 4694 sed
2636 4641 2832 4696 famem
2865 4642 2988 4696 inde
3021 4651 3366 4695 consecutam
3398 4652 3587 4697 neitter

2003 4729 2278 4783 iudicavit.
2309 4731 2488 4800 Longe
2522 4733 2938 4800 probabiliorem
2965 4748 3184 4787 causam
3217 4734 3370 4786 nobis
3399 4735 3575 4804 aperit

2002 4820 2253 4886 Basilius,
2283 4824 2372 4889 qui
2404 4822 2456 4876 iu
2492 4823 2716 4876 llomilia
2750 4825 2800 4876 in
2836 4823 3032 4876 famem
3065 4832 3119 4876 et
3155 4823 3454 4877 siccitatem
3495 4826 3575 4880 sic

2004 4911 2238 4982 loquitur
2263 4931 2314 4966 ιι.
2337 4914 2392 4978 9,
2414 4931 2464 4984 p.
2492 4916 2559 4968 65
2589 4934 2600 4968 :
2639 4915 2819 4968 Hiems
2837 4916 3048 4968 solitum
3066 4915 3332 4969 humorem
3351 4917 3579 4970 siccitati

2001 5006 2284 5057 admistum
2323 5023 2424 5058 non
2465 5006 2668 5072 habuit,
2693 5008 2783 5059 sed
2800 5008 3065 5060 humorem
3087 5023 3287 5061 omnem
3305 5008 3474 5076 glacie
3488 5026 3578 5060 as-

1998 5099 2184 5151 trinxit
2231 5099 2631 5167 exsiccavitque,
2664 5110 2710 5152 et
2739 5101 2952 5154 omnino
2984 5100 3182 5152 uirium
3231 5101 3579 5168 imbriumque

1995 5204 2177 5256 expers
2215 5197 2520 5256 permansit.
2561 5189 2659 5244 Ver
2685 5208 2872 5244 rursus
2919 5191 3141 5245 alteram
3194 5194 3400 5261 quidem
3451 5209 3576 5261 pro-

1996 5282 2274 5348 prietatem
2325 5299 2542 5334 suarum
2589 5295 2788 5350 partem
2841 5286 3100 5349 ostendit,
3151 5286 3379 5338 calorem
3431 5287 3574 5347 dico,

1997 5373 2232 5425 humoris
2281 5387 2455 5426 autem
2502 5377 2760 5446 particeps
2814 5392 2915 5432 non
2966 5376 3080 5434 fuit.
3125 5375 3316 5432 fEstus
3367 5391 3486 5430 vero
3525 5384 3576 5430 ot

2093 5595 2148 5664 (ί)
2183 5594 2301 5647 Lib.
2328 5610 2398 5655 Iv,
2434 5609 2482 5648 c.
2512 5594 2596 5648 Η.

2093 5597 2148 5664 ιι)
2183 5597 2301 5647 Lib.
2328 5610 2398 5655 ιν.
2434 5609 2482 5648 c.
2512 5597 2595 5648 ll.

2069 5597 2138 5736 is}
2179 5664 2296 5721 Lib.
2329 5681 2404 5731 ιιι,
2432 5680 2480 5720 c.
2510 5664 2595 5720 10.
