3958 6212
395 313 566 353 XL‘III

1746 302 2281 365 PROLEGOMENA.

391 422 563 488 frigus
589 420 801 474 insolito
827 420 981 473 modo
1011 420 1258 475 terminos
1291 422 1579 477 creationis
1617 429 1970 495 transgressa,
2001 428 2048 485 Α
2076 424 2285 479 abluere
2317 426 2528 481 minime
2562 443 2717 497 grave
2749 430 2998 494 ducebat,
3032 429 3376 484 ministerium
3406 423 3657 497 imitans,

391 524 443 566 et
475 513 799 567 incommode
831 514 900 565 ad
934 513 1214 581 perniciem
1249 525 1485 570 nostram
1522 520 1904 588 conspirantia,
1936 537 1970 574 a

392 610 534 662 rictu
564 620 610 662 et
638 626 669 660 a
695 608 803 662 vita
829 608 1077 662 mortales
1111 607 1353 678 abigunt.
1390 609 1565 681 Supra
1601 612 1680 666 sic
1711 612 1972 668 describit

393 702 568 769 ipsam
619 700 918 755 siccitatem
969 711 1023 755 et
1082 701 1278 756 famem
1334 717 1397 757 ex
1452 719 1516 757 ea
1570 715 1968 761 consecutam:

390 792 625 859 Caelum,
667 792 873 862 inquit,
915 792 1169 856 videmus,
1212 793 1440 862 fratres,
1473 797 1697 859 durum,
1736 796 1969 858 nudum,

388 886 503 939 sine
532 885 779 950 nubibus,
824 886 1025 938 tristem
1059 885 1196 938 hanc
1229 886 1562 940 serenitatem
1593 902 1800 951 creans,
1846 902 1974 939 sua-

390 992 488 1043 que
520 976 748 1043 puritate
779 975 1005 1046 afﬂigens
1035 991 1126 1029 nos
1152 987 1172 1025 :
1202 991 1360 1040 quam
1392 985 1565 1029 tamen
1609 985 1765 1029 antea
1821 975 1973 1028 valde

391 1067 750 1131 cupiebamus,
800 1083 919 1119 cum
968 1066 1061 1118 diu
1109 1064 1331 1119 nubibus
1375 1065 1657 1120 obductum
1707 1065 1973 1119 induceret

393 1159 542 1212 nobis
576 1159 846 1220 tenebras,
885 1169 930 1211 et
978 1159 1085 1212 sole
1132 1159 1380 1227 privaret.
1427 1157 1587 1212 Terra
1630 1168 1805 1211 autem
1856 1174 1974 1225 per-

386 1269 548 1324 quam
580 1253 756 1318 arida,
786 1251 1076 1318 injucunda
1107 1259 1182 1303 est
1217 1258 1454 1319 aspectu,
1495 1259 1663 1319 segete
1693 1248 1889 1302 sterilis
1920 1257 1969 1301 et

390 1344 698 1412 infecunda,
734 1342 899 1396 scissa
936 1341 1164 1394 hiatibus
1190 1353 1238 1394 et
1272 1341 1534 1408 disrupta,
1562 1347 1610 1393 et
1637 1341 1691 1392 in
1730 1338 1849 1392 imis
1891 1339 1975 1392 sui

392 1436 634 1506 partibus
678 1433 933 1503 fulgentes
977 1433 1104 1486 solis
1154 1433 1334 1485 radios
1367 1430 1650 1496 excipiens.
1682 1429 1879 1485 Fontes
1923 1439 1974 1483 et

392 1529 590 1595 capiosi
617 1538 662 1581 et
694 1542 941 1595 perennes
976 1525 1276 1593 defecerunt
1317 1540 1432 1589 nos,
1465 1523 1752 1592 ingentium
1783 1523 1964 1592 ﬂumi-

396 1637 526 1673 num
545 1618 825 1686 absumpta
847 1629 966 1671 sunt
997 1618 1219 1686 ﬂuenta,
1250 1616 1400 1683 pueri
1432 1616 1637 1668 minimi
1664 1631 1726 1667 ea
1756 1613 1973 1682 pedibus

392 1720 682 1779 permeant,
715 1720 871 1780 atque
910 1719 1113 1762 onusta:
1154 1707 1397 1761 mulieres
1445 1708 1742 1776 trajiciunt.
1791 1705 1974 1776 Defuit

393 1801 550 1854 e.‘iam
588 1801 851 1870 plerisque
882 1814 1119 1854 nostrum
1165 1807 1341 1868 potus,
1376 1817 1437 1853 ac
1468 1800 1521 1852 in
1550 1800 1771 1868 penuria
1797 1815 1971 1852 rerum

392 1894 462 1947 ad
513 1893 673 1948 vitam
720 1893 1135 1947 necessariarum
1190 1908 1484 1948 versantur.
1536 1890 1798 1946 Israelita:
1855 1892 1973 1944 nari

392 2003 581 2040 nouum
623 1985 856 2057 Moysem
904 1996 952 2040 et
1006 1988 1205 2056 uirgam
1270 1983 1600 2038 mirabilium
1660 1983 1971 2053 effectricem

388 2081 726 2150 conquirunt,
768 2088 822 2132 ut
864 2086 1026 2148 petra:
1060 2093 1244 2130 rursus
1275 2091 1538 2145 percussa:
1571 2074 1877 2128 necessitati
1912 2090 1973 2127 ac

391 2173 625 2241 penuria:
693 2171 919 2225 sitientis
973 2168 1153 2238 populi
1197 2169 1525 2230 medeantur,
1579 2177 1627 2219 et
1688 2165 1971 2221 insolentes

390 2265 635 2332 quamam
677 2262 860 2325 nubes,
905 2260 1039 2315 roris
1082 2261 1141 2313 in
1185 2274 1405 2324 morem,
1438 2258 1702 2313 insuetum
1751 2257 1974 2311 alimen-

393 2365 505 2408 tum
539 2370 731 2407 manna
771 2352 1070 2406 hominibus
1110 2351 1407 2403 demittant.
1449 2348 1738 2403 Vereamur
1768 2365 1829 2402 ne
1870 2348 1974 2417 [ia-

392 2461 510 2499 mus
535 2446 752 2514 posteris
786 2460 973 2498 novum
999 2442 1157 2512 famis
1184 2452 1232 2496 et
1276 2441 1488 2495 mulcto:
1513 2440 1827 2511 exemplum.
1856 2440 1973 2495 Vidi

352 2530 356 2535 ⁴
393 2552 549 2606 agros
587 2544 638 2591 et
673 2536 918 2605 lacrymis
951 2534 1130 2587 multis
1160 2532 1488 2587 sterilitatem
1537 2548 1718 2587 eorum
1757 2532 1968 2601 deﬂeri,

394 2642 609 2696 sumque
634 2626 972 2690 lamentatus,
997 2625 1137 2694 quod
1169 2623 1346 2678 nullus
1374 2624 1432 2677 in
1462 2639 1554 2677 nos
1581 2622 1747 2676 imber
1772 2623 1972 2693 aﬂuens

393 2726 492 2772 est.
519 2716 732 2772 Semina
756 2718 997 2786 quazdam
1026 2716 1257 2786 germine
1290 2716 1513 2770 necdum
1541 2715 1732 2768 emisso
1760 2730 1966 2779 aruere,

393 2807 523 2861 talia
557 2807 918 2875 permanentia
957 2807 1093 2861 inter
1123 2806 1325 2877 glebas,
1364 2805 1547 2877 qualia
1587 2813 1830 2859 aratrum
1876 2805 1969 2859 ob-

392 2907 636 2952 texerat:
666 2898 776 2952 alia
822 2897 1100 2965 paululum
1129 2899 1518 2967 prominentia,
1560 2908 1674 2964 post
1709 2899 1972 2968 germina-

392 2988 587 3041 tionem
614 2988 985 3042 miserabiliter
1010 2999 1141 3041 testu
1167 2994 1218 3041 et
1242 2987 1432 3040 ardore
1459 2986 1696 3055 arefacta
1727 2997 1871 3054 sunt,
1895 2989 1970 3042 sic

391 3089 450 3132 ut
488 3081 650 3147 possit
687 3094 822 3132 nunc
860 3077 1054 3148 aliquis
1097 3077 1461 3132 convenienter
1504 3077 1641 3131 hanc
1694 3075 1970 3147 Evangelii

390 3186 568 3223 vocem
599 3170 871 3232 invertere,
897 3183 959 3221 ac
987 3168 1158 3222 dicere
1192 3180 1211 3220 :
1245 3184 1265 3218 ι
1299 3165 1542 3234 Uperarii
1569 3166 1776 3237 quidem
1800 3166 1975 3236 multi,

392 3261 485 3314 sed
532 3261 714 3314 messis
745 3276 807 3314 ne
840 3274 1010 3328 pauca
1047 3259 1280 3330 quidem.
1318 3278 1335 3305 ι
1381 3257 1642 3328 Agricola:
1694 3270 1867 3314 autem
1918 3262 1974 3314 in

390 3353 534 3422 agris
584 3354 912 3419 desidentes,
953 3359 1003 3406 et
1037 3351 1280 3405 manibus
1333 3367 1505 3420 genua
1553 3351 1811 3419 complexi
1862 3352 1974 3422 (qui

390 3461 520 3499 sane
562 3442 849 3513 lugentium
877 3444 1089 3497 habitus
1121 3443 1241 3512 est),
1281 3442 1461 3496 inanes
1501 3458 1623 3496 suos
1652 3441 1854 3498 labores
1884 3445 1975 3498 de-

391 3534 626 3604 plorant,
660 3535 995 3602 respicientes
1041 3535 1111 3587 ad
1145 3533 1374 3603 infantes
1418 3548 1630 3598 pueros,
1661 3548 1725 3586 ac
1776 3534 1976 3589 lamen-

392 3636 586 3694 tantes,
612 3636 662 3680 et
701 3626 869 3681 oculis
917 3627 975 3681 in
1019 3642 1209 3681 uxores
1253 3625 1471 3679 intentis
1516 3626 1729 3695 ﬂentes,
1769 3628 1975 3682 contin-

393 3728 567 3788 gentes
599 3719 766 3772 siccas
798 3718 1010 3787 frugum
1041 3718 1228 3773 herbas
1258 3727 1305 3771 et
1336 3724 1741 3783 contrectantes,
1768 3717 1975 3773 edentes

391 3829 609 3883 magnos
640 3813 871 3883 ejulatus
918 3814 1132 3883 perinde
1178 3825 1333 3884 atque
1373 3820 1548 3879 patres
1588 3812 1716 3880 Ifiliis
1757 3812 1866 3865 suis
1922 3817 1976 3867 in

394 3907 568 3960 wtatis
603 3908 735 3975 flore
773 3906 967 3960 orbati.

464 3997 665 4053 Malum
694 3999 1105 4067 ingravescebat
1134 4000 1252 4070 ipso
1278 4002 1636 4072 Cappadociae
1667 4006 1799 4074 situ,
1839 4023 1962 4078 quae

394 4106 519 4145 cum
567 4099 777 4145 remota
814 4091 886 4145 sit
930 4105 960 4143 a
1010 4093 1176 4157 mari,
1232 4108 1331 4148 nec
1378 4110 1441 4148 ea
1496 4096 1696 4165 quibus
1738 4099 1979 4154 abundat

394 4189 705 4250 exportare,
744 4197 844 4235 nec
871 4196 993 4250 qua:
1031 4184 1225 4237 desunt
1268 4183 1427 4240 facile
1475 4187 1735 4244 invehere
1765 4201 1973 4259 petest;

393 4272 488 4327 sed
522 4271 656 4326 nihil
689 4272 741 4325 in
774 4272 858 4326 his
892 4272 1047 4327 malis
1076 4275 1370 4341 crudelius,
1399 4293 1562 4346 quam
1591 4281 1817 4335 divitum
1848 4298 1976 4337 ava-

394 4364 557 4428 ritia,
598 4364 689 4433 qui
739 4363 902 4418 veluti
954 4381 1161 4434 ungues
1194 4367 1415 4437 quidam
1455 4370 1507 4425 in
1553 4374 1744 4441 patriae
1793 4376 1975 4430 ulcere

2074 516 2331 586 simulque
2372 534 2687 586 puerorum,
2724 521 2828 574 sive
2878 506 3244 574 conservorum
3282 538 3532 585 suorum,
3579 522 3655 575 ad

2073 623 2187 661 eam
2228 624 2336 661 rem
2367 625 2523 676 opera
2555 621 2723 673 utens,
2758 628 3046 680 pauperum
3093 628 3313 682 corpora
3349 624 3397 667 et
3436 615 3648 667 animas

2073 698 2322 766 curabat,
2372 700 2620 755 honorent
2673 718 2851 770 nempe
2894 719 3012 759 cum
3054 704 3344 758 necessario
3394 704 3652 760 alimento

2074 799 2402 854 connectens,
2431 800 2586 862 atque
2632 794 2865 862 ipsorum
2906 796 3258 849 calamitatem
3293 796 3536 866 utrinque
3572 794 3655 851 le-

2075 880 2246 934 niens.
2314 879 2410 934 llis
2467 882 2698 937 addebat
2750 883 2922 952 majus
2984 884 3340 953 beneﬁcium,
3395 894 3453 940 et
3500 887 3655 954 ipsos

2074 970 2237 1023 etiam
2294 971 2505 1028 animos
2565 974 2802 1030 cmlestis
2853 976 3112 1031 doctrinae
3166 974 3365 1046 pabulo
3430 976 3653 1030 nutrie-

2074 1057 2188 1114 bat.

2146 1154 2234 1214 IV.
2276 1156 2403 1212 llaec
2441 1157 2832 1211 conﬁrmantur
2874 1173 2900 1213 ιι
2940 1158 3202 1229 Gregorio
3233 1158 3498 1230 Nysseno,
3552 1158 3652 1228 qui

2076 1248 2128 1301 in
2160 1248 2301 1304 libro
2330 1265 2348 1302 ι
2389 1250 2442 1302 in
2476 1249 2797 1303 Eunomium
2832 1247 2906 1321 (b)
2944 1259 3174 1304 testatur
3198 1250 3451 1305 Basiliam
3481 1251 3656 1321 patri-

2076 1339 2315 1391 monium
2343 1348 2397 1392 et
2428 1346 2552 1393 ante
2581 1341 2946 1394 sacerdotium
2978 1339 3273 1395 liberaliter
3303 1342 3354 1395 in
3384 1355 3653 1411 pauperes

2074 1428 2324 1486 effudisse
2364 1449 2377 1487 :
2428 1440 2482 1484 et
2534 1431 2800 1500 praecipue
2850 1432 2904 1485 in
2953 1447 3181 1488 annona:
3227 1434 3476 1500 caritate,
3525 1449 3655 1488 cum

2076 1533 2340 1593 pratesset
2375 1524 2649 1586 Ecclesiae,
2685 1526 2862 1579 adhuc
2896 1525 2947 1579 in
2986 1527 3427 1597 presbyterorum
3457 1526 3658 1581 ordine

2079 1614 2391 1668 ministrans
2423 1629 2439 1668 :
2481 1630 2581 1670 nec
2612 1624 2798 1683 postea
2830 1630 3040 1681 eorum,
3072 1631 3193 1684 qua:
3224 1616 3429 1686 reliqua
3467 1627 3654 1684 erant,

2079 1717 2300 1771 parcum
2348 1705 2558 1759 fuisse:
2592 1704 2704 1777 Τὴν
2755 1705 3015 1778 πατρῴαν
3049 1707 3239 1761 οὐσίαν
3271 1708 3365 1760 καὶ
3406 1707 3512 1776 πρὸ
3547 1708 3658 1778 τῆς

2008 1778 2046 1831 Β
2079 1794 2402 1866 ἱερωσύνης,
2430 1796 2664 1866 ἀφειδῶς
2695 1798 2985 1863 ἀναλώσας
3020 1801 3132 1862 τοῖς
3164 1799 3381 1869 πένησι,
3412 1801 3506 1852 καὶ¹
3543 1800 3656 1871 μά-

2076 1885 2234 1941 λιστα
2264 1889 2321 1940 ὲν
2363 1888 2441 1959 τῷ
2469 1891 2568 1961 τῆς
2603 1890 2868 1954 σιτοδείας
2900 1888 3078 1962 καιρῷ
3108 1890 3230 1944 καθ’
3264 1890 3323 1945 ὂν
3360 1890 3659 1945 ἐπεστάτει

2074 1980 2175 2050 τῆς
2219 1980 2563 2053 Ἐκκλησὶας,
2594 1981 2672 2034 ἔτι
2705 1984 2763 2036 ὲν
2788 1981 2865 2053 τῷ
2899 1982 3083 2055 κλήρῳ
3110 1983 3218 2038 τῶν
3265 1982 3662 2054 πρεσϐυτέρων

2076 2066 2372 2137 ἱερατεύων
2400 2068 2495 2122 καὶ
2528 2070 2666 2140 μετὰ
2691 2069 2885 2137 ταῦτα,
2915 2071 3049 2141 μηδὲ
3076 2071 3184 2125 τῶν
3216 2071 3662 2143 ὑπολειφθέντων

2076 2161 2423 2229 φεισάμενος.
2454 2158 2599 2216 Idem
2626 2161 2677 2214 in
2713 2171 2851 2216 orat.
2892 2163 2945 2214 in
2973 2162 3138 2216 Basil.
3171 2163 3238 2235 (c)
3270 2163 3347 2218 sic
3378 2164 3658 2233 loquitur:

2074 2249 2249 2320 Λιμοῦ
2295 2248 2403 2323 γάρ
2454 2268 2582 2304 ποτε
2628 2252 2865 2322 χαλεποῦ
2911 2255 3343 2318 καταπονοῦντος
3393 2255 3564 2327 αὐτήν
3591 2274 3662 2309 τε

2075 2341 2173 2412 τὴν
2235 2341 2387 2395 πόλιν
2451 2343 2507 2396 ἐν
2645 2343 2999 2414 διαιτώμενος
3053 2345 3336 2415 ἐτύγχανε,
3393 2346 3487 2399 καὶ
3543 2348 3661 2400 πᾶ-

2076 2450 2175 2487 σαν
2220 2435 2318 2505 τὴν
2365 2435 2729 2491 ὑποτελοῦσαν
2769 2440 2837 2509 τῇ
2883 2437 3034 2491 πόλει
3078 2436 3283 2509 χώραν,
3317 2437 3416 2502 τὰς
3455 2439 3661 2493 ἑαυτοῦ

2076 2524 2298 2594 κτήσεις
2336 2525 2692 2597 ἀποδόμενος,
2740 2520 2843 2580 καὶ
2878 2528 2959 2590 εἰς
3003 2527 3211 2598 τροφὰς
3250 2528 3540 2599 διαμείψας
3583 2529 3663 2583 τὰ

2074 2616 2355 2687 χρήματα,
2399 2618 2488 2670 ὅτε
2531 2618 2755 2671 σπάνιον
2792 2612 2858 2687 ἧν
2898 2619 3149 2683 καὶτοὺς
3192 2619 3396 2691 σφόδρα
3439 2637 3657 2692 παρεσ-

2075 2708 2442 2779 κευασμένους
2466 2710 2744 2782 τράπεζαν
2769 2712 2980 2776 ἑαυτοῖς
3000 2712 3476 2785 παραστήσασθαι,
3499 2714 3662 2784 διήρ-

2075 2817 2233 2853 κεσεν
2266 2802 2472 2865 ἐκεῖνος
2502 2805 2559 2856 ὲν
2591 2804 2754 2856 παντὶ
2792 2802 2871 2875 τῷ
2903 2805 3080 2876 χρόνῳ
3109 2804 3201 2857 τοῦ
3240 2803 3399 2875 λιμοῦ
3433 2806 3658 2877 τρέφων

2074 2891 2200 2955 τούς
2244 2910 2301 2946 τε
2354 2894 2694 2966 πανταχόθεν
2748 2896 3099 2968 συρρέοντας,
3144 2898 3239 2951 καὶ
3283 2898 3380 2969 τὴν
3430 2899 3659 2953 νεολέαν

2076 2987 2277 3050 παντὸς
2302 2987 2396 3041 τοῦ
2422 2989 2595 3060 δήμου
2625 2990 2724 3059 τῆς
2756 2991 2981 3056 πόλεως,
3012 2991 3087 3055 ὡς
3116 2993 3209 3046 καὶ
3234 2996 3348 3056 τοῖς
3372 2993 3479 3047 τῶν
3521 2994 3660 3046 Ἰου-

2076 3076 2238 3132 δαίων
2268 3080 2456 3134 παισὶν
2489 3082 2554 3134 ἐκ
2588 3081 2680 3135 τοῦ
2714 3083 2830 3136 ἴσου
2865 3084 3177 3154 προτιθέναι
3214 3085 3314 3156 τῆς
3340 3085 3655 3158 φιλανθρω-

2077 3169 2208 3232 πίας
2237 3170 2439 3241 ταύτης
2485 3172 2583 3244 τὴν
2619 3175 2936 3244 μετουσίαν.
2985 3175 3117 3231 Cum
3150 3177 3317 3246 fames
3361 3178 3660 3247 aliquando

2074 3264 2250 3333 gravis
2282 3265 2525 3334 afﬂigeret
2564 3283 2682 3320 cum
2704 3269 2874 3338 ipsam
2900 3269 3159 3323 civitatem
3193 3271 3248 3323 in
3279 3287 3383 3341 qua
3414 3272 3658 3341 degebat,

2077 3368 2186 3411 tum
2216 3357 2478 3427 subjectos
2509 3359 2712 3442 civitati
2756 3376 2913 3429 agros
2948 3376 3140 3423 omnes,
3177 3362 3419 3429 proprias
3445 3378 3658 3429 posses-

2075 3448 2245 3502 siones
2281 3450 2529 3515 vendens,
2574 3461 2623 3504 et
2668 3449 2936 3504 alimentis
2977 3454 3259 3521 pecuniam
3291 3459 3653 3515 commutatis,

2077 3550 2186 3593 tum
2217 3556 2338 3594 cum
2367 3556 2548 3594 rarum
2577 3550 2730 3604 esset,
2758 3549 2817 3595 ut
2859 3541 3045 3610 quibus
3075 3558 3157 3596 res
3187 3543 3312 3596 bene
3338 3542 3490 3595 lauta
3517 3553 3655 3605 erat.

2076 3644 2309 3681 mensam
2350 3628 2448 3682 sibi
2489 3640 2829 3699 opponerent,
2876 3647 2981 3685 non
3025 3632 3179 3684 desiit
3214 3631 3304 3685 ille
3351 3642 3458 3685 toto
3494 3632 3657 3699 {antis

2077 3724 2305 3785 tempore
2323 3716 2464 3772 alere
2483 3730 2531 3772 et
2553 3734 2639 3772 eos
2662 3720 2751 3790 qui
2777 3720 3008 3789 undique
3027 3721 3387 3791 con/luebant,
3415 3732 3465 3777 et
3490 3722 3651 3775 totius

2074 3810 2250 3879 populi
2273 3810 2501 3865 civitatis
2532 3812 2877 3881 iuventutem,
2900 3819 2980 3868 ita
3018 3825 3075 3868 ut
3103 3826 3149 3867 et
3177 3813 3489 3868 Juda'orum
3510 3813 3667 3882 filios.

2077 3915 2228 3962 tequa
2256 3911 2405 3968 parte
2429 3900 2586 3971 hujus
2617 3903 2963 3958 humanitatis
2990 3905 3295 3974 impertiret.

2147 3993 2206 4047 In
2239 4003 2469 4064 utroque
2501 3996 2734 4067 Nysseni
2760 3997 3171 4065 interpretando
3200 3997 3508 4052 testimonio
3547 4011 3657 4052 non

2076 4085 2494 4142 accuratissime
2548 4098 2797 4143 versatur
2844 4089 3241 4144 Tillemontius.
3295 4088 3456 4143 Putat
3506 4091 3654 4143 enim

2077 4172 2356 4243 Basilium,
2394 4191 2515 4231 cum
2562 4177 2721 4233 initio
2751 4194 2998 4235 secessus
3029 4179 3283 4234 nonnulla
3316 4179 3421 4234 sibi
3452 4193 3519 4233 ex
3549 4194 3653 4247 pa-

2080 4267 2248 4320 ternis
2276 4268 2490 4337 praidiis
2517 4281 2866 4337 reservasset,
2890 4287 2955 4325 ea
2982 4273 3033 4324 in
3063 4285 3328 4340 pauperes
3354 4270 3657 4327 liberaliter

2078 4355 2333 4413 ell‘udisse
2376 4358 2431 4412 in
2481 4374 2689 4414 summa
2737 4377 2962 4416 annona:
3016 4360 3268 4415 caritate.
3325 4362 3395 4414 At
3448 4360 3499 4414 id
3545 4377 3655 4416 non

394 4471 518 4513 esse
562 4459 755 4517 solent,
802 4470 867 4510 ac
920 4465 1223 4526 temporum
1273 4459 1617 4518 didit-uitales
1651 4465 1965 4530 observare,

2079 4449 2206 4503 dicit
2249 4449 2547 4521 Nyssenus,
2595 4451 2856 4506 Basiliam
2907 4461 3217 4507 reservatas
3247 4452 3350 4509 sibi
3391 4453 3459 4506 ab
3499 4452 3657 4508 initio

395 4556 458 4600 ut
485 4559 552 4599 ex
583 4542 809 4613 publicis
835 4545 1093 4599 aerumnis
1133 4559 1263 4615 opes
1307 4564 1436 4604 suas
1474 4563 1723 4620 augeant.
1752 4554 1822 4608 At
1866 4555 1970 4609 Ba-

396 4635 572 4698 silius,
618 4649 741 4689 cum
797 4635 1042 4691 oratione
1092 4651 1190 4690 sua
1239 4648 1293 4693 et
1348 4642 1727 4701 cohortatione
1783 4662 1968 4702 eorum

395 4726 697 4795 aperuisset
746 4725 976 4791 horrea,
1031 4728 1111 4783 sic
1158 4732 1508 4799 pauperibus.
1578 4746 1717 4793 teste
1766 4739 1969 4809 Grego-

395 4820 477 4875 rio
501 4818 598 4890 (α),
626 4820 875 4874 subvenit
903 4837 917 4874 :
944 4819 1077 4874 Cum
1100 4837 1208 4886 eos,
1239 4839 1368 4893 quos
1393 4825 1557 4893 fames
1584 4829 1971 4900 vulneraverat,

393 4913 447 4966 in
496 4926 657 4964 unum
702 4912 971 4980 coegisset,
1004 4914 1280 4969 nonnullos
1334 4917 1489 4970 etiam
1540 4921 1788 4983 spiritum
1834 4940 1971 4992 trgre

393 5000 673 5063 trahentes,
701 5000 858 5061 viros,
898 5001 1148 5069 feminas,
1178 5021 1386 5071 pueros,
1420 5023 1587 5075 senes,
1622 5012 1969 5068 miserabilem

392 5107 600 5146 omnem
628 5099 852 5153 a'tatem,
882 5093 1058 5144 omnia
1087 5094 1320 5147 ciborum
1347 5112 1559 5165 genera,
1586 5100 1776 5169 quibus
1804 5104 1970 5171 fames

392 5181 581 5247 depelli
642 5180 806 5243 solet,
858 5196 1179 5250 corrogans,
1231 5196 1386 5255 atque
1438 5187 1573 5242 ollas
1612 5189 1967 5259 leguminum,

392 5274 620 5341 salsique
654 5272 901 5326 nostratis
930 5272 1133 5327 obsonii
1169 5287 1217 5329 et
1259 5277 1329 5330 ad
1372 5278 1647 5336 levandam
1680 5299 1970 5353 pauperum

393 5365 589 5430 famem
647 5364 1027 5418 accommodati
1078 5366 1258 5433 plenas
1307 5385 1635 5440 proponens,
1679 5391 1742 5428 ac
1785 5376 1970 5432 deinde

394 5452 623 5521 Christi,
669 5455 760 5524 qui
809 5453 969 5508 linteo
1016 5457 1329 5523 prtccinctus
1379 5463 1757 5533 discipulorum
1815 5470 1970 5536 pedes

469 5663 545 5719 t'a‘
588 5663 716 5719 Nan.
744 5680 826 5722 or.
856 5667 946 5722 ‘20.

466 5734 541 5807 (lt)
581 5737 733 5791 Τοιυ.
764 5736 823 5806 ll,
852 5758 902 5810 ι).
938 5740 1063 5796 507.

2078 4554 2326 4595 secessus
2369 4542 2738 4610 possessiones
2769 4543 3093 4599 vendidisse.
3131 4543 3304 4614 Supra
3340 4543 3655 4597 observavi-

2079 4648 2200 4688 mus
2235 4633 2370 4688 nihil
2409 4648 2529 4688 eum
2576 4635 2678 4689 sibi
2723 4635 2985 4703 reliquum
3040 4650 3263 4705 prorsus
3293 4634 3504 4701 fecisse,
3555 4637 3655 4691 sed

2080 4724 2270 4779 matris
2296 4734 2488 4792 morte,
2513 4741 2631 4797 qua:
2658 4726 2708 4779 in
2736 4728 2850 4795 ipsa
2877 4741 3104 4782 annona:
3146 4727 3376 4781 caritate
3401 4728 3653 4797 contigit,

2076 4817 2335 4871 nonnulla
2365 4819 2431 4871 ad
2460 4834 2583 4873 eum
2616 4820 2754 4873 bona
2797 4819 3043 4883 rediisse,
3074 4833 3192 4888 qua:
3236 4827 3364 4872 tunc
3399 4834 3654 4887 percom-

2074 4909 2235 4964 mode
2269 4908 2323 4962 in
2356 4924 2485 4963 usus
2514 4923 2808 4978 pauperum
2834 4919 3138 4965 cesserunt.
3165 4908 3301 4963 Cum
3338 4921 3516 4964 autem
3549 4927 3652 4966 usu

2073 5000 2305 5065 eveniat,
2336 5011 2394 5055 ut
2419 5016 2611 5069 magna
2638 5002 2924 5056 haereditas
2962 5017 3068 5056 non
3098 5002 3284 5056 statim
3317 5011 3429 5057 tota
3465 5005 3651 5071 porci--

2072 5094 2271 5157 piatur,
2307 5093 2432 5147 inde
2465 5092 2667 5147 factum
2698 5102 2801 5160 est,
2828 5103 2887 5149 ut
2917 5104 3038 5163 post
3085 5094 3253 5163 ipsam
3286 5093 3484 5148 famem
3514 5111 3656 5148 nun-

2075 5186 2219 5240 nulla
2246 5185 2443 5239 Basilio
2469 5195 2833 5254 superessent,
2866 5186 2918 5239 in
2951 5186 3149 5256 quibus
3177 5184 3485 5255 erOgandis,
3515 5194 3656 5240 teste

2072 5278 2345 5348 Nysseno,
2385 5279 2707 5333 charitatem
2747 5261 2901 5335 suam
2940 5281 3266 5334 declararet.

2144 5372 2301 5426 Aliud
2327 5380 2411 5425 est
2434 5371 2485 5424 in
2510 5387 2618 5441 quo
2643 5371 2985 5428 Tillemontio
3008 5372 3258 5427 assentiri
3285 5388 3389 5429 non
3407 5391 3648 5445 passum.

2075 5465 2218 5519 Duas
2276 5462 2445 5515 fames
2497 5461 2801 5531 distinguit,
2850 5463 3098 5534 quamvis
3148 5478 3253 5518 una
3308 5479 3533 5536 prorsus
3581 5465 3655 5520 ab

2151 5678 2219 5749 (c)
2261 5676 2412 5734 Tom.
2447 5677 2531 5745 Ill,
2557 5692 2610 5748 p.
2643 5672 2762 5730 49L
