3958 6212
1615 363 1768 419 VITA
1815 365 1869 418 S.
1916 362 2177 419 BASILII.

3398 382 3520 424 HJK

265 490 493 547 utroque
519 478 785 547 Gregorio
813 478 1176 533 describatur.
1213 477 1404 532 Incidit
1434 480 1481 533 ei
1518 481 1629 532 lizee
1653 480 1838 547 opinio
1871 485 1912 537 Α
1946 479 2116 545 prima
2143 478 2242 547 (ά),
2275 493 2394 548 qua:
2430 478 2676 532 veniente
2707 480 2884 532 hieme
2913 479 3112 550 scripta
3139 489 3238 543 est,
3272 482 3337 535 de
3379 483 3522 535 fame

262 587 325 623 ex
363 569 444 623 his
474 570 657 623 verbis
697 568 956 639 Nysseni,
991 569 1120 623 Cum
1152 570 1317 640 [antes
1349 569 1634 639 aliquando
1663 569 1840 637 grai-is

260 661 503 731 afﬂigeret
537 675 655 710 cum
690 660 860 727 ipsam
907 660 1169 712 civitatem
1211 660 1266 712 in
1309 675 1414 727 qua
1462 658 1698 726 degebat,
1731 667 1840 708 tum

258 751 521 820 subjectos
550 752 754 804 civitati
781 767 940 820 agros
966 767 1162 814 omnes,
1191 759 1296 805 etc.
1325 749 1454 804 Inde
1481 749 1684 818 colligit
1706 747 1841 818 Nys—

260 858 476 906 senum,
533 859 695 912 quem
747 843 1011 898 Caesarem
1056 843 1288 896 locutum
1331 853 1504 912 putat,
1559 858 1661 896 non
1702 843 1840 895 hanc

261 934 540 988 civitatem
576 935 661 989 his
681 936 889 999 verbis,
919 937 1013 990 sed
1040 936 1198 989 aliam
1231 950 1456 1003 prorsus
1485 934 1834 1004 designasse;

261 1040 327 1078 ac
374 1029 601 1096 proinde
644 1027 917 1097 duplicem
969 1027 1402 1097 distinguendam
1438 1043 1556 1083 esse
1616 1029 1835 1093 famem,

262 1134 495 1185 quarum
532 1119 704 1172 altera
752 1119 1015 1173 Ctesareae
1053 1135 1118 1173 ex
1160 1119 1527 1186 Nazianzeno,
1558 1120 1746 1184 {altera
1784 1121 1835 1173 in

262 1210 369 1263 alia
409 1211 644 1276 civitate,
677 1210 815 1266 forte
859 1212 1094 1266 lborensi
1130 1212 1181 1266 in
1217 1212 1408 1279 Ponto,
1441 1213 1699 1282 praeclare
1752 1213 1836 1268 fa-

264 1303 370 1355 ctis
407 1300 588 1355 Basilii
617 1303 902 1356 materiam
935 1303 1101 1356 dedit.

337 1393 440 1448 Sed
468 1396 619 1463 longe
644 1397 812 1449 satius
839 1407 922 1450 est
949 1397 1268 1451 concludere
1295 1411 1358 1450 ex
1387 1397 1471 1452 his
1501 1397 1674 1452 verbis
1703 1396 1830 1468 Nys-

260 1486 398 1551 seui,
434 1487 693 1538 civitatem
724 1487 775 1539 in
800 1503 904 1556 qua
934 1485 1170 1556 degebat,
1199 1487 1338 1539 hanc
1369 1487 1672 1540 orationem
1715 1485 1832 1540 C1D-

259 1591 429 1629 ειη-επ
468 1575 706 1628 habitam
737 1591 843 1629 non
880 1575 1068 1640 fuisse,
1109 1591 1268 1644 quam
1322 1591 1434 1628 rem
1485 1574 1830 1628 manifestam

258 1677 314 1720 et
337 1666 668 1731 exploratam
690 1667 744 1720 in
764 1666 983 1721 dubium
1006 1681 1278 1720 revocare.
1305 1665 1418 1720 Una
1445 1667 1586 1719 enim
1613 1667 1832 1718 omnino

261 1758 432 1812 fames
481 1759 546 1810 ab
588 1769 819 1827 utroque
865 1758 1132 1828 Gregorio
1183 1768 1533 1812 memoratur.
1590 1759 1830 1822 Uterque

1949 573 2028 623 sic
2073 571 2310 639 loquitur
2359 571 2608 635 Basilius,
2652 582 2708 624 ut
2754 571 2820 624 de
2859 572 3167 626 calamitate
3204 574 3519 641 jamdudum

1951 660 2179 728 incoepta
2226 676 2288 714 ac
2330 661 2556 715 fortasse
2602 661 2747 714 brevi
2796 662 3031 713 desitura
3069 681 3081 716 :
3142 663 3411 715 in-altera
3445 662 3521 733 (ρ)

1949 752 2049 802 sub
2081 751 2238 804 lim-ni
2271 752 2462 804 hiemis
2489 751 2687 820 scripta
2724 753 2934 804 nuntiat
2963 768 3021 807 se
3047 753 3514 822 occupationibus,

1948 857 2085 911 quas
2117 842 2406 896 exhibebat
2432 842 2620 908 fames,
2649 843 2823 896 adhuc
2853 845 3118 898 detineri:
3148 845 3198 898 in
3233 847 3390 898 tertia
3419 845 3514 915 (ί),

1948 948 2066 1002 qnze
2094 934 2326 1001 depulsis
2353 933 2606 987 omnibus
2634 934 2826 988 hiemis
2868 935 3224 989 incommodis
3253 936 3374 988 data
3411 945 3517 998 est,

1949 1026 2184 1079 uomlmu
2234 1024 2428 1077 famem
2459 1026 2684 1080 desiisse
2709 1025 2968 1079 declarat.
3011 1026 3242 1080 Necesse
3275 1041 3357 1081 e5t
3387 1042 3522 1095 ergo

1947 1132 2112 1168 unum
2155 1116 2346 1168 saltem
2389 1131 2589 1168 annum
2636 1115 2688 1168 in
2732 1115 2816 1169 his
2850 1116 3107 1169 aerumnis
3141 1125 3515 1184 consumptum

1944 1223 2086 1262 esse.
2121 1208 2237 1261 Dixi
2270 1223 2432 1260 unmn
2461 1207 2685 1270 saltem;
2722 1224 2845 1260 nam
2877 1223 2996 1260 eum
3028 1207 3223 1260 hiemis
3249 1207 3518 1261 acerbitas

1945 1307 1998 1352 et
2024 1300 2167 1353 veris
2203 1299 2421 1352 siccitas
2448 1299 2550 1351 hoc
2595 1298 2792 1351 malmn
2827 1299 3140 1363 attulerint,
3173 1314 3275 1352 non
3315 1299 3518 1366 impro-

1946 1393 2124 1446 habile
2154 1401 2256 1456 est,
2290 1392 2472 1444 statim
2501 1400 2670 1459 atque.
2703 1404 2826 1459 spes
2858 1391 3053 1444 futura:
3089 1391 3280 1444 messis
3313 1389 3512 1457 ablata,

1943 1485 2141 1537 famem
2174 1493 2418 1537 exortam
2449 1498 2589 1537 esse.

2014 1574 2212 1628 Narrat
2242 1575 2377 1627 hanc
2419 1575 2618 1627 famem
2653 1573 2947 1640 Gregorius
2987 1571 3362 1626 Nazianzenus
3393 1580 3514 1641 post

1941 1665 2122 1719 Basilii
2155 1680 2275 1718 cum
2303 1665 2536 1717 Eusebio
2563 1665 3055 1718 reconciliationem
3085 1673 3137 1715 et
3162 1673 3286 1716 ante
3312 1664 3515 1732 episco-

1941 1766 2146 1828 patmn.
2193 1758 2297 1811 Sed
2335 1774 2443 1827 quo
2491 1759 2831 1826 potissimum
2879 1771 3020 1809 anno
3059 1757 3338 1818 acciderit,
3371 1757 3512 1809 haud

258 1849 429 1913 illam,
459 1857 519 1902 ut
545 1849 702 1919 longe
729 1851 1124 1904 atrocissimam
1162 1850 1439 1903 describit.
1485 1849 1685 1903 Nititur
1721 1850 1829 1904 Til-
1865 1843 1905 1894 Β
1943 1849 2014 1901 ita
2051 1846 2208 1900 facile
2253 1856 2334 1901 est
2373 1847 2688 1915 dijudicarc.
2743 1845 2899 1900 Nullo
2943 1856 3260 1915 argumento
3312 1848 3506 1899 nititur

257 1940 547 1995 lemontius
593 1941 680 1994 bis
713 1941 895 1994 verbis
941 1941 1096 2010 (pag.
1140 1941 1280 2011 495)
1317 1960 1328 1993 :
1368 1939 1553 1994 Servat
1582 1942 1832 2009 populum

262 2031 470 2101 Moyses
501 2049 531 2084 a
559 2043 785 2102 tyranno
814 2033 1111 2085 liberatum.
1146 2030 1309 2085 Paria
1331 2034 1394 2086 de
1417 2042 1594 2086 nostro
1622 2033 1835 2101 legisla-

259 2134 369 2174 ἐστε
413 2131 641 2174 testatur
695 2123 778 2175 hic
839 2123 1082 2190 populus,
1133 2139 1283 2190 quem
1333 2139 1424 2191 per
1478 2125 1832 2176 sacerdotium

257 2214 406 2266 duxit
441 2215 510 2266 ad
548 2213 647 2266 Dei
693 2214 1111 2281 promissionem.
1147 2212 1251 2266 Sed
1281 2227 1602 2281 quocunque
1633 2213 1683 2266 in
1716 2213 1834 2268 loco

261 2304 425 2358 fuerit
464 2305 766 2372 Nyssenus,
816 2305 1010 2374 potuit,
1055 2304 1248 2372 populo
1288 2305 1660 2368 monstrando,
1715 2305 1829 2372 ple-

260 2398 381 2449 hem
414 2411 445 2448 a
475 2394 677 2448 Basilio
706 2398 1061 2463 gubernatam
1113 2392 1418 2461 designare.
1470 2392 1833 2459 Quemadmo-

258 2484 385 2536 dum
443 2483 642 2536 ibidem
696 2484 820 2536 dum
875 2482 951 2535 ait
995 2480 1248 2533 Basilium
1298 2481 1528 2532 urbanos
1575 2480 1832 2534 tumultus

252 2586 303 2629 et
332 2574 636 2627 materiales
667 2573 758 2628 hos
805 2573 1058 2626 tumultus
1093 2574 1315 2640 fugisse,
1358 2587 1581 2627 necesse
1615 2589 1719 2627 non
1750 2586 1832 2628 est

257 2676 318 2718 ut
344 2666 606 2720 Caesareae
630 2666 817 2719 fuerit.
850 2665 1019 2719 Porro
1051 2665 1103 2718 in
1130 2666 1231 2719 hac
1254 2666 1500 2720 oratione
1532 2666 1662 2718 nihil
1686 2666 1829 2720 aliud

256 2759 520 2821 occurrit,
544 2774 607 2811 es
640 2773 748 2826 quo
767 2757 912 2811 illam
941 2756 1201 2811 Caesarea:
1236 2756 1477 2810 habitam
1507 2757 1822 2826 suspiceris,

258 2849 508 2917 quamvis
547 2849 720 2900 multa
769 2846 1030 2914 ejusmodi
1066 2861 1352 2902 occurrere
1397 2848 1733 2908 debuissent,
1782 2853 1826 2902 si

260 2940 623 2993 thesarienses
653 2939 918 2993 allocutus
961 2939 1154 2994 fuisset
1191 2939 1482 3008 Nyssenns.
1523 2941 1827 3005 Quinetiam

259 3048 379 3084 cum
408 3032 486 3085 ait
516 3048 574 3086 se
605 3033 835 3101 patriam
859 3031 1042 3086 Basilii
1075 3046 1499 3084 commemorare
1532 3031 1693 3094 nolle,
1723 3047 1827 3083 non

259 3123 470 3177 videtur
500 3125 554 3176 in
585 3125 688 3178 hac
712 3123 825 3194 ipsa
858 3123 1034 3194 patria
1059 3122 1226 3192 loqui.
1251 3123 1382 3176 Vide
1411 3121 1549 3175 infra
1582 3137 1703 3191 cap.
1735 3122 1825 3186 9.5,

255 3231 310 3268 ιι.
349 3215 400 3269 6.

327 3305 608 3361 Summam
653 3305 1135 3361 animadvertimus
1180 3305 1633 3361 necessitudinem
1688 3306 1828 3360 inter

256 3401 552 3452 orationem
583 3399 770 3454 Basilii
808 3400 874 3453 de
907 3398 1047 3452 fame
1078 3407 1130 3453 et
1168 3399 1414 3453 siccitate
1441 3407 1495 3452 et
1520 3414 1583 3451 ea
1610 3414 1729 3468 qua:
1758 3400 1825 3454 ab

256 3501 479 3560 utroque
521 3490 786 3560 Gregorio
817 3501 1127 3544 narrantur.
1156 3489 1261 3545 Sed
1291 3499 1468 3544 tamen
1503 3491 1556 3544 in
1592 3491 1694 3544 hac
1724 3491 1823 3544 ho-

257 3583 400 3636 milia
450 3583 668 3636 videtur
710 3583 811 3635 sibi
854 3580 1229 3635 Tillemontius
1271 3591 1426 3636 notas
1481 3582 1826 3650 episc0patus

254 3674 582 3742 perspicere,
609 3674 736 3743 quia
760 3672 995 3728 Basilius
1012 3674 1090 3727 sic
1111 3673 1384 3727 auditores
1411 3675 1694 3742 compellat
1712 3673 1785 3744 (a)
1809 3690 1822 3726 :

254 3764 379 3818 Filii
428 3767 554 3830 mei,
602 3781 734 3834 quos
780 3780 870 3832 per
895 3764 1236 3833 Evangelium
1285 3764 1462 3833 genui,
1513 3780 1642 3834 quos
1689 3764 1824 3818 velut

253 3854 428 3922 fasciis
469 3870 564 3922 per
615 3871 871 3906 manuum
921 3853 1327 3906 benedictionem
1366 3852 1580 3907 involvi.
1622 3851 1688 3906 Et
1737 3853 1823 3906 in-

255 3946 330 3998 fra
361 3945 438 4018 (ὁ)
466 3964 480 3998 :
515 3945 686 3998 Pauci
716 3961 916 3998 mecum
947 3954 1251 4014 precantur.
1285 3943 1390 3998 Sed
1429 3945 1555 4013 quid
1605 3945 1827 4014 impedit

253 4039 540 4100 quominus
577 4039 693 4091 hate
735 4037 1018 4107 presbyter
1051 4036 1244 4090 dixerit
1275 4035 1527 4098 Basilius,
1562 4036 1652 4104 qui
1688 4037 1826 4089 inter

253 4131 616 4185 Gesarienses
646 4131 906 4184 ecclesias
941 4145 1102 4182 unam
1127 4129 1396 4198 prazcipue
1418 4129 1822 4197 gubernandum

253 4223 578 4291 acceperat?
627 4221 702 4275 ιω
757 4222 1008 4289 congruit
1060 4221 1174 4275 haec
1229 4221 1448 4276 homilia
1502 4235 1622 4274 cum
1665 4219 1825 4274 famis

255 4324 495 4383 tempore
525 4329 553 4366 a
581 4313 863 4382 Gregoriis
893 4323 1145 4376 narratae,
1178 4321 1237 4366 ut
1278 4306 1656 4365 Tillemontius
1705 4309 1826 4363 nul-

254 4406 357 4458 lum
390 4407 436 4459 ei
492 4417 707 4474 tempus
737 4405 982 4459 invenire
1022 4405 1213 4474 possit,
1257 4419 1324 4456 ne
1366 4417 1566 4456 annum
1608 4402 1824 4470 quidem

254 4497 375 4562 574,
406 4513 516 4566 quo
538 4497 698 4549 aliam
729 4495 924 4550 famem
953 4497 1242 4564 contigisse
1276 4495 1587 4560 existimat;
1625 4494 1822 4546 frustra
1857 4521 1900 4575 ι)

255 4585 390 4635 enim
422 4583 730 4637 referretur
759 4585 825 4637 ad
855 4583 979 4637 illud
1006 4584 1265 4638 siccitatis
1299 4593 1531 4650 tempus,
1578 4598 1684 4651 quo
1719 4583 1822 4636 Ba-

255 4675 421 4736 silius,
452 4685 591 4729 teste
630 4673 871 4745 Nysseno
901 4675 995 4744 (ο),
1025 4676 1250 4729 imbrem
1281 4676 1533 4742 precibus
1564 4676 1822 4744 impetra-

253 4769 345 4821 vit.
374 4767 527 4821 Tune
573 4770 718 4821 enim
757 4768 902 4821 nulla
929 4783 1025 4838 spe
1050 4769 1265 4838 frugum
1302 4779 1610 4838 apparente,
1635 4783 1825 4837 preces

252 4857 430 4912 Basilii
458 4860 834 4925 obtinuerunt,
867 4869 928 4912 ut
956 4860 1153 4913 malum
1191 4861 1330 4914 ultra
1363 4861 1536 4914 minas
1566 4876 1672 4914 non
1700 4876 1825 4929 pro-

255 4953 584 5017 grederetur.
628 4953 699 5004 At
742 4952 793 5003 in
821 4951 1040 5004 homilia
1072 4953 1136 5006 de
1172 4951 1312 5006 latine
1340 4962 1393 5004 et
1429 4952 1677 5005 siccitate
1723 4968 1816 5004 ca-

255 5041 461 5097 lamitas
489 5041 678 5095 eadem
709 5041 1056 5106 describitur,
1087 5057 1149 5095 ac
1183 5043 1325 5102 apud
1353 5051 1642 5101 utrumque
1677 5039 1817 5096 Gre-

253 5131 484 5200 gorium.

320 5225 381 5278 γ.
424 5223 564 5278 Toto
611 5238 753 5277 anno
805 5223 1171 5278 calamitatem
1213 5223 1568 5291 perdurasse,
1619 5223 1669 5276 id
1717 5232 1820 5288 est,

251 5313 316 5367 ab
360 5325 550 5369 testate
593 5330 763 5383 usque
807 5318 874 5369 ad
906 5317 1030 5368 anni
1075 5315 1352 5385 sequentis
1383 5323 1649 5379 :cstatem,
1697 5329 1824 5382 pcr-

251 5407 504 5474 SpiCimuS
563 5419 629 5458 ex
689 5408 858 5463 tribus
899 5404 1410 5477 Basilii3epistolis,
1466 5420 1694 5473 quarum
1758 5405 1814 5458 in

315 5575 390 5654 (ai
433 5584 497 5638 N.
532 5587 585 5647 t,
621 5600 673 5651 p.
704 5586 792 5639 62.

313 5658 386 5720 (ὁ)
429 5655 491 5707 N.
528 5657 582 5716 5,
623 5672 674 5722 p.
707 5659 793 5708 6'4.

315 5731 383 5793 (pc)
426 5725 522 5780 0r.
550 5729 604 5778 in
634 5726 797 5782 Basil.

312 5801 390 5866 tit)
433 5797 530 5864 Ep.
561 5795 649 5849 ‘27.

1937 1938 2216 2003 Barouius,
2256 1953 2352 1991 cur
2375 1952 2492 1990 eam
2529 1938 2594 1990 ad
2625 1952 2824 1989 annum
2860 1937 2961 1990 567
2995 1938 3218 2001 referat,
3248 1938 3350 1991 nisi
3384 1939 3506 1991 inu-

1936 2029 2092 2081 sitata
2141 2028 2228 2079 illa
2273 2039 2325 2080 et
2369 2027 2638 2094 lapidibus
2666 2030 2829 2081 simili
2873 2028 3155 2098 grandine,
3207 2043 3328 2095 quae
3367 2028 3511 2082 Con—

1936 2117 2284 2185 stantiuopoli
2335 2127 2389 2172 et
2428 2118 2547 2170 aliis
2604 2116 2656 2169 in
2703 2117 2834 2171 locis
2886 2118 3073 2171 eodem
3124 2133 3266 2170 anno
3311 2119 3510 2172 cecidit

1937 2224 2118 2263 mense
2145 2208 2285 2263 Julio
2323 2210 2561 2263 ineunte.
2612 2211 2682 2265 At
2730 2211 2920 2272 fames,
2960 2223 3079 2275 qua:
3105 2209 3508 2276 Cappadociam

1935 2299 2140 2366 alliixit,
2187 2315 2252 2353 ex
2283 2300 2485 2368 frigore
2528 2309 2581 2354 et
2608 2299 2857 2354 siccitate
2896 2299 3184 2365 repetenda
3215 2306 3320 2363 est,
3355 2309 3413 2350 ut
3441 2313 3509 2351 ex

1937 2389 2256 2442 testimoniis
2321 2405 2482 2458 supra
2541 2390 2719 2444 allatis
2782 2389 3016 2458 perspici
3091 2400 3286 2457 potest.
3339 2389 3510 2442 Multo

1933 2480 2109 2548 aptius
2143 2480 2426 2533 calamitas
2455 2481 2690 2535 refertur
2727 2483 2792 2534 ad
2820 2497 3019 2534 annum
3049 2480 3172 2535 568.
3213 2481 3326 2534 Non
3360 2482 3506 2534 enim

1933 2570 2185 2622 convenit
2229 2586 2402 2623 annus
2452 2569 2576 2630 566,
2625 2571 2750 2639 quia
2782 2570 3111 2624 Athanasius
3151 2569 3504 2638 Ancyrauus,

1932 2662 2020 2728 qui
2052 2662 2262 2731 vigente
2290 2662 2488 2714 dudum
2524 2660 2665 2714 fame
2695 2674 2937 2712 mortuus
2965 2671 3068 2724 est,
3101 2660 3333 2714 concilio
3361 2657 3505 2728 Tya-

1932 2752 2084 2803 nensi
2121 2751 2364 2804 interfuit
2403 2767 2545 2804 anno
2577 2751 2702 2804 567.
2738 2750 3041 2817 Quinetiam
3066 2753 3165 2804 hoc
3189 2751 3506 2811 concilium,

1932 2845 2017 2897 cui
2051 2845 2264 2913 pra-fuit
2302 2845 2570 2900 Eusebius
2601 2845 2978 2909 Cmsariensis,
3017 2844 3158 2897 inter
3199 2845 3356 2898 famis
3385 2860 3504 2898 mo—

1931 2935 2115 2989 lestias
2145 2950 2286 2988 anno
2329 2937 2429 2988 567
2474 2936 2557 2988 vix
2606 2936 2722 3003 cogi
2755 2935 3036 3002 potuisset.
3071 2933 3338 2986 Prteterea
3377 2933 3505 2986 Em-

1931 3027 2086 3080 melia
2137 3035 2417 3096 grassante
2459 3027 2600 3078 fame
2647 3042 2711 3080 ac
2757 3025 2915 3093 paulo
2960 3034 3084 3078 ante
3133 3024 3505 3092 episc0patum

1930 3116 2134 3182 Basilii,
2169 3125 2304 3170 tcste
2336 3115 2577 3185 Nysseno
2607 3114 2704 3183 (ῃ),
2741 3125 2951 3167 mortua
2991 3123 3092 3166 est.
3122 3112 3301 3179 Quare
3330 3112 3498 3166 fames

1935 3207 2002 3261 ab
2031 3207 2376 3260 ordinatione
2403 3206 2462 3260 S.
2496 3205 2678 3258 Basilii
2727 3220 2832 3257 non
2885 3209 3110 3258 multum
3152 3204 3502 3258 removenda.

1933 3295 2118 3365 Neque
2142 3295 2304 3349 etiam
2350 3296 2524 3349 serius
2554 3310 2697 3348 anno
2728 3294 2831 3347 568
2867 3293 3035 3350 fames
3085 3296 3329 3365 contigit.
3370 3295 3504 3348 Nam

1933 3387 2161 3440 Basilius
2188 3386 2518 3455 gravissimis
2545 3385 2692 3439 curis
2723 3387 2936 3439 tandem
2976 3387 3258 3453 expeditus
3303 3386 3359 3442 S.
3396 3387 3508 3440 Eu-

1933 3479 2138 3531 sebium
2169 3478 2602 3531 Samosatensem
2628 3476 2828 3529 invisit.
2855 3476 2923 3528 At
2946 3477 2996 3529 id
3020 3478 3067 3529 ei
3095 3477 3361 3546 integrum
3395 3495 3502 3531 non

1933 3573 2144 3633 fuisset,
2186 3572 2228 3624 si
2275 3570 2446 3624 fames
2483 3585 2622 3622 anno
2652 3569 2755 3622 569
2786 3578 2973 3621 exorta
3007 3579 3169 3621 esset.
3203 3569 3320 3621 Non
3356 3570 3499 3622 enim

1935 3663 2202 3723 desiisset,
2233 3661 2330 3713 nisi
2363 3661 2463 3714 sub
2494 3669 2734 3714 mstatem
2761 3660 2886 3711 anui
2914 3659 3020 3712 570
3058 3658 3218 3726 paulo
3241 3668 3363 3712 ante
3401 3672 3494 3711 or-

1933 3755 2260 3808 dinationem
2294 3753 2496 3806 Basilii.
2527 3753 2641 3819 Quo
2668 3763 2908 3820 tempore
2933 3765 3054 3804 cum
3093 3751 3374 3805 Samosata
3407 3765 3510 3819 pc-

1935 3847 2082 3902 tiisse
2108 3862 2265 3902 neruo
2289 3860 2510 3916 prorsus
2546 3844 2935 3913 suspicabitur.

2528 3959 2757 4015 CAPUT
2791 3957 2905 4013 XII.

1931 4063 1970 4118 Ι.
2014 4064 2249 4118 Basilius
2290 4063 2524 4117 Ca’sario
2553 4065 2861 4132 gratulatur
2909 4063 3044 4116 inter
3090 4061 3510 4132 Nica'mruinas

2000 4145 2231 4188 servato.
2269 4133 2494 4186 Eusebio
2528 4131 2707 4185 scribit
2743 4133 3016 4201 epistolam
3041 4132 3129 4184 27.
3157 4133 3218 4184 ΙΙ.
3253 4131 3504 4201 Episcopi

2003 4207 2086 4257 sui
2111 4216 2274 4257 morte
2306 4205 2523 4274 aﬂlictos
2563 4200 3019 4256 Neoca'sarienses
3055 4203 3378 4274 consolatur.
3415 4200 3508 4274 lll.

2009 4274 2138 4326 Item
2165 4271 2474 4341 Ancyranos
2504 4276 2564 4324 ob
2612 4275 2891 4325 Athanasii
2933 4284 3174 4324 mortem.
3204 4271 3408 4324 Ibidem
3439 4273 3503 4341 de

2000 4346 2236 4410 epistolis
2262 4340 2333 4396 εξι
2365 4353 2410 4395 et
2440 4342 2530 4394 ‘23.
2563 4342 2650 4394 IV.
2681 4343 2948 4394 Probatur
2976 4342 3250 4410 utriusque
3278 4340 3509 4410 episcopi

1999 4409 2044 4465 et
2081 4415 2349 4465 lt'mmelia:
2381 4415 2563 4463 matris
2601 4412 2788 4464 Basilii
2824 4423 3035 4463 mortem
3071 4412 3138 4460 ad
3167 4409 3364 4462 annum
3400 4409 3506 4461 56$

2002 4495 2298 4546 exeuntem,
2333 4493 2425 4533 aut
2465 4483 2570 4535 569
2601 4484 2862 4534 ineuntem
2899 4484 3178 4545 pertinere.
3210 4480 3272 4530 V.
3308 4478 3500 4544 Grego-

2003 4555 2082 4605 rio
2112 4554 2342 4604 molestis
2371 4555 2592 4620 negotiis
2622 4553 2890 4618 implicata
2920 4566 3066 4620 apem
3103 4547 3504 4620 [ertlBasilium

2003 4624 2090 4677 Vl.
2131 4621 2404 4674 Samosata
2431 4616 2556 4684 petit
2594 4616 2825 4673 Basilius
2860 4616 2997 4671 anno
3033 4619 3154 4670 569.
3208 4616 3331 4668 I’ost
3362 4618 3505 4669 redi-

2004 4707 2110 4744 tum
2143 4692 2321 4744 scribit
2367 4689 2590 4743 Eusebio
2631 4691 2692 4742 tle
2745 4703 2908 4742 morte
2959 4687 3160 4739 Silvani
3207 4685 3503 4740 Tarsensis.

2018 4766 2043 4813 \
2064 4761 2122 4813 ΙΙ.
2165 4762 2297 4812 Ante
2325 4764 2675 4826 episcopatum
2708 4759 2942 4820 episton
2967 4757 3134 4808 55-37
3161 4756 3503 4810 rollocattdw.

1952 4861 1956 4868 ι
2007 4831 2136 4884 Vill.
2175 4831 2246 4882 De
2268 4825 2385 4883 aliis
2413 4832 2597 4896 prima:
2627 4829 2813 4881 classis
2845 4825 3102 4894 epistolis.

2001 4946 2038 4998 l.
2073 4945 2207 4998 Cum
2255 4942 2488 4996 Nion-am
2525 4942 2604 5009 (Ii)
2655 4950 2811 4994 terra:
2847 4947 3024 4992 motus
3055 4938 3216 5006 longe
3248 4946 3368 5007 post
3408 4938 3510 4992 ho-

1930 5037 2132 5090 minum
2163 5037 2475 5088 memoriam
2506 5035 2770 5085 maximus
2798 5032 3083 5086 evertisset
3110 5031 3196 5084 die
3221 5033 3503 5084 undecima

1929 5127 2176 5181 Octobris
2219 5141 2362 5180 anno
2404 5126 2506 5180 568
2530 5165 2545 5188 ,
2582 5125 2872 5187 Ctesarius,
2906 5123 3150 5194 Gregorii
3189 5124 3375 5189 frater,
3411 5124 3502 5192 qui

1930 5219 1984 5272 in
2017 5218 2266 5288 Bithynia
2302 5217 2620 5286 praepositus
2666 5226 2780 5268 erat
2818 5216 3214 5277 thesaurorum,
3259 5215 3404 5267 solus
3437 5230 3502 5268 ex

1933 5310 2237 5378 insignibus
2279 5309 2435 5371 viris,
2487 5320 2582 5360 aut
2618 5319 2765 5362 certe
2810 5323 2929 5362 cum
2975 5307 3263 5360 admodum
3315 5307 3505 5374 paucis

1929 5400 2215 5456 incolumis
2250 5399 2442 5462 evasit,
2483 5399 2644 5466 idque
2683 5401 2843 5454 modo
2884 5398 3116 5468 quodam
3163 5397 3504 5464 incredibili,

2001 5579 2074 5650 (ε)
2116 5581 2214 5648 Ep.
2242 5580 2333 5634 50.

1995 5652 2078 5718 tl)
2119 5653 2212 5714 Ιτῖιι.
2249 5651 2340 5717 3.1-

1995 5722 2066 5788 (g)
2120 5720 2220 5772 Vit.
2251 5720 2418 5772 Macr.
2453 5735 2504 5788 p.
2537 5717 2655 5783 187.

1999 5791 2072 5863 th)
2115 5790 2244 5845 Naz.
2275 5800 2414 5845 orat.
2455 5791 2534 5843 10.
