3958 6212
433 327 469 374 Ι.
1771 309 2304 367 PBOLEGOMENA.

435 437 618 500 utpote
664 428 797 499 ipsis
833 426 1003 482 ruinis
1037 432 1329 495 prolectus.
1390 422 1641 489 Basilius,
1683 425 1774 493 qui
1826 426 2007 478 Ctesa-
2038 431 2080 487 Α
2113 435 2258 479 motu
2293 438 2480 480 eversa
2528 425 2674 494 est),
2709 425 2802 479 Sed
2833 433 3010 480 tamen
3043 437 3224 482 monet
3266 437 3323 482 ut
3355 430 3526 486 dolori
3561 449 3682 489 mo—

433 524 572 576 rium
605 523 842 580 amabat,
871 532 1100 587 cumque
1123 532 1280 586 aequo
1313 517 1496 570 animo
1532 516 1754 569 consilia
1788 532 1883 592 sua
1918 532 2009 569 ac-

432 613 614 681 cipere
667 611 893 674 sciebat,
945 625 1048 663 non
1104 608 1450 677 praetermisit
1503 607 1557 660 in
1611 617 1717 661 tam
1772 607 2008 660 mirabili

433 709 627 755 eventu
657 703 992 754 occasionem
1016 697 1323 768 gratulandi
1354 707 1409 750 et
1432 696 1775 760 adhortandi,
1805 706 1862 749 ut
1887 710 2008 764 qua:

437 795 609 859 ipsum
645 789 828 858 procul
862 791 1024 843 dubio
1057 789 1337 842 subierant
1371 787 1732 856 cogitationes
1773 785 2001 856 periculi

430 891 689 950 tempore,
736 897 830 936 eas
877 895 1090 946 semper
1138 879 1415 933 retineret.
1462 878 1678 946 Scripta
1725 892 1854 944 ergo
1890 877 2005 932 hmc

430 973 658 1042 cpistola
687 971 778 1030 26.
809 987 950 1025 anno
975 969 1098 1032 568,
1132 969 1292 1038 paulo
1321 980 1441 1038 post
1467 984 1715 1023 eversam
1744 969 2001 1024 Nicaeam.

501 1064 808 1134 Egrotavit
845 1063 1072 1115 Basilius
1105 1063 1206 1115 hoc
1230 1077 1372 1115 anno
1401 1078 1504 1113 non
1537 1061 1704 1115 semel
1727 1060 1836 1130 (a);
1861 1061 2005 1129 quod

431 1159 656 1210 minime
691 1158 914 1218 mirum,
953 1157 1251 1208 accedente
1287 1157 1356 1208 ad
1391 1155 1532 1206 illius
1562 1154 1814 1208 comitem
1855 1154 2006 1206 infir-

429 1252 675 1302 mitatem
709 1248 1074 1302 sollicitudine
1107 1256 1161 1300 et
1194 1262 1350 1311 cura,
1387 1261 1549 1315 quam
1585 1245 1635 1300 in
1673 1244 2004 1312 pauperibus

428 1340 775 1394 sublevandis
809 1339 1172 1408 impendebat.
1211 1337 1486 1390 Statuerat
1523 1335 1756 1390 invisere
1797 1336 1856 1390 S.
1893 1335 2004 1388 Eu-

428 1430 638 1483 sebium
681 1429 1160 1491 Samosatensem;
1193 1425 1286 1479 sed
1331 1425 1414 1478 his
1450 1424 1658 1478 duabus
1705 1422 1868 1477 rebus
1911 1425 2005 1477 de-

431 1529 613 1572 tentus
648 1528 754 1582 est,
800 1518 1022 1580 morbis,
1066 1527 1119 1571 et
1150 1513 1622 1583 occupationibus,
1658 1529 1797 1582 quas
1828 1513 1878 1568 ei
1919 1513 2004 1567 fa-

428 1626 547 1664 mes
575 1609 856 1663 alferebat.
888 1608 1181 1677 Postquam
1210 1607 1376 1675 cospit
1414 1621 1694 1675 emergere
1724 1620 1787 1658 ex
1818 1605 2005 1659 morbo

431 1710 485 1755 et
519 1703 662 1754 vires
701 1699 1050 1767 recolligere,
1097 1697 1408 1768 supervenit
1455 1696 1598 1750 aliud
1649 1697 2003 1765 impedimen.

2115 516 2239 568 dum
2281 517 2574 586 imponant,
2629 531 2692 570 ac
2734 532 2898 571 canes
2945 517 3025 572 vel
3075 519 3254 588 potius
3290 536 3482 590 graves
3526 526 3685 594 lupos

2110 606 2352 676 abigant,
2382 607 2546 676 digno
2577 617 2795 676 pastore
2827 608 3092 677 eligendo,
3125 612 3218 681 qui
3254 627 3284 665 a
3317 629 3516 684 magno
3546 614 3688 670 Gre-

2110 698 2285 766 gorio,
2313 705 2370 750 et
2399 697 2519 751 aliis
2554 697 2700 752 illius
2737 713 2908 765 usque
2954 699 3018 752 ad
3053 701 3352 756 Musonium
3391 718 3680 758 successo-

2109 789 2259 844 ribus
2294 805 2400 843 non
2433 791 2742 860 degeneret.
2785 788 3101 844 Obtestatur
3134 807 3228 846 eos
3261 802 3320 845 ut
3358 793 3685 848 electionem

2107 881 2350 952 episcOpi
2378 897 2534 936 suum
2569 882 2797 950 quisque
2824 877 3100 951 proprium
3126 897 3245 938 esse
3277 887 3554 954 negotium
3587 887 3688 940 dn-

2105 982 2213 1029 cat.
2240 973 2529 1028 Denuntiat
2548 989 2627 1039 se,
2653 984 2811 1043 prout
2837 986 3107 1044 pastorem
3130 975 3348 1045 eligent,
3373 976 3454 1030 vel
3480 978 3687 1032 arctius

2106 1067 2454 1136 conjunctum
2496 1082 2618 1121 cum
2670 1067 2774 1120 illis
2814 1067 2901 1120 vel
2948 1067 3162 1135 penitus
3207 1067 3535 1133 disjunctum
3591 1070 3685 1123 iri.

2111 1158 2337 1213 Videtur
2369 1158 2607 1213 Basilius
2643 1159 2911 1224 timuisse,
2948 1158 2999 1212 id
3033 1159 3174 1227 quod
3213 1161 3413 1223 evenit,
3460 1175 3530 1215 ne
3560 1161 3691 1230 quis

2105 1261 2161 1306 et
2188 1251 2290 1305 sibi
2322 1259 2377 1306 et
2407 1251 2626 1304 veritati
2666 1265 2768 1304 non
2805 1250 3013 1304 amicus
3043 1251 3096 1303 in
3134 1251 3272 1305 hanc
3314 1252 3498 1305 sedem
3549 1267 3684 1306 eve-

2105 1343 2349 1398 heretur.
2398 1343 2704 1397 Musonium
2741 1357 2845 1397 non
2881 1341 3113 1412 appellat
3141 1341 3374 1396 Basilius
3403 1354 3683 1398 mortuum

2105 1437 2456 1506 episcopum;
2506 1435 2601 1489 sed
2649 1435 2752 1489 hoc
2804 1433 2852 1488 ei
2905 1447 3099 1488 nomen
3151 1433 3318 1488 fuisse
3368 1435 3570 1489 scimus
3616 1449 3687 1488 ex

2105 1530 2263 1597 epist.
2298 1527 2426 1590 210,
2455 1544 2509 1582 n.
2537 1526 2627 1590 59,
2675 1527 2728 1580 in
2754 1541 2857 1594 qua
2889 1525 3124 1580 Basilius
3154 1525 3506 1595 gravissimos
3527 1541 3684 1581 erro-

2105 1633 2194 1673 res
2233 1620 2531 1687 exprobrat
2562 1618 2815 1689 episcopo
2848 1615 3294 1682 Neocaesariensi,
3335 1617 3432 1672 sed
3485 1631 3682 1672 sanam

2107 1711 2410 1765 doctrinam
2443 1711 2496 1764 in
2529 1713 2631 1765 hac
2665 1710 2906 1766 Ecclesia
2942 1722 3112 1779 usque
3142 1709 3209 1763 ad
3237 1709 3454 1765 beatum
3500 1708 3684 1765 Muso-

431 1805 542 1847 tum
568 1834 582 1854 .
617 1793 828 1861 hiems,
867 1792 1028 1845 solito
1062 1791 1148 1844 illa
1184 1790 1414 1860 quidem,
1441 1789 1657 1851 mitior,
1701 1789 1795 1843 sed
1827 1799 2002 1842 tamen
2036 1782 2077 1838 Β
2107 1799 2255 1852 nium
2289 1801 2487 1852 {aletur
2515 1799 2770 1869 viguisse,

430 1883 627 1936 Basilio
655 1883 726 1936 ita
770 1882 1081 1943 vehemens,
1116 1889 1172 1933 ut
1207 1896 1311 1932 non
1347 1879 1506 1932 modo
1561 1879 1665 1932 iter
1691 1879 2001 1948 suscipere,

427 1975 520 2030 sed
557 1990 622 2028 ne
652 1990 718 2028 ex
754 1973 1002 2028 cubiculo
1029 1973 1248 2042 quidem
1291 1971 1606 2040 prospicere
1646 1978 1850 2038 posset.
1890 1971 2000 2026 Sed

429 2080 606 2120 tamen
642 2076 790 2120 tanto
826 2066 967 2119 ictus
1001 2074 1121 2119 erat
1153 2063 1366 2118 Eusebii
1397 2063 1687 2129 desiderio,
1726 2071 1782 2115 ut
1816 2063 1866 2117 ei
1896 2080 2003 2118 non

425 2159 637 2214 dubitet
670 2157 934 2224 polliceri,
969 2157 1010 2211 si
1043 2166 1098 2210 et
1132 2165 1422 2223 tempestas
1452 2153 1599 2207 sinat
1640 2163 1694 2206 et
1728 2154 1850 2208 vitae
1886 2155 2003 2209 dies

424 2249 722 2316 supersint,
755 2259 810 2301 et
846 2249 947 2302 iter
979 2263 1082 2302 non
1119 2247 1374 2300 obstruat
1419 2245 1608 2310 fames,
1653 2259 1712 2298 se
1759 2245 1867 2298 cito
1899 2243 2003 2297 Sa-

428 2349 634 2394 mosata
663 2348 971 2403 venturum,
999 2351 1056 2390 ut
1076 2338 1284 2408 magnis
1310 2336 1530 2393 Eusebii
1568 2336 1850 2408 sapientia:
1880 2337 2000 2391 the-

426 2431 604 2486 sauris
633 2431 892 2486 exsatiari
927 2433 1117 2500 possit.

496 2524 561 2578 ll.
601 2525 745 2578 Intra
764 2524 893 2578 illud
920 2523 1176 2592 spatium,
1199 2522 1344 2591 quod
1370 2523 1437 2576 ab
1459 2524 1560 2578 hac
1581 2521 1812 2592 epistola
1836 2534 2005 2590 usque

427 2613 494 2667 ad
532 2613 862 2668 tricesimam
895 2612 1046 2666 initio
1076 2612 1220 2664 veris
1250 2611 1425 2664 eidem
1461 2611 1695 2665 Eusebio
1735 2610 1996 2679 scriptam

425 2704 654 2768 elIlnxit,
699 2704 885 2758 obiere
934 2703 1041 2756 duo
1072 2701 1311 2770 episcOpi
1363 2717 1483 2755 cum
1527 2700 1728 2755 Basilio
1765 2700 2004 2753 amicitia

425 2796 720 2866 conjuncti,
753 2794 1036 2848 Musonius
1075 2792 1530 2847 Ncocmsariensis
1569 2801 1625 2847 et
1667 2793 2003 2845 Athanasius

425 2889 769 2957 Ancyranus,
807 2901 869 2939 ac
899 2885 1013 2954 ipsa
1048 2885 1213 2938 etiam
1249 2883 1435 2937 Basilii
1469 2894 1644 2938 mater
1681 2884 1964 2938 Ennnelia.

499 2978 572 3048 (b)
607 2978 737 3031 Erat
771 2976 1044 3031 Musonius
1075 2979 1158 3030 vir
1200 2978 1347 3030 omni
1395 2979 1667 3032 virtutum
1711 2978 1871 3034 laude
1909 2995 2004 3034 cu-

426 3069 710 3124 mulatus:
755 3069 961 3137 primus
1001 3068 1047 3120 ei
1092 3067 1242 3122 locus
1287 3069 1340 3122 in
1383 3069 1746 3123 conventibus
1791 3071 2003 3138 episco-

429 3171 620 3229 porum
661 3174 766 3212 non
798 3160 975 3212 aatatis
1001 3158 1146 3226 jure,
1185 3158 1278 3212 sed
1318 3150 1536 3213 virtutis
1567 3161 1764 3214 merito
1803 3160 1997 3214 deferri
2029 3131 2070 3188 Ο

425 3251 654 3305 solebat.
687 3247 991 3302 Novitatem
1025 3249 1076 3301 in
1109 3248 1298 3316 primis
1343 3250 1554 3312 oderat,
1601 3263 1664 3302 ac
1699 3249 1998 3304 Ecclesiam

427 3357 579 3396 suam
613 3340 681 3394 ad
710 3339 946 3407 antiqua:
979 3339 1233 3393 Ecclesia:
1265 3339 1548 3409 imaginem
1590 3340 1831 3407 regebat,
1870 3340 2001 3394 nihil

427 3434 496 3487 d'e
529 3447 627 3486 suo
655 3430 958 3500 proferens.
1007 3431 1156 3486 Unde
1183 3433 1407 3495 factum,
1440 3441 1498 3485 ut
1529 3430 2002 3486 Neocaesarienses

428 3527 568 3580 inter
608 3525 961 3596 gravissimas
1010 3525 1224 3579 illorum
1260 3536 1560 3594 temporum
1601 3526 1864 3596 procellas
1899 3527 2001 3582 soli

426 3618 510 3672 vel
557 3629 705 3672 certe
748 3633 870 3673 cum
913 3618 1200 3672 admodum
1250 3621 1440 3688 paucis
1486 3619 1855 3688 quiescerent,
1905 3633 2002 3671 nec

429 3716 554 3772 ullis
608 3717 988 3770 haereticorum
1042 3717 1218 3771 ventis
1283 3715 1662 3785 perﬂarentur.
1723 3715 2002 3772 Musonius

426 3825 550 3863 cum
577 3807 782 3862 Basilio
810 3809 878 3862 ad
917 3807 1346 3877 pacificationem
1375 3808 1743 3862 Ecclesiarum
1771 3823 2004 3883 concur-

427 3915 550 3956 rere
588 3900 856 3966 noluerat,
891 3910 1111 3969 propter
1140 3899 1466 3969 anticipatas
1489 3898 1771 3967 quasdam,
1805 3909 1865 3951 ut
1889 3901 2004 3968 ipse

422 3992 720 4050 fatebatur.
757 3991 1067 4061 opiniones.
1105 3989 1268 4045 Forte
1296 3988 1359 4043 ‘ei
1395 3989 1710 4043 Eustathius
1745 3987 2000 4043 Sebaste-

427 4099 528 4138 nus
574 4093 629 4138 et
671 4083 762 4136 alii
804 4081 1070 4150 ejusmodi
1123 4082 1372 4135 homines
1422 4079 1806 4150 displicebant,
1863 4092 2002 4148 quos

427 4172 660 4227 Basilius
689 4186 874 4226 secum
905 4173 1226 4238 conjunctos
1258 4171 1513 4234 habebat,
1555 4179 1757 4224 etcum
1789 4168 2002 4224 czeteris

423 4263 702 4332 episcopis
731 4263 1060 4332 conjungere
1095 4262 1414 4316 conabatur.
1446 4261 1551 4315 Sed
1580 4270 1758 4315 tamen
1792 4274 2000 4313 summa

425 4364 549 4411 crat
592 4356 734 4409 inter
783 4362 1074 4422 utrumque
1125 4352 1190 4406 de
1234 4351 1338 4406 fide
1385 4351 1694 4416 consensio,
1741 4349 1997 4418 illiusque

425 4446 686 4500 auxilium
715 4445 947 4499 Basilius
970 4443 1316 4514 implorabat,
1343 4442 1557 4512 quoties
1579 4457 1698 4496 cum
1727 4441 1998 4496 hazreticis
2029 4470 2073 4526 ο

424 4541 739 4594 certandum
769 4548 934 4592 esset.
965 4535 1083 4590 Non
1115 4537 1362 4604 pervenit
1389 4535 1465 4604 .ad
1498 4544 1800 4590 extremam
1833 4548 1995 4588 sene-

423 4641 626 4688 ctutem
659 4630 959 4694 Musonius,
1005 4630 1095 4684 sed
1140 4638 1320 4682 tamen
1366 4628 1458 4682 diu
1504 4625 1801 4680 Ecclesiam
1851 4624 1995 4678 Neo-

423 4725 798 4778 ctnSariensem
824 4723 984 4776 rexit.
1011 4720 1143 4776 Cum
1175 4729 1352 4774 autem
1375 4718 1540 4773 sciret
1569 4715 1802 4770 Basilius
1829 4731 1997 4784 quan-

425 4827 536 4869 tum
567 4815 770 4869 doloris
799 4815 941 4868 illius
972 4809 1146 4868 morte
1172 4813 1469 4866 traxissent
1493 4809 1988 4874 Ncocmsarienses,

425 4909 651 4962 ﬁbenter
689 4921 784 4961 eos
819 4907 1117 4966 invisisset,
1153 4913 1263 4958 tum
1296 4913 1353 4957 ut
1382 4901 1634 4956 Musonio
1665 4900 1825 4955 simul
1865 4915 1988 4955 cum

422 5000 504 5054 eis
541 4997 686 5064 justa
730 4997 1082 5066 persolveret,
1117 5005 1231 5049 tum
1260 5005 1316 5048 ut
1347 5009 1632 5049 maerorem
1661 4991 1990 5062 partiretur:

424 5090 519 5144 sed
563 5105 683 5142 cum
723 5105 846 5142 eum
895 5090 1059 5142 multa
1093 5089 1478 5151 detinuissent,
1518 5101 1615 5156 per
1650 5085 1859 5140 litteras
1901 5099 1996 5138 eos

2176 1887 2264 1942 lll.
2289 1891 2446 1944 Circa
2468 1889 2606 1943 idem
2634 1900 2843 1956 tempus
2861 1899 3106 1944 mortuus
3123 1898 3205 1944 est
3223 1890 3555 1946 Athanasius
3569 1891 3685 1945 An-

2106 1996 2246 2051 cyrae
2269 1983 2578 2050 episcopus,
2606 1984 2698 2051 qui
2724 1985 2791 2037 ab
2817 1983 3014 2038 Acacio
3065 1987 3136 2056 (c)
3171 1984 3224 2036 in
3269 1982 3405 2038 hanc
3450 1985 3634 2038 sedem
3664 2026 3680 2050 ,

2105 2073 2261 2140 pulso
2286 2072 2504 2136 Basilio,
2544 2082 2761 2128 evectus
2791 2082 2876 2128 est
2925 2089 3069 2129 anno
3095 2075 3219 2129 560.
3246 2073 3452 2144 Duplex
3501 2074 3685 2131 inerat

2105 2164 2232 2218 huic
2279 2163 2607 2220 ordinationi
2642 2165 2874 2231 macula,
2928 2174 2983 2220 et
3031 2167 3173 2236 quod
3222 2179 3445 2220 auctore
3476 2166 3682 2235 insigni

2105 2255 2308 2309 Ariano
2340 2255 2483 2310 facta
2542 2265 2720 2322 esset,
2767 2266 2822 2311 et
2858 2259 3001 2326 quod
3069 2257 3300 2313 Basilius
3357 2259 3682 2328 Ancyranus

2109 2363 2205 2417 per
2227 2351 2334 2402 vim
2366 2358 2421 2403 et
2448 2350 2855 2420 impressionem
2884 2352 2952 2406 ab
2983 2351 3254 2405 haereticis
3292 2350 3568 2418 depositus
3591 2365 3684 2403 es-

2106 2449 2210 2495 set.
2241 2441 2421 2507 Quare
2461 2457 2568 2496 non
2617 2443 2811 2496 mirum
2848 2451 2930 2496 est
2976 2457 3203 2510 magnas
3233 2442 3286 2495 in
3337 2441 3684 2496 ordinatione

2105 2532 2387 2586 Athanasii
2424 2532 2728 2587 discordias
2752 2531 3052 2588 exstitisse.
3083 2532 3188 2588 Sed
3236 2542 3412 2586 tamen
3451 2547 3682 2600 magnus

2106 2620 2208 2675 fuit
2235 2624 2480 2678 veritatis
2518 2623 2772 2678 defensor
2804 2623 3153 2680 Athanasius.
3196 2623 3452 2678 Testatur
3482 2623 3683 2693 Grego-

2106 2715 2218 2768 rius
2234 2715 2505 2785 Nysscnus
2530 2716 2606 2788 (ά)
2633 2716 2764 2771 nihil
2781 2717 2827 2771 ei
2850 2717 3079 2771 veritate
3101 2715 3370 2785 antiquius
3390 2715 3574 2796 fuisse.
3593 2715 3682 2769 ln-

2108 2807 2290 2860 terfuit
2320 2805 2388 2879 (e)
2416 2809 2624 2878 synodo
2643 2808 2986 2862 Antiochenae
3007 2823 3148 2862 anno
3173 2807 3279 2862 565
3304 2807 3392 2861 ubi
3420 2806 3552 2861 fides
3582 2805 3683 2863 Ni-

2105 2915 2251 2955 czena
2296 2911 2570 2970 suscepta,
2611 2911 2667 2957 et
2714 2901 2983 2973 'fyanensi
3024 2915 3167 2955 anno
3201 2900 3326 2966 567,
3351 2901 3439 2955 ubi
3471 2900 3679 2968 pariter

2106 2989 2568 3044 consubstantiale
2617 2989 2894 3045 decretum
2947 3000 3051 3044 est.
3110 2989 3320 3044 Laudat
3342 2988 3569 3044 Basilius
3599 2989 3674 3060 (ι’)

2105 3097 2296 3150 magna
2328 3081 2472 3134 illius
2525 3091 2574 3135 et
2625 3082 2845 3136 celebria
2887 3099 2985 3150 pro
3025 3091 3169 3136 recta
3220 3082 3324 3150 ﬁde
3361 3082 3674 3135 certamina.

2108 3171 2236 3223 Eum
2254 3173 2620 3239 existimabat,
2639 3173 2800 3226 veluti
2821 3173 3217 3228 firmamentum
3237 3183 3396 3229 rectae
3426 3172 3550 3229 fidei
3572 3173 3674 3244 (9),

2103 3276 2245 3315 verae
2282 3277 2346 3314 ac
2373 3263 2570 3316 veteris
2607 3262 2914 3318 dilectionis
2945 3279 3127 3320 semen
3149 3304 3164 3328 ,
3197 3264 3249 3318 in
3283 3265 3534 3320 solatium
3566 3265 3676 3320 Ec-

2102 3350 2284 3404 clesiis
2305 3352 2530 3414 servari.
2567 3350 2639 3406 Os
2668 3351 2785 3419 ejus
2819 3352 2901 3423 (h)
2931 3352 3076 3420 justa
3104 3354 3314 3409 dicendi
3342 3354 3596 3410 libertate
3619 3364 3680 3410 et

2102 3441 2294 3511 gratia:
2343 3441 2523 3495 verbis
2573 3442 2642 3496 ad
2692 3443 2916 3496 fratrum
2944 3445 3355 3499 zedilicationem
3405 3445 3676 3502 scatebat.

2103 3533 2398 3587 Ecclesiam
2436 3548 2586 3587 suam
2623 3535 2702 3588 sic
2727 3535 2887 3600 rexit,
2939 3545 3000 3588 ut
3047 3549 3236 3590 omnes
3263 3536 3316 3590 in
3349 3551 3511 3590 unam
3541 3551 3682 3592 con-

2102 3629 2407 3680 sensionem
2435 3637 2488 3680 ct
2510 3637 2820 3681 accuratam
2851 3629 3286 3685 communionem
3331 3629 3555 3685 vinculo
3577 3644 3680 3699 pa-

2102 3719 2180 3774 cis
2207 3717 2580 3788 conjungeret.

2171 3809 2456 3864 Probabile
2477 3821 2561 3865 est
2588 3809 2747 3879 hujus
2767 3809 3051 3866 Athanasii
3077 3820 3284 3881 patrem
3304 3810 3472 3868 fuisse
3497 3811 3676 3867 Atha-

2103 3901 2334 3966 nasium,
2364 3901 2432 3954 ad
2475 3917 2633 3969 quem
2673 3904 2874 3972 scripta
2907 3913 2989 3958 est
3012 3901 3200 3958 Basilii
3230 3904 3450 3973 epistola
3483 3903 3576 3957 24.
3610 3902 3672 3958 In

2102 3991 2354 4044 omnibus
2382 3991 2662 4045 codicibus
2693 4003 2845 4062 pater
2865 3992 3148 4047 Athanasii
3185 3992 3420 4062 episcopi
3447 3992 3672 4058 dicitur,

2102 4094 2203 4134 nec
2239 4080 2403 4134 alium
2433 4081 2692 4137 habemus
2722 4082 2806 4136 cui
2843 4083 2894 4136 id
2933 4083 3243 4150 conveniat,
3267 4093 3466 4152 praeter
3491 4084 3679 4154 Ancy-

2102 4186 2318 4225 ranum.
2350 4171 2481 4226 Erat
2517 4173 2608 4227 ille
2638 4173 2723 4226 vir
2751 4189 2957 4242 magnae
2980 4174 3317 4237 eruditionis,
3348 4175 3586 4242 gentium
3619 4187 3678 4229 et

2103 4261 2318 4316 urbium
2343 4262 2706 4332 gubernacula
2736 4272 3005 4330 tenuerat,
3049 4273 3105 4317 et
3129 4279 3378 4333 magnam
3417 4263 3676 4334 progeni-

2103 4361 2281 4406 torum
2308 4352 2564 4406 virtutem
2601 4352 2980 4407 ammlabatur.
3017 4353 3149 4408 Cum
3190 4364 3368 4408 autem
3412 4354 3676 4408 audiisset

2104 4442 2334 4498 Basilius
2368 4444 2514 4498 hunc
2536 4444 2891 4499 Athanasium
2920 4446 2974 4499 in
3016 4444 3216 4500 liberos
3245 4460 3367 4500 eum
3411 4460 3516 4500 non
3551 4461 3676 4501 esse

2102 4550 2259 4604 quem
2293 4539 2528 4601 deceret,
2567 4553 2688 4589 cum
2719 4537 3018 4604 praesertim
3042 4537 3285 4606 paternis
3305 4537 3444 4593 votis
3468 4538 3671 4608 dignis-

2103 4631 2224 4684 simi
2253 4639 2471 4698 essent,
2499 4631 2668 4686 libere
2709 4647 2830 4686 eum
2858 4632 3158 4689 admonuit.
3192 4631 3475 4688 Molestum
3499 4633 3553 4687 id
3582 4649 3677 4688 ac-

2103 4720 2239 4775 cidit
2263 4722 2586 4788 Athanasio,
2613 4723 2702 4790 qui
2731 4738 2850 4777 sese
2879 4723 3016 4791 apud
3049 4723 3303 4778 Basilium
3331 4723 3677 4794 purgavit,et

2105 4810 2316 4879 iniquos
2342 4828 2585 4867 rumores
2618 4827 2647 4866 a
2686 4812 2972 4867 Timotheo
3003 4814 3390 4883 chorepiscopo
3423 4815 3488 4867 ad
3517 4812 3673 4868 Basi-

2102 4899 2232 4955 lium
2267 4901 2502 4972 perlatos
2533 4913 2859 4972 conquestus
2889 4914 2992 4959 est.
3018 4905 3322 4973 Respondet
3347 4905 3394 4959 ei
3419 4904 3674 4971 Basilius,

2103 5008 2336 5061 eumque
2360 4995 2644 5063 probatum
2685 5002 2739 5046 et
2770 5002 3054 5062 purgatum
3091 4993 3193 5048 sibi
3228 5007 3348 5047 esse
3380 4992 3623 5046 declarat
3655 5030 3673 5058 ,

2101 5085 2194 5140 sed
2241 5095 2424 5139 tamen
2474 5084 2745 5149 hortatur,
2783 5094 2840 5137 ut
2890 5084 3090 5138 nullam
3139 5083 3424 5140 calumniis
3475 5097 3670 5137 ansam

422 5180 693 5236 consolari
739 5181 993 5235 instituit.
1035 5185 1113 5241 Ac
1161 5179 1261 5233 viri
1307 5178 1524 5249 quidem
1569 5177 1772 5231 obitum
1825 5175 2004 5249 majus»
2098 5177 2358 5245 praebeat.
2390 5175 2613 5230 Fatetur
2635 5191 2692 5230 se
2715 5176 2916 5246 aliquid
2951 5177 3202 5241 audiisse,
3233 5185 3288 5230 at
3317 5189 3671 5246 nequaquam

425 5273 678 5323 damnum
709 5268 906 5322 fatetur
947 5269 1143 5323 inferre
1177 5269 1410 5333 civitati,
1440 5283 1603 5337 quam
1633 5266 1993 5330 calamitates,

423 5376 556 5428 quas
595 5373 751 5416 antea
784 5361 960 5416 fuerat
1002 5373 1226 5431 experta
1281 5362 1449 5419 (anno
1488 5360 1656 5418 enim.
1696 5357 1802 5416 544
1836 5367 1996 5413 teme

494 5540 573 5611 (ο)
605 5541 701 5604 ει).
743 5541 830 5594 50.

494 5613 570 5678 (ὁ)
607 5611 700 5677 Ep.
730 5613 824 5665 ‘28.

493 5685 566 5751 (ο)
601 5681 814 5736 Sozom.
840 5683 929 5740 lib.
967 5697 1040 5748 Iv,
1076 5699 1126 5739 c.
1153 5682 1241 5740 25.

493 5756 573 5822 (Δ)
609 5751 703 5820 Ep.
734 5752 822 5805 29.

2101 5282 2131 5320 a
2183 5265 2470 5320 Timotheo
2520 5265 2930 5334 chorepiScOpo.
2976 5265 3145 5334 Hujus
3173 5264 3416 5335 epistolae
3459 5275 3674 5332 tempus

2098 5365 2250 5409 certo
2272 5361 2510 5409 statuere
2540 5368 2643 5408 non
2673 5368 2888 5428 possunt
2915 5370 2930 5408 :
2963 5355 3056 5409 sed
3079 5354 3391 5418 collocanda
3416 5353 3519 5408 fuit
3541 5361 3674 5409 ante

2175 5539 2244 5606 (ρ)
2279 5537 2494 5591 Sozom.
2524 5537 2617 5593 lib.
2660 5553 2735 5605 νε,
2765 5553 2814 5594 c.
2859 5529 2946 5592 12.

2172 5609 2249 5676 (ί)
2285 5607 2382 5676 Ep.
2410 5609 2501 5669 es,
2536 5624 2589 5660 η.
2616 5609 2673 5662 2.

2169 5675 2243 5744 (9')
2285 5675 2415 5731 una.
2449 5694 2502 5730 ιι.
2533 5679 2580 5731 l.
2612 5700 2621 5709 -

2180 5747 2256 5814 (Ii)
2289 5746 2379 5815 Ep.
2415 5745 2503 5802 29.
