3958 6212
1633 343 1794 398 VlTA
1834 344 1892 398 S.
1937 342 2203 399 BASlLll.
3474 352 3530 399 ιι

242 462 559 532 epistolam
592 461 681 526 9.9,
722 463 773 516 iu
825 478 931 532 qna
962 477 1113 518 mors
1145 461 1420 516 Athanasii
1472 460 1706 531 episcupi
1768 462 1853 514 lu-
1888 469 1929 523 Α
1961 462 2152 514 liorem
2202 459 2330 512 facit
2388 458 2675 511 Eusebium
2708 459 2759 511 in
2799 458 2985 512 eadem
3023 457 3270 527 epistola.
3317 456 3527 527 Scripta

244 566 450 623 getur.
482 553 728 608 Nondum
762 555 1138 624 presbyterum
1172 552 1337 608 fuisse
1366 553 1621 607 Basilium
1652 553 1851 619 conjici

236 653 455 714 posset
490 644 684 698 er-his
726 644 902 699 verbis
934 662 948 697 :
979 643 1092 696 Nec
1117 644 1326 697 moleste
1358 642 1517 711 feras,
1562 644 1606 695 si
1647 644 1772 712 quid
1820 660 1853 695 a

240 734 417 788 nobis
448 735 756 788 docentium
784 751 929 789 more
954 735 1181 788 dicetur.
1214 734 1320 788 Sed
1353 734 1484 788 levis
1522 734 1636 788 haec
1665 732 1844 801 conje-

243 836 449 878 etura.

322 918 544 973 Basilio
594 927 781 972 nostro
832 919 1213 972 molestissima
1263 932 1382 971 esse
1431 917 1619 971 debuit
1666 917 1850 969 Basilii

245 1010 543 1081 Aucyraui
578 1012 646 1065 ab
674 1012 954 1064 Anommis
981 1010 1138 1078 ejecti
1189 1009 1474 1080 depositio,
1502 1024 1600 1063 nec
1630 1009 1853 1077 proinde

248 1102 488 1169 placere
510 1103 797 1157 Athanasii
832 1104 1128 1157 ordinatio.
1170 1103 1275 1157 Sed
1324 1112 1501 1156 tamen
1547 1102 1847 1155 arctissima

247 1193 484 1245 videtur
508 1194 558 1247 ei
585 1194 963 1248 intercessisse
990 1210 1111 1247 cum
1132 1194 1233 1247 hoc
1253 1194 1554 1247 Athanasio
1586 1193 1846 1257 amicitia,

251 1297 368 1349 quo
402 1285 608 1337 amisso
639 1284 910 1337 neminem
941 1284 1045 1336 sibi
1067 1283 1416 1337 existimabat
1444 1283 1520 1353 (a)
1542 1299 1845 1351 superesse,

252 1373 344 1424 cui
374 1372 753 1426 Ecclesiarum
781 1388 967 1426 curam
1002 1374 1260 1436 deferret,
1291 1375 1563 1427 neminem
1598 1388 1760 1441 quem
1796 1382 1851 1426 et

250 1463 638 1515 molestiarum
679 1473 735 1518 et
780 1464 983 1521 laetitias
1017 1465 1223 1518 socium
1256 1464 1499 1517 haberet.
1539 1464 1733 1517 lucidit
1760 1478 1850 1517 eo-

255 1570 385 1606 rum
413 1555 675 1608 amicitia:
706 1554 1004 1609 difﬁcultas
1027 1557 1291 1624 quietiam,
1320 1570 1440 1624 qua:
1466 1556 1679 1621 longius
1716 1570 1846 1623 pro-

253 1647 548 1713 cessisset,
584 1647 627 1701 si
676 1662 782 1701 non
815 1662 1024 1701 summa
1067 1646 1260 1701 fuisset
1303 1649 1353 1700 itt
1394 1646 1594 1702 Basilio
1627 1646 1847 1703 lenitas.

255 1738 489 1793 Plurimi
538 1740 759 1811 Ancyra
794 1740 1101 1795 Ctesaream
1153 1742 1432 1794 venientes
1484 1738 1559 1810 (ὁ)
1613 1756 1721 1794 uno
1751 1756 1845 1795 ore

256 1828 460 1881 Basilio
492 1833 816 1883 nuntiarunt
841 1830 1202 1883 Athanasium
1231 1832 1277 1883 ei
1304 1844 1627 1884 succensere
1656 1845 1717 1884 ac
1748 1832 1848 1883 tui-
1880 1807 1920 1859 Β

257 1936 358 1973 nas
384 1923 552 1975 etiam
581 1921 1100 1989 aliquasintentare.
1124 1920 1290 1976 Nemo
1317 1931 1432 1974 erat
1461 1937 1525 1975 ex
1548 1920 1847 1975 Ctesarien-

258 2012 409 2066 sibus
459 2013 741 2083 Ancyram
798 2013 1305 2081 proﬁciscentibus,
1344 2012 1498 2080 cujus
1545 2030 1704 2067 aures
1740 2014 1842 2068 hoc

258 2104 549 2157 Athanasii
583 2118 835 2157 sermone
871 2118 977 2165 non
1014 2104 1555 2165 circumsonuissent,
1577 2104 1785 2157 scilicet
1815 2120 1843 2158 a

257 2196 458 2249 Basilio
486 2212 659 2249 noxas
685 2196 942 2262 quasdam
972 2196 1129 2249 scribi
1170 2206 1215 2248 et
1255 2198 1518 2265 componi.
1554 2196 1650 2251 llis
1698 2197 1842 2251 enim

256 2288 439 2341 verbis
468 2303 634 2341 usum
674 2300 794 2340 esse
817 2287 1138 2341 asserebant
1170 2288 1551 2353 Athanasium,
1588 2288 1678 2357 qui
1720 2288 1846 2342 toti-

260 2381 380 2433 dem
409 2380 602 2434 verbis
637 2379 779 2432 illius
802 2380 944 2432 dicta
972 2379 1301 2433 referebant.
1332 2378 1555 2443 Basilio,
1580 2380 1670 2448 qui
1696 2379 1841 2449 jam-

257 2473 462 2525 dudum
500 2472 868 2525 httmauarum
896 2486 1075 2524 rerum
1102 2471 1528 2525 imbecillitatem
1553 2487 1843 2540 perspexe-

256 2574 369 2626 rat,
408 2563 551 2616 nihil
591 2566 1026 2632 inexspeCtatunt
1055 2572 1206 2625 erat;
1239 2561 1332 2615 sed
1362 2572 1537 2617 tamen
1558 2565 1843 2619 vehemen-

254 2664 351 2709 ter
385 2656 623 2709 miratus
659 2664 764 2719 est,
796 2668 859 2708 ac
892 2654 1064 2707 instar
1092 2653 1316 2707 monstri
1343 2668 1465 2708 esse
1505 2656 1840 2723 duxit,quod

258 2757 410 2802 tanta
436 2748 539 2801 sibi
572 2747 771 2817 injuria
798 2747 866 2799 ab
900 2744 1121 2799 homine
1148 2754 1200 2797 et
1230 2746 1473 2798 veritatis
1511 2756 1566 2800 et
1594 2746 1837 2801 charita-

259 2839 333 2892 tis
381 2839 800 2892 servantissitno
831 2836 1003 2890 ﬁeret.
1053 2833 1283 2888 Causam
1324 2835 1564 2903 reperire
1597 2851 1701 2890 non
1730 2853 1833 2907 po-

261 2941 422 2995 terat,
456 2946 561 2985 cur
598 2930 681 2985 sui
726 2930 908 2983 odium
940 2929 1171 2998 cepisset
1222 2928 1579 2982 Athanasium
1611 2947 1623 2982 :
1662 2930 1839 2998 suspi-

262 3024 491 3077 cabatur
513 3022 752 3091 aliquem
781 3036 849 3076 ex
874 3021 1150 3075 haereticis
1184 3022 1381 3088 scripta
1406 3036 1499 3075 sua
1526 3022 1627 3076 sub
1651 3022 1837 3077 Basilii

1956 563 2038 607 est
2072 554 2187 606 haec
2244 550 2469 619 epistola
2517 551 2751 603 nondum
2788 551 2969 619 elapsa
3020 552 3214 613 hieme,
3253 560 3310 603 ut
3341 566 3407 604 ex
3445 553 3528 604 bis

1957 646 2136 697 verbis
2178 642 2407 711 perSpici
2458 651 2631 709 poteSt
2666 658 2679 693 :
2731 640 2792 694 Si
2825 658 2999 695 omnes
3034 642 3215 695 ordine
3248 641 3527 694 scriberent

1955 752 2165 795 causas,
2206 735 2391 801 quibus
2424 734 2479 785 in
2520 735 2659 785 [tunc
2693 750 2855 802 usque
2896 735 3029 785 diem
3076 744 3313 785 detentus
3340 748 3527 785 sum...

1953 828 2159 881 morbos
2194 827 2403 895 quidem
2434 825 2567 879 alios
2600 826 2719 879 aliis
2762 828 3115 887 succedentes,
3141 827 3326 878 hiemis
3362 826 3529 877 mole-

1953 922 2130 982 stium,
2162 918 2485 987 negotiorum
2533 918 2933 970 continuimtem
2967 919 3149 969 omitto
3197 919 3388 979 dicere,
3420 924 3527 968 etc.

1954 1010 2131 1076 Quare
2168 1026 2353 1063 errore
2398 1025 2501 1062 non
2550 1019 2741 1063 carent
2773 1009 3155 1062 ecclesiasticae
3202 1008 3432 1070 tabulae,
3472 1008 3524 1059 in

1954 1103 2145 1171 quibus
2166 1119 2313 1155 mors
2352 1102 2407 1155 S.
2440 1102 2714 1155 Emmelize
2730 1103 3049 1171 poniturdie
3071 1102 3345 1155 tricesimo
3380 1100 3524 1155 Maii.

1956 1196 2249 1247 Enumerat
2284 1196 2426 1247 enim
2449 1195 2679 1247 Basilius
2698 1196 2926 1246 hiemem
2954 1194 3095 1246 inter
3118 1194 3524 1259 impedimenta,

1952 1287 2146 1353 quibus
2178 1287 2435 1340 hactenus
2463 1288 2711 1339 detentus
2742 1286 2938 1339 fuerat.
2973 1284 3049 1336 Eo
3080 1284 3414 1353 probabilius
3440 1293 3524 1337 est

1953 1380 2091 1432 hanc
2119 1380 2396 1447 epistolam
2434 1394 2536 1431 non
2562 1380 2817 1447 scriptam
2842 1392 2960 1431 esse
2980 1393 3164 1431 mense
3182 1376 3362 1441 Junio,
3382 1376 3527 1446 quod

1951 1472 2111 1524 aliam
2144 1472 2375 1525 Basilius
2414 1482 2599 1540 postea
2629 1473 2694 1525 ad
2718 1473 2970 1525 eumdem
3002 1470 3293 1523 Eusebium
3319 1471 3526 1539 episto.

1953 1562 2057 1613 lant
2106 1563 2390 1629 scripserit
2426 1563 2531 1632 (ιι),
2563 1559 2851 1631 ante'quattt
2886 1561 3057 1613 futues
3097 1562 3368 1613 desiisset.
3400 1559 3527 1613 Sola

1950 1655 2095 1707 enim
2126 1655 2269 1709 fante
2293 1657 2659 1719 detinebatur,
2696 1656 2985 1723 quominus
3030 1654 3385 1707 comitaretur
3415 1652 3524 1723 Hy-

1950 1747 2176 1814 patium,
2204 1747 2668 1815 consanguineum
2705 1762 2884 1809 suttttt,
2923 1748 3111 1797 morbo
3143 1746 3374 1812 quodam
3406 1745 3526 1798 lan-

1953 1838 2245 1905 guentemi,
2278 1837 2327 1889 in
2356 1851 2462 1904 quo
2492 1836 2731 1888 curando
2760 1845 3398 1888 consuetumsuwessum
3418 1850 3524 1888 non

1954 1927 2261 1979 habuerunt
2300 1926 2396 1977 viri
2438 1924 2596 1978 donis
2637 1924 2978 1977 curationum
3035 1923 3310 1976 instructi.
3346 1922 3526 1989 Quare

1949 2017 2177 2071 Basilius
2200 2018 2265 2069 ad
2303 2016 2437 2070 alios
2476 2015 2893 2083 confugiendum
2924 2024 3092 2079 ratus,
3119 2014 3407 2066 Eusebium
3436 2029 3526 2067 ro-

1949 2116 2062 2176 gat,
2093 2117 2149 2158 ut
2182 2106 2618 2174 religiosissimos
2646 2106 2872 2158 fratrum
2906 2104 3258 2171 (monasterii
3294 2104 3525 2171 alicujus

1949 2208 2164 2251 ascetas
2191 2198 2404 2250 videtur
2433 2197 2749 2265 designare)
2783 2196 2848 2248 ad
2884 2211 2941 2249 se
2986 2205 3255 2258 accersat,
3296 2196 3386 2263 qui
3422 2198 3524 2249 sub

1948 2291 2119 2357 ipsius
2142 2291 2315 2345 oculis
2349 2290 2583 2361 Hypatio
2615 2291 2967 2353 medeantur;
3003 2289 3082 2343 vel
3107 2289 3296 2343 saltem
3325 2290 3395 2344 ad
3429 2304 3523 2345 eos

1948 2381 2239 2453 Hypatium
2277 2384 2457 2437 mittat
2486 2382 2682 2436 litteris
2706 2381 2818 2435 suis
2855 2381 3144 2433 munitum.

2023 2477 2107 2530 IV.
2134 2475 2287 2530 Nunc
2322 2475 2698 2545 exponendum
2742 2472 2898 2526 nobis
2930 2482 3033 2535 est,
3071 2471 3267 2539 quibus
3301 2470 3521 2525 adducti

1946 2574 2251 2632 rationibus
2279 2570 2344 2624 ad
2380 2584 2579 2621 annum
2612 2566 2716 2621 568
2748 2576 2801 2618 et
2849 2565 2951 2619 569
2993 2564 3091 2618 hos
3116 2573 3340 2617 eventus
3380 2562 3525 2618 refe-

1946 2681 2152 2729 ramus,
2190 2663 2388 2733 quibus
2408 2658 2785 2713 Tillemontius
2821 2667 2873 2711 et
2913 2656 3161 2725 plerique
3200 2655 3290 2708 alii
3315 2670 3519 2708 annum

1956 2760 2062 2812 575
2101 2758 2400 2825 assignant,
2440 2752 2638 2820 Pagius
2672 2764 2822 2813 vero,
2857 2750 2946 2816 qui
2990 2749 3219 2801 aliorum
3276 2762 3519 2801 errorem

1944 2851 2048 2904 alio
2070 2848 2319 2920 graviore
2341 2845 2613 2905 emendat,
2651 2856 2847 2895 annum
2876 2840 3001 2895 570.
3034 2839 3094 2891 10
3118 2838 3329 2891 Nullum
3363 2854 3521 2907 prop-

1943 2960 2034 2999 sus
2062 2940 2299 2996 occurrit
2340 2941 2391 2991 in
2427 2945 2538 2991 toto
2576 2935 2890 3003 episcopatu
2939 2932 3124 2985 Basilii
3173 2941 3421 2998 tempus,
3458 2930 3514 2985 in

1943 3049 2049 3103 quo
2072 3030 2335 3103 ejusmodi
2357 3036 2583 3083 eventus
2607 3024 2859 3094 conjungi
2881 3024 3107 3093 possint,
3125 3033 3182 3077 ιιι
3207 3025 3256 3077 in
3281 3023 3365 3077 his
3381 3038 3520 3092 quas

260 3116 480 3170 nomine
504 3115 843 3168 vendilassc-
881 3112 1069 3182 Itaque
1100 3113 1371 3183 Ρθνίιιηίοθ
1408 3128 1531 3167 Cllm
1571 3128 1636 3167 80
1668 3129 1838 3184 θκρο-
1865 3147 1906 3205 C
1940 3120 2314 3177 recensnimus
2357 3116 2601 3187 epistolis
2644 3114 3085 3183 conjungunlur:
3130 3128 3321 3181 nempe
3367 3129 3519 3168 mors

262 3207 440 3271 stulat,
483 3207 631 3275 quod
670 3221 777 3260 non
808 3205 1108 3273 scripserit,
1144 3214 1237 3258 aut
1270 3206 1463 3259 saltem
1505 3222 1611 3259 non
1648 3223 1705 3261 se
1734 3224 1826 3263 ac-

262 3299 565 3364 cersiverit,
594 3306 688 3350 aut
712 3313 808 3365 per
836 3297 1002 3350 fidum
1048 3296 1279 3365 aliquem
1326 3298 1559 3351 amicum
1594 3300 1834 3354 dolorem

264 3392 677 3461 signiﬁcaverit.
716 3390 890 3457 Rogat
927 3400 1005 3454 ttt,
1052 3390 1095 3443 si
1134 3404 1192 3443 se
1226 3388 1294 3442 ab
1318 3390 1423 3443 hac
1471 3391 1837 3446 sollicitudine

264 3485 490 3538 liberare
535 3462 684 3547 velit,
717 3482 914 3551 quibus
938 3483 1002 3535 de
1021 3483 1196 3536 causis
1216 3482 1279 3534 ad
1310 3482 1446 3535 hanc
1474 3480 1829 3537 olIcnsionern

264 3578 523 3629 adductus
560 3576 653 3638 sit,
694 3584 881 3643 aperte
920 3573 1174 3627 declaret.

331 3667 545 3735 Scripta
568 3676 651 3720 est
680 3670 791 3719 lucc
827 3664 1051 3732 epistola
1075 3665 1145 3719 9.3
1175 3680 1279 3718 non
1330 3664 1518 3720 multis
1542 3675 1665 3720 ante
1699 3681 1838 3720 mor-

265 3768 363 3812 tem
397 3759 688 3812 Athanasii
723 3758 899 3812 annis.
922 3756 1041 3811 Jam
1072 3758 1216 3810 enim
1250 3757 1484 3812 Basilius
1524 3759 1753 3813 veritate
1784 3767 1838 3811 et

265 3851 472 3920 scriptis
517 3860 572 3902 et
614 3848 774 3903 factis
818 3847 1159 3901 defendenda
1212 3863 1465 3917 magnum
1498 3849 1602 3901 sibi
1638 3862 1832 3902 nomen

265 3951 583 4013 pepererat;
633 3956 697 3996 ac
733 3950 1033 4009 temporum
1064 3938 1327 3993 molestiis
1359 3940 1431 3992 ita
1474 3940 1714 3993 animum
1751 3955 1836 3993 as-

266 4036 585 4098 suefecerat,
616 4043 674 4087 ut
705 4033 900 4087 nullius
923 4032 1038 4100 jam
1063 4032 1297 4086 hominis
1326 4046 1456 4099 erga
1481 4047 1540 4085 se
1577 4032 1834 4085 immuta-

264 4131 335 4183 tio
364 4132 740 4197 inexspectata
766 4126 867 4195 ipsi
896 4126 1195 4180 videretur.
1232 4125 1323 4179 Sic
1371 4134 1554 4179 autem
1584 4124 1830 4177 Athana-

265 4221 325 4273 sii
354 4231 585 4273 mortem
625 4216 782 4271 deﬂet
822 4217 872 4269 itt
907 4216 1067 4284 epist.
1103 4216 1172 4269 29
1195 4256 1211 4280 ,
1256 4216 1335 4270 sic
1380 4216 1654 4269 desiderat
1685 4231 1836 4268 sunt-

267 4330 402 4366 mtun
434 4313 585 4364 illunt
636 4312 831 4375 virum,
869 4324 1028 4377 quem
1083 4309 1393 4363 columnam
1424 4316 1477 4361 et
1516 4307 1831 4360 ﬁrmamen-

266 4413 371 4458 tum
402 4402 665 4457 Ecclesim
692 4410 876 4465 vocat;
914 4410 1229 4467 tantamque
1274 4399 1416 4451 illius
1452 4410 1624 4452 morte
1648 4397 1829 4465 jactu-
1862 4428 1865 4431 ν

1948 3212 2175 3266 Musonii
2204 3222 2256 3263 et
2286 3207 2564 3261 Athanasii
2591 3205 2865 3275 Ancyratti
2897 3219 2960 3257 ac
2992 3214 3191 3258 sancta:
3222 3203 3516 3267 Eutntelite,

1946 3303 2196 3357 diuturna
2236 3298 2409 3351 fames
2444 3294 2705 3349 Basilium
2744 3308 2807 3347 ex
2840 3294 3114 3347 continuis
3140 3294 3510 3360 occupationi-

1944 3398 2043 3452 bus
2070 3394 2337 3462 respirare
2362 3405 2464 3443 non
2495 3390 2703 3450 sinens.
2730 3386 3011 3440 consilium
3043 3386 3205 3440 eundi
3227 3388 3512 3439 Samosata

1944 3504 2043 3558 per
2092 3487 2361 3554 integrum
2399 3497 2622 3542 annum,
2662 3478 2714 3531 id
2749 3487 2853 3541 est,
2884 3494 2978 3546 per
3027 3479 3162 3531 duas
3203 3487 3422 3530 mstates
3455 3492 3520 3529 ac

1947 3587 2106 3625 unam
2144 3572 2375 3624 hiemem
2421 3568 2524 3620 hac
2575 3565 2719 3617 fame
2754 3564 3176 3632 interpellatum.
3211 3562 3294 3615 Nil
3337 3563 3519 3616 verbis

1944 3677 2079 3733 opus
2111 3669 2213 3725 est,
2246 3667 2304 3711 ut
2358 3658 2471 3711 haec
2506 3671 2647 3709 anno
2676 3654 2782 3709 “570
2823 3670 2928 3707 non
2965 3654 3213 3708 evenisse
3250 3654 3469 3721 probent
3499 3690 3519 3719 ,

1944 3769 2052 3823 quo
2087 3752 2340 3807 Basiliqu
2386 3763 2577 3803 recens
2610 3750 2915 3803 ordinatum
2951 3761 3057 3799 non
3088 3745 3257 3798 fames
3285 3759 3520 3812 occupa-

1943 3847 2055 3911 bat,
2091 3846 2183 3898 sed
2217 3842 2430 3912 negotia
2462 3843 2527 3893 ab
2560 3840 2833 3909 episcopis
2865 3838 3034 3906 ipsius
3056 3837 3310 3890 electioni
3347 3836 3519 3889 inter-

1944 3938 2256 3992 cedentibus
2299 3934 2535 3989 exhibita
2574 3932 2925 3995 detinebant,
2977 3942 3076 3983 nec
3111 3928 3396 3982 Samosata
3423 3940 3519 3981 co-

1943 4030 2143 4099 gitabat
2165 4028 2250 4098 (e),
2275 4028 2366 4080 sed
2393 4024 2680 4079 Eusebiqu
2720 4021 3002 4083 invitabat,
3036 4028 3093 4072 ttt
3118 4018 3360 4097 sequenti
3390 4031 3517 4070 vere

1943 4121 2237 4175 Ecclesium
2277 4118 2665 4172 Caesariensem
2699 4114 2985 4168 reviseret.
3022 4111 3139 4179 Ipse
3183 4108 3379 4176 Pagius
3409 4122 3516 4161 non

1944 4212 2191 4281 elegisset
2225 4210 2367 4263 hunc
2401 4222 2623 4272 annum,
2666 4205 2769 4260 nisi
2805 4203 3201 4257 ordinationem
3236 4199 3517 4267 reiecisset

1944 4305 1995 4358 in
2022 4319 2219 4357 annum
2238 4302 2359 4356 571.
2384 4299 2595 4353 Nullum
2620 4298 2776 4351 famis
2796 4294 3078 4363 vestigium
3104 4307 3247 4346 anno
3275 4290 3374 4345 571
3417 4288 3512 4359 (f).

1942 4397 2197 4450 Basilium
2229 4395 2294 4449 ab
2327 4402 2589 4446 autumno
2621 4404 2789 4459 usque
2828 4388 2894 4442 ad
2921 4389 3123 4455 primos
3146 4399 3355 4439 menses
3386 4383 3514 4437 anni

268 4512 374 4548 ram
411 4494 612 4549 fecisse
656 4507 714 4547 se
752 4491 1053 4561 signiﬁcat,
1092 4499 1154 4544 ut
1203 4489 1359 4542 facile
1389 4498 1571 4559 pateat
1599 4503 1830 4541 nascen-
1867 4512 1908 4565 υ
1944 4488 2243 4558 sequentis,
2274 4486 2537 4538 adventus
2571 4483 2921 4543 Arianorum,
2958 4477 3293 4546 exspectatio
3322 4473 3515 4526 Valen-

270 4598 366 4640 tem
400 4589 548 4639 inter
604 4599 697 4639 eos
747 4583 1135 4637 dissensionem
1194 4584 1303 4635 cito
1359 4582 1600 4635 sedatam
1645 4578 1829 4633 fuisse.

269 4677 521 4729 Hortatur
554 4677 895 4744 Ancyranos,
938 4682 995 4725 ut
1026 4674 1317 4743 diligenter
1348 4682 1576 4725 caveant
1621 4686 1687 4725 ne
1712 4687 1833 4723 rur-

270 4783 354 4822 sus
384 4770 510 4821 lites
546 4776 601 4820 et
635 4766 914 4819 discordia:
946 4765 995 4816 in
1025 4765 1147 4816 novi
1180 4764 1415 4831 episcOpi
1440 4762 1709 4816 electione
1735 4778 1832 4815 na-

268 4868 502 4912 scantur.
535 4859 610 4910 De
638 4856 865 4909 Musonii
907 4865 959 4909 et
989 4855 1274 4908 Athanasii
1322 4855 1726 4908 successoribus
1754 4854 1832 4908 sic

269 4952 499 5020 loquitur
541 4950 793 5011 Basilius,
827 4955 884 5000 ut
919 4948 1053 5001 nihil
1088 4949 1215 5000 boui
1264 4947 1331 5000 ab
1367 4948 1444 5000 eis
1485 4956 1831 5014 exspectasse

270 5044 522 5097 videatur.
556 5041 920 5103 Neocwsarca,
947 5041 1118 5108 inquit
1140 5042 1231 5111 (c),
1261 5049 1305 5091 et
1328 5038 1533 5107 Ancyra
1563 5039 1688 5091 vim
1713 5046 1832 5090 sunt

268 5137 443 5187 habere
472 5148 797 5186 successores
835 5147 1014 5185 eorum
1043 5132 1132 5200 qui
1167 5132 1439 5193 obierunt,
1469 5139 1515 5182 et
1550 5132 1834 5196 hucusque

268 5228 653 5293 conquiescunt.

330 5317 482 5371 Cirta
519 5318 660 5369 idem
692 5325 903 5385 tempus
948 5330 1011 5368 ac
1042 5313 1319 5367 Musonius
1370 5322 1423 5366 et
1456 5311 1788 5365 Athanasius
1816 5350 1829 5373 ,

268 5410 387 5463 obiit
417 5408 475 5463 S.
504 5406 767 5461 Emmelia
803 5416 975 5461 mater
1005 5406 1206 5471 Basilii,
1228 5406 1290 5461 de
1308 5404 1464 5473 cujus
1499 5412 1675 5457 morte
1712 5416 1834 5457 cer-

328 5588 404 5655 (α)
442 5586 537 5655 Ep.
566 5586 656 5641 ‘29.

326 5659 399 5727 (b)
431 5658 527 5723 Ep.
556 5657 646 5721 25,
686 5675 737 5713 η.
770 5658 824 5712 2.

324 5729 395 5796 (ε)
428 5728 524 5795 Ep.
558 5728 649 5781 50.

324 5802 399 5870 (α)
432 5798 530 5867 Ep.
552 5797 641 5851 at.

1949 4584 2014 4634 tis
2046 4596 2109 4635 ac
2140 4577 2335 4632 deinde
2363 4577 2473 4645 ipsa
2494 4574 2801 4644 persecutio
2832 4573 2910 4626 sic
2934 4571 3301 4629 detinuerunt,
3326 4576 3385 4619 ut
3411 4568 3514 4621 iter

1945 4673 2326 4726 Satnosatense
2354 4670 2405 4721 itt
2440 4675 2671 4720 mentem
2714 4664 2898 4717 venire
2925 4677 3029 4715 non
3060 4658 3323 4729 potuerit.
3354 4656 3513 4712 Anno

1941 4764 2065 4826 57?...
2101 4762 2281 4816 statim
2328 4767 2448 4828 post
2481 4756 2686 4810 Pascha
2720 4757 2825 4809 iter
2859 4754 2934 4829 (9)
2987 4750 3202 4820 aliquod
3234 4750 3508 4818 suscepit,

1945 4868 2132 4906 mense
2187 4851 2329 4902 Maio
2362 4849 2505 4901 aliud
2536 4847 2613 4917 th)
2648 4847 2933 4901 meditatus
2975 4836 3256 4909 est,'qnod
3295 4841 3361 4893 ad
3392 4842 3511 4895 exi-

1943 4955 2052 4999 tum
2086 4961 2189 4997 non
2226 4943 2497 5010 perduxit.
2532 4942 2637 4995 Sed
2687 4951 2873 5010 postea
2909 4936 3223 4990 Armeniam
3253 4950 3512 5005 peragra-

1940 5037 2035 5100 vit,
2074 5049 2136 5087 ac
2165 5034 2379 5086 tandem
2413 5031 2797 5085 suavissimum
2831 5027 2935 5081 mel
2965 5025 3219 5081 Ecclesiae
3250 5026 3510 5079 Samosa-

1939 5126 2105 5179 tensis
2140 5124 2464 5193 degustavit.
2496 5121 2642 5175 Nihil
2680 5134 2808 5187 ergo
2835 5134 2901 5174 ex
2933 5118 3018 5172 his
3052 5131 3172 5187 qua!
3191 5117 3507 5185 quaerimus,

1936 5217 2241 5285 suppeditat
2299 5230 2473 5268 annus
2527 5212 2653 5267 372.
2712 5211 2972 5279 Superest
3026 5224 3202 5263 annus
3255 5207 3383 5272 575,
3416 5210 3507 5275 qui

1938 5309 2173 5361 maxime
2204 5307 2410 5359 arridet
2441 5304 2804 5358 'l'illemontio.
2838 5300 2972 5356 Nam
3001 5316 3143 5354 anno
3181 5297 3286 5353 574
3344 5307 3399 5352 et
3424 5313 3504 5352 se-

1935 5398 2231 5468 quentibus
2263 5394 2553 5451 exsulabat
2596 5392 2878 5451 Eusebius.
2926 5389 3249 5459 Reperimus
3284 5384 3505 5456 quidem

2011 5572 2080 5641 (ε)
2113 5571 2209 5638 Ep.
2245 5571 2333 5625 ts.

2130 5714 2223 5777 Ep.
2258 5711 2349 5765 95.

2010 5785 2087 5853 (It)
2125 5782 2218 5853 Ep.
2245 5782 2331 5837 98.
