3958 6212
424 355 495 397 ιιι
1760 325 1995 382 PROLEt

2102 325 2295 381 llEN:\.

431 450 535 504 hoc
565 461 709 502 anno
745 444 1003 500 Basilium
1030 442 1295 498 invisendi
1340 440 1558 497 Eusebii
1594 438 1876 509 promissis
1901 437 2000 492 ob-
2029 442 2073 496 Α
2102 445 2274 489 morte
2302 433 2525 489 alllictos
2572 430 2771 484 litteris
2817 430 3164 484 amicissimis
3201 429 3512 486 consolatus
3536 402 3674 488 fui;-

427 542 703 595 striotum.
739 538 805 592 At
835 553 935 591 cur
970 536 1237 605 promiSsa
1280 550 1386 588 non
1426 532 1746 603 perfecerit,
1790 531 2001 600 gravis-

424 632 621 686 simum
656 630 897 682 morbum
921 637 1139 681 excusat
1161 628 1212 680 in
1236 627 1478 693 pluribus
1496 624 1739 693 epistolis
1760 624 1859 694 (a),
1884 638 2004 677 nus-

422 736 586 790 quam
615 720 834 774 famem.
863 720 918 773 ln
936 719 1161 788 epistola
1184 718 1310 783 145,
1335 717 1805 786 apprOpinquante
1826 717 2001 769 hieme

426 815 652 883 scripta,
696 810 821 866 cuni
848 826 998 881 spem
1048 825 1263 865 onmem
1300 808 1592 878 abjecisset
1619 807 1869 861 visitandi
1902 806 2001 859 Eu-

424 905 583 970 sebii,
619 903 822 957 morbis
852 902 1166 956 debilitatus
1186 940 1201 965 ,
1242 901 1416 969 ipsum
1438 899 1504 951 ad
1530 914 1589 952 se
1619 898 1830 951 invitat.
1859 896 2000 950 Mor-

422 994 551 1047 bum
583 1003 637 1046 et
664 993 896 1046 hiemem
921 1001 1179 1045 causatur
1206 992 1259 1042 in
1303 989 1530 1057 epistola
1566 988 1633 1041 ad
1676 986 1993 1055 Evagrium,

423 1100 525 1137 cur
579 1085 631 1137 in
679 1084 992 1137 Armeniam
1030 1081 1298 1152 prolicisci
1325 1096 1427 1133 non
1456 1080 1647 1149 possit.
1681 1078 1798 1135 Uno
1830 1079 1996 1132 verbo

424 1176 634 1229 nullum
670 1190 895 1244 prorsus
933 1176 1036 1230 hoc
1068 1189 1210 1228 anno
1248 1172 1507 1227 indicium
1550 1170 1708 1224 famis
1741 1181 1834 1223 aut
1857 1169 1996 1224 inci-

423 1266 624 1333 pientis
654 1276 748 1318 aut
780 1265 1097 1319 desinentis.
1135 1263 1307 1317 Nemo
1370 1264 1564 1315 larnem
1598 1276 1741 1316 anno
1763 1260 1870 1315 573
1902 1261 1998 1314 de-

420 1358 582 1412 siisse
627 1357 841 1413 dixerit.
899 1358 1009 1411 llac
1043 1358 1186 1411 enim
1227 1356 1413 1409 sedata
1469 1354 1768 1407 Eusebium
1808 1353 1998 1407 invisit

423 1450 679 1515 Basilius,
714 1451 856 1519 quod
881 1450 1098 1519 quidem
1145 1462 1287 1500 anno
1319 1448 1423 1500 575
1456 1445 1716 1514 perlicere
1759 1459 1863 1498 non
1897 1458 1995 1512 po-

425 1544 546 1595 tuit.
583 1542 781 1595 Eadem
807 1556 971 1594 causa
1009 1539 1168 1592 latinis
1210 1538 1419 1591 initium
1452 1537 1518 1589 ad
1544 1551 1744 1589 annum
1769 1535 1875 1589 575
1905 1550 1994 1590 re-

425 1633 569 1686 ferre
593 1649 696 1687 non
723 1634 851 1686 sinit
877 1651 889 1685 :
927 1632 1192 1700 siquidem
1222 1630 1309 1683 illa
1343 1644 1486 1683 anno
1511 1629 1759 1697 sequenti
1785 1628 1994 1683 solutus

422 1725 659 1781 Basilius
689 1726 972 1780 SamOsata
1020 1726 1194 1795 petiit.
1246 1725 1317 1779 At
1367 1739 1511 1778 anno
1558 1723 1664 1777 574
1713 1724 1995 1779 exsulabat

423 1816 709 1870 Eusebius.
734 1791 1163 1883 lunneritovergo
1188 1814 1567 1868 Tillemontius
1603 1823 1833 1867 mortem
1882 1814 1996 1867 Mn-
2026 1791 2069 1845 Β

422 1905 589 1968 sonii,
631 1905 913 1957 Athanasii
947 1914 1003 1957 et
1047 1904 1105 1958 S.
1143 1902 1419 1955 Etnmelite
1465 1915 1610 1956 anno
1640 1899 1746 1954 ’575
1775 1900 1995 1954 exeunti

423 1992 639 2061 alligere
666 2002 910 2048 conatur.

490 2086 549 2138 εἰσ
580 2084 851 2140 Habemus
881 2084 1246 2138 certissimum
1277 2082 1525 2151 Gregorii
1574 2080 1808 2152 Nysseni
1839 2080 1995 2134 testi-

422 2176 687 2237 monium,
717 2176 806 2243 qui
832 2183 1116 2243 postquam
1151 2184 1381 2226 mortem
1418 2182 1473 2227 et
1504 2174 1838 2241 sepulturam
1888 2184 1998 2223 ma-

423 2267 522 2323 tris
555 2268 818 2330 narravit,
841 2268 1023 2320 statim
1047 2266 1124 2320 sic
1146 2265 1321 2335 pergit
1351 2264 1426 2334 (b)
1456 2280 1472 2318 :
1515 2265 1604 2317 Ἐν
1629 2264 1804 2335 τούτῳ
1833 2266 1862 2318 ὁ
1894 2280 1994 2316 πο-

420 2359 516 2422 λὺς
540 2360 598 2411 ἐν
630 2358 804 2425 ἁγίοις
834 2358 1109 2420 Βασίλειος
1133 2357 1232 2425 τῆς
1260 2358 1501 2428 μεγάλης
1516 2356 1841 2427 Καισαρέων
1868 2356 1996 2408 Ἐκ-

422 2451 650 2521 κλησίας
679 2451 957 2521 ἀνεδείχθη
982 2452 1289 2521 προστάτης
1317 2468 1329 2481 ·
1361 2449 1420 2513 ὃς
1450 2450 1543 2502 ἐπὶ
1564 2448 1652 2502 τὸν
1682 2447 1879 2519 κλῆρον
1897 2448 1996 2518 τῆς

420 2548 481 2599 ὲν
507 2542 585 2614 τῷ
619 2544 1025 2614 πρεσϐυτερείῳ
1083 2542 1402 2614 ἱερωσύνης,
1435 2543 1527 2595 τὸν
1560 2539 1787 2610 ἀδελφὸν
1823 2540 1946 2609 ἄγει
1976 2555 1991 2568 ⁸

420 2638 540 2699 ταῖς
570 2637 859 2706 μυστικαῖς
902 2634 1095 2688 ἑαυτοῦ
1141 2635 1475 2706 ἱερουργίαις
1505 2631 1819 2706 ἁφιερώσας
1841 2648 1854 2661 ⁸
1901 2632 1996 2686 καὶ

421 2728 480 2780 ἐν
524 2725 697 2796 τούτῳ
760 2725 921 2778 πάλιν
965 2727 1149 2789 αὐτοῖς
1183 2726 1277 2779 ἐπὶ
1326 2726 1389 2779 τὸ
1443 2726 1765 2796 σεμνότερόν
1802 2742 1861 2778 τε
1901 2726 1995 2778 καὶ

419 2816 719 2888 ἀγιώτερον
762 2818 958 2889 προῄει
996 2820 1024 2871 ὁ
1065 2817 1209 2887 βίος,
1248 2821 1314 2889 τῇ
1354 2818 1621 2890 ἱερωσύνῃ
1654 2818 1753 2888 τῆς
1783 2816 1996 2886 φιλοσο-

421 2909 553 2977 φίας
583 2906 1005 2978 ἐπαυξηοείσης.
1046 2908 1178 2961 Tum
1210 2908 1433 2978 insignis
1465 2910 1602 2962 inter
1627 2919 1837 2962 sanctos
1881 2907 1993 2962 Ba-

423 3002 571 3055 silius
600 3018 803 3070 magna:
827 3000 1232 3057 Ctesariensium
1278 2999 1528 3054 Ecclesia:
1559 2999 1857 3054 declaratus
1884 3016 1982 3054 att-

421 3094 593 3156 tistes,
623 3095 712 3160 qui
762 3092 816 3145 in
863 3092 1063 3145 derum
1107 3093 1385 3145 sacerdotii
1416 3093 1835 3162 presbyterorum
1874 3094 1989 3161 fra-

423 3191 556 3233 trem
607 3178 808 3244 evehit,
850 3180 959 3233 suis
1000 3196 1117 3233 eum
1161 3181 1395 3250 mysticis
1432 3184 1776 3236 sacramentis
1809 3199 1993 3237 conse-

422 3285 619 3334 cratis;
653 3279 864 3340 tumque
905 3271 1012 3326 illis
1051 3273 1120 3325 ad
1154 3274 1407 3342 majorem
1453 3274 1762 3343 gravitatem
1797 3284 1845 3328 et
1870 3293 1996 3329 san-

423 3363 659 3415 ctitatem
718 3362 824 3415 vita
883 3365 1264 3433 progreditur,
1323 3374 1545 3434 augente
1605 3365 1995 3435 philosoyhiam

421 3453 734 3507 sacerdotio.
757 3450 992 3508 Nimium
1016 3454 1161 3508 clara
1177 3466 1231 3509 et
1247 3456 1529 3524 perspicua
1548 3455 1791 3527 Gregorii
1810 3459 1994 3523 verba,

423 3561 586 3613 quam
618 3546 837 3600 uteludi
869 3548 1111 3615 possint;
1144 3548 1314 3605 multo
1348 3551 1530 3605 minus
1560 3550 1665 3604 dici
1701 3551 1871 3618 possit
1903 3566 1996 3606 cr-

425 3653 548 3691 rare
598 3638 649 3691 in
709 3649 814 3692 tam
865 3639 1168 3710 insignibus
1222 3642 1384 3697 rebus
1442 3641 1758 3698 domesticis
1824 3659 1991 3698 enar-

425 3728 626 3784 randis.

493 3819 552 3872 5°
585 3819 653 3873 Ut
686 3820 787 3875 hos
823 3832 1051 3876 eventus
1079 3837 1221 3878 anno
1256 3822 1362 3878 568
1401 3834 1633 3881 exeunte
1654 3835 1749 3881 aut
1778 3827 2002 3882 ineunte

422 3907 529 3962 569
561 3910 926 3979 assignemus,
965 3926 1146 3965 rerum
1192 3912 1449 3981 deinceps
1475 3914 1877 3968 narrandarum
1907 3928 1998 3968 se-

424 4000 537 4054 ries
561 4001 784 4055 omnino
818 4001 1070 4068 postulat.
1105 4000 1265 4057 Modo
1315 4005 1665 4072 probabimus
1703 4006 1991 4076 epistolam

422 4090 494 4143 5L
518 4091 584 4144 ad
625 4090 940 4156 Eusebium,
965 4092 1051 4146 cui
1088 4108 1301 4148 summa
1347 4106 1433 4150 est
1457 4110 1581 4150 cum
1629 4098 1998 4167 superioribus

426 4181 794 4245 necessitudo,
836 4192 966 4236 ante
1009 4184 1378 4252 episcopatum
1427 4188 1686 4253 scriptam
1727 4204 1872 4245 esse.
1919 4190 1997 4246 De

426 4270 734 4324 Athanasio
762 4271 1053 4341 Ancyrauo
1079 4284 1134 4328 et
1169 4274 1416 4331 Musonio
1447 4278 1582 4331 nihil
1621 4279 1876 4350 deinceps
1900 4295 1993 4337 oc-

424 4373 631 4418 curret.
660 4361 860 4417 Neuter
882 4365 1186 4421 subscribet
1218 4367 1414 4424 litteris
1441 4370 1494 4424 in
1533 4369 1883 4428 Occidentem
1912 4374 1986 4444 (c)

2102 526 2219 581 set?
2252 526 2348 580 llis
2374 524 2511 579 adde
2552 522 2603 576 in
2633 521 2888 588 opinione
2930 520 3257 575 Tillemontii
3288 522 3547 590 explicari
3584 525 3674 579 vix

2102 631 2284 685 posse,
2328 615 2599 683 quomodo
2642 614 2895 675 Basilius,
2930 611 3022 681 qui
3068 626 3128 666 se
3176 612 3332 666 initio
3357 614 3674 669 monastic:

2100 703 2476 773 professionis,
2509 714 2567 756 ut
2598 717 2762 771 supra
2796 702 3049 768 vidimus,
3086 703 3340 757 omnibus
3369 703 3532 757 rebus
3568 720 3676 757 uu-

2100 799 2344 860 daverat,
2377 796 2578 864 quique
2609 796 2710 851 hoc
2740 796 3045 849 institutum
3070 796 3524 864 amplectentihus
3549 796 3678 849 ruti-

2103 884 2209 939 lius
2244 886 2466 939 omnino
2498 886 2796 940 retinendze
2827 885 2902 939 rei
2935 885 3208 939 licentiam
3257 888 3527 950 concedit,
3578 902 3681 942 suo

2102 983 2286 1027 tamen
2322 974 2652 1042 patrimonio
2681 974 3500 1044 pauperes-presbyterjuverit.
3523 978 3595 1030 At
3624 978 3681 1032 id

2100 1064 2247 1119 nullo
2274 1064 2488 1134 negotio
2513 1064 2793 1119 solvimus.
2815 1063 3061 1119 Nondum
3079 1067 3314 1120 desierat
3339 1068 3532 1130 fames.
3550 1083 3677 1123 cum

2100 1157 2290 1211 matris
2323 1166 2497 1212 morte
2531 1158 2597 1211 ad
2637 1172 2760 1211 eum
2790 1158 2931 1212 bona
2976 1158 3276 1225 redierunt,
3319 1174 3441 1229 quae
3485 1162 3676 1215 statim

2100 1258 2324 1317 urgente
2349 1249 2489 1303 fame
2518 1249 2569 1302 in
2600 1264 2869 1319 pauperes
2901 1249 3112 1304 eliudit.

2166 1338 2399 1395 Necesse
2422 1340 2522 1394 fuit
2552 1341 2604 1394 in
2640 1342 2722 1395 his
2753 1342 3049 1411 probandis
3082 1343 3388 1408 immorari,
3414 1345 3542 1414 quia
3560 1361 3677 1400 ma-

2096 1432 2227 1486 ximi
2251 1441 2376 1486 sunt
2404 1435 2658 1488 momenti
2686 1433 2751 1486 ad
2774 1434 3019 1488 ordinem
3057 1448 3236 1487 rerum
3266 1434 3452 1490 Basilii
3480 1447 3669 1506 gesta-

2096 1541 2237 1581 rum.
2267 1527 2374 1579 Sed
2404 1526 2593 1595 objicit
2632 1526 3011 1581 Tillemontins
3044 1524 3124 1597 (f)
3169 1525 3427 1581 Basilium
3458 1528 3512 1582 in
3551 1529 3673 1598 cpi.

2096 1619 2232 1673 stola
2259 1618 2347 1685 50,
2368 1619 2449 1673 sic
2480 1619 2546 1673 de
2575 1619 2911 1687 negotiorum
2943 1633 3165 1673 suorum
3205 1619 3590 1688 perpetuitate,
3616 1629 3677 1674 et

2098 1710 2163 1764 de
2187 1710 2399 1764 insidiis
2430 1710 2534 1765 sibi
2562 1712 2785 1764 structis
2822 1710 2990 1780 loqui,
3024 1721 3080 1766 et
3128 1725 3250 1766 cum
3294 1711 3532 1768 Eusebio
3555 1715 3676 1783 epi-

2098 1818 2263 1873 scopo
2286 1814 2338 1857 et
2363 1804 2665 1857 Athanasio
2700 1802 2992 1873 Ancyrano
3022 1804 3102 1858 sic
3134 1819 3315 1874 agere,
3356 1814 3415 1858 ut
3442 1805 3673 1861 dubium

2097 1911 2219 1951 esse
2254 1911 2358 1950 non
2391 1898 2580 1965 possit,
2609 1896 2738 1964 quin
2771 1905 2898 1950 tunc
2917 1897 3203 1966 episcOpus
3232 1895 3412 1952 fuerit.
3445 1897 3678 1955 Videtur

2098 1988 2260 2040 etiam
2287 1987 2391 2041 sibi
2418 1988 2751 2042 certissimas
2786 1998 2940 2042 notas
2964 1989 3308 2058 episcopatus
3329 1992 3669 2060 perspicere,

2097 2094 2219 2135 cum
2252 2079 2575 2135 aitBasilius
2597 2080 2669 2151 (g)
2691 2095 2872 2135 secum
2896 2079 3194 2135 Musonium
3226 2080 3678 2139 adEcclesiarum

2097 2173 2531 2241 paciﬁcationem
2570 2188 2676 2228 non
2725 2174 3072 2229 concurrisse
3102 2212 3117 2237 ,
3171 2175 3267 2229 sed
3315 2184 3493 2230 tamen
3544 2190 3679 2231 eum

2097 2278 2311 2332 semper
2339 2279 2370 2317 a
2394 2279 2453 2318 se
2483 2265 2553 2318 ad
2588 2264 2975 2335 oppugnandos
3021 2263 3306 2320 haereticos
3344 2265 3678 2320 advocatum

2097 2354 2265 2409 fuisse
2298 2370 2313 2409 :
2349 2354 2431 2408 vel
2455 2370 2576 2410 cum
2615 2356 2747 2410 dicit
2793 2366 3015 2411 mortuo
3056 2356 3354 2410 Athanasio
3387 2375 3401 2411 :
3441 2354 3676 2413 Cuiuaus

2096 2449 2338 2519 deinceps
2378 2448 2741 2503 Ecclesiarum
2775 2465 2962 2502 curam
2997 2448 3288 2518 deferemus
3309 2452 3334 2504 ?

2169 2540 2275 2596 Sed
2318 2541 2612 2596 l'lacilem
2652 2551 2708 2596 et
2750 2542 3052 2610 expeditam
3091 2541 3498 2611 responsionem
3542 2557 3681 2610 sup-

2096 2635 2360 2703 peditant,
2397 2650 2518 2688 cum
2575 2635 2688 2703 ipsa
2741 2633 3093 2689 Caesariensis
3124 2633 3386 2699 Ecclesia,
3437 2636 3677 2703 quaajus

2096 2727 2441 2782 exarcbicum
2470 2726 2722 2793 habebat,
2753 2735 2862 2779 tum
2886 2724 3071 2779 Basilii
3096 2726 3148 2780 in
3172 2725 3273 2780 hac
3299 2724 3540 2781 Ecclesia
3571 2742 3677 2780 au-

2096 2820 2347 2886 ctoritas,
2378 2834 2538 2886 quem
2567 2816 2863 2886 Gregorius
2896 2816 3267 2874 Nazianzenus
3296 2817 3373 2890 (It)
3409 2826 3664 2884 testatur,

2096 2911 2196 2965 etsi
2221 2911 2480 2967 cathedra
2524 2910 2861 2977 inferiorem,
2906 2911 3162 2967 Ecclesia:
3202 2911 3490 2980 imperium
3526 2911 3677 2966 obti-

2096 2998 2298 3052 nuisse.
2332 2998 2426 3053 ilis
2458 2999 2595 3053 adde
2628 2999 2867 3053 rnaxima
2901 3000 3126 3069 ingenii,
3158 3000 3441 3067 doctrina),
3464 3010 3521 3055 et
3555 3001 3674 3056 vir-

2096 3088 2227 3142 tutis
2251 3099 2591 3155 ornamcnta,
2615 3090 2815 3159 quibus
2839 3090 3075 3159 episcopi
3102 3099 3307 3145 tantum
3335 3091 3672 3157 tribuebant,

2099 3189 2158 3232 ut
2182 3194 2304 3233 eum
2338 3179 2515 3234 adhuc
2544 3180 2800 3235 lectorem
2830 3180 3351 3251 Constantinopolim
3377 3182 3446 3237 ad
3467 3183 3671 3237 verita-

2101 3270 2168 3323 tis
2197 3268 2564 3324 defensionem
2605 3271 3028 3337 accersiverint,
3064 3281 3119 3325 et
3154 3288 3275 3326 cum
3300 3286 3364 3327 eo
3394 3274 3459 3328 de
3484 3275 3665 3328 maxi-

2099 3361 2203 3413 mis
2265 3360 2426 3414 rebus
2484 3360 2840 3431 Lampsacum
2904 3360 3201 3430 profecturi
3269 3363 3666 3420 deliberarent.

2099 3452 2236 3517 Quid
2259 3455 2452 3505 mirmn
2489 3454 2532 3507 si
2574 3455 2854 3524 presbyter
2879 3454 3073 3518 lactus,
3099 3470 3220 3510 cum
3243 3456 3507 3526 plurimas
3536 3473 3675 3529 par-

2101 3555 2180 3599 tes
2208 3545 2451 3613 rcgenda:
2483 3545 2737 3600 Erclesite
2785 3546 3132 3602 Ctesariensis
3158 3549 3498 3615 sustineret,
3558 3566 3675 3606 non

2099 3635 2351 3690 minimas
2373 3636 2536 3691 etiam
2563 3637 2616 3691 in
2654 3637 2743 3699 iis,
2775 3653 2894 3707 qua:
2926 3637 2995 3692 ad
3038 3640 3390 3695 exarchicum
3413 3640 3507 3711 jus
3540 3657 3672 3710 per-

2100 3727 2367 3792 tinebant,
2393 3728 2710 3782 sustinuerit
2736 3730 2759 3782 ?

2167 3817 2224 3871 2°
2251 3817 2382 3872 Illud
2404 3833 2718 3873 asseverare
2743 3834 3051 3888 possumus,
3087 3820 3219 3875 nihil
3243 3821 3330 3877 his
3355 3821 3553 3877 litteris
3583 3824 3674 3877 in-

2096 3923 2238 3973 esse,
2261 3912 2406 3980 quod
2439 3911 2799 3979 episcopalem
2826 3913 3206 3967 auctoritatem
3238 3914 3551 3968 necessario
3573 3914 3673 3969 de-

2098 4002 2295 4069 signet.
2325 4002 2513 4055 Nonne
2539 4003 2683 4057 enim
2715 4002 3001 4072 presbyter
3032 4012 3088 4057 et
3120 4005 3395 4073 perpetuis
3438 4006 3674 4074 negotiis

2098 4093 2326 4147 detineri
2346 4092 2544 4161 potuit,
2571 4102 2626 4146 et
2643 4092 2857 4146 insidiis
2882 4094 3221 4147 inimicorum
3241 4094 3462 4163 appeti?
3494 4095 3677 4161 Quan-

2097 4199 2258 4254 quam
2294 4186 2506 4253 negotia
2534 4186 2621 4239 illa
2659 4202 2765 4240 non
2791 4186 3027 4251 aliunde,
3062 4201 3222 4254 quam
3251 4202 3316 4240 ex
3354 4186 3497 4241 fante
3531 4196 3664 4243 tunc

2096 4288 2379 4346 grassante
2418 4278 2753 4345 oriebantur,
2795 4280 2847 4333 id
2890 4279 3032 4346 quod
3067 4279 3244 4331 minus
3278 4278 3668 4332 animadvertit

2072 4369 2520 4425 .Tillemoutius:
2563 4370 2774 4424 insidia:
2806 4386 2912 4424 non
2961 4372 3135 4437 magis
3177 4370 3458 4434 Basilium,
3500 4384 3671 4438 quam

427 4452 608 4506 missis
632 4468 776 4506 anno
805 4452 930 4507 572.
960 4454 1264 4519 Quinetiam
1289 4458 1358 4512 ab
1387 4459 1611 4514 Atarbio
1658 4461 1737 4532 (ά)
1776 4478 1995 4518 succes-
2027 4477 2072 4532 ι)
2101 4460 2271 4528 ipsam
2297 4460 2688 4515 Ctesariensem
2712 4460 3008 4514 Ecclesium
3035 4461 3285 4516 videntur
3307 4462 3549 4531 petiisse.
3577 4461 3677 4516 Se-

426 4560 550 4599 sore
581 4544 811 4599 Musonii
837 4549 1189 4616 gravissimas
1227 4551 1506 4607 molestias
1543 4554 1746 4610 Basilio
1783 4557 1998 4611 exhibi-

427 4644 511 4687 tas
550 4634 854 4689 videbimus
908 4651 1014 4691 non
1047 4638 1216 4693 multo
1267 4650 1392 4709 post
1442 4641 1653 4698 Pascha
1698 4646 1825 4699 anni
1869 4645 1995 4702 575.

425 4723 630 4779 Eodem
677 4728 805 4780 anni
837 4726 946 4782 575
991 4738 1235 4798 tempore
1275 4733 1354 4787 sic
1388 4735 1679 4804 compellat
1710 4735 1996 4793 Neoctesa-

425 4818 635 4871 rienses
666 4815 738 4888 (ε)
775 4836 790 4872 :
829 4818 880 4871 Μ
892 4820 1004 4872 ulto
1027 4830 1256 4886 tempore
1286 4825 1423 4878 inter
1448 4842 1540 4880 nos
1579 4827 1844 4894 siluimus,
1872 4830 1993 4897 [ra-

424 4915 551 4957 tres.
583 4904 846 4970 Queritur
870 4909 1069 4964 ibidem
1101 4913 1243 4979 quod
1274 4928 1461 4967 eorum
1512 4914 1793 4971 iracundia
1825 4922 2003 4973 totant

426 4997 667 5053 hominis
693 5009 907 5055 mtatem
942 5004 1218 5070 perduret.
1251 5003 1390 5058 Num
1427 5007 1507 5061 sic
1551 5007 1767 5063 locutus
1823 5021 1992 5075 esset,

425 5090 470 5142 si
503 5104 643 5142 anno
666 5089 772 5143 575
800 5102 1031 5147 exeunte
1060 5105 1155 5148 aut
1189 5097 1412 5153 ineunte
1453 5097 1580 5165 574,
1613 5100 1848 5154 nondum
1874 5102 1995 5157 ullae

424 5181 760 5237 exstitissent
779 5184 887 5238 odii
909 5185 1357 5260 signiﬁcationes,
1381 5204 1583 5261 eosque
1608 5202 1734 5249 tunc
1753 5193 1995 5266 episcopi

499 5439 575 5510 (α)
601 5441 694 5509 Ep.
724 5442 844 5504 156,
876 5444 1000 5508 158,
1031 5445 1151 5501 Ml.

498 5510 573 5649 (ὸς
612 5510 718 5593 ιξὶι.
744 5512 914 5567 Macr.
948 5532 999 5584 p.
1037 5519 1154 5569 187.

501 5598 550 5643 rc
606 5581 701 5648 Ep.
727 5583 816 5635 92.

501 5581 572 5648 rc)
606 5581 701 5648 Ep.
727 5583 816 5635 92.

502 5654 576 5717 (τι)
610 5651 708 5719 Ep.
735 5652 857 5707 126.

503 5726 573 5788 (ε)
604 5720 700 5790 Ep.
723 5722 848 5792 204,
888 5743 939 5782 n.
972 5731 1021 5785 1.

2099 4554 2276 4607 cernit
2304 4568 2363 4607 se
2388 4554 2454 4608 ab
2481 4553 2749 4622 episcopis
2773 4553 3026 4619 Basilius,
3055 4568 3178 4609 cum
3210 4555 3286 4606 ait
3316 4554 3367 4607 in
3401 4553 3563 4624 epist.
3602 4555 3674 4608 ad

2102 4641 2389 4697 Eusebium
2429 4646 2466 4711 (i
2491 4646 2533 4710 ),
2568 4644 2692 4695 dum
2712 4660 2798 4697 eos
2825 4644 3176 4708 cunctamini,
3210 4655 3317 4698 etc.
3353 4643 3410 4697 In
3441 4644 3675 4711 epistola

2100 4732 2167 4786 ad
2206 4731 2562 4787 Athanasium
2616 4733 2691 4804 (j)
2740 4734 2873 4788 nihil
2927 4749 3059 4788 sane
3097 4733 3488 4800 animadverto,
3527 4737 3675 4802 quod

2101 4824 2357 4879 Basilium
2394 4826 2600 4879 honore
2643 4842 2827 4894 parem
2870 4826 3170 4882 Athanasio
3225 4825 3394 4882 fuisse
3444 4827 3675 4883 iudicet.

2101 4917 2213 4972 lmo
2239 4918 2486 4987 queritur
2513 4920 2744 4987 quod.se
2782 4920 3118 4985 Athanasius
3151 4934 3257 4974 non
3295 4920 3675 4983 accersiverit,

2102 5022 2161 5065 ut
2183 5012 2385 5065 doloris
2418 5026 2612 5066 causas
2638 5012 2907 5066 indicaret
2934 5025 2949 5064 :
2980 5017 3125 5081 quod
3176 5010 3423 5081 profecto
3446 5011 3670 5081 episco-

2100 5119 2200 5172 pus
2226 5103 2574 5179 Ctesariensis
2606 5119 2712 5158 non
2747 5106 2974 5161 dixisset
3023 5105 3336 5176 Ancyrano,
3371 5118 3494 5159 cum
3531 5119 3677 5174 pra:-

2100 5196 2291 5251 sertim
2316 5195 2557 5251 Ecclesia
2589 5195 2941 5254 Caesariensis
2978 5196 3104 5266 jura
3139 5196 3428 5253 exarchica
3462 5195 3517 5251 in
3555 5194 3666 5251 Ga-

2172 5456 2238 5526 (f)
2268 5457 2388 5510 Not.
2417 5457 2486 5512 65
2512 5460 2565 5512 in
2588 5459 2752 5516 Basil.

2175 5528 2249 5593 (ῃ)
2282 5526 2378 5592 Ep.
2403 5527 2494 5593 28,
2524 5546 2577 5585 ιι.
2612 5531 2667 5585 2.

2174 5597 2253 5666 (In
2282 5597 2375 5666 or.
2402 5597 2493 5649 eo.

2173 5665 2238 5734 (ἑ)
2282 5665 2381 5732 Ep.
2408 5666 2501 5719 20.

2172 5736 2241 5807 ω
2281 5734 2377 5805 Ep.
2402 5736 2492 5792 25.
