3958 6212
272 412 317 447 ρ
1610 363 1771 423 VITA
1809 367 1866 422 S.
1901 366 2162 422 BASlLlI.

3402 385 3497 425 LIII

259 482 445 535 latiam
481 482 829 537 extenderet.
861 482 1020 537 Ridet
1066 483 1281 551 quidem
1330 481 1615 537 Athanasii
1665 484 1838 539 minas
1869 488 1911 544 Δ
1942 498 2061 538 cres
2085 482 2301 537 habenti
2339 482 2428 553 (c),
2488 493 2541 538 et
2574 482 2965 554 episcopalibus
3003 483 3145 537 euris
3187 480 3499 551 jamdudum

254 573 513 626 Basilius.
539 570 648 627 Sed
672 588 799 627 num
826 587 1051 627 necesse
1082 573 1179 626 fuit
1205 588 1327 627 eum
1352 574 1659 642 episc0pum
1693 587 1835 639 esse,

255 672 317 715 nt
346 679 404 716 se
438 664 619 717 minas
668 663 849 718 ridere
875 665 1101 727 diceret,
1146 678 1245 717 nec
1281 665 1417 716 adeo
1439 678 1663 730 puerum
1692 678 1836 728 esse,

255 764 313 804 ut
339 754 460 808 haec
510 754 770 807 terricula
823 754 1112 808 formidet?
1145 753 1329 824 Neque
1368 755 1531 808 etiam
1558 748 1838 822 episcopa-

253 846 364 898 lem
389 846 772 899 auctoritatem
794 844 895 899 sibi
923 844 1204 912 arrogabat
1230 845 1332 913 (a),
1355 860 1475 900 cum
1500 845 1711 899 nomine
1728 844 1840 912 epi-

252 938 409 1001 scopi
445 935 556 999 sui,
586 933 679 1005 qui
719 935 836 1005 ipso
862 934 1166 989 dominante
1196 936 1460 989 dominari
1511 936 1611 989 sibi
1636 934 1840 989 videba-

253 1036 363 1087 tur,
391 1027 605 1080 vicinos
638 1026 924 1095 episcopos
958 1028 1023 1079 ad
1062 1025 1433 1081 defensionem
1466 1027 1712 1082 veritatis
1745 1029 1838 1082 ad-

254 1126 506 1181 voraret,
540 1118 716 1186 iisque
750 1132 933 1171 curam
976 1116 1335 1171 Ecclesiarum
1365 1119 1620 1174 deterret.

326 1208 395 1261 ν.
430 1210 700 1264 Czcsarius
730 1208 973 1278 Gregorii
1004 1209 1321 1264 Nazianzeni
1347 1206 1535 1274 frater,
1565 1226 1704 1266 anno
1734 1208 1836 1266 368

250 1315 284 1355 e
316 1300 520 1355 Nicaeae
560 1302 732 1355 ruinis
764 1301 1080 1355 mirabiliter
1123 1312 1387 1365 servatus,
1439 1300 1530 1357 Dei
1574 1302 1837 1358 beneficio

250 1391 322 1443 ad
370 1392 575 1445 animae
608 1393 834 1446 salutem
870 1394 971 1456 uti,
1006 1403 1058 1447 et
1096 1408 1123 1445 a
1153 1390 1460 1461 reipublicae
1494 1390 1839 1449 administra—

253 1478 406 1531 tione
464 1481 720 1534 recedere
752 1489 1014 1534 statuerat
1044 1480 1139 1552 (ὁ).
1182 1483 1285 1536 Sed
1320 1483 1575 1551 praeclaro
1616 1478 1839 1538 consilio

252 1584 405 1622 mors
437 1568 653 1625 obstitit
691 1572 849 1639 paulo
888 1578 1007 1639 post
1050 1575 1448 1642 superveniens.
1487 1576 1677 1630 Mortui
1719 1584 1839 1646 prc-

253 1662 551 1715 tiosissima
581 1679 806 1733 quaeque
834 1676 887 1720 et
908 1668 1048 1720 servi
1074 1677 1125 1721 et
1145 1667 1231 1721 alii
1256 1668 1500 1722 homines
1530 1670 1700 1723 servis
1732 1684 1835 1722 non

253 1746 511 1807 meliores
546 1755 837 1824 diripuere,
876 1772 937 1811 ac
971 1759 1287 1827 paucissima
1327 1760 1634 1827 parentibus
1666 1775 1839 1815 reser-

254 1854 473 1909 varunt,
504 1858 627 1913 qua:
654 1848 833 1899 statim
864 1849 1181 1916 pauperibus
1202 1850 1483 1904 distributa
1509 1861 1652 1905 sunt.
1701 1850 1832 1906 Cum

253 1935 400 1986 enim
452 1936 697 1989 moriens
740 1937 964 1991 dixisset
997 1938 1256 1992 Gtcsarius
1289 1956 1302 1990 :
1334 1938 1455 1993 Mea
1507 1943 1681 1993 omnia
1719 1942 1835 1995 volo

252 2039 364 2078 esse
392 2043 689 2094 pauperum
711 2067 727 2092 ,
755 2028 925 2083 frater
948 2030 1087 2085 illius
1115 2030 1423 2101 Gregorius,
1454 2033 1521 2087 ad
1560 2050 1717 2103 quem
1756 2044 1836 2088 to-

256 2126 308 2168 ta
334 2116 529 2170 domus
551 2118 855 2173 sollicitudo
880 2121 1103 2186 redibat,
1126 2124 1270 2191 pium
1295 2126 1602 2179 mandatum
1625 2142 1834 2180 summa

255 2208 516 2278 religione
572 2212 819 2279 perfecit.
858 2213 965 2266 Sed
1001 2214 1157 2267 simul
1198 2216 1446 2283 prodiere
1484 2213 1833 2272 commentitii

253 2298 473 2366 quidam
510 2301 833 2367 creditores,
862 2306 951 2370 qui
977 2304 1252 2370 pecuniam
1285 2319 1315 2358 a
1350 2319 1409 2360 se
1432 2304 1719 2360 Caasarium
1743 2322 1834 2362 ac-

253 2390 463 2459 cepisse
510 2392 775 2445 dicerent.
814 2391 910 2446 His
942 2394 1119 2447 statim
1161 2394 1542 2448 numerabatur
1578 2398 1832 2466 quidquid

252 2484 531 2550 petebant,
583 2484 820 2551 quandiu
866 2484 968 2539 fuit
1017 2485 1158 2538 unde
1203 2484 1635 2551 absolverentur;
1695 2486 1836 2544 unde

254 2574 547 2627 nonnullos
576 2575 892 2642 ptBnitebat,
927 2578 1068 2645 quod
1102 2577 1220 2643 plus
1252 2592 1359 2631 non
1397 2579 1696 2648 petiissent.
1728 2579 1834 2635 Sed

253 2684 375 2724 cum
406 2670 651 2737 quotidie
680 2672 940 2740 ejusmodi
980 2675 1342 2744 sycophantae,
1377 2676 1491 2730 sive
1524 2676 1836 2744 improbita-

254 2769 331 2822 te,
350 2761 464 2813 sive
490 2769 795 2831 temporum
821 2763 1034 2818 miseria
1064 2777 1304 2833 cogente,
1325 2776 1589 2836 peterent,
1619 2781 1837 2824 necesse

255 2848 355 2901 fuit
379 2864 601 2918 negare.
631 2849 919 2919 Repulsam
949 2854 1087 2921 passi
1121 2854 1243 2909 lites
1268 2856 1580 2924 intulerunt,
1605 2872 1670 2912 ac
1693 2850 1835 2913 Gre-

257 2941 469 3009 gorium
496 2941 553 2994 in
585 2943 851 2998 maximas
872 2959 1139 3000 aerumnas
1164 2946 1528 3015 conjecerunt.

322 3028 581 3095 Basilius,
612 3033 704 3101 qui
744 3047 831 3087 res
868 3034 1122 3090 adversas
1154 3032 1398 3107 Gregorii
1434 3053 1557 3093 suas
1586 3040 1833 3109 proprias

258 3138 373 3177 esse
394 3123 1005 3188 ducebat,commendat
1030 3125 1167 3180 illius
1187 3142 1399 3182 causam
1421 3126 1721 3197 Sophronia
1742 3147 1837 3185 ur-

262 3215 337 3269 bis
350 3215 969 3285 Constantinopolitaua:
985 3216 1252 3284 przefecto.
1269 3215 1611 3273 Demonstrat
1632 3230 1684 3275 et
1706 3237 1764 3276 se
1781 3232 1835 3277 et

262 3307 580 3377 Gregorium
605 3307 661 3361 in
682 3306 940 3375 ejusmodi
965 3308 1189 3377 negotiis
1211 3310 1447 3377 hospites
1464 3324 1582 3364 esse
1613 3321 1665 3365 et
1690 3326 1835 3380 pere-

260 3398 472 3464 grinos;
500 3396 851 3465 quamobrem
872 3394 1157 3465 Sophronii
1182 3392 1475 3463 prudentia:
1493 3399 1831 3451 statuendum

262 3485 536 3554 relinquit,
593 3484 733 3553 quod
764 3485 1021 3553 optimum
1060 3484 1199 3539 factu
1231 3486 1325 3551 sit,
1368 3496 1426 3540 ut
1455 3488 1537 3541 his
1578 3488 1835 3544 molestiis

261 3578 573 3632 liberentur.
615 3577 877 3631 Caeterum
935 3585 1088 3647 rogat
1127 3585 1185 3630 ut
1234 3592 1297 3632 ea
1349 3578 1414 3631 de
1462 3592 1519 3632 re
1564 3589 1687 3649 agat
1713 3595 1830 3633 cum

261 3672 451 3725 comite
468 3670 865 3732 thesaurorum,
884 3684 948 3722 ac
972 3668 1212 3740 Gregorii
1241 3671 1421 3723 verbis
1451 3669 1687 3723 declarat
1711 3685 1831 3724 eum

260 3773 502 3832 paratum
552 3777 676 3817 esse
720 3762 977 3831 quidquid
1015 3762 1081 3814 de
1117 3761 1272 3815 bonis
1308 3760 1523 3815 Ctesarii
1569 3760 1829 3828 reliquum

261 3864 357 3918 est,
429 3856 627 3908 :erario
689 3854 903 3917 cedere,
970 3852 1127 3908 modo
1183 3864 1441 3922 patronus
1503 3851 1676 3905 aerarii
1749 3865 1832 3905 re-

262 3947 519 4016 spondeat
576 3946 643 4001 iis
700 3948 790 4015 qui
812 3945 1174 4012 adoriuntur,
1230 3953 1285 4000 et
1340 3945 1681 4015 probationes
1744 3959 1832 3998 re-

260 4039 457 4108 quirat.

326 4131 383 4185 ln
418 4132 664 4188 eamdem
712 4133 913 4203 scripta
950 4131 1271 4187 sententiam
1311 4127 1534 4199 epistola
1572 4141 1827 4196 sequens,

263 4236 417 4291 quam
484 4223 664 4278 minus
729 4223 1007 4278 commode
1068 4221 1439 4276 Tillemontius
1501 4228 1555 4273 et
1602 4218 1691 4271 alii
1745 4232 1829 4271 re-

185 4380 195 4391 .
262 4309 434 4364 ferunt
476 4310 545 4364 ad
579 4311 791 4380 negotia
830 4311 1087 4380 Gregorio
1128 4311 1370 4376 stseno
1412 4307 1650 4363 exhibita
1689 4320 1830 4361 anno

262 4403 379 4457 575.
425 4405 551 4473 Agit
589 4405 731 4458 enim
776 4406 841 4459 de
881 4407 1068 4460 iisdem
1109 4420 1329 4474 prorsus
1378 4405 1533 4457 rebus
1582 4417 1645 4455 ac
1696 4416 1831 4470 prte-

262 4498 473 4550 cedens.

328 4587 381 4639 In
411 4598 644 4656 utraque
674 4584 895 4655 epistola
940 4584 1227 4655 Gregorius
1264 4592 1485 4639 vocatur
1525 4584 1825 4653 cpiscopus,

261 4690 429 4745 neque
464 4675 644 4730 hacin
677 4689 735 4729 re
771 4675 1080 4742 discrepant
1119 4674 1467 4743 manuscripti
1508 4674 1722 4729 codices
1760 4676 1829 4727 ab

258 4768 429 4820 editis.
476 4767 584 4821 Sed
624 4765 722 4820 has
767 4781 923 4820 voces
968 4765 1191 4834 margini
1230 4766 1496 4834 appositas
1538 4764 1724 4828 fuisse,
1770 4774 1829 4820 ut

260 4857 510 4927 Theologi
546 4867 700 4927 pater
744 4858 1134 4927 designaretur,
1164 4873 1227 4912 ac
1265 4858 1388 4911 inde
1433 4859 1485 4911 in
1518 4866 1823 4912 contextum

260 4952 564 5019 irrepsisse,
588 4949 772 5003 multis
802 4951 1065 5003 rationum
1098 4950 1381 5004 momentis
1410 4949 1682 5017 probatur.
1708 4949 1820 5003 Non

256 5042 392 5094 enim
437 5042 507 5094 de
536 5039 797 5111 Gregorio
833 5042 1084 5110 episc0po
1123 5042 1297 5111 agitur
1342 5042 1394 5094 in
1434 5041 1516 5094 his
1562 5042 1823 5109 epistolis,

254 5133 341 5185 sed
384 5134 450 5185 de
499 5131 618 5199 ejus
664 5131 792 5192 ﬁlio,
814 5133 904 5200 qui
938 5132 1172 5184 nondum
1216 5132 1498 5201 episcopus
1531 5142 1665 5184 erat.
1697 5133 1751 5185 1⁸
1776 5132 1823 5185 ls

252 5238 405 5291 quem
436 5224 796 5276 commendat
834 5223 1079 5287 Basilius,
1110 5238 1311 5291 pauper
1339 5233 1476 5286 erat,
1502 5223 1822 5291 jamdudum

254 5315 410 5366 vitam
448 5313 689 5380 quietam
724 5328 881 5382 agere
903 5322 1183 5378 statuerat,
1217 5324 1398 5366 vetere
1430 5328 1549 5366 cum
1575 5312 1816 5381 Sophro-

250 5404 337 5458 nio
371 5414 428 5458 et
455 5403 696 5471 Aburgio
724 5402 957 5458 amicitia
979 5404 1294 5471 conjunctus
1324 5413 1460 5457 erat.
1492 5402 1613 5457 Haec
1643 5411 1818 5457 autem

252 5495 471 5549 minime
504 5502 810 5564 congruunt
847 5492 1107 5565 Gregorio
1145 5496 1283 5565 patri
1324 5509 1453 5565 Opes
1491 5510 1593 5550 non
1626 5495 1823 5551 medio-

318 5647 393 5718 (α)
435 5646 566 5718 ﬁaz.
594 5661 675 5713 ep.
705 5645 798 5701 ‘25.

317 5715 391 5787 (ὓ)
432 5715 564 5769 Naz.
592 5732 671 5769 or.
703 5718 785 5769 it).

532 5811 806 5872 Pnnor..
836 5811 956 5871 Gn.
990 5806 1230 5869 XXIX.

1940 572 2183 627 districto
2209 583 2260 627 et
2288 574 2354 628 ab
2380 582 2538 630 aetate
2565 574 2849 645 Sophronii
2878 585 2929 629 et
2954 571 3169 646 Aburgii
3203 575 3501 633 remotissi-

1939 680 2049 721 mo.
2089 665 2157 718 At
2180 666 2448 734 quadrant
2476 668 2674 736 Optime
2705 667 2997 737 Thcologo,
3027 668 3115 736 qui
3146 670 3395 724 omnibus
3419 681 3502 724 re-

1938 754 2038 807 bus
2075 767 2193 806 sese
2222 755 2512 809 nudaVerat
2544 764 2598 810 et
2638 757 2986 811 monasticam
3020 757 3182 810 vitam
3216 754 3503 826 profiteba-

1940 854 2047 912 tur,
2065 854 2117 898 et
2141 844 2428 914 Sephronii
2460 861 2523 901 ac
2543 846 2994 917 Aburgiiaequalis
3018 858 3151 902 erat.
3182 848 3237 902 2⁸
3268 847 3501 903 Theolo-

1939 951 2037 1005 gus
2064 950 2184 990 cum
2206 937 2367 991 totius
2398 946 2634 1006 paternae
2656 938 2844 993 domus
2866 954 3067 1006 curam,
3100 949 3211 994 tum
3237 942 3287 995 in
3314 942 3504 1010 primis

1938 1021 2098 1094 hujus
2128 1028 2483 1082 molestissimi
2520 1029 2715 1098 negotii
2747 1030 2950 1099 pondus
2972 1031 3245 1095 sustinuit,
3291 1041 3349 1085 ut
3379 1046 3501 1101 per-

1939 1117 2070 1184 spici
2102 1126 2273 1183 potest
2294 1133 2358 1172 ex
2384 1117 2499 1184 ejus
2524 1120 2761 1174 carmine
2792 1120 2857 1174 de
2887 1123 3043 1175 rebus
3073 1122 3204 1177 suis.
3237 1122 3374 1176 Hinc
3395 1131 3503 1178 sta-

1940 1209 2033 1261 tim
2098 1217 2259 1276 atque
2318 1210 2485 1263 audiit
2556 1208 2740 1264 fratris
2799 1212 2935 1264 bona
3010 1212 3190 1281 diripi,
3268 1214 3503 1282 patroci-

1940 1299 2085 1352 nium
2143 1298 2428 1368 Sophronii
2471 1300 2791 1369 imploravit,
2834 1302 2990 1370 eique
3028 1304 3243 1373 scripsit
3302 1305 3502 1373 episto-

1940 1390 2045 1444 lam
2073 1394 2159 1446 18.

2011 1483 2109 1537 Vix
2144 1493 2316 1539 autem
2347 1481 2562 1538 dubium
2608 1496 2727 1536 esse
2768 1484 2936 1551 possit
2980 1485 3107 1553 quin
3148 1483 3228 1540 ba:
3266 1484 3503 1556 epistola:

1940 1581 2064 1626 ante
2093 1575 2456 1642 episcopatum
2484 1573 2662 1627 Basilii
2698 1573 2910 1641 scriptae
2941 1576 3063 1629 s'int.
3095 1572 3319 1647 Scripta:
3358 1582 3501 1634 enim

1940 1674 2063 1717 sunt
2095 1680 2198 1717 non
2234 1660 2400 1719 multo
2431 1672 2550 1733 post
2578 1674 2801 1718 mortem
2826 1666 3069 1731 Caesarii,
3108 1669 3197 1737 qui
3231 1684 3370 1725 anno
3397 1666 3502 1727 568

1940 1768 2169 1810 exeunte
2230 1767 2321 1810 aut
2365 1758 2468 1810 569
2507 1757 2720 1811 ineunte
2760 1757 2925 1824 obiit;
2979 1757 3240 1828 siquidem
3272 1763 3502 1830 spatium

1942 1862 2042 1899 non
2072 1846 2255 1900 habuit
2278 1862 2337 1901 ea
2361 1847 2693 1916 perficiendi,
2729 1862 2851 1917 quae
2883 1857 3120 1923 tempore
3140 1851 3363 1919 periculi
3393 1861 3504 1907 sta-

1940 1944 2136 1992 tuerat.
2168 1928 2276 1990 Nec
2310 1951 2437 1990 sane
2461 1934 2750 1992 verisimile
2778 1946 2860 1993 est
2901 1941 3298 1997 commentitios
3326 1938 3502 1997 credi-

1942 2035 2104 2092 tores,
2136 2027 2226 2097 qui
2252 2028 2545 2082 hislitteris
2571 2029 2849 2083 materiam
2876 2028 3158 2097 dederunt,
3186 2032 3274 2086 diu
3302 2033 3503 2089 otiosos

1935 2118 2157 2182 sedisse,
2207 2133 2269 2172 ac
2310 2134 2414 2173 non
2466 2121 2647 2173 statim
2697 2119 3033 2176 occasionem
3092 2124 3403 2194 arripuisse.
3445 2119 3500 2181 In

1936 2209 2171 2263 carmine
2212 2208 2453 2280 Gregorii
2512 2212 2577 2264 de
2620 2210 2779 2266 rebus
2813 2208 2944 2276 suis,
2970 2214 3109 2282 quod
3153 2224 3275 2269 ante
3301 2232 3497 2269 annum

1935 2301 2038 2354 572
2063 2302 2309 2355 collocari
2346 2302 2523 2369 debet,
2551 2303 2677 2372 quia
2716 2303 2857 2357 nulla
2889 2305 2958 2358 ibi
2999 2306 3201 2360 mentio
3230 2322 3501 2362 aerumna-

1933 2406 2051 2445 rum
2074 2388 2478 2461 Sasimensium,
2526 2409 2629 2447 non
2662 2404 2837 2448 tamen
2876 2395 3043 2449 multo
3076 2407 3224 2464 ante,
3252 2399 3375 2467 quia
3410 2414 3501 2454 ea—

1937 2498 2032 2537 nos
2054 2492 2106 2537 et
2134 2500 2293 2553 rugas
2316 2497 2734 2552 commemorat;
2764 2487 2816 2540 in
2842 2486 2963 2551 hoc,
2994 2488 3233 2558 inquam,
3263 2491 3503 2545 carmine

1938 2574 2232 2641 molestias,
2268 2592 2386 2646 quae
2426 2577 2608 2632 fratris
2648 2587 2875 2633 mortem
2916 2587 3111 2633 secutae
3147 2591 3293 2646 sunt,
3337 2582 3504 2637 inter-

1936 2666 2060 2720 dum
2116 2676 2172 2721 ut
2218 2668 2514 2737 prteteritas
2558 2667 2734 2732 deﬂet,
2788 2668 3055 2723 interdum
3096 2679 3155 2723 ut
3186 2683 3499 2739 praesentes.

1937 2752 2043 2812 Sed
2077 2758 2178 2812 hoc
2213 2755 2352 2812 forte
2380 2758 2718 2813 tribuendum
2755 2760 3009 2813 carminis
3048 2759 3302 2828 licentiae;
3341 2772 3503 2833 atque

1935 2849 2143 2902 etiamsi
2187 2849 2421 2903 nondum
2472 2863 2613 2904 anno
2641 2844 2741 2903 57I
2792 2847 3073 2904 defunctus
3128 2851 3211 2905 his
3252 2854 3505 2910 aerumnis

1936 2938 2126 2993 fuisset
2164 2936 2488 3009 Gregorius;
2535 2954 2637 2993 non
2687 2938 2888 2993 idcirco
2947 2937 3183 3009 epistolae
3215 2940 3395 2998 Basilii
3432 2944 3503 2999 a‘d

1936 3030 2039 3085 hoc
2083 3038 2291 3100 tempus
2328 3028 2636 3085 differenda:
2677 3039 2890 3084 essent'
2949 3031 3043 3085 sed
3090 3033 3359 3103 negotium
3410 3029 3501 3089 diu

1936 3124 2264 3188 protractum
2307 3116 2475 3174 videri
2509 3118 2749 3174 deberet.

2012 3209 2100 3266 ΥΙ.
2134 3210 2350 3265 Solutus
2388 3211 2597 3267 tandem
2631 3208 2967 3282 gravissimis
2999 3210 3145 3269 curis
3174 3205 3404 3271 Basilius
3436 3212 3504 3270 ad

1942 3303 2274 3371 conplexum
2325 3302 2539 3357 Eusebii
2579 3302 2972 3358 Samosatensis
3014 3305 3338 3373 properavit.
3385 3305 3505 3361 Jam

1940 3410 2059 3451 sese
2086 3396 2187 3450 hoc
2225 3395 2491 3464 promisso
2517 3394 2877 3449 obstrinxerat
2912 3396 3185 3464 praeterito
3224 3411 3409 3464 anno;
3443 3412 3507 3453 ac

1941 3502 2120 3542 moras
2160 3487 2374 3556 quidem
2402 3487 2570 3542 fames
2611 3495 2665 3541 et
2693 3487 2866 3542 morbi
2906 3496 2959 3541 et
2983 3486 3156 3542 hiems
3188 3488 3503 3553 attulerunt,

1939 3580 2032 3632 sed
2065 3591 2401 3647 nequaquam
2444 3577 2725 3632 consilium
2762 3576 3116 3647 infregeruut,
3168 3587 3225 3631 ut
3272 3580 3505 3649 perspici

1939 3677 2113 3737 potest
2151 3683 2216 3722 ex
2250 3668 2614 3736 superioribus
2646 3666 2905 3736 epistolis.
2931 3666 3109 3732 Quare
3144 3682 3250 3722 non
3285 3670 3504 3725 dubium

1938 3770 2020 3817 est
2044 3762 2171 3831 quin
2194 3761 2333 3831 quod
2362 3772 2466 3814 tam
2498 3771 2869 3815 asseveranter
2903 3762 3242 3830 promiserat,
3288 3771 3505 3831 tamque

1937 3852 2181 3908 sitienter
2219 3854 2625 3922 concupiverat,
2661 3852 2712 3907 id
2750 3867 2890 3907 anno
2932 3852 3037 3907 569
3086 3866 3370 3909 exsecutus
3411 3857 3501 3908 sit.

1936 3942 2200 3997 Prazterea
2226 3957 2290 3997 ex
2324 3942 2478 4013 epist.
2506 3942 2595 4006 54,
2620 3956 2737 4011 quae
2761 3953 2885 3998 ante
2912 3946 3276 4013 episcopatum
3307 3946 3503 4015 scripta

1936 4040 2037 4098 est,
2064 4032 2316 4088 Basiliam
2340 4035 2391 4087 in
2426 4033 2639 4088 Eusebii
2665 4048 3007 4103 congressum
3038 4035 3254 4092 venisse
3308 4052 3504 4105 cogno-

1936 4125 2155 4181 scimus.
2175 4125 2436 4179 Precatur
2464 4125 2606 4179 enim
2635 4124 2825 4189 Deum,
2849 4134 2907 4180 ut
2934 4127 3033 4181 sibi
3051 4128 3298 4197 dignetur
3316 4129 3504 4183 iterum

1934 4216 2206 4284 perutilem
2236 4216 2445 4270 Eusebii
2478 4231 2809 4285 congressum
2841 4219 3142 4273 concedere.
3181 4218 3318 4274 Hinc
3339 4221 3501 4274 etiam

1937 4308 1989 4360 in
2020 4322 2106 4375 ep.
2145 4305 2269 4369 157,
2316 4321 2436 4375 qua:
2480 4308 2679 4375 scripta
2715 4315 2798 4361 est
2830 4323 2969 4362 anno
2993 4309 3097 4363 575
3142 4320 3389 4373 exeunte,
3426 4311 3504 4364 sic

1936 4400 2221 4456 Eusebium
2274 4398 2565 4468 alloquitur
2596 4416 2609 4452 :
2640 4399 2812 4464 Quam
2844 4400 3058 4455 moleste
3084 4401 3264 4456 tulisse
3299 4419 3380 4456 me
3405 4418 3504 4471 pus

1863 4520 1904 4573 ι)
1939 4502 2038 4556 tu,
2068 4492 2207 4561 quod
2241 4502 2330 4545 tuo
2363 4506 2640 4559 congressu
2671 4492 2934 4560 praeterita
2976 4502 3156 4547 aestate
3204 4494 3459 4547 caruerim
3479 4497 3505 4549 ?

1935 4584 2093 4655 Atqui
2119 4600 2181 4637 ne
2213 4582 2333 4636 aliis
2358 4583 2564 4653 quidem
2593 4584 2745 4638 annis
2767 4600 3071 4653 congressus
3112 4583 3234 4638 tatis
3280 4586 3500 4651 exstitit,

1935 4674 2061 4728 mihi
2098 4684 2151 4727 ut
2178 4675 2470 4727 satietatem
2495 4674 2726 4741 a/Terret.
2774 4673 3066 4729 Eusebium
3109 4689 3236 4745 ergo
3272 4674 3503 4732 Basilius

1934 4783 2037 4821 non
2069 4766 2236 4821 semel
2268 4766 2479 4831 invisit;
2506 4767 2598 4820 sed
2625 4781 2746 4820 cum
2779 4764 2944 4820 semel
2980 4775 3183 4820 tantum
3215 4766 3266 4820 in
3294 4768 3505 4837 episco«

1932 4868 2057 4927 patu
2107 4859 2206 4912 hoc
2256 4857 2359 4911 iter
2397 4857 2714 4925 susceperit.
2774 4870 2965 4924 nempe
3013 4870 3154 4911 anno
3197 4858 3322 4923 572,
3360 4858 3503 4913 aliud

1931 4952 2107 5018 primo
2139 4949 2313 5005 itineri
2350 4958 2556 5016 tempus
2586 4948 2962 5018 assignandum
2994 4956 3082 5002 est
3127 4956 3249 5003 ante
3293 4949 3504 5019 episco-

1928 5053 2138 5112 patum.

1997 5133 2286 5199 Postquam
2332 5130 2490 5185 rediit
2538 5129 2765 5185 Basilius
2806 5129 2858 5182 in
2888 5127 3303 5197 Cappadociam,
3361 5142 3502 5183 nova

1926 5222 2205 5276 calamitas
2234 5219 2494 5275 Ecclesiis
2533 5220 2860 5288 supervenit,
2892 5233 2959 5272 ex
3003 5234 3110 5287 qua
3155 5217 3412 5287 majorem
3446 5219 3502 5272 in

1926 5312 2141 5365 modum
2169 5311 2447 5379 ingemuit.
2477 5309 2661 5363 Ariani
2694 5309 2836 5364 enim
2862 5308 3152 5364 Ecelesiam
3178 5308 3501 5362 Tarsensem

1929 5410 2333 5471 occupaverunt
2361 5399 2461 5473 (ά),
2493 5416 2600 5456 uno
2624 5414 2693 5457 ex
2722 5400 2834 5456 suis
2875 5401 2928 5455 in
2950 5400 3090 5455 hanc
3121 5399 3302 5454 sedem
3326 5399 3500 5467 impo-

1928 5494 2033 5549 sito
2058 5504 2178 5562 post
2203 5502 2427 5547 mortem
2461 5490 2686 5561 Silvani,
2708 5494 2799 5562 qui
2826 5502 2951 5549 ante
2981 5494 3083 5548 iter
3112 5489 3295 5547 Basilii
3318 5488 3504 5551 Samo.

2007 5644 2077 5712 (e)
2118 5644 2244 5697 Naz.
2284 5660 2370 5713 ep.
2412 5646 2497 5700 t7.

2006 5717 2083 5787 (ει)
2124 5717 2217 5785 Ep.
2244 5716 2327 5769 54.
