3958 6212
435 381 527 426 Ην

1766 365 2299 422 PROLEGOMENA.

431 499 670 550 satense,
711 485 795 538 vel
824 499 927 538 non
963 484 1128 538 multo
1175 491 1296 553 post
1327 483 1537 538 videtur
1565 483 1782 539 obiisse.
1834 485 2003 539 Suum
2034 492 2078 546 Α
2107 485 2339 540 Basilius
2369 484 2464 556 (ὁ),
2489 499 2610 538 cum
2636 499 2694 539 se
2733 485 2970 554 parentis
3007 485 3125 540 loco
3159 488 3511 542 constitutum
3545 489 3685 543 dicit

434 592 560 649 ergo
591 575 825 632 dolorem
861 572 1084 628 Basilius
1113 572 1343 629 Eusebio
1364 571 1651 643 signiﬁcat,
1691 572 1832 642 quod
1867 573 2000 626 civi-

433 679 516 726 tas
545 677 686 724 tanta
714 677 926 737 tamque
952 675 1250 737 opportune
1274 665 1398 733 sila,
1425 674 1482 719 ut
1512 665 1750 731 Isauros,
1781 662 2004 730 Cilices,

431 761 777 830 Cappadoces
805 765 859 812 et
890 756 1054 826 Syros
1080 770 1174 825 per
1195 755 1426 824 seipsam
1447 755 1812 824 conjungeret,
1839 756 1996 808 unius

433 862 523 907 aut
556 853 780 906 duorum
813 849 1090 904 hominum
1121 849 1426 902 temeritate
1451 848 1501 901 in
1527 847 1821 917 perniciem
1854 847 1996 900 nullo

431 946 646 1016 negotio
686 943 923 1012 conjecta
955 949 1120 1006 esset,
1163 941 1288 995 dum
1325 939 1559 1010 episc0pi
1586 939 1833 994 catholici
1864 954 1996 992 cuu-

429 1045 643 1090 ctantur
698 1049 762 1088 ac
803 1032 1122 1096 deliberant,
1160 1039 1213 1084 et
1249 1044 1368 1084 sese
1411 1029 1638 1082 invicem
1676 1027 1991 1096 reSpiciunt.

427 1125 648 1181 Fatetur
697 1134 869 1177 tamen
925 1123 1120 1176 nullam
1164 1122 1278 1190 ejus
1335 1121 1414 1174 rei
1458 1122 1666 1187 culpam
1704 1117 1990 1172 Eusebium

427 1219 716 1277 sustinere,
747 1232 846 1270 nec
873 1216 1161 1284 quidquam
1193 1215 1259 1267 ab
1288 1227 1352 1267 eo
1378 1211 1822 1282 praetermissum,
1849 1213 1991 1278 quod

426 1311 495 1366 ad
518 1310 769 1365 Ecclesia:
807 1308 1092 1362 utilitatem
1112 1305 1426 1374 pertineret.

499 1399 614 1454 Non
640 1410 816 1453 tamen
854 1397 1033 1452 evenit
1065 1395 1204 1464 quod
1243 1395 1514 1448 metuebat
1547 1393 1774 1446 Basilius
1794 1392 1893 1463 (η),
1926 1406 1992 1444 ne

429 1492 629 1561 periret
672 1490 908 1544 Ecclesia
960 1488 1262 1543 Tarsensis.
1314 1483 1541 1541 Videtur
1572 1486 1711 1540 enim
1757 1485 1988 1537 maxima

427 1595 554 1651 pars
580 1581 1016 1651 presbyterorum
1050 1590 1232 1630 curam
1275 1575 1531 1630 Ecclesiae
1574 1575 1895 1643 suscepisse,
1937 1583 1988 1627 et

427 1686 524 1741 pro
553 1670 656 1724 [ide
690 1667 949 1723 catholica
981 1676 1196 1722 strenue
1219 1665 1521 1720 dimicasse.
1560 1663 1691 1718 Cum
1739 1665 1817 1718 eis
1841 1663 1989 1716 Basi-

425 1763 530 1816 lius
558 1759 744 1816 eadem
768 1757 998 1812 amicitia
1033 1768 1085 1811 et
1112 1755 1485 1810 communione
1523 1753 1838 1822 coujunctus
1867 1752 1985 1816 fuit,

2105 584 2324 643 propter
2345 574 2657 644 dignitatem
2691 575 2833 628 illam
2860 575 2911 629 in
2941 590 3043 644 qua
3072 592 3101 630 a
3127 579 3352 634 Domino
3378 579 3681 638 collocatus

2103 675 2238 720 erat.
2285 665 2388 719 Sed
2433 681 2528 718 cur
2564 665 2871 734 episcopum
2917 667 3064 719 illum
3114 665 3279 722 fuisse
3329 684 3432 722 nou
3467 679 3680 739 putem,

2103 773 2225 811 cum
2258 766 2365 811 tres
2392 757 2509 811 illas
2532 758 2792 812 scriberet
2815 758 3090 823 epistolas,
3120 759 3322 813 detinet
3347 775 3432 814 me
3465 777 3679 814 summa

2104 849 2191 902 illa
2227 858 2532 918 paupertas,
2572 849 2623 902 in
2658 864 2761 918 qua
2800 851 3002 904 versari
3033 865 3091 904 se
3131 851 3282 916 dicit,
3330 867 3431 908 nec
3479 855 3678 922 praedia

2101 940 2206 994 ulla
2239 941 2623 1010 possidentem,
2679 957 2773 996 nec
2823 944 3115 1012 quidquam
3153 947 3426 1014 pr0prium
3472 947 3684 1001 haben-

2103 1041 2228 1084 tem.
2261 1031 2376 1085 Etsi
2409 1032 2550 1086 enim
2596 1031 2646 1084 in
2683 1031 2798 1100 ipso
2827 1035 2990 1087 etiam
3045 1033 3355 1101 episcopatu
3389 1035 3682 1104 pauperri-

2101 1139 2219 1177 mus
2247 1120 2346 1175 fuit
2373 1122 2612 1175 omnium
2647 1121 2803 1188 hujus
2839 1122 3018 1176 mundi
3051 1123 3312 1177 bonorum
3337 1167 3350 1189 ,
3411 1134 3538 1178 tunc
3581 1135 3675 1179 ta-

2099 1227 2221 1264 men
2253 1211 2421 1280 magis
2449 1215 2628 1265 animo
2650 1221 2704 1264 et
2736 1211 3052 1266 liberalitate
3090 1213 3142 1264 in
3173 1227 3433 1282 pauperes
3462 1227 3676 1281 pauper

2099 1304 2216 1369 fuit,
2247 1323 2406 1376 quam
2453 1308 2593 1375 quod
2624 1306 2763 1361 nulla
2804 1309 3021 1377 praedia,
3065 1309 3237 1363 nullos
3269 1310 3472 1364 reditus
3506 1310 3681 1363 habe-

2100 1405 2200 1450 ret.
2228 1398 2485 1451 Videntur
2508 1397 2649 1450 euim
2672 1397 2914 1452 ecclesiae
2935 1399 3279 1453 Cmsariensis
3299 1401 3434 1453 satis
3456 1399 3678 1468 amplae,

2097 1497 2156 1540 ut
2184 1487 2286 1541 illis
2343 1488 2696 1556 temporibus,
2745 1503 2874 1556 Opes
2921 1488 3086 1544 fuisse
3143 1507 3158 1546 :
3209 1490 3365 1558 cujus
3399 1490 3474 1544 rei
3511 1499 3680 1544 testes

2096 1586 2220 1632 sunt
2249 1577 2458 1631 Taurici
2485 1579 2685 1632 reditus
2707 1578 2800 1648 (c)-,
2819 1579 2906 1647 qui
2926 1579 3048 1634 dum
3073 1595 3135 1634 ex
3173 1580 3292 1634 loco
3321 1591 3428 1634 tam
3464 1593 3678 1637 remoto

2094 1669 2396 1723 Cmsaream
2448 1666 2742 1732 ferrentur,
2795 1669 3085 1735 spectantis
3131 1669 3372 1723 Authimi
3415 1667 3675 1739 Tyanen-

2095 1758 2170 1813 sis
2196 1758 2378 1816 oculos
2410 1757 2691 1812 lzedebant.
2737 1757 2917 1812 Basilii
2972 1768 3090 1814 erat
3147 1775 3276 1830 ager
3331 1760 3420 1815 ille
3462 1760 3569 1832 (d),
3617 1761 3675 1815 in

423 1867 583 1921 quam
642 1865 762 1906 cum
827 1850 1044 1904 Silvano
1109 1849 1391 1912 habuerat,
1459 1856 1518 1900 ut
1577 1855 1840 1902 testantur
1897 1847 1985 1900 lit-
2020 1855 2244 1919 Bqnem
2273 1848 2533 1916 plurimos
2579 1849 2859 1917 episcopos
2905 1863 3046 1902 anno
3075 1849 3180 1903 575
3234 1852 3575 1914 convocavit,
3616 1859 3676 1902 ut

423 1950 553 1999 tera:
583 1942 686 2005 115
719 1950 773 1996 et
807 1941 928 1996 114.
957 1941 1025 1996 At
1051 1955 1171 1995 cum
1202 1941 1451 2008 episcopo
1477 1939 1676 1992 Ariano
1706 1952 1805 1993 nec
1833 1937 1986 1991 Basi-

421 2034 526 2090 lius
596 2048 696 2088 nec
758 2033 1059 2103 presbyteri
1130 2030 1423 2085 Tarsenses
1489 2029 1981 2088 communicabant.

422 2133 481 2179 ut
530 2123 956 2186 observabimus,
1020 2137 1142 2176 cum
1196 2121 1261 2175 de
1319 2121 1508 2175 iisdem
1566 2119 1805 2187 epistolis
1857 2133 1986 2172 aee-

420 2235 560 2274 unus.

489 2311 702 2380 Scripta
739 2319 914 2366 autem
955 2311 1071 2366 haec
1114 2309 1179 2364 ad
1225 2309 1510 2365 Eusebium
1562 2307 1790 2379 epistola
1845 2321 1986 2362 anno

419 2402 522 2459 369
548 2413 780 2459 exeunte
809 2414 901 2458 aut
931 2403 1144 2458 ineunte
1165 2401 1288 2466 570,
1318 2401 1578 2470 siquidem
1609 2408 1730 2468 post
1753 2401 1850 2452 iter
1883 2398 1984 2453 Sa-

418 2503 726 2549 mosateuse
769 2494 968 2561 scripta
1022 2500 1119 2554 est,
1179 2492 1322 2560 quod
1363 2504 1502 2543 anno
1544 2489 1649 2543 569
1703 2490 1843 2542 circa
1891 2503 1982 2540 au-

417 2592 663 2637 tumnum
695 2582 1198 2652 suscepitBasilius.
1241 2581 1615 2651 Presbyterum
1656 2580 1802 2633 illam
1829 2579 1982 2634 Basi-

415 2674 544 2728 lium
597 2673 878 2740 scripsisse
929 2682 1151 2727 mouent
1204 2671 1416 2726 Codices
1482 2685 1612 2725 mss.
1666 2671 1982 2740 quibuscum

414 2767 615 2836 Optime
644 2766 913 2820 consentit
941 2764 1090 2831 illud,
1119 2764 1244 2817 dum
1290 2779 1378 2817 vos
1404 2763 1747 2826 cunctamini,
1786 2761 1980 2818 delibe-

412 2856 642 2924 ratisquc
669 2866 715 2908 et
745 2871 834 2907 eos
868 2863 1047 2907 mutuo
1075 2854 1348 2921 respicitis.
1385 2850 1480 2906 llis
1513 2852 1654 2906 enim
1691 2851 1868 2906 verbis
1897 2865 1978 2906 se-

413 2947 586 3002 cernit
635 2962 694 3002 se
742 2947 970 3001 Basilius
1012 2945 1081 3000 ab
1138 2945 1424 3014 episcopis.
1472 2943 1602 3010 Quae
1659 2943 1726 2997 de
1779 2944 1978 2998 Siliani

411 3049 584 3112 morte
628 3039 882 3101 diximus,
933 3036 1218 3091 confirmat
1262 3035 1489 3105 epistola
1533 3033 1600 3088 67
1636 3035 1700 3088 ad
1733 3035 1978 3099 Athana-

411 3129 574 3192 sium,
611 3129 807 3198 scripta
853 3142 993 3182 anno
1026 3127 1149 3181 571.
1182 3127 1333 3181 Hunc
1365 3128 1506 3180 enim
1545 3127 1758 3181 beatum
1798 3125 1980 3195 appel-

2090 1942 2242 1994 lirma
2269 1948 2410 1994 esset
2441 1939 2682 1994 omnium
2725 1938 2792 1993 de
2818 1938 2923 1993 lide
2965 1939 3229 1993 Eustathii
3261 1941 3568 1994 consensio.
3605 1940 3668 1994 Si

2086 2032 2207 2102 quis
2228 2030 2936 2100 consideretamplissimum
2955 2030 3237 2085 aedilicium
3260 2030 3327 2101 (ε)
3351 2031 3490 2100 quod
3514 2031 3676 2085 Basi-

2086 2127 2186 2181 lius
2209 2141 2349 2179 anno
2369 2124 2472 2178 572
2491 2138 2774 2194 aggressus
2797 2133 2900 2188 est,
2926 2124 2970 2177 si
2997 2136 3241 2192 sumptus
3266 2139 3405 2194 quos
3429 2123 3675 2179 faciebat

2086 2218 2140 2272 in
2190 2218 2478 2272 invitandis
2523 2226 2577 2270 et
2622 2215 2952 2284 excipiendis
3005 2215 3268 2285 episcopis
3295 2217 3559 2286 (mittebat
3592 2214 3672 2314 [ί]

2085 2313 2230 2364 enim
2272 2309 2362 2379 qui
2398 2308 2508 2377 jam
2539 2308 2792 2362 invitatos
2824 2307 3017 2361 iterum
3057 2307 3411 2361 admonerent
3448 2316 3502 2361 et
3533 2307 3666 2376 per-

2085 2403 2380 2458 honorifice
2416 2400 2792 2470 deducerent),
2838 2400 2985 2454 illum
3017 2399 3256 2470 profecto
3298 2399 3550 2453 fatebitur
3598 2415 3671 2455 eo

2083 2495 2413 2564 paupertatis
2458 2494 2735 2548 redactum
2769 2508 2872 2548 non
2904 2492 3086 2558 fuisse,
3150 2502 3207 2546 ut
3243 2492 3377 2545 nihil
3421 2492 3670 2560 posside-

2083 2591 2184 2649 ret,
2251 2583 2343 2637 sed
2383 2583 2670 2637 charorum
2737 2590 2792 2638 et
2845 2582 3266 2652 propinquorum
3309 2581 3666 2636 facultatibus

2083 2681 2497 2728 sustentaretur.
2551 2673 2728 2740 Quare
2766 2684 2875 2727 tres
2913 2672 3028 2726 illas
3068 2672 3346 2742 epistolas,
3389 2686 3507 2738 quae
3542 2681 3668 2724 tan-

2085 2774 2190 2817 tam
2221 2765 2401 2818 Basilii
2425 2771 2789 2834 paupertatem
2815 2773 3101 2828 testantur,
3127 2774 3247 2818 ante
3277 2763 3649 2831 episcopatum

2086 2873 2306 2912 necesse
2342 2858 2443 2911 fuit
2476 2858 2761 2912 collocare.
2791 2855 2907 2927 Ipse
2950 2857 3179 2911 Basilius
3221 2857 3506 2910 discrimen
3557 2857 3664 2910 ali-

2081 2950 2222 3019 quod
2251 2950 2494 3018 agnoscit
2528 2951 2668 3004 inter
2690 2964 2806 3003 eam
2838 2959 3231 3018 paupertatem,
3263 2961 3422 3015 quam
3451 2946 3666 3013 episco-

2084 3057 2184 3109 pus
2226 3043 2403 3094 animo
2437 3042 2721 3103 retinebat,
2752 3051 2805 3094 et
2832 3056 2974 3104 eam,
3010 3054 3170 3108 quam
3205 3047 3327 3091 ante
3359 3037 3484 3091 illud
3518 3047 3664 3090 tem-

2082 3147 2179 3200 pus
2211 3130 2487 3200 professus
2515 3131 2710 3184 fuerat.
2741 3130 2834 3184 Ait
2861 3130 3004 3184 enim
3046 3144 3150 3183 non
3180 3129 3391 3198 illepide
3420 3129 3473 3180 iu
3497 3129 3661 3196 epist.

412 3189 750 3283 latBasilius,
777 3217 866 3288 qui
896 3218 1036 3273 hunc
1076 3217 1285 3273 titulum
1324 3231 1428 3271 non
1456 3217 1590 3272 solet
1619 3216 1721 3271 nisi
1749 3189 1974 3271 mortuis
2004 3189 2048 3249 ο
2082 3189 2182 3276 186
2212 3189 2295 3274 ὀὐ
2352 3221 2694 3287 Antipatrum
2736 3223 3040 3290 praesidem,
3098 3221 3186 3289 qui
3233 3189 3456 3274 crambe
3504 3189 3666 3274 aceto

411 3311 641 3365 deferre.

481 3419 592 3475 VII.
615 3420 754 3474 Ante
783 3419 1148 3488 episcopatum
1189 3417 1532 3474 collocandas
1562 3419 1686 3474 duxi
1731 3428 1839 3474 tres
1886 3433 1973 3472 se-

411 3523 638 3582 quentes
673 3511 947 3580 epistolas,
983 3526 1102 3580 quae
1149 3511 1499 3580 inscriptione
1531 3521 1737 3567 carent.
1795 3511 1974 3566 Prima

409 3603 616 3673 potenti
665 3602 880 3656 cuidam
927 3605 1122 3667 amico,
1165 3601 1299 3658 forte
1322 3603 1598 3669 censitori,
1644 3603 1843 3670 scripta
1868 3613 1972 3666 est,

407 3695 626 3764 cuijam
660 3694 858 3748 multos
897 3695 1366 3750 commendaverat
1398 3693 1653 3760 Basilius,
1702 3695 1794 3749 sed
1835 3710 1975 3748 uuuc

408 3784 475 3838 de
511 3783 734 3839 meliore
764 3794 888 3838 nota
919 3786 1256 3841 commendat
1284 3785 1332 3841 ei
1371 3785 1577 3841 Leontii
1609 3787 1851 3848 domum,
1882 3799 1972 3837 ro-

409 3883 610 3946 gatque
665 3887 724 3930 ut
775 3877 1000 3932 Leontio
1064 3878 1309 3931 eamdem
1373 3877 1760 3932 humanitatem
1820 3876 1976 3929 exhi-

408 3967 582 4032 beat,
652 3983 812 4036 quam
874 3969 975 4022 sibi
1031 3970 1355 4036 exhiberet,
1397 3969 1440 4022 si
1507 3983 1611 4038 qua
1666 3967 1972 4037 possideret

409 4058 634 4126 praedia,
659 4072 758 4112 nec
784 4058 877 4112 Dei
907 4058 1170 4114 beneficio
1197 4059 1249 4111 in
1278 4074 1486 4113 summa
1512 4069 1828 4134 paupertate
1850 4074 1972 4113 ver;

409 4160 643 4205 saretur.

475 4263 533 4318 In
575 4264 782 4319 duabus
827 4264 1170 4333 sequentibus
1190 4264 1429 4333 epistolis
1461 4275 1610 4335 rogat
1643 4264 1870 4320 Basilius
1910 4253 1970 4319 ut

407 4356 614 4421 domui,
651 4357 704 4410 in
730 4370 834 4426 qua
875 4357 1106 4411 nutritus
1136 4355 1332 4424 fuerat,
1357 4359 1604 4425 antiquus
1632 4373 1826 4412 census
1855 4373 1969 4412 ser-

408 4457 580 4513 vetur,
625 4462 726 4502 nec
760 4449 810 4502 ei
851 4462 986 4502 nova
1026 4450 1422 4517 perzequatione
1457 4449 1638 4502 otieris
1676 4449 1964 4518 quidquam

2079 3312 2288 3366 condita
2318 3321 2538 3367 sanatus
2576 3313 2772 3378 fuerat,
2811 3313 2909 3366 sibi
2940 3312 3210 3366 crambem
3241 3320 3395 3365 antea
3422 3311 3654 3365 invisam

2077 3402 2262 3467 fuisse,
2293 3412 2401 3456 tum
2429 3401 2496 3456 ob
2523 3402 2890 3471 proverbium.
2923 3411 3035 3455 tum
3062 3403 3188 3471 quia
3224 3404 3476 3456 comitem
3519 3417 3662 3471 pau-

2077 3502 2336 3561 pertatem
2388 3495 2440 3546 in
2494 3495 2810 3548 memoriam
2856 3497 3173 3560 revocabat;
3211 3510 3349 3548 nunc
3383 3509 3512 3548 vero
3553 3495 3661 3547 mi-

2080 3600 2193 3636 rum
2227 3585 2277 3637 in
2309 3587 2518 3637 modum
2559 3589 2789 3653 placere,
2830 3597 3111 3656 postquam
3157 3586 3372 3656 praesidi
3404 3585 3661 3640 valetudi-

2078 3689 2198 3727 nem
2232 3675 2487 3728 restituit.

2157 3785 2280 3840 Vlll.
2314 3786 2603 3856 Epistolam
2631 3788 2698 3841 38
2749 3787 2907 3840 initio
2938 3788 3278 3857 episcopatus
3314 3787 3373 3844 S.
3405 3789 3657 3860 Gregorii

2076 3879 2323 3950 Nysseni,
2379 3879 2432 3931 id
2464 3887 2546 3932 est
2576 3893 2717 3932 anno
2745 3878 2871 3943 572,
2921 3879 3175 3947 scriptam
3220 3881 3438 3950 conjicit
3489 3880 3661 3935 'l‘ille-

2079 3972 2332 4025 tuontius.
2359 3969 2483 4033 Sed,
2514 3970 2637 4038 quia
2663 3969 2890 4023 Basilius
2916 3969 2967 4022 in
2995 3971 3094 4024 hac
3126 3971 3347 4039 cpistola
3369 3987 3488 4025 cum
3513 3972 3657 4026 Gre-

2073 4063 2224 4131 gorio
2262 4077 2599 4130 nequaquam
2634 4062 2867 4126 disserit,
2919 4071 2975 4116 ut
3024 4078 3122 4132 par
3155 4072 3417 4117 eratcum
3447 4064 3654 4135 collega

2074 4155 2357 4219 disserere,
2403 4155 2493 4209 sed
2524 4167 2643 4207 eum
2673 4155 2847 4224 potius
2876 4163 2932 4208 ut
2963 4163 3204 4225 tyrunem
3233 4155 3512 4223 theologize
3541 4157 3655 4212 ele-

2075 4247 2273 4302 mentis
2311 4247 2504 4304 lmbuit
2542 4248 2640 4315 (ait
2671 4247 2813 4301 enim
2849 4262 2905 4301 se
2943 4249 3084 4301 hunc
3116 4247 3162 4301 ei
3201 4249 3651 4303 commentarium

2073 4337 2390 4402 confecisse,
2426 4352 2492 4390 ue
2520 4337 2868 4408 hypostasim,
2903 4348 2961 4390 ut.
2989 4339 3138 4391 multi
3175 4339 3284 4402 alii,
3312 4356 3430 4393 cunt
3462 4356 3650 4396 essen-

2077 4429 2146 4482 tia
2175 4429 2566 4498 confunderet);
2599 4430 2818 4483 credere
2861 4429 3041 4482 malim
3075 4429 3394 4499 Gregorium
3442 4433 3590 4488 hanc
3620 4451 3652 4488 a

408 4538 653 4593 addatur.
675 4538 848 4608 Atque
880 4538 931 4592 id
963 4549 1111 4608 rogat
1142 4554 1245 4593 non
1275 4538 1442 4593 solum
1470 4537 1721 4592 Dorothei
1747 4539 1966 4612 presby-

2087 4518 2236 4574 'ratre
2267 4520 2732 4589 pertractationem
2764 4521 3059 4589 accepisse,
3090 4537 3210 4576 cum
3244 4522 3433 4579 relicta
3467 4525 3653 4579 rheto-

407 4631 529 4696 teri,
563 4629 876 4685 collactanei
924 4631 1026 4696 sui,
1077 4633 1169 4684 sed
1207 4632 1367 4685 etiam
1418 4646 1514 4686 sua
1566 4631 1733 4700 ipsius
1779 4647 1962 4686 causa.

401 4719 558 4786 Nam,
594 4737 716 4777 cum
753 4725 885 4779 nihil
923 4725 1199 4793 proprium
1239 4723 1481 4789 haberet,
1530 4725 1624 4778 sed
1674 4724 1964 4778 charorum

401 4822 456 4868 et
489 4817 905 4884 propinquorum
941 4816 1102 4871 rebus
1142 4825 1554 4882 sustentaretur,
1608 4817 1864 4871 alimenta
1919 4817 1968 4870 ei

399 4919 467 4960 ex
495 4906 596 4960 hac
628 4907 787 4962 domo
815 4909 1214 4977 praebebantur,
1268 4923 1432 4979 opera
1475 4909 1622 4963 illius
1646 4909 1965 4979 presbyteri,

398 4998 486 5052 cui
532 5006 704 5052 mater
733 4999 913 5054 Basilii
958 5001 1242 5056 maximam
1273 5009 1480 5070 partem
1508 5001 1850 5056 servitiorum
1895 5001 1962 5052 ad

399 5091 646 5145 eamdem
685 5092 899 5146 domum
949 5094 1350 5162 pertinentium,
1401 5093 1633 5163 quandiu
1683 5093 1965 5164 presbyter

399 5181 490 5236 ille
539 5169 764 5246 viveret,
816 5184 1066 5238 utendam
1103 5185 1419 5250 tradiderat,
1456 5198 1520 5238 ea
1560 5183 1865 5240 conditione
1905 5192 1961 5237 ut

397 5270 597 5326 Basilio
624 5272 879 5327 alimenta
907 5275 1260 5332 ministraret.

471 5363 562 5417 V'el
608 5360 902 5432 presbyteri
953 5363 1039 5418 vel
1087 5365 1319 5436 episcopi
1363 5365 1676 5431 dignitatem
1713 5366 1961 5435 designat

1705 5603 1728 5630 Δ

469 5635 545 5700 (ᾳ)
584 5631 680 5700 Ep.
707 5632 826 5686 lli.

469 5701 544 5770 (b)
587 5701 680 5770 Ep.
713 5701 803 5755 s7.

470 5769 542 5842 (ι)
574 5769 703 5823 Naz.
729 5785 804 5826 or.
832 5769 923 5826 20.

2067 4610 2192 4664 rica:
2225 4611 2478 4664 cathedra
2511 4619 2680 4663 totum
2713 4625 2770 4664 se
2803 4613 2975 4667 sacris
3003 4623 3058 4666 et
3090 4613 3469 4669 ecclesiasticis
3511 4620 3651 4671 scri-

2068 4700 2312 4768 ptoribus
2337 4700 2645 4754 evolvendis
2678 4701 2842 4756 dedit.
2873 4701 3004 4756 Illud
3032 4704 3192 4758 etiam
3223 4707 3449 4773 probare
3475 4709 3652 4774 possit

2068 4791 2208 4844 hanc
2229 4791 2684 4846 elucubratiouem
2719 4791 2902 4846 Basilii
2943 4795 3253 4864 episcopatu
3283 4795 3649 4862 antiquiorem

2068 4897 2210 4947 esse,
2237 4884 2376 4952 quod
2408 4884 2538 4937 nihil
2565 4885 2726 4938 habet
2751 4885 2815 4938 de
2836 4885 3186 4939 celeberrima
3214 4886 3300 4940 illa
3325 4887 3650 4955 quzcstione,

2071 4991 2188 5043 qua:
2217 4977 2368 5030 initio
2396 4977 2737 5046 episcopatus
2759 4976 2945 5031 Basilii
2970 4978 3036 5032 de
3056 4977 3256 5047 Spiritu
3279 4987 3464 5033 sancto
3485 4993 3649 5032 exor-

2071 5075 2123 5121 ta
2149 5077 2250 5121 est.

2143 5181 2217 5232 De
2242 5178 2482 5249 epistolis
2508 5177 2702 5233 Juliani
2731 5181 2796 5233 ad
2827 5178 3079 5234 Basilium
3098 5189 3150 5234 et
3179 5179 3450 5235 Basiliiad
3474 5177 3650 5233 Julia-

1984 5334 1995 5345 .
2070 5289 2194 5327 num
2246 5273 2357 5342 jam
2411 5271 2572 5326 locuti
2611 5287 2815 5328 sumus.
2857 5272 3008 5339 Quod
3054 5281 3260 5342 spectat
3298 5273 3371 5327 ad
3404 5271 3648 5340 quinque

2068 5364 2200 5418 alias
2223 5361 2477 5431 epistolas
2505 5377 2623 5430 quae
2661 5376 2975 5432 sequuntur,
3014 5371 3138 5418 sunt
3171 5364 3273 5419 illa:
3299 5363 3512 5435 quidem
3549 5361 3641 5416 di-

2139 5629 2214 5706 (_d_)
2242 5629 2345 5706 12p.
2365 5629 2502 5706 est,
2539 5646 2590 5683 n.
2615 5633 2668 5682 2.

2240 5699 2503 5838 9244.4,
2542 5786 2595 5823 n.
2627 5767 2664 5822 ‘2.
