3958 6212
1610 382 1769 443 V'ITA
1810 390 1868 444 S.
1909 385 1991 441 BA
2000 381 2172 444 SlLlI.
3436 403 3505 454 ιν

260 511 384 571 με
410 496 601 556 Basilio
644 514 710 554 ac
739 500 1155 571 praeclarissima
1196 505 1428 560 instituti
1460 508 1675 562 ascetici
1707 523 1843 576 prae-
1870 516 1916 569 Α
1949 506 2014 559 ad
2050 507 2354 571 Dominum,
2382 523 2477 576 pro
2512 518 2621 578 quo
2646 510 2855 565 fortiter
2884 520 2938 567 et
2974 518 3193 568 strenue
3234 513 3287 568 in
3318 528 3475 582 perse

257 600 420 658 cepta
478 591 775 646 continent.
835 592 1017 661 Ipsum
1055 598 1212 652 etiam
1246 609 1455 668 tempus
1482 602 1681 670 optime
1717 616 1848 655 con-

256 681 432 749 gruit.
466 685 509 737 si
543 684 872 752 eoujectura:
906 688 1231 745 Tillemoutii
1276 693 1619 761 recipiantur.
1653 693 1728 746 Ex
1761 693 1845 748 his

254 772 407 826 enim
437 774 614 828 verbis
649 776 895 843 epistola:
924 779 994 832 46
1022 784 1095 848 (p.
1130 780 1251 850 156)
1284 800 1298 835 :
1335 783 1401 834 At
1443 785 1655 851 spiritus
1689 786 1841 849 aerii,

251 865 344 932 qui
380 882 522 917 nunc
558 866 616 920 in
645 868 775 933 [iliis
808 874 1152 925 contumacia:
1186 882 1451 939 operatur,
1473 876 1660 944 exigua
1711 893 1846 930 aura

254 957 416 1007 modo
440 968 704 1024 suscepta,
723 958 998 1028 abuegasti
1030 964 1139 1015 haec
1159 964 1357 1026 omnia,
1389 966 1604 1033 conjicit
1624 968 1843 1036 impium

251 1043 464 1099 Juliani
489 1063 715 1116 regnum
749 1052 1036 1120 designari.
1084 1054 1215 1108 lllud
1242 1066 1417 1111 autem
1458 1059 1696 1127 epistolae
1722 1060 1793 1113 45
1826 1078 1842 1118 :

252 1133 437 1187 Nosce
478 1139 742 1203 quomodo
775 1137 892 1205 jam
921 1142 1226 1195 Judarorum
1254 1154 1304 1198 et
1344 1146 1613 1214 gentilium
1651 1147 1749 1216 ﬁlii
1774 1150 1843 1202 ad

249 1225 355 1279 Dei
380 1227 589 1280 cultum
611 1230 1024 1299 compelluntur,
1051 1235 1235 1289 referri
1269 1252 1424 1305 posse
1444 1238 1582 1291 idem
1614 1241 1845 1308 Scriptor

249 1318 543 1372 existimat
586 1320 652 1372 ad
699 1321 984 1388 imperium
1023 1323 1259 1391 Joviaui;
1299 1330 1496 1397 quippe
1538 1345 1659 1383 cutn
1701 1346 1844 1386 mors

245 1406 458 1465 Juliani
501 1421 557 1465 et
584 1425 768 1465 exorta
798 1413 938 1468 inter
966 1427 1190 1471 conatus
1230 1417 1634 1474 instaurationis
1656 1421 1842 1490 templi

246 1500 523 1560 miracula
553 1504 935 1559 conversiones
971 1505 1231 1573 ejusmodi
1273 1523 1612 1564 commovere
1657 1524 1843 1580 pome-

246 1593 381 1646 rint.
416 1592 746 1647 Jamdudum
782 1597 920 1664 apud
948 1595 1165 1652 Graecos
1198 1599 1437 1652 nonnulli
1472 1600 1569 1654 has
1586 1602 1844 1670 epistolas

247 1685 461 1741 Basilio
500 1686 899 1754 abjudiearunt.
952 1688 1152 1753 Prima,
1181 1706 1298 1759 quae
1335 1702 1415 1745 est
1442 1692 1508 1746 ad
1537 1692 1839 1758 Chilonem,

246 1775 306 1829 S.
334 1776 463 1832 Nilo
503 1792 532 1829 a
575 1778 845 1831 nonnullis
889 1780 1242 1843 tribuebatur,
1297 1792 1353 1836 ut
1383 1783 1607 1854 legimus
1646 1787 1698 1838 itt
1735 1802 1877 1854 une;

1951 598 2260 653 eutionibus
2314 600 2726 666 deeertaverat,
2786 604 2942 659 annis
2996 605 3339 674 episcopatus
3394 606 3507 662 fere

1947 700 2072 743 octo
2107 690 2337 755 exaCIis,
2370 693 2640 758 profectus
2673 703 2773 748 est.
2810 696 2976 750 Nemo
3016 711 3145 750 sane
3184 706 3330 751 tanta
3379 699 3508 753 sede

1945 782 2162 849 dignior
2187 792 2304 836 erat
2342 782 2562 851 Basilio,
2602 787 2869 841 neminem
2917 788 3157 842 latebant
3182 790 3379 843 eximia
3411 793 3506 845 do-

1945 873 2133 927 etrina:
2159 882 2214 927 et
2254 875 2559 929 sanctitatis
2594 887 2909 931 ornamenta
2941 895 2955 943 ;
2985 891 3219 948 spectata
3253 884 3506 937 omnibus

1947 974 2099 1015 erant
2128 979 2340 1018 summa
2375 966 2439 1018 de
2465 965 2704 1020 Ecclesia
2742 966 3065 1024 Gaasariensi
3109 973 3325 1033 merita,
3355 972 3505 1040 cujus

1947 1055 2388 1110 administrandze
2436 1062 2547 1123 jam
2609 1059 2868 1128 plurimas
2924 1073 3101 1129 partes
3135 1064 3203 1119 ab
3253 1066 3505 1137 episcopo

1945 1145 2265 1199 commissas
2310 1147 2661 1202 sustinuerat.
2709 1148 2811 1203 Sed
2855 1158 3033 1206 tamen
3069 1156 3357 1222 quominus
3402 1158 3502 1213 hoc

1947 1233 2124 1287 lumen
2160 1236 2375 1289 excelso
2422 1238 2540 1291 loco
2592 1237 2969 1306 collocaretur,
3014 1244 3244 1310 plurima
3282 1247 3505 1302 obstite—

1948 1336 2097 1389 runt,
2152 1342 2269 1395 qua:
2321 1326 2613 1397 Gregorius
2667 1330 2922 1387 Nazianzi
2959 1336 3241 1405 episcopus
3290 1354 3504 1396 summa

1946 1417 2227 1483 prudentia
2259 1426 2312 1470 et
2345 1418 2511 1471 animi
2560 1418 2880 1475 fortitudine
2930 1426 3177 1481 removit.
3206 1427 3322 1495 lpse
3353 1429 3507 1484 Basia-

1943 1508 2048 1560 lius
2098 1524 2165 1562 ne
2200 1508 2481 1577 suspicans
2528 1510 2744 1578 quidem
2795 1514 2980 1569 oculos
3006 1515 3058 1568 in
3108 1531 3167 1571 se
3197 1520 3500 1589 conjectum

1946 1597 2034 1661 iri,
2086 1598 2316 1652 anticum
2376 1614 2529 1654 suum
2585 1599 2905 1670 Gregorium
2958 1610 3267 1673 accersivit,
3323 1614 3503 1670 verbis

1944 1688 2183 1757 quidem,
2207 1699 2264 1742 ut
2286 1690 2335 1743 ei
2376 1704 2512 1759 pene
2553 1692 2794 1748 moriens
2821 1706 3120 1751 extremum
3150 1700 3269 1755 vale
3298 1702 3502 1761 dicere;

1946 1780 2178 1848 (videtur
2208 1782 2351 1834 enim
2394 1791 2523 1837 tunc
2556 1794 2816 1839 consueto
2839 1785 2981 1843 illius
3010 1801 3063 1843 et
3086 1794 3271 1848 comiti
3312 1799 3500 1853 morbo

246 1880 312 1917 ex
340 1866 633 1920 codicibus
666 1868 845 1937 regiis.
876 1868 934 1922 Si
960 1886 1062 1923 una
1098 1871 1156 1925 S.
1176 1871 1294 1925 Nilo
1330 1847 1601 1939 tribuitur,
1633 1887 1827 1931 caetera

1943 1872 2143 1939 aliquid
2187 1870 2310 1925 novi
2350 1872 2551 1927 doloris
2593 1877 2935 1948 accessisse),
2984 1896 3039 1933 re
3080 1892 3261 1938 autem
3300 1901 3423 1942 vera
3446 1903 3502 1942 ut

246 1956 417 2008 etiam
472 1959 805 2023 tribuendas;
841 1970 970 2013 sunt
997 1962 1138 2015 enim
1189 1978 1375 2018 omnes
1418 1964 1655 2032 ejusdem
1699 1968 1838 2021 inter

247 2058 307 2096 se
335 2045 491 2113 styli.
521 2044 643 2099 Jam
678 2049 918 2101 nonnulli
970 2050 1023 2102 itt
1059 2051 1141 2105 bis
1181 2052 1372 2109 litteris
1412 2055 1610 2123 stylum
1657 2057 1834 2112 Basilii

248 2136 676 2205 desiderarunt;
738 2141 834 2193 sed
897 2142 962 2195 ad
1037 2142 1175 2198 hanc
1225 2142 1500 2200 dubitandi
1568 2150 1832 2205 rationem

247 2226 377 2281 illud
408 2229 578 2282 etiam
625 2233 856 2299 accedit,
891 2236 1033 2299 quod
1070 2236 1260 2306 legitur
1289 2238 1339 2291 in
1371 2240 1524 2307 epist.
1559 2240 1647 2304 45,
1701 2259 1835 2296 κατ-

253 2319 490 2389 έδραμες
508 2322 604 2373 ἐπὶ
624 2322 693 2375 τὰ
728 2324 1093 2396 Ἰεροσόλυμα,
1128 2328 1254 2381 ἔνθα
1286 2347 1369 2383 σοι
1394 2331 1487 2384 καὶ
1519 2332 1678 2397 αὐτὸς
1710 2351 1835 2389 συν-

244 2410 542 2481 διατρίϐων
591 2414 925 2488 ἐμακάριζον
958 2419 1065 2472 τῶν
1092 2420 1394 2491 ἀθλητικῶν
1427 2424 1621 2478 πόνων.
1652 2424 1835 2481 Petistt'

244 2502 614 2574 Jerosolyma,
650 2508 734 2559 ubi
761 2518 809 2560 et
844 2509 952 2577 ipse
983 2519 1147 2563 tecum
1175 2525 1544 2581 commoratus,
1580 2516 1641 2569 ob
1665 2518 1833 2572 athle-

248 2594 378 2646 ticos
406 2606 453 2647 te
482 2596 694 2649 labores
728 2598 928 2650 beatum
950 2601 1323 2667 prwdicabam.
1388 2602 1483 2658 His
1507 2607 1684 2660 verbis
1713 2608 1831 2660 diu-

246 2692 406 2737 tttrna
436 2685 833 2758 Hierosolymis
880 2694 1231 2746 commoratio
1283 2693 1573 2760 indicatur,
1604 2711 1722 2765 qua}
1776 2698 1832 2751 in

246 2774 503 2829 Basiliam
529 2794 637 2831 non
683 2783 952 2833 convenit.
982 2781 1114 2835 item
1146 2784 1298 2839 facile
1320 2786 1551 2853 explicat
1571 2800 1622 2841 et
1652 2790 1834 2844 conci-

246 2865 340 2921 liat
358 2867 745 2937 Gombefisius,
770 2872 859 2939 (iui
888 2872 1142 2927 Basiliam
1172 2875 1555 2946 Hierosolymis
1588 2880 1830 2949 baptiza-

250 2967 359 3011 tum
393 2970 569 3027 putat,
623 2972 685 3015 ut
730 2962 783 3015 in
827 2961 1064 3017 fabulosa
1114 2965 1255 3019 illius
1284 2965 1391 3021 vita
1434 2967 1648 3038 legitur,
1710 2986 1831 3041 quae

245 3048 615 3116 Amphilochii
646 3052 847 3104 nomini
884 3053 1154 3120 supposita
1178 3052 1295 3108 fuit.

1939 1961 2182 2031 Gregorii
2207 1964 2430 2018 consilio
2472 1976 2523 2019 et
2546 1980 2709 2035 opera
2742 1968 2794 2020 in
2825 1971 3062 2040 episcopi
3093 1973 3357 2032 electione
3383 1989 3497 2032 ute-

1940 2064 2106 2108 retur.
2153 2053 2437 2111 Pereulsus
2504 2058 2607 2111 hoc
2651 2060 2841 2114 nuntio
2881 2060 3176 2130 Gregorius
3228 2066 3499 2140 lacrytnas

1938 2146 2096 2211 fudit,
2128 2162 2293 2216 seque
2338 2151 2405 2201 ad
2456 2147 2559 2202 iter
2589 2150 2928 2218 aceiugehat,
2956 2169 3077 2207 cum
3106 2159 3388 2227 episcopos
3420 2164 3486 2216 ad

1937 2243 2122 2295 urbem
2155 2242 2328 2296 sensit
2355 2255 2697 2296 concurrere.
2725 2242 2860 2296 Tum
2911 2260 3036 2301 vero
3074 2247 3256 2303 Basilii
3301 2254 3483 2308 consi-

1936 2331 2063 2385 lium
2094 2332 2379 2395 intellexit,
2415 2346 2483 2387 ac
2518 2334 2784 2401 prolicisci
2828 2334 3119 2407 abnegans,
3148 2354 3270 2395 cum
3298 2343 3495 2399 Basilio

1935 2424 2174 2493 pluribus
2207 2424 2513 2477 nominibus
2550 2423 2791 2493 jurgavit
2825 2444 2837 2479 :
2868 2427 2942 2498 (ὁ)
2970 2429 3203 2497 primum
3254 2436 3491 2502 quidem,

1935 2520 2076 2587 quod
2107 2531 2213 2571 non
2252 2516 2473 2570 vidisset
2502 2530 2562 2572 se
2599 2517 2877 2572 hominum
2913 2534 3193 2578 sermones
3222 2540 3287 2581 ac
3315 2530 3490 2584 ambi-

1938 2621 2022 2662 tus
2051 2609 2441 2678 suspicionem,
2463 2608 2640 2662 amico
2674 2608 2740 2662 ad
2776 2608 3037 2676 ejusmodi
3072 2622 3282 2685 tempus
3303 2634 3485 2674 accer~

1933 2702 2059 2765 sito,
2092 2717 2197 2754 non
2242 2702 2603 2765 evitalurum;
2638 2700 2831 2757 deinde
2866 2706 3011 2771 quod
3050 2721 3169 2761 cum
3198 2724 3256 2764 se
3294 2714 3405 2780 ipse
3434 2716 3487 2769 in

1932 2792 2213 2847 electionis
2247 2792 2531 2846 tumultum
2565 2795 2909 2863 interponere
2959 2811 3065 2851 non
3118 2802 3361 2870 auderet,
3397 2816 3494 2873 per

1930 2886 2267 2955 Gregorium,
2302 2902 2533 2955 quocum
2577 2896 2695 2941 erat
2745 2897 2853 2942 tam
2894 2900 3044 2945 arcta
3089 2895 3327 2949 amicitia
3362 2913 3493 2953 con»

1923 2975 2165 3043 junctus,
2195 2991 2255 3030 ea
2292 2977 2545 3030 decenter
2575 2976 2660 3047 agi
2706 2991 2864 3046 posse
2906 2981 3177 3046 crederet,
3210 2999 3327 3052 quae
3371 2987 3487 3055 ipse

1931 3083 2026 3135 per
2058 3082 2117 3122 se
2155 3068 2355 3137 egisset
2389 3068 2643 3124 indecore
2668 3086 2682 3122 ι
2709 3071 2943 3141 denique
2977 3074 3118 3140 quod
3152 3074 3270 3143 pios
3316 3079 3487 3131 horni-

317 3139 526 3193 Harum
563 3141 805 3209 quinque
856 3142 1203 3210 ορίδιοιίιτιιιη
1244 3143 1417 3213 Prima
1472 3146 1538 3199 ad
1588 3149 1823 3202 anaChO-
1852 3186 1894 3239 η
1936 3175 2031 3215 nes
2063 3160 2181 3229 plus
2212 3174 2367 3228 posse
2399 3161 2449 3213 in
2486 3158 2746 3228 ejusmodi
2790 3162 3145 3221 electionibus
3187 3169 3495 3225 existimas-

249 3239 419 3283 retam
461 3232 760 3300 quemdam
813 3232 867 3285 in
918 3232 1225 3300 Palaestina,
1262 3234 1544 3291 Chilonem
1573 3241 1811 3309 nomine,

250 3324 453 3392 scripta
479 3333 585 3389 est,
620 3325 713 3391 qui
752 3340 812 3379 se
859 3325 928 3377 ita
964 3325 1015 3377 in
1048 3326 1394 3379 solitudinem
1427 3329 1730 3395 abdiderat,
1764 3343 1822 3386 ut

254 3428 322 3466 ne
356 3413 533 3466 sacris
561 3414 782 3481 quidem
816 3416 1172 3469 conventibus
1204 3417 1513 3472 interesset.
1545 3420 1657 3474 Hoc
1684 3438 1821 3491 pra:-

251 3505 411 3572 cipue
464 3504 620 3557 illum
668 3506 859 3559 edocet
900 3516 1090 3560 auctor
1127 3507 1392 3575 epistolae,
1426 3512 1699 3578 quomodo
1737 3512 1819 3567 fa-

252 3597 472 3651 stidium
516 3596 828 3649 solitudinis
865 3598 1136 3650 vitandum
1160 3638 1175 3660 ,
1228 3609 1315 3665 et,
1353 3600 1397 3653 si
1428 3616 1546 3669 quae
1595 3604 1822 3658 subeant

253 3687 617 3757 cogitationes
669 3687 772 3739 sub
827 3688 1005 3755 specie
1054 3689 1285 3743 obeundi
1338 3705 1521 3745 sacras
1564 3707 1815 3763 synaxes,

248 3777 522 3844 quomodo
564 3776 888 3843 repellenda:
926 3778 1056 3830 sint.
1093 3776 1352 3847 Sequitur
1382 3781 1700 3835 brevissima
1752 3787 1818 3839 ad

243 3868 489 3938 iuniores
531 3869 849 3922 admOuitio.
878 3867 1048 3936 Epist.
1080 3870 1149 3922 44
1205 3871 1402 3941 scripta
1455 3883 1537 3927 est
1575 3876 1640 3927 ad
1690 3890 1809 3930 mo-

248 3962 483 4014 nachum
530 3960 841 4029 quemdam,
879 3962 968 4030 qui
1000 3976 1067 4014 ex
1096 3978 1307 4017 summo
1339 3964 1560 4032 pietatis
1604 3965 1815 4021 fervore

253 4051 307 4103 in
343 4066 541 4120 magna
593 4051 822 4104 crimina
871 4051 1049 4119 lapsus
1100 4052 1297 4118 fuerat,
1355 4063 1409 4107 et
1458 4056 1811 4122 pecuniarum

249 4151 436 4208 raptor
467 4152 741 4194 evaserat.
778 4140 1025 4207 Sequens
1056 4142 1121 4193 ad
1154 4141 1315 4194 alium
1348 4144 1692 4208 monachum,
1725 4146 1816 4215 qui

246 4233 443 4299 amplis
490 4231 685 4298 Opibus
752 4232 953 4284 relictis
996 4233 1095 4285 hoc
1158 4233 1467 4287 institutum
1536 4237 1815 4304 amplexus

251 4323 445 4385 luerat,
481 4322 577 4374 sed
623 4332 808 4389 postea
848 4322 1174 4375 adulterium
1208 4326 1565 4377 commiserat
1589 4336 1645 4380 et
1675 4341 1812 4379 non-

253 4414 420 4465 nullos
453 4414 784 4466 horrendum
816 4414 1088 4481 quidpiam
1113 4415 1303 4481 jurare
1341 4426 1610 4483 coegerat.
1650 4419 1813 4472 Simi-

254 4502 312 4554 lis
356 4511 440 4556 est
482 4503 783 4600 argumenti
838 4504 1065 4606 epistola
1118 4505 1205 4570 46,
1240 4512 1293 4558 et
1344 4507 1408 4559 ad
1444 4507 1812 4606 ptentitetttiam
1845 4521 1889 4575 ι)
1918 4502 2403 4606 Nam'Gregorius,

254 4592 499 4645 hortatur
542 4590 810 4657 virginem
856 4590 1081 4656 lapsam,
1116 4606 1235 4658 qua:
1279 4606 1400 4645 cum
1444 4592 1812 4662 virginitatem

251 4682 522 4746 violasset,
555 4691 681 4733 voto
710 4696 766 4733 se
796 4681 1113 4734 obstrictum
1150 4684 1402 4751 negabat,
1428 4684 1674 4750 quamvis
1702 4685 1812 4737 vir-

249 4777 520 4843 ginitatem
556 4790 740 4830 coram
769 4774 877 4829 Deo
907 4784 960 4829 et
995 4774 1199 4844 angelis
1234 4786 1288 4829 et
1328 4774 1639 4829 hominibus
1680 4791 1806 4845 pro-

250 4868 386 4923 fessa
412 4879 585 4925 esset.

817 4976 1039 5033 CAPUT
1083 4975 1219 5031 Xlll.

246 5066 287 5122 ὶ.
317 5069 528 5123 Ποτιυο
572 5068 797 5122 Eusebio
831 5070 1002 5121 minus
1036 5080 1183 5121 caute
1211 5067 1445 5121 Basilius
1490 5084 1808 5122 successoris

312 5141 550 5193 eleCtioni
581 5141 829 5207 providet.
862 5140 921 5190 ll.
956 5138 1073 5206 Ipse
1118 5139 1345 5190 Basilius
1382 5140 1645 5207 utriusque
1672 5135 1807 5207 Gre-

313 5211 446 5277 gorii
473 5219 520 5261 et
557 5205 765 5261 Eusebii
797 5205 1123 5261 Sumosuteni
1148 5224 1304 5274 opera
1337 5205 1567 5275 eligitur.
1591 5208 1681 5259 ΙΙΙ.
1705 5205 1807 5259 1η-

314 5282 576 5331 tercedunt
614 5280 789 5345 plures
819 5280 1041 5344 episcopi
1069 5288 1113 5328 et
1140 5290 1259 5329 ante
1283 5279 1659 5329 ordinationem
1690 5279 1806 5329 (lis-

311 5352 517 5401 cedunt.
543 5348 632 5401 IV.
673 5349 787 5411 Quo
813 5364 948 5400 anno
969 5350 1080 5401 [uec
1105 5359 1315 5416 peracta
1339 5347 1623 5399 ordinatio.

310 5463 345 5517 Ι.
381 5464 645 5517 Eusebius
701 5463 1054 5517 Caesariensis
1101 5463 1389 5531 episcopus
1444 5462 1681 5514 animam
1752 5462 1803 5515 in

244 5549 415 5603 Basilii
453 5551 705 5603 manibus
748 5566 890 5602 anno
929 5549 1033 5602 570
1061 5549 1147 5619 (a)_
1182 5550 1377 5605 leniter
1418 5550 1716 5616 exhalavit,
1751 5560 1804 5605 et

306 5714 379 5781 (a)
408 5712 540 5766 Νη.
572 5727 696 5780 pag.
730 5711 837 5765 ’510
860 5720 912 5765 et
945 5711 1070 5766 542.

308 5714 357 5781 (a
408 5714 540 5766 Naz.
572 5727 696 5780 pag.
730 5714 775 5763 ’ἕν

308 5714 379 5856 to;
406 5782 537 5840 Naz.
569 5798 655 5852 ep.
681 5782 775 5835 21.

1927 3261 2028 3316 set,
2063 3267 2223 3320 quam
2260 3256 2509 3320 potentes
2556 3262 2610 3307 et
2658 3254 2797 3322 apud
2838 3255 3025 3324 vulgus
3074 3258 3356 3327 gratiosos.
3396 3261 3491 3318 llis

1925 3343 1990 3396 de
2014 3343 2190 3397 causis
2216 3341 2507 3412 Gregorius
2534 3359 2654 3398 cum
2702 3345 2817 3414 ipse
2846 3347 3115 3414 proficisci
3146 3350 3335 3413 noluit,
3377 3362 3491 3407 tum

1926 3432 2125 3487 Basilio
2160 3445 2348 3488 auctor
2382 3443 2485 3500 est,
2518 3444 2574 3489 ut
2613 3437 2860 3504 prudenti
2901 3453 3118 3496 secessu
3151 3442 3410 3499 tumultus
3438 3457 3494 3499 et.

1925 3541 2115 3595 pravas
2153 3528 2487 3596 suspiciones
2519 3530 2711 3597 fugiat.
2744 3530 3051 3587 Verisimile
3094 3545 3180 3589 est
3224 3537 3479 3592 Basiliam

1924 3621 2078 3674 amici
2113 3621 2337 3674 consilio
2376 3622 2643 3690 paruisse,
2672 3638 2734 3677 ac
2768 3623 3006 3679 latebras
3039 3629 3322 3696 quaesiisse
3357 3631 3482 3685 dum

1920 3711 2113 3765 electio
2146 3723 2515 3783 perageretur.
2540 3713 2643 3768 Sed
2680 3715 2951 3771 immerito
2976 3717 3242 3775 Baronius
3269 3722 3337 3792 (ε)
3363 3736 3484 3790 post

1920 3804 2089 3858 Eliam
2122 3804 2435 3860 Cretensem
2468 3808 2534 3861 ad
2570 3806 2826 3862 Basilium
2877 3809 3047 3865 refert
3090 3813 3337 3884 Gregorii
3383 3814 3489 3868 Nae»

1921 3896 2168 3950 ziauzeni
2222 3896 2386 3951 verba
2438 3896 2515 3967 (ιι)
2579 3897 2645 3952 de
2705 3907 2984 3968 pastorum
3032 3905 3485 3971 praestantissimo

1919 3989 2076 4043 ovilis
2109 4003 2296 4043 curam
2330 3990 2504 4044 adhuc
2535 3990 2897 4056 detrectante,
2934 4008 2997 4047 ac
3021 3994 3182 4064 paulo
3214 4007 3336 4065 post
3364 4013 3485 4051 sus-

1920 4090 2162 4149 cepturo.
2204 4079 2467 4149 Loquitur
2501 4082 2642 4133 enim
2690 4081 2779 4136 hic
2838 4083 2903 4138 de
2951 4083 3309 4143 Nazianzeuis
3367 4103 3485 4144 mo-

1920 4170 2132 4235 nachis,
2156 4172 2296 4224 inter
2326 4186 2464 4240 quos
2489 4189 2650 4227 unum
2684 4176 2951 4245 przecipue
2983 4177 3185 4237 laudat.

1996 4262 2215 4319 \idetur
2248 4264 2481 4320 Basilius
2525 4268 2687 4333 paulo
2743 4277 3032 4338 antequam
3081 4269 3298 4328 Eusebii
3339 4274 3480 4329 oculi

1924 4354 2327 4421 clauderentur,
2388 4357 2455 4411 ad
2496 4354 2814 4426 Gregorium
2854 4361 3159 4430 scripsisse,
3204 4362 3286 4417 vel
3335 4374 3482 4418 certe

1919 4457 2205 4515 antequam
2253 4448 2446 4501 mortis
2490 4449 2707 4504 nuntius
2759 4450 3092 4507 Nazianzum
3149 4452 3475 4508 deferretur.

2443 4552 2567 4592 cum
2612 4554 2671 4594 se
2721 4542 2787 4594 ad
2827 4542 2927 4596 iter
2954 4544 3264 4613 accingeret
3298 4542 3478 4599 Basilii

1920 4629 2182 4682 invisendi
2209 4644 2392 4695 causa,
2428 4631 2596 4685 sensit
2628 4632 2912 4703 episcOpos
2940 4635 3006 4688 ad
3036 4636 3222 4689 urbem
3246 4650 3479 4691 concur—

1922 4736 2060 4784 rere,
2099 4736 2263 4791 seque
2296 4723 2563 4778 intellexit
2595 4741 2623 4778 a
2667 4726 2868 4781 Basilio
2915 4742 3021 4782 non
3059 4736 3166 4781 tam
3200 4729 3266 4782 ad
3300 4732 3474 4785 morbi

1918 4814 2190 4877 solatium,
2228 4829 2389 4883 quam
2447 4816 2512 4869 ad
2557 4831 2775 4884 operam
2820 4817 2871 4870 in
2926 4817 3164 4887 episcOpi
3217 4820 3481 4877 electione

1919 4905 2235 4959 tradendam
2270 4907 2435 4961 allici.
2477 4908 2738 4978 Cognovit
2777 4924 2903 4978 ergo
2943 4923 3006 4963 ex
3057 4909 3159 4965 hoc
3200 4912 3479 4982 episc0po-

1916 5011 2035 5049 rum
2080 5011 2342 5051 concursu
2384 5009 2653 5052 mortuum
2704 5014 2823 5053 esse
2878 4998 3207 5054 Eusebium:
3239 5017 3342 5059 nec
3381 5006 3475 5058 du-

1914 5087 2056 5141 bium
2096 5098 2180 5143 est
2222 5090 2376 5159 quin,
2414 5091 2459 5143 si
2502 5091 2706 5143 certior
2740 5090 2805 5145 de
2832 5092 2933 5144 hac
2965 5101 3138 5146 morte
3167 5091 3343 5148 factus
3371 5108 3474 5148 an-

1915 5188 1995 5233 tea
2043 5180 2251 5247 fuisset,
2299 5182 2483 5235 statim
2515 5190 2568 5234 et
2609 5180 2793 5237 Basilii
2838 5183 3126 5237 COIISilillm
3176 5194 3231 5240 et
3276 5199 3473 5240 conse-

1911 5273 2127 5338 quentia
2157 5287 2223 5326 ex
2256 5274 2357 5327 hoc
2385 5272 2614 5329 consilio
2645 5275 2984 5329 incommoda
3013 5277 3254 5333 vidisset.

1982 5362 2096 5417 Non
2138 5366 2363 5419 deerunt
2396 5366 2625 5420 fortasse
2667 5366 2758 5435 qui
2811 5367 3074 5422 mirentur
3107 5369 3192 5424 vel
3236 5368 3467 5424 libenter

1913 5470 2016 5510 non
2050 5456 2274 5509 credant
2304 5457 2583 5527 episcopos
2613 5457 2962 5528 Cappadociae
3002 5459 3183 5513 statim
3215 5467 3334 5527 post
3363 5461 3473 5515 Eu-

1914 5550 2048 5604 sebii
2070 5559 2324 5615 mortem,
2354 5558 2639 5607 anteuuam
2671 5552 2867 5608 litteris
2895 5553 3025 5609 eleri
3054 5552 3470 5619 advocarentur,

1979 5710 2049 5780 (ι’)
2075 5711 2174 5763 An.
2207 5711 2331 5766 369.

1982 5781 2058 5851 tu)
2089 5780 2180 5835 0r.
2218 5782 2303 5835 12.
