  <div class='ocr_page' id='page_1' title='image "/cluster/home/n/w/nwhite01/storage/ocr_20150623/29/mdp.39015012934371/065.png"; bbox 0 0 3958 6212; ppageno 0'>
   <div class='ocr_carea' id='block_1_1' title="bbox 354 345 2219 402">
    <p class='ocr_par' dir='ltr' id='par_1_1' title="bbox 354 345 2219 402">
     <span class='ocr_line' id='line_1_1' title="bbox 354 345 2219 402; baseline 0.001 -2"><span class='ocrx_word' id='word_1_1' title='bbox 354 359 440 400; x_wconf 76' lang='lat' dir='ltr'><strong>LVI</strong></span> <span class='ocrx_word' id='word_1_2' title='bbox 1687 345 2194 402; x_wconf 73' lang='lat' dir='ltr'><strong>PBOLEGOMENA</strong></span> <span class='ocrx_word' id='word_1_3' title='bbox 2205 386 2219 402; x_wconf 93' lang='lat'><strong>.</strong></span> 
     </span>
    </p>
   </div>
   <div class='ocr_carea' id='block_1_2' title="bbox 355 462 3588 538">
    <p class='ocr_par' dir='ltr' id='par_1_2' title="bbox 355 462 3588 538">
     <span class='ocr_line' id='line_1_2' title="bbox 355 462 3588 538; baseline -0.001 -16"><span class='ocrx_word' id='word_1_4' title='bbox 355 468 654 522; x_wconf 73' lang='lat' dir='ltr'><strong>Ctesaream</strong></span> <span class='ocrx_word' id='word_1_5' title='bbox 693 462 992 518; x_wconf 90' lang='lat' dir='ltr'><strong>advolasse.</strong></span> <span class='ocrx_word' id='word_1_6' title='bbox 1014 462 1121 517; x_wconf 85' lang='lat' dir='ltr'><strong>Sed</strong></span> <span class='ocrx_word' id='word_1_7' title='bbox 1157 472 1335 519; x_wconf 91' lang='lat' dir='ltr'><strong>tamen</strong></span> <span class='ocrx_word' id='word_1_8' title='bbox 1369 464 1506 520; x_wconf 87' lang='lat' dir='ltr'><strong>nihil</strong></span> <span class='ocrx_word' id='word_1_9' title='bbox 1538 465 1788 522; x_wconf 87' lang='lat' dir='ltr'><strong>videntur</strong></span> <span class='ocrx_word' id='word_1_10' title='bbox 1811 469 1913 525; x_wconf 90' lang='lat' dir='ltr'><strong>hac</strong></span> <span class='ocrx_word' id='word_1_11' title='bbox 1942 475 1985 530; x_wconf 84' lang='lat' dir='ltr'><strong>A</strong></span> <span class='ocrx_word' id='word_1_12' title='bbox 2016 470 2180 523; x_wconf 83' lang='lat' dir='ltr'><strong>Deum</strong></span> <span class='ocrx_word' id='word_1_13' title='bbox 2219 476 2486 538; x_wconf 77' lang='lat' dir='ltr'><strong>precetur,</strong></span> <span class='ocrx_word' id='word_1_14' title='bbox 2528 467 2684 536; x_wconf 80' lang='lat' dir='ltr'><strong>eique</strong></span> <span class='ocrx_word' id='word_1_15' title='bbox 2734 464 2954 535; x_wconf 85' lang='lat' dir='ltr'><strong>quinam</strong></span> <span class='ocrx_word' id='word_1_16' title='bbox 3019 463 3192 532; x_wconf 85' lang='lat' dir='ltr'><strong>magis</strong></span> <span class='ocrx_word' id='word_1_17' title='bbox 3235 463 3412 519; x_wconf 82' lang='lat' dir='ltr'><strong>idonei</strong></span> <span class='ocrx_word' id='word_1_18' title='bbox 3458 465 3588 530; x_wconf 88' lang='lat' dir='ltr'><strong>sint,</strong></span> 
     </span>
    </p>
   </div>
   <div class='ocr_carea' id='block_1_3' title="bbox 352 555 1914 628">
    <p class='ocr_par' dir='ltr' id='par_1_3' title="bbox 352 555 1914 628">
     <span class='ocr_line' id='line_1_3' title="bbox 352 555 1914 628; baseline 0 -13"><span class='ocrx_word' id='word_1_19' title='bbox 352 563 407 615; x_wconf 91' lang='lat' dir='ltr'><strong>in</strong></span> <span class='ocrx_word' id='word_1_20' title='bbox 439 575 498 614; x_wconf 91' lang='lat' dir='ltr'><strong>re</strong></span> <span class='ocrx_word' id='word_1_21' title='bbox 535 566 729 628; x_wconf 67' lang='lat' dir='ltr'><strong>prteter</strong></span> <span class='ocrx_word' id='word_1_22' title='bbox 770 571 971 610; x_wconf 85' lang='lat' dir='ltr'><strong>morem</strong></span> <span class='ocrx_word' id='word_1_23' title='bbox 1013 555 1366 626; x_wconf 62' lang='lat' dir='ltr'><strong>Cappadociae</strong></span> <span class='ocrx_word' id='word_1_24' title='bbox 1414 557 1630 614; x_wconf 81' lang='lat' dir='ltr'><strong>fecisse.</strong></span> <span class='ocrx_word' id='word_1_25' title='bbox 1667 559 1808 615; x_wconf 91' lang='lat' dir='ltr'><strong>Idem</strong></span> <span class='ocrx_word' id='word_1_26' title='bbox 1837 561 1914 616; x_wconf 91' lang='lat' dir='ltr'><strong>fe-</strong></span> 
     </span>
    </p>
   </div>
   <div class='ocr_carea' id='block_1_4' title="bbox 354 646 1915 713">
    <p class='ocr_par' dir='ltr' id='par_1_4' title="bbox 354 646 1915 713">
     <span class='ocr_line' id='line_1_4' title="bbox 354 646 1915 713; baseline -0.002 -8"><span class='ocrx_word' id='word_1_27' title='bbox 354 659 546 705; x_wconf 68' lang='lat' dir='ltr'><strong>cesnnt</strong></span> <span class='ocrx_word' id='word_1_28' title='bbox 579 663 720 703; x_wconf 90' lang='lat' dir='ltr'><strong>anno</strong></span> <span class='ocrx_word' id='word_1_29' title='bbox 756 647 883 713; x_wconf 80' lang='lat'><strong>573,</strong></span> <span class='ocrx_word' id='word_1_30' title='bbox 921 660 1043 700; x_wconf 89' lang='lat' dir='ltr'><strong>cum</strong></span> <span class='ocrx_word' id='word_1_31' title='bbox 1079 646 1249 701; x_wconf 90' lang='lat' dir='ltr'><strong>falsus</strong></span> <span class='ocrx_word' id='word_1_32' title='bbox 1300 647 1366 703; x_wconf 91' lang='lat' dir='ltr'><strong>de</strong></span> <span class='ocrx_word' id='word_1_33' title='bbox 1407 648 1588 704; x_wconf 78' lang='lat' dir='ltr'><strong>Basilii</strong></span> <span class='ocrx_word' id='word_1_34' title='bbox 1620 661 1790 705; x_wconf 91' lang='lat' dir='ltr'><strong>morte</strong></span> <span class='ocrx_word' id='word_1_35' title='bbox 1826 668 1915 705; x_wconf 84' lang='lat' dir='ltr'><strong>ru-</strong></span> 
     </span>
    </p>
   </div>
   <div class='ocr_carea' id='block_1_5' title="bbox 354 737 1910 809">
    <p class='ocr_par' dir='ltr' id='par_1_5' title="bbox 354 737 1910 809">
     <span class='ocr_line' id='line_1_5' title="bbox 354 737 1910 809; baseline 0.001 -15"><span class='ocrx_word' id='word_1_36' title='bbox 354 755 474 794; x_wconf 90' lang='lat' dir='ltr'><strong>mor</strong></span> <span class='ocrx_word' id='word_1_37' title='bbox 503 739 694 792; x_wconf 89' lang='lat' dir='ltr'><strong>allatus</strong></span> <span class='ocrx_word' id='word_1_38' title='bbox 738 745 905 801; x_wconf 89' lang='lat' dir='ltr'><strong>esset,</strong></span> <span class='ocrx_word' id='word_1_39' title='bbox 933 746 992 790; x_wconf 91' lang='lat' dir='ltr'><strong>ut</strong></span> <span class='ocrx_word' id='word_1_40' title='bbox 1023 737 1384 806; x_wconf 82' lang='lat' dir='ltr'><strong>perspicimus</strong></span> <span class='ocrx_word' id='word_1_41' title='bbox 1425 755 1491 793; x_wconf 81' lang='lat' dir='ltr'><strong>ex</strong></span> <span class='ocrx_word' id='word_1_42' title='bbox 1528 741 1753 809; x_wconf 88' lang='lat' dir='ltr'><strong>epistola</strong></span> <span class='ocrx_word' id='word_1_43' title='bbox 1788 742 1910 807; x_wconf 77' lang='lat' dir='ltr'><strong>Hi,</strong></span> 
     </span>
    </p>
   </div>
   <div class='ocr_carea' id='block_1_6' title="bbox 356 824 1915 887">
    <p class='ocr_par' dir='ltr' id='par_1_6' title="bbox 356 824 1915 887">
     <span class='ocr_line' id='line_1_6' title="bbox 356 824 1915 887; baseline 0.004 -7"><span class='ocrx_word' id='word_1_44' title='bbox 356 843 411 880; x_wconf 92' lang='lat' dir='ltr'><strong>n.</strong></span> <span class='ocrx_word' id='word_1_45' title='bbox 439 826 495 880; x_wconf 73' lang='lat'><strong>2.</strong></span> <span class='ocrx_word' id='word_1_46' title='bbox 533 825 702 879; x_wconf 85' lang='lat' dir='ltr'><strong>Nemo</strong></span> <span class='ocrx_word' id='word_1_47' title='bbox 731 839 864 880; x_wconf 85' lang='lat' dir='ltr'><strong>sane</strong></span> <span class='ocrx_word' id='word_1_48' title='bbox 904 824 1103 878; x_wconf 83' lang='lat' dir='ltr'><strong>dixerit</strong></span> <span class='ocrx_word' id='word_1_49' title='bbox 1132 834 1261 882; x_wconf 91' lang='lat' dir='ltr'><strong>tunc</strong></span> <span class='ocrx_word' id='word_1_50' title='bbox 1293 841 1388 884; x_wconf 92' lang='lat' dir='ltr'><strong>eos</strong></span> <span class='ocrx_word' id='word_1_51' title='bbox 1425 827 1622 887; x_wconf 90' lang='lat' dir='ltr'><strong>litteris</strong></span> <span class='ocrx_word' id='word_1_52' title='bbox 1645 830 1773 886; x_wconf 91' lang='lat' dir='ltr'><strong>cieri</strong></span> <span class='ocrx_word' id='word_1_53' title='bbox 1805 847 1915 887; x_wconf 90' lang='lat' dir='ltr'><strong>vo-</strong></span> 
     </span>
    </p>
   </div>
   <div class='ocr_carea' id='block_1_7' title="bbox 353 918 726 974">
    <p class='ocr_par' dir='ltr' id='par_1_7' title="bbox 353 918 726 974">
     <span class='ocr_line' id='line_1_7' title="bbox 353 918 726 974; baseline -0.003 0"><span class='ocrx_word' id='word_1_54' title='bbox 353 928 503 974; x_wconf 86' lang='lat' dir='ltr'><strong>catos</strong></span> <span class='ocrx_word' id='word_1_55' title='bbox 537 918 726 973; x_wconf 89' lang='lat' dir='ltr'><strong>fuisse.</strong></span> 
     </span>
    </p>
   </div>
   <div class='ocr_carea' id='block_1_8' title="bbox 417 1010 1912 1085">
    <p class='ocr_par' dir='ltr' id='par_1_8' title="bbox 417 1010 1912 1085">
     <span class='ocr_line' id='line_1_8' title="bbox 417 1010 1912 1085; baseline 0.001 -18"><span class='ocrx_word' id='word_1_56' title='bbox 417 1011 528 1067; x_wconf 91' lang='lat' dir='ltr'><strong>Cur</strong></span> <span class='ocrx_word' id='word_1_57' title='bbox 555 1011 693 1064; x_wconf 92' lang='lat' dir='ltr'><strong>idem</strong></span> <span class='ocrx_word' id='word_1_58' title='bbox 727 1019 941 1065; x_wconf 92' lang='lat' dir='ltr'><strong>mortuo</strong></span> <span class='ocrx_word' id='word_1_59' title='bbox 957 1010 1187 1066; x_wconf 88' lang='lat' dir='ltr'><strong>Eusebio</strong></span> <span class='ocrx_word' id='word_1_60' title='bbox 1215 1013 1434 1067; x_wconf 84' lang='lat' dir='ltr'><strong>credam</strong></span> <span class='ocrx_word' id='word_1_61' title='bbox 1470 1014 1745 1080; x_wconf 82' lang='lat' dir='ltr'><strong>evenisse,</strong></span> <span class='ocrx_word' id='word_1_62' title='bbox 1771 1030 1912 1085; x_wconf 84' lang='lat' dir='ltr'><strong>prae-</strong></span> 
     </span>
    </p>
   </div>
   <div class='ocr_carea' id='block_1_9' title="bbox 352 1101 1913 1175">
    <p class='ocr_par' dir='ltr' id='par_1_9' title="bbox 352 1101 1913 1175">
     <span class='ocr_line' id='line_1_9' title="bbox 352 1101 1913 1175; baseline 0.003 -19"><span class='ocrx_word' id='word_1_63' title='bbox 352 1110 436 1157; x_wconf 90' lang='lat' dir='ltr'><strong>ter</strong></span> <span class='ocrx_word' id='word_1_64' title='bbox 471 1103 834 1157; x_wconf 88' lang='lat' dir='ltr'><strong>testimonium</strong></span> <span class='ocrx_word' id='word_1_65' title='bbox 861 1101 1107 1173; x_wconf 79' lang='lat' dir='ltr'><strong>Gregorii</strong></span> <span class='ocrx_word' id='word_1_66' title='bbox 1133 1102 1480 1170; x_wconf 84' lang='lat' dir='ltr'><strong>Nazianzeni,</strong></span> <span class='ocrx_word' id='word_1_67' title='bbox 1511 1120 1616 1174; x_wconf 92' lang='lat' dir='ltr'><strong>quo</strong></span> <span class='ocrx_word' id='word_1_68' title='bbox 1639 1106 1750 1175; x_wconf 92' lang='lat' dir='ltr'><strong>jam</strong></span> <span class='ocrx_word' id='word_1_69' title='bbox 1781 1121 1913 1162; x_wconf 91' lang='lat' dir='ltr'><strong>usus</strong></span> 
     </span>
    </p>
   </div>
   <div class='ocr_carea' id='block_1_10' title="bbox 351 1193 1914 1266">
    <p class='ocr_par' dir='ltr' id='par_1_10' title="bbox 351 1193 1914 1266">
     <span class='ocr_line' id='line_1_10' title="bbox 351 1193 1914 1266; baseline 0.001 -16"><span class='ocrx_word' id='word_1_70' title='bbox 351 1209 492 1258; x_wconf 88' lang='lat' dir='ltr'><strong>sum,</strong></span> <span class='ocrx_word' id='word_1_71' title='bbox 527 1193 669 1248; x_wconf 85' lang='lat' dir='ltr'><strong>aliud</strong></span> <span class='ocrx_word' id='word_1_72' title='bbox 711 1195 940 1248; x_wconf 86' lang='lat' dir='ltr'><strong>rationis</strong></span> <span class='ocrx_word' id='word_1_73' title='bbox 982 1205 1310 1249; x_wconf 90' lang='lat' dir='ltr'><strong>momentum</strong></span> <span class='ocrx_word' id='word_1_74' title='bbox 1346 1197 1690 1266; x_wconf 87' lang='lat' dir='ltr'><strong>suppeditant</strong></span> <span class='ocrx_word' id='word_1_75' title='bbox 1719 1196 1914 1251; x_wconf 73' lang='lat' dir='ltr'><strong>litteras</strong></span> 
     </span>
    </p>
   </div>
   <div class='ocr_carea' id='block_1_11' title="bbox 350 1285 1912 1357">
    <p class='ocr_par' dir='ltr' id='par_1_11' title="bbox 350 1285 1912 1357">
     <span class='ocr_line' id='line_1_11' title="bbox 350 1285 1912 1357; baseline 0.001 -17"><span class='ocrx_word' id='word_1_76' title='bbox 350 1285 598 1357; x_wconf 83' lang='lat' dir='ltr'><strong>Gregorii</strong></span> <span class='ocrx_word' id='word_1_77' title='bbox 648 1285 881 1355; x_wconf 91' lang='lat' dir='ltr'><strong>episcopi</strong></span> <span class='ocrx_word' id='word_1_78' title='bbox 925 1285 990 1339; x_wconf 91' lang='lat' dir='ltr'><strong>ad</strong></span> <span class='ocrx_word' id='word_1_79' title='bbox 1037 1285 1253 1341; x_wconf 91' lang='lat' dir='ltr'><strong>eosdem</strong></span> <span class='ocrx_word' id='word_1_80' title='bbox 1305 1287 1608 1355; x_wconf 89' lang='lat' dir='ltr'><strong>episcopos.</strong></span> <span class='ocrx_word' id='word_1_81' title='bbox 1646 1287 1711 1342; x_wconf 84' lang='lat' dir='ltr'><strong>Hi</strong></span> <span class='ocrx_word' id='word_1_82' title='bbox 1769 1289 1912 1343; x_wconf 85' lang='lat' dir='ltr'><strong>enim</strong></span> 
     </span>
    </p>
   </div>
   <div class='ocr_carea' id='block_1_12' title="bbox 352 1376 1911 1450">
    <p class='ocr_par' dir='ltr' id='par_1_12' title="bbox 352 1376 1911 1450">
     <span class='ocr_line' id='line_1_12' title="bbox 352 1376 1911 1450; baseline 0.001 -18"><span class='ocrx_word' id='word_1_83' title='bbox 352 1377 672 1447; x_wconf 82' lang='lat' dir='ltr'><strong>Gregorium</strong></span> <span class='ocrx_word' id='word_1_84' title='bbox 707 1376 1009 1432; x_wconf 69' lang='lat' dir='ltr'><strong>Caesaream</strong></span> <span class='ocrx_word' id='word_1_85' title='bbox 1048 1377 1376 1432; x_wconf 89' lang='lat' dir='ltr'><strong>advocarunt</strong></span> <span class='ocrx_word' id='word_1_86' title='bbox 1407 1377 1506 1448; x_wconf 89' lang='lat' dir='ltr'><strong>(a),</strong></span> <span class='ocrx_word' id='word_1_87' title='bbox 1532 1379 1624 1434; x_wconf 89' lang='lat' dir='ltr'><strong>sed</strong></span> <span class='ocrx_word' id='word_1_88' title='bbox 1655 1389 1758 1433; x_wconf 90' lang='lat' dir='ltr'><strong>tam</strong></span> <span class='ocrx_word' id='word_1_89' title='bbox 1787 1395 1911 1450; x_wconf 85' lang='lat' dir='ltr'><strong>per-</strong></span> 
     </span>
    </p>
   </div>
   <div class='ocr_carea' id='block_1_13' title="bbox 352 1467 1910 1539">
    <p class='ocr_par' dir='ltr' id='par_1_13' title="bbox 352 1467 1910 1539">
     <span class='ocr_line' id='line_1_13' title="bbox 352 1467 1910 1539; baseline 0.003 -17"><span class='ocrx_word' id='word_1_90' title='bbox 352 1469 642 1532; x_wconf 88' lang='lat' dir='ltr'><strong>functorie,</strong></span> <span class='ocrx_word' id='word_1_91' title='bbox 682 1476 741 1521; x_wconf 88' lang='lat' dir='ltr'><strong>ut</strong></span> <span class='ocrx_word' id='word_1_92' title='bbox 784 1482 885 1522; x_wconf 89' lang='lat' dir='ltr'><strong>nec</strong></span> <span class='ocrx_word' id='word_1_93' title='bbox 921 1467 1108 1522; x_wconf 87' lang='lat' dir='ltr'><strong>adesse</strong></span> <span class='ocrx_word' id='word_1_94' title='bbox 1141 1467 1289 1522; x_wconf 91' lang='lat' dir='ltr'><strong>illum</strong></span> <span class='ocrx_word' id='word_1_95' title='bbox 1340 1478 1590 1538; x_wconf 86' lang='lat' dir='ltr'><strong>oportere</strong></span> <span class='ocrx_word' id='word_1_96' title='bbox 1633 1471 1910 1539; x_wconf 83' lang='lat' dir='ltr'><strong>signiﬁca-</strong></span> 
     </span>
    </p>
   </div>
   <div class='ocr_carea' id='block_1_14' title="bbox 351 1559 1910 1629">
    <p class='ocr_par' dir='ltr' id='par_1_14' title="bbox 351 1559 1910 1629">
     <span class='ocr_line' id='line_1_14' title="bbox 351 1559 1910 1629; baseline 0.004 -18"><span class='ocrx_word' id='word_1_97' title='bbox 351 1567 490 1620; x_wconf 85' lang='lat' dir='ltr'><strong>rent,</strong></span> <span class='ocrx_word' id='word_1_98' title='bbox 526 1573 624 1611; x_wconf 86' lang='lat' dir='ltr'><strong>nec</strong></span> <span class='ocrx_word' id='word_1_99' title='bbox 661 1572 765 1626; x_wconf 89' lang='lat' dir='ltr'><strong>qua</strong></span> <span class='ocrx_word' id='word_1_100' title='bbox 801 1559 866 1612; x_wconf 92' lang='lat' dir='ltr'><strong>de</strong></span> <span class='ocrx_word' id='word_1_101' title='bbox 904 1573 982 1622; x_wconf 91' lang='lat' dir='ltr'><strong>re,</strong></span> <span class='ocrx_word' id='word_1_102' title='bbox 1027 1569 1119 1612; x_wconf 92' lang='lat' dir='ltr'><strong>aut</strong></span> <span class='ocrx_word' id='word_1_103' title='bbox 1173 1573 1284 1628; x_wconf 88' lang='lat' dir='ltr'><strong>quo</strong></span> <span class='ocrx_word' id='word_1_104' title='bbox 1325 1567 1588 1629; x_wconf 90' lang='lat' dir='ltr'><strong>tempore.</strong></span> <span class='ocrx_word' id='word_1_105' title='bbox 1631 1561 1910 1617; x_wconf 90' lang='lat' dir='ltr'><strong>Permole-</strong></span> 
     </span>
    </p>
   </div>
   <div class='ocr_carea' id='block_1_15' title="bbox 348 1649 1908 1720">
    <p class='ocr_par' dir='ltr' id='par_1_15' title="bbox 348 1649 1908 1720">
     <span class='ocr_line' id='line_1_15' title="bbox 348 1649 1908 1720; baseline 0.003 -17"><span class='ocrx_word' id='word_1_106' title='bbox 348 1662 489 1704; x_wconf 90' lang='lat' dir='ltr'><strong>stum</strong></span> <span class='ocrx_word' id='word_1_107' title='bbox 534 1650 586 1703; x_wconf 92' lang='lat' dir='ltr'><strong>id</strong></span> <span class='ocrx_word' id='word_1_108' title='bbox 635 1651 736 1703; x_wconf 90' lang='lat' dir='ltr'><strong>fuit</strong></span> <span class='ocrx_word' id='word_1_109' title='bbox 775 1649 976 1719; x_wconf 87' lang='lat' dir='ltr'><strong>optimo</strong></span> <span class='ocrx_word' id='word_1_110' title='bbox 1018 1650 1133 1703; x_wconf 90' lang='lat' dir='ltr'><strong>seni</strong></span> <span class='ocrx_word' id='word_1_111' title='bbox 1167 1665 1179 1701; x_wconf 92' lang='lat'>:</span> <span class='ocrx_word' id='word_1_112' title='bbox 1222 1659 1277 1703; x_wconf 92' lang='lat' dir='ltr'><strong>at</strong></span> <span class='ocrx_word' id='word_1_113' title='bbox 1319 1651 1565 1720; x_wconf 90' lang='lat' dir='ltr'><strong>profecto</strong></span> <span class='ocrx_word' id='word_1_114' title='bbox 1623 1651 1908 1707; x_wconf 90' lang='lat' dir='ltr'><strong>molestum</strong></span> 
     </span>
    </p>
   </div>
   <div class='ocr_carea' id='block_1_16' title="bbox 347 1739 1911 1808">
    <p class='ocr_par' dir='ltr' id='par_1_16' title="bbox 347 1739 1911 1808">
     <span class='ocr_line' id='line_1_16' title="bbox 347 1739 1911 1808; baseline -0.001 -11"><span class='ocrx_word' id='word_1_115' title='bbox 347 1757 467 1797; x_wconf 91' lang='lat' dir='ltr'><strong>esse</strong></span> <span class='ocrx_word' id='word_1_116' title='bbox 516 1756 622 1795; x_wconf 93' lang='lat' dir='ltr'><strong>non</strong></span> <span class='ocrx_word' id='word_1_117' title='bbox 677 1741 972 1807; x_wconf 89' lang='lat' dir='ltr'><strong>debuisset,</strong></span> <span class='ocrx_word' id='word_1_118' title='bbox 995 1741 1040 1794; x_wconf 91' lang='lat' dir='ltr'><strong>si</strong></span> <span class='ocrx_word' id='word_1_119' title='bbox 1082 1739 1192 1808; x_wconf 88' lang='lat' dir='ltr'><strong>jam</strong></span> <span class='ocrx_word' id='word_1_120' title='bbox 1250 1741 1634 1808; x_wconf 87' lang='lat' dir='ltr'><strong>illum,itidem</strong></span> <span class='ocrx_word' id='word_1_121' title='bbox 1686 1751 1746 1796; x_wconf 91' lang='lat' dir='ltr'><strong>ut</strong></span> <span class='ocrx_word' id='word_1_122' title='bbox 1778 1743 1911 1797; x_wconf 90' lang='lat' dir='ltr'><strong>alios</strong></span> 
     </span>
    </p>
   </div>
   <div class='ocr_carea' id='block_1_17' title="bbox 2010 557 3592 631">
    <p class='ocr_par' dir='ltr' id='par_1_17' title="bbox 2010 557 3592 631">
     <span class='ocr_line' id='line_1_17' title="bbox 2010 557 3592 631; baseline -0.001 -16"><span class='ocrx_word' id='word_1_123' title='bbox 2010 561 2357 631; x_wconf 87' lang='lat' dir='ltr'><strong>judicandnm</strong></span> <span class='ocrx_word' id='word_1_124' title='bbox 2408 560 2696 630; x_wconf 84' lang='lat' dir='ltr'><strong>relinquat.</strong></span> <span class='ocrx_word' id='word_1_125' title='bbox 2729 558 2843 614; x_wconf 71' lang='lat' dir='ltr'><strong>Non</strong></span> <span class='ocrx_word' id='word_1_126' title='bbox 2890 558 3047 613; x_wconf 92' lang='lat' dir='ltr'><strong>modo</strong></span> <span class='ocrx_word' id='word_1_127' title='bbox 3085 557 3186 613; x_wconf 89' lang='lat' dir='ltr'><strong>sibi</strong></span> <span class='ocrx_word' id='word_1_128' title='bbox 3216 557 3428 613; x_wconf 91' lang='lat' dir='ltr'><strong>videtur</strong></span> <span class='ocrx_word' id='word_1_129' title='bbox 3452 557 3592 614; x_wconf 82' lang='lat' dir='ltr'><strong>Gre-</strong></span> 
     </span>
    </p>
   </div>
   <div class='ocr_carea' id='block_1_18' title="bbox 2014 647 3590 721">
    <p class='ocr_par' dir='ltr' id='par_1_18' title="bbox 2014 647 3590 721">
     <span class='ocr_line' id='line_1_18' title="bbox 2014 647 3590 721; baseline -0.003 -15"><span class='ocrx_word' id='word_1_130' title='bbox 2014 652 2196 721; x_wconf 78' lang='lat' dir='ltr'><strong>gorius</strong></span> <span class='ocrx_word' id='word_1_131' title='bbox 2240 652 2340 705; x_wconf 91' lang='lat' dir='ltr'><strong>hac</strong></span> <span class='ocrx_word' id='word_1_132' title='bbox 2371 650 2485 720; x_wconf 82' lang='lat' dir='ltr'><strong>lege</strong></span> <span class='ocrx_word' id='word_1_133' title='bbox 2522 665 2623 705; x_wconf 90' lang='lat' dir='ltr'><strong>non</strong></span> <span class='ocrx_word' id='word_1_134' title='bbox 2675 650 2960 718; x_wconf 82' lang='lat' dir='ltr'><strong>obstringi,</strong></span> <span class='ocrx_word' id='word_1_135' title='bbox 2997 648 3090 704; x_wconf 92' lang='lat' dir='ltr'><strong>sed</strong></span> <span class='ocrx_word' id='word_1_136' title='bbox 3129 647 3292 702; x_wconf 91' lang='lat' dir='ltr'><strong>etiam</strong></span> <span class='ocrx_word' id='word_1_137' title='bbox 3333 647 3590 702; x_wconf 70' lang='lat' dir='ltr'><strong>Ecclesia:</strong></span> 
     </span>
    </p>
   </div>
   <div class='ocr_carea' id='block_1_19' title="bbox 2013 739 3587 813">
    <p class='ocr_par' dir='ltr' id='par_1_19' title="bbox 2013 739 3587 813">
     <span class='ocr_line' id='line_1_19' title="bbox 2013 739 3587 813; baseline -0.006 -13"><span class='ocrx_word' id='word_1_138' title='bbox 2013 744 2331 800; x_wconf 66' lang='lat' dir='ltr'><strong>Caesariensi</strong></span> <span class='ocrx_word' id='word_1_139' title='bbox 2361 759 2424 798; x_wconf 90' lang='lat' dir='ltr'><strong>ac</strong></span> <span class='ocrx_word' id='word_1_140' title='bbox 2451 743 2718 813; x_wconf 86' lang='lat' dir='ltr'><strong>episcopis</strong></span> <span class='ocrx_word' id='word_1_141' title='bbox 2748 743 2939 795; x_wconf 86' lang='lat' dir='ltr'><strong>minari</strong></span> <span class='ocrx_word' id='word_1_142' title='bbox 2988 755 3092 796; x_wconf 89' lang='lat' dir='ltr'><strong>non</strong></span> <span class='ocrx_word' id='word_1_143' title='bbox 3127 739 3360 804; x_wconf 88' lang='lat' dir='ltr'><strong>dubitat,</strong></span> <span class='ocrx_word' id='word_1_144' title='bbox 3387 753 3446 794; x_wconf 90' lang='lat' dir='ltr'><strong>se</strong></span> <span class='ocrx_word' id='word_1_145' title='bbox 3479 755 3587 792; x_wconf 87' lang='lat' dir='ltr'><strong>non</strong></span> 
     </span>
    </p>
   </div>
   <div class='ocr_carea' id='block_1_20' title="bbox 2013 829 3580 903">
    <p class='ocr_par' dir='ltr' id='par_1_20' title="bbox 2013 829 3580 903">
     <span class='ocr_line' id='line_1_20' title="bbox 2013 829 3580 903; baseline -0.004 -14"><span class='ocrx_word' id='word_1_146' title='bbox 2013 833 2346 899; x_wconf 86' lang='lat' dir='ltr'><strong>adfuturum,</strong></span> <span class='ocrx_word' id='word_1_147' title='bbox 2380 847 2482 888; x_wconf 92' lang='lat' dir='ltr'><strong>nec</strong></span> <span class='ocrx_word' id='word_1_148' title='bbox 2509 834 2824 903; x_wconf 89' lang='lat' dir='ltr'><strong>participem</strong></span> <span class='ocrx_word' id='word_1_149' title='bbox 2847 847 3032 886; x_wconf 92' lang='lat' dir='ltr'><strong>eorum</strong></span> <span class='ocrx_word' id='word_1_150' title='bbox 3057 829 3270 886; x_wconf 88' lang='lat' dir='ltr'><strong>consilii</strong></span> <span class='ocrx_word' id='word_1_151' title='bbox 3305 829 3542 884; x_wconf 89' lang='lat' dir='ltr'><strong>futurum</strong></span> <span class='ocrx_word' id='word_1_152' title='bbox 3565 869 3580 892; x_wconf 89' lang='lat'><strong>,</strong></span> 
     </span>
    </p>
   </div>
   <div class='ocr_carea' id='block_1_21' title="bbox 2014 911 3628 992">
    <p class='ocr_par' dir='ltr' id='par_1_21' title="bbox 2014 911 3628 992">
     <span class='ocr_line' id='line_1_21' title="bbox 2014 911 3628 992; baseline -0.003 -12"><span class='ocrx_word' id='word_1_153' title='bbox 2014 925 2058 980; x_wconf 93' lang='lat' dir='ltr'><strong>si</strong></span> <span class='ocrx_word' id='word_1_154' title='bbox 2087 939 2181 980; x_wconf 92' lang='lat' dir='ltr'><strong>sua</strong></span> <span class='ocrx_word' id='word_1_155' title='bbox 2219 939 2326 980; x_wconf 92' lang='lat' dir='ltr'><strong>non</strong></span> <span class='ocrx_word' id='word_1_156' title='bbox 2356 923 2536 978; x_wconf 84' lang='lat' dir='ltr'><strong>vincat</strong></span> <span class='ocrx_word' id='word_1_157' title='bbox 2580 923 2870 988; x_wconf 85' lang='lat' dir='ltr'><strong>sententia,</strong></span> <span class='ocrx_word' id='word_1_158' title='bbox 2899 924 2944 977; x_wconf 90' lang='lat' dir='ltr'><strong>si</strong></span> <span class='ocrx_word' id='word_1_159' title='bbox 2980 937 3138 992; x_wconf 91' lang='lat' dir='ltr'><strong>quem</strong></span> <span class='ocrx_word' id='word_1_160' title='bbox 3171 921 3335 975; x_wconf 89' lang='lat' dir='ltr'><strong>alium</strong></span> <span class='ocrx_word' id='word_1_161' title='bbox 3379 919 3580 975; x_wconf 88' lang='lat' dir='ltr'><strong>Basilio</strong></span> <span class='ocrx_word' id='word_1_162' title='bbox 3625 911 3628 914; x_wconf 67' lang='grc'><strong>’</strong></span> 
     </span>
    </p>
   </div>
   <div class='ocr_carea' id='block_1_22' title="bbox 2014 1013 3586 1086">
    <p class='ocr_par' dir='ltr' id='par_1_22' title="bbox 2014 1013 3586 1086">
     <span class='ocr_line' id='line_1_22' title="bbox 2014 1013 3586 1086; baseline -0.003 -16"><span class='ocrx_word' id='word_1_163' title='bbox 2014 1017 2323 1086; x_wconf 66' lang='lat' dir='ltr'><strong>praeferant.</strong></span> <span class='ocrx_word' id='word_1_164' title='bbox 2370 1016 2507 1073; x_wconf 88' lang='lat' dir='ltr'><strong>Huic</strong></span> <span class='ocrx_word' id='word_1_165' title='bbox 2554 1025 2732 1072; x_wconf 90' lang='lat' dir='ltr'><strong>autem</strong></span> <span class='ocrx_word' id='word_1_166' title='bbox 2785 1015 2973 1085; x_wconf 83' lang='lat' dir='ltr'><strong>agendi</strong></span> <span class='ocrx_word' id='word_1_167' title='bbox 3027 1013 3223 1068; x_wconf 89' lang='lat' dir='ltr'><strong>rationi</strong></span> <span class='ocrx_word' id='word_1_168' title='bbox 3273 1027 3380 1067; x_wconf 93' lang='lat' dir='ltr'><strong>non</strong></span> <span class='ocrx_word' id='word_1_169' title='bbox 3423 1015 3586 1067; x_wconf 88' lang='lat' dir='ltr'><strong>modo</strong></span> 
     </span>
    </p>
   </div>
   <div class='ocr_carea' id='block_1_23' title="bbox 2013 1103 3586 1175">
    <p class='ocr_par' dir='ltr' id='par_1_23' title="bbox 2013 1103 3586 1175">
     <span class='ocr_line' id='line_1_23' title="bbox 2013 1103 3586 1175; baseline -0.002 -17"><span class='ocrx_word' id='word_1_170' title='bbox 2013 1107 2169 1161; x_wconf 87' lang='lat' dir='ltr'><strong>venia</strong></span> <span class='ocrx_word' id='word_1_171' title='bbox 2212 1107 2454 1175; x_wconf 87' lang='lat' dir='ltr'><strong>debetur,</strong></span> <span class='ocrx_word' id='word_1_172' title='bbox 2495 1108 2588 1164; x_wconf 91' lang='lat' dir='ltr'><strong>sed</strong></span> <span class='ocrx_word' id='word_1_173' title='bbox 2633 1107 2792 1161; x_wconf 92' lang='lat' dir='ltr'><strong>etiam</strong></span> <span class='ocrx_word' id='word_1_174' title='bbox 2842 1107 2956 1160; x_wconf 89' lang='lat' dir='ltr'><strong>laus</strong></span> <span class='ocrx_word' id='word_1_175' title='bbox 3001 1103 3438 1173; x_wconf 73' lang='lat' dir='ltr'><strong>maxima,eique</strong></span> <span class='ocrx_word' id='word_1_176' title='bbox 3468 1103 3586 1172; x_wconf 86' lang='lat' dir='ltr'><strong>pal-</strong></span> 
     </span>
    </p>
   </div>
   <div class='ocr_carea' id='block_1_24' title="bbox 2015 1195 3584 1270">
    <p class='ocr_par' dir='ltr' id='par_1_24' title="bbox 2015 1195 3584 1270">
     <span class='ocr_line' id='line_1_24' title="bbox 2015 1195 3584 1270; baseline -0.003 -16"><span class='ocrx_word' id='word_1_177' title='bbox 2015 1215 2158 1254; x_wconf 87' lang='lat' dir='ltr'><strong>mam</strong></span> <span class='ocrx_word' id='word_1_178' title='bbox 2204 1200 2296 1253; x_wconf 89' lang='lat' dir='ltr'><strong>dat</strong></span> <span class='ocrx_word' id='word_1_179' title='bbox 2341 1199 2632 1270; x_wconf 79' lang='lat' dir='ltr'><strong>Gregorius</strong></span> <span class='ocrx_word' id='word_1_180' title='bbox 2682 1199 2821 1254; x_wconf 85' lang='lat' dir='ltr'><strong>filius</strong></span> <span class='ocrx_word' id='word_1_181' title='bbox 2861 1199 2938 1268; x_wconf 80' lang='grc' dir='ltr'><strong>(ά)</strong></span> <span class='ocrx_word' id='word_1_182' title='bbox 2982 1197 3125 1252; x_wconf 89' lang='lat' dir='ltr'><strong>inter</strong></span> <span class='ocrx_word' id='word_1_183' title='bbox 3175 1205 3367 1251; x_wconf 67' lang='lat' dir='ltr'><strong>caetera</strong></span> <span class='ocrx_word' id='word_1_184' title='bbox 3412 1195 3584 1264; x_wconf 85' lang='lat' dir='ltr'><strong>patris</strong></span> 
     </span>
    </p>
   </div>
   <div class='ocr_carea' id='block_1_25' title="bbox 2014 1287 3598 1360">
    <p class='ocr_par' dir='ltr' id='par_1_25' title="bbox 2014 1287 3598 1360">
     <span class='ocr_line' id='line_1_25' title="bbox 2014 1287 3598 1360; baseline -0.004 -14"><span class='ocrx_word' id='word_1_185' title='bbox 2014 1292 2274 1360; x_wconf 76' lang='lat' dir='ltr'><strong>praeclare</strong></span> <span class='ocrx_word' id='word_1_186' title='bbox 2306 1291 2465 1346; x_wconf 89' lang='lat' dir='ltr'><strong>facta.</strong></span> <span class='ocrx_word' id='word_1_187' title='bbox 2502 1291 2634 1345; x_wconf 87' lang='lat' dir='ltr'><strong>Nam</strong></span> <span class='ocrx_word' id='word_1_188' title='bbox 2671 1306 2790 1346; x_wconf 92' lang='lat' dir='ltr'><strong>cum</strong></span> <span class='ocrx_word' id='word_1_189' title='bbox 2833 1291 3072 1344; x_wconf 87' lang='lat' dir='ltr'><strong>omnium</strong></span> <span class='ocrx_word' id='word_1_190' title='bbox 3101 1289 3166 1344; x_wconf 90' lang='lat' dir='ltr'><strong>de</strong></span> <span class='ocrx_word' id='word_1_191' title='bbox 3190 1287 3375 1342; x_wconf 86' lang='lat' dir='ltr'><strong>Basilii</strong></span> <span class='ocrx_word' id='word_1_192' title='bbox 3407 1288 3598 1341; x_wconf 79' lang='lat' dir='ltr'><strong>virtu-&#39;</strong></span> 
     </span>
    </p>
   </div>
   <div class='ocr_carea' id='block_1_26' title="bbox 2015 1380 3586 1453">
    <p class='ocr_par' dir='ltr' id='par_1_26' title="bbox 2015 1380 3586 1453">
     <span class='ocr_line' id='line_1_26' title="bbox 2015 1380 3586 1453; baseline -0.004 -13"><span class='ocrx_word' id='word_1_193' title='bbox 2015 1383 2366 1453; x_wconf 83' lang='lat' dir='ltr'><strong>tibusjudicia</strong></span> <span class='ocrx_word' id='word_1_194' title='bbox 2395 1383 2793 1448; x_wconf 87' lang='lat' dir='ltr'><strong>consentirent,</strong></span> <span class='ocrx_word' id='word_1_195' title='bbox 2826 1397 2890 1436; x_wconf 91' lang='lat' dir='ltr'><strong>ac</strong></span> <span class='ocrx_word' id='word_1_196' title='bbox 2930 1381 3047 1436; x_wconf 90' lang='lat' dir='ltr'><strong>luce</strong></span> <span class='ocrx_word' id='word_1_197' title='bbox 3074 1380 3277 1434; x_wconf 90' lang='lat' dir='ltr'><strong>clarius</strong></span> <span class='ocrx_word' id='word_1_198' title='bbox 3312 1388 3458 1434; x_wconf 90' lang='lat' dir='ltr'><strong>esset</strong></span> <span class='ocrx_word' id='word_1_199' title='bbox 3487 1395 3586 1434; x_wconf 90' lang='lat' dir='ltr'><strong>ne-</strong></span> 
     </span>
    </p>
   </div>
   <div class='ocr_carea' id='block_1_27' title="bbox 2014 1472 3580 1544">
    <p class='ocr_par' dir='ltr' id='par_1_27' title="bbox 2014 1472 3580 1544">
     <span class='ocr_line' id='line_1_27' title="bbox 2014 1472 3580 1544; baseline -0.004 -14"><span class='ocrx_word' id='word_1_200' title='bbox 2014 1479 2212 1531; x_wconf 91' lang='lat' dir='ltr'><strong>minem</strong></span> <span class='ocrx_word' id='word_1_201' title='bbox 2252 1476 2414 1531; x_wconf 91' lang='lat' dir='ltr'><strong>aiium</strong></span> <span class='ocrx_word' id='word_1_202' title='bbox 2447 1475 2564 1530; x_wconf 88' lang='lat' dir='ltr'><strong>sine</strong></span> <span class='ocrx_word' id='word_1_203' title='bbox 2605 1490 2818 1530; x_wconf 90' lang='lat' dir='ltr'><strong>summo</strong></span> <span class='ocrx_word' id='word_1_204' title='bbox 2864 1473 3038 1544; x_wconf 82' lang='lat' dir='ltr'><strong>legum</strong></span> <span class='ocrx_word' id='word_1_205' title='bbox 3081 1472 3580 1527; x_wconf 86' lang='lat' dir='ltr'><strong>ecclesiasticarum</strong></span> 
     </span>
    </p>
   </div>
   <div class='ocr_carea' id='block_1_28' title="bbox 2011 1560 3584 1636">
    <p class='ocr_par' dir='ltr' id='par_1_28' title="bbox 2011 1560 3584 1636">
     <span class='ocr_line' id='line_1_28' title="bbox 2011 1560 3584 1636; baseline -0.007 -14"><span class='ocrx_word' id='word_1_206' title='bbox 2011 1575 2322 1636; x_wconf 89' lang='lat' dir='ltr'><strong>contemptu</strong></span> <span class='ocrx_word' id='word_1_207' title='bbox 2364 1564 2487 1634; x_wconf 80' lang='lat' dir='ltr'><strong>eligi</strong></span> <span class='ocrx_word' id='word_1_208' title='bbox 2529 1577 2721 1634; x_wconf 89' lang='lat' dir='ltr'><strong>posse;</strong></span> <span class='ocrx_word' id='word_1_209' title='bbox 2769 1563 3066 1632; x_wconf 83' lang='lat' dir='ltr'><strong>Gregorius</strong></span> <span class='ocrx_word' id='word_1_210' title='bbox 3117 1575 3182 1616; x_wconf 90' lang='lat' dir='ltr'><strong>eo</strong></span> <span class='ocrx_word' id='word_1_211' title='bbox 3229 1569 3336 1614; x_wconf 90' lang='lat' dir='ltr'><strong>tam</strong></span> <span class='ocrx_word' id='word_1_212' title='bbox 3379 1560 3584 1613; x_wconf 90' lang='lat' dir='ltr'><strong>acriter</strong></span> 
     </span>
    </p>
   </div>
   <div class='ocr_carea' id='block_1_29' title="bbox 2011 1651 3578 1725">
    <p class='ocr_par' dir='ltr' id='par_1_29' title="bbox 2011 1651 3578 1725">
     <span class='ocr_line' id='line_1_29' title="bbox 2011 1651 3578 1725; baseline -0.007 -11"><span class='ocrx_word' id='word_1_213' title='bbox 2011 1657 2343 1715; x_wconf 89' lang='lat' dir='ltr'><strong>defendendo</strong></span> <span class='ocrx_word' id='word_1_214' title='bbox 2390 1671 2490 1712; x_wconf 92' lang='lat' dir='ltr'><strong>nec</strong></span> <span class='ocrx_word' id='word_1_215' title='bbox 2529 1654 2649 1725; x_wconf 84' lang='lat' dir='ltr'><strong>jura</strong></span> <span class='ocrx_word' id='word_1_216' title='bbox 2691 1669 2790 1710; x_wconf 91' lang='lat' dir='ltr'><strong>nec</strong></span> <span class='ocrx_word' id='word_1_217' title='bbox 2835 1655 3134 1710; x_wconf 90' lang='lat' dir='ltr'><strong>libertatem</strong></span> <span class='ocrx_word' id='word_1_218' title='bbox 3196 1651 3578 1720; x_wconf 74' lang='lat' dir='ltr'><strong>suffragiorum</strong></span> 
     </span>
    </p>
   </div>
   <div class='ocr_carea' id='block_1_30' title="bbox 2017 1743 3581 1817">
    <p class='ocr_par' dir='ltr' id='par_1_30' title="bbox 2017 1743 3581 1817">
     <span class='ocr_line' id='line_1_30' title="bbox 2017 1743 3581 1817; baseline -0.004 -13"><span class='ocrx_word' id='word_1_219' title='bbox 2017 1751 2337 1815; x_wconf 90' lang='lat' dir='ltr'><strong>attentabat,</strong></span> <span class='ocrx_word' id='word_1_220' title='bbox 2364 1751 2458 1806; x_wconf 88' lang='lat' dir='ltr'><strong>sed</strong></span> <span class='ocrx_word' id='word_1_221' title='bbox 2493 1748 2674 1817; x_wconf 87' lang='lat' dir='ltr'><strong>potius</strong></span> <span class='ocrx_word' id='word_1_222' title='bbox 2708 1764 2737 1802; x_wconf 91' lang='lat' dir='ltr'><strong>a</strong></span> <span class='ocrx_word' id='word_1_223' title='bbox 2763 1747 3090 1803; x_wconf 79' lang='lat' dir='ltr'><strong>factionibus</strong></span> <span class='ocrx_word' id='word_1_224' title='bbox 3138 1754 3192 1802; x_wconf 92' lang='lat' dir='ltr'><strong>et</strong></span> <span class='ocrx_word' id='word_1_225' title='bbox 3236 1743 3581 1815; x_wconf 68' lang='lat' dir='ltr'><strong>praeposteris</strong></span> 
     </span>
    </p>
   </div>
   <div class='ocr_carea' id='block_1_31' title="bbox 347 1817 3580 1908">
    <p class='ocr_par' dir='ltr' id='par_1_31' title="bbox 347 1817 3580 1908">
     <span class='ocr_line' id='line_1_31' title="bbox 347 1817 3580 1908; baseline -0.003 -10"><span class='ocrx_word' id='word_1_226' title='bbox 347 1835 650 1902; x_wconf 70' lang='lat' dir='ltr'><strong>episcopos.</strong></span> <span class='ocrx_word' id='word_1_227' title='bbox 699 1831 765 1886; x_wconf 74' lang='lat' dir='ltr'><strong>de</strong></span> <span class='ocrx_word' id='word_1_228' title='bbox 806 1846 955 1885; x_wconf 78' lang='grc' dir='ltr'><strong>ιηοτθ</strong></span> <span class='ocrx_word' id='word_1_229' title='bbox 1003 1830 1184 1886; x_wconf 63' lang='lat' dir='ltr'><strong>Clarus</strong></span> <span class='ocrx_word' id='word_1_230' title='bbox 1231 1832 1536 1887; x_wconf 69' lang='lat' dir='ltr'><strong>inVilasseL</strong></span> <span class='ocrx_word' id='word_1_231' title='bbox 1583 1833 1733 1888; x_wconf 75' lang='lat' dir='ltr'><strong>Tunc</strong></span> <span class='ocrx_word' id='word_1_232' title='bbox 1765 1835 1907 1888; x_wconf 81' lang='lat' dir='ltr'><strong>enim</strong></span> <span class='ocrx_word' id='word_1_233' title='bbox 1941 1817 1984 1871; x_wconf 77' lang='grc' dir='ltr'><strong>Β</strong></span> <span class='ocrx_word' id='word_1_234' title='bbox 2015 1841 2208 1896; x_wconf 92' lang='lat' dir='ltr'><strong>studiis</strong></span> <span class='ocrx_word' id='word_1_235' title='bbox 2300 1842 2367 1896; x_wconf 92' lang='lat' dir='ltr'><strong>ad</strong></span> <span class='ocrx_word' id='word_1_236' title='bbox 2447 1840 2830 1899; x_wconf 75' lang='lat' dir='ltr'><strong>ecclesiastica:</strong></span> <span class='ocrx_word' id='word_1_237' title='bbox 2902 1837 3151 1892; x_wconf 91' lang='lat' dir='ltr'><strong>utilitatis</strong></span> <span class='ocrx_word' id='word_1_238' title='bbox 3199 1836 3580 1908; x_wconf 82' lang='lat' dir='ltr'><strong>cogitationem</strong></span> 
     </span>
    </p>
   </div>
   <div class='ocr_carea' id='block_1_32' title="bbox 348 1920 1911 1991">
    <p class='ocr_par' dir='ltr' id='par_1_32' title="bbox 348 1920 1911 1991">
     <span class='ocr_line' id='line_1_32' title="bbox 348 1920 1911 1991; baseline 0.001 -16"><span class='ocrx_word' id='word_1_239' title='bbox 348 1936 571 1976; x_wconf 85' lang='lat' dir='ltr'><strong>necesse</strong></span> <span class='ocrx_word' id='word_1_240' title='bbox 607 1937 710 1976; x_wconf 93' lang='lat' dir='ltr'><strong>non</strong></span> <span class='ocrx_word' id='word_1_241' title='bbox 765 1921 977 1984; x_wconf 88' lang='lat' dir='ltr'><strong>fuisset,</strong></span> <span class='ocrx_word' id='word_1_242' title='bbox 1007 1930 1064 1974; x_wconf 93' lang='lat' dir='ltr'><strong>ut</strong></span> <span class='ocrx_word' id='word_1_243' title='bbox 1093 1921 1224 1976; x_wconf 91' lang='lat' dir='ltr'><strong>cieri</strong></span> <span class='ocrx_word' id='word_1_244' title='bbox 1262 1920 1457 1976; x_wconf 89' lang='lat' dir='ltr'><strong>litteris</strong></span> <span class='ocrx_word' id='word_1_245' title='bbox 1489 1921 1683 1976; x_wconf 70' lang='lat' dir='ltr'><strong>additae</strong></span> <span class='ocrx_word' id='word_1_246' title='bbox 1705 1923 1911 1991; x_wconf 90' lang='lat' dir='ltr'><strong>episco-</strong></span> 
     </span>
    </p>
   </div>
   <div class='ocr_carea' id='block_1_33' title="bbox 346 2009 1800 2082">
    <p class='ocr_par' dir='ltr' id='par_1_33' title="bbox 346 2009 1800 2082">
     <span class='ocr_line' id='line_1_33' title="bbox 346 2009 1800 2082; baseline -0.003 -16"><span class='ocrx_word' id='word_1_247' title='bbox 346 2025 536 2082; x_wconf 87' lang='lat' dir='ltr'><strong>porum</strong></span> <span class='ocrx_word' id='word_1_248' title='bbox 573 2011 767 2066; x_wconf 74' lang='lat' dir='ltr'><strong>littera:</strong></span> <span class='ocrx_word' id='word_1_249' title='bbox 791 2009 1001 2080; x_wconf 85' lang='lat' dir='ltr'><strong>singula</strong></span> <span class='ocrx_word' id='word_1_250' title='bbox 1033 2017 1286 2064; x_wconf 87' lang='lat' dir='ltr'><strong>accurate</strong></span> <span class='ocrx_word' id='word_1_251' title='bbox 1317 2019 1800 2079; x_wconf 89' lang='lat' dir='ltr'><strong>persequerentur.</strong></span> 
     </span>
    </p>
   </div>
   <div class='ocr_carea' id='block_1_34' title="bbox 414 2101 1906 2176">
    <p class='ocr_par' dir='ltr' id='par_1_34' title="bbox 414 2101 1906 2176">
     <span class='ocr_line' id='line_1_34' title="bbox 414 2101 1906 2176; baseline -0.001 -18"><span class='ocrx_word' id='word_1_252' title='bbox 414 2103 474 2158; x_wconf 92' lang='lat' dir='ltr'><strong>li.</strong></span> <span class='ocrx_word' id='word_1_253' title='bbox 500 2102 632 2159; x_wconf 91' lang='lat' dir='ltr'><strong>Cum</strong></span> <span class='ocrx_word' id='word_1_254' title='bbox 684 2101 1005 2174; x_wconf 72' lang='lat' dir='ltr'><strong>praavideret</strong></span> <span class='ocrx_word' id='word_1_255' title='bbox 1063 2102 1404 2156; x_wconf 86' lang='lat' dir='ltr'><strong>venerandus</strong></span> <span class='ocrx_word' id='word_1_256' title='bbox 1447 2116 1635 2168; x_wconf 77' lang='lat' dir='ltr'><strong>senex,</strong></span> <span class='ocrx_word' id='word_1_257' title='bbox 1674 2101 1728 2156; x_wconf 89' lang='lat' dir='ltr'><strong>id</strong></span> <span class='ocrx_word' id='word_1_258' title='bbox 1761 2101 1906 2176; x_wconf 81' lang='lat' dir='ltr'><strong>quod</strong></span> 
     </span>
    </p>
   </div>
   <div class='ocr_carea' id='block_1_35' title="bbox 347 2192 1910 2262">
    <p class='ocr_par' dir='ltr' id='par_1_35' title="bbox 347 2192 1910 2262">
     <span class='ocr_line' id='line_1_35' title="bbox 347 2192 1910 2262; baseline -0.001 -14"><span class='ocrx_word' id='word_1_259' title='bbox 347 2210 447 2250; x_wconf 92' lang='lat' dir='ltr'><strong>usu</strong></span> <span class='ocrx_word' id='word_1_260' title='bbox 477 2195 678 2261; x_wconf 85' lang='lat' dir='ltr'><strong>evenit,</strong></span> <span class='ocrx_word' id='word_1_261' title='bbox 715 2194 864 2248; x_wconf 91' lang='lat' dir='ltr'><strong>varia</strong></span> <span class='ocrx_word' id='word_1_262' title='bbox 903 2193 1178 2248; x_wconf 89' lang='lat' dir='ltr'><strong>hominum</strong></span> <span class='ocrx_word' id='word_1_263' title='bbox 1205 2192 1380 2247; x_wconf 89' lang='lat' dir='ltr'><strong>studia</strong></span> <span class='ocrx_word' id='word_1_264' title='bbox 1419 2193 1474 2247; x_wconf 92' lang='lat' dir='ltr'><strong>in</strong></span> <span class='ocrx_word' id='word_1_265' title='bbox 1521 2193 1767 2262; x_wconf 87' lang='lat' dir='ltr'><strong>eligendo</strong></span> <span class='ocrx_word' id='word_1_266' title='bbox 1798 2192 1910 2260; x_wconf 90' lang='lat' dir='ltr'><strong>epi-</strong></span> 
     </span>
    </p>
   </div>
   <div class='ocr_carea' id='block_1_36' title="bbox 347 2283 1910 2356">
    <p class='ocr_par' dir='ltr' id='par_1_36' title="bbox 347 2283 1910 2356">
     <span class='ocr_line' id='line_1_36' title="bbox 347 2283 1910 2356; baseline -0.003 -15"><span class='ocrx_word' id='word_1_267' title='bbox 347 2301 510 2356; x_wconf 89' lang='lat' dir='ltr'><strong>scopo</strong></span> <span class='ocrx_word' id='word_1_268' title='bbox 535 2285 738 2351; x_wconf 89' lang='lat' dir='ltr'><strong>futura,</strong></span> <span class='ocrx_word' id='word_1_269' title='bbox 769 2284 1010 2338; x_wconf 86' lang='lat' dir='ltr'><strong>declarat</strong></span> <span class='ocrx_word' id='word_1_270' title='bbox 1037 2283 1113 2355; x_wconf 75' lang='grc' dir='ltr'><strong>(ὁ)</strong></span> <span class='ocrx_word' id='word_1_271' title='bbox 1140 2283 1410 2352; x_wconf 89' lang='lat' dir='ltr'><strong>episcopis</strong></span> <span class='ocrx_word' id='word_1_272' title='bbox 1434 2284 1704 2338; x_wconf 90' lang='lat' dir='ltr'><strong>neminem</strong></span> <span class='ocrx_word' id='word_1_273' title='bbox 1731 2297 1788 2338; x_wconf 88' lang='lat' dir='ltr'><strong>se</strong></span> <span class='ocrx_word' id='word_1_274' title='bbox 1816 2284 1910 2336; x_wconf 89' lang='lat' dir='ltr'><strong>ha-</strong></span> 
     </span>
    </p>
   </div>
   <div class='ocr_carea' id='block_1_37' title="bbox 346 2375 1908 2448">
    <p class='ocr_par' dir='ltr' id='par_1_37' title="bbox 346 2375 1908 2448">
     <span class='ocr_line' id='line_1_37' title="bbox 346 2375 1908 2448; baseline -0.001 -16"><span class='ocrx_word' id='word_1_275' title='bbox 346 2380 495 2444; x_wconf 87' lang='lat' dir='ltr'><strong>bere,</strong></span> <span class='ocrx_word' id='word_1_276' title='bbox 539 2391 696 2448; x_wconf 90' lang='lat' dir='ltr'><strong>quem</strong></span> <span class='ocrx_word' id='word_1_277' title='bbox 753 2376 956 2431; x_wconf 90' lang='lat' dir='ltr'><strong>Basilio</strong></span> <span class='ocrx_word' id='word_1_278' title='bbox 1007 2375 1264 2446; x_wconf 66' lang='lat' dir='ltr'><strong>praeferre</strong></span> <span class='ocrx_word' id='word_1_279' title='bbox 1317 2376 1515 2446; x_wconf 88' lang='lat' dir='ltr'><strong>possit,</strong></span> <span class='ocrx_word' id='word_1_280' title='bbox 1545 2377 1663 2430; x_wconf 92' lang='lat' dir='ltr'><strong>viro</strong></span> <span class='ocrx_word' id='word_1_281' title='bbox 1702 2387 1758 2430; x_wconf 92' lang='lat' dir='ltr'><strong>et</strong></span> <span class='ocrx_word' id='word_1_282' title='bbox 1787 2376 1908 2430; x_wconf 74' lang='lat' dir='ltr'><strong>vita:</strong></span> 
     </span>
    </p>
   </div>
   <div class='ocr_carea' id='block_1_38' title="bbox 341 2465 1948 2537">
    <p class='ocr_par' dir='ltr' id='par_1_38' title="bbox 341 2465 1948 2537">
     <span class='ocr_line' id='line_1_38' title="bbox 341 2465 1948 2537; baseline -0.002 -13"><span class='ocrx_word' id='word_1_283' title='bbox 341 2470 633 2524; x_wconf 86' lang='lat' dir='ltr'><strong>sanctitate</strong></span> <span class='ocrx_word' id='word_1_284' title='bbox 663 2477 715 2523; x_wconf 90' lang='lat' dir='ltr'><strong>et</strong></span> <span class='ocrx_word' id='word_1_285' title='bbox 741 2467 1003 2522; x_wconf 85' lang='lat' dir='ltr'><strong>doctrinae</strong></span> <span class='ocrx_word' id='word_1_286' title='bbox 1032 2465 1340 2536; x_wconf 85' lang='lat' dir='ltr'><strong>praestantia</strong></span> <span class='ocrx_word' id='word_1_287' title='bbox 1381 2465 1538 2536; x_wconf 84' lang='lat' dir='ltr'><strong>longe</strong></span> <span class='ocrx_word' id='word_1_288' title='bbox 1583 2480 1745 2537; x_wconf 91' lang='lat' dir='ltr'><strong>super</strong></span> <span class='ocrx_word' id='word_1_289' title='bbox 1773 2465 1908 2520; x_wconf 90' lang='lat' dir='ltr'><strong>alios</strong></span> <span class='ocrx_word' id='word_1_290' title='bbox 1935 2520 1948 2536; x_wconf 64' lang='grc'><strong><em>,</em></strong></span> 
     </span>
    </p>
   </div>
   <div class='ocr_carea' id='block_1_39' title="bbox 341 2557 1906 2628">
    <p class='ocr_par' dir='ltr' id='par_1_39' title="bbox 341 2557 1906 2628">
     <span class='ocr_line' id='line_1_39' title="bbox 341 2557 1906 2628; baseline -0.003 -14"><span class='ocrx_word' id='word_1_291' title='bbox 341 2576 532 2614; x_wconf 90' lang='lat' dir='ltr'><strong>omnes</strong></span> <span class='ocrx_word' id='word_1_292' title='bbox 570 2559 826 2614; x_wconf 88' lang='lat' dir='ltr'><strong>eminenti</strong></span> <span class='ocrx_word' id='word_1_293' title='bbox 857 2575 872 2611; x_wconf 92' lang='lat'><strong>:</strong></span> <span class='ocrx_word' id='word_1_294' title='bbox 903 2573 1002 2613; x_wconf 90' lang='lat' dir='ltr'><strong>nec</strong></span> <span class='ocrx_word' id='word_1_295' title='bbox 1052 2557 1196 2612; x_wconf 91' lang='lat' dir='ltr'><strong>illius</strong></span> <span class='ocrx_word' id='word_1_296' title='bbox 1251 2557 1500 2628; x_wconf 88' lang='lat' dir='ltr'><strong>corporis</strong></span> <span class='ocrx_word' id='word_1_297' title='bbox 1563 2558 1906 2613; x_wconf 87' lang='lat' dir='ltr'><strong>debilitatem</strong></span> 
     </span>
    </p>
   </div>
   <div class='ocr_carea' id='block_1_40' title="bbox 342 2649 1905 2720">
    <p class='ocr_par' dir='ltr' id='par_1_40' title="bbox 342 2649 1905 2720">
     <span class='ocr_line' id='line_1_40' title="bbox 342 2649 1905 2720; baseline -0.002 -13"><span class='ocrx_word' id='word_1_298' title='bbox 342 2655 559 2707; x_wconf 88' lang='lat' dir='ltr'><strong>obstare</strong></span> <span class='ocrx_word' id='word_1_299' title='bbox 612 2652 836 2717; x_wconf 89' lang='lat' dir='ltr'><strong>debere;</strong></span> <span class='ocrx_word' id='word_1_300' title='bbox 893 2665 1016 2705; x_wconf 91' lang='lat' dir='ltr'><strong>cum</strong></span> <span class='ocrx_word' id='word_1_301' title='bbox 1097 2649 1384 2720; x_wconf 90' lang='lat' dir='ltr'><strong>episcopus</strong></span> <span class='ocrx_word' id='word_1_302' title='bbox 1441 2658 1739 2720; x_wconf 51' lang='lat' dir='ltr'><strong>queratur,</strong></span> <span class='ocrx_word' id='word_1_303' title='bbox 1793 2664 1905 2704; x_wconf 90' lang='lat' dir='ltr'><strong>non</strong></span> 
     </span>
    </p>
   </div>
   <div class='ocr_carea' id='block_1_41' title="bbox 341 2739 1910 2811">
    <p class='ocr_par' dir='ltr' id='par_1_41' title="bbox 341 2739 1910 2811">
     <span class='ocr_line' id='line_1_41' title="bbox 341 2739 1910 2811; baseline -0.003 -13"><span class='ocrx_word' id='word_1_304' title='bbox 341 2744 570 2807; x_wconf 81' lang='lat' dir='ltr'><strong>athleta,</strong></span> <span class='ocrx_word' id='word_1_305' title='bbox 601 2757 664 2797; x_wconf 93' lang='lat' dir='ltr'><strong>ac</strong></span> <span class='ocrx_word' id='word_1_306' title='bbox 705 2750 966 2811; x_wconf 66' lang='lat' dir='ltr'><strong>praeterea</strong></span> <span class='ocrx_word' id='word_1_307' title='bbox 1017 2741 1110 2795; x_wconf 90' lang='lat' dir='ltr'><strong>Dei</strong></span> <span class='ocrx_word' id='word_1_308' title='bbox 1153 2740 1324 2795; x_wconf 92' lang='lat' dir='ltr'><strong>virtus</strong></span> <span class='ocrx_word' id='word_1_309' title='bbox 1379 2740 1435 2795; x_wconf 92' lang='lat' dir='ltr'><strong>in</strong></span> <span class='ocrx_word' id='word_1_310' title='bbox 1464 2740 1728 2810; x_wconf 90' lang='lat' dir='ltr'><strong>ejusmodi</strong></span> <span class='ocrx_word' id='word_1_311' title='bbox 1765 2739 1910 2794; x_wconf 81' lang='lat' dir='ltr'><strong>infir-</strong></span> 
     </span>
    </p>
   </div>
   <div class='ocr_carea' id='block_1_42' title="bbox 338 2829 1904 2897">
    <p class='ocr_par' dir='ltr' id='par_1_42' title="bbox 338 2829 1904 2897">
     <span class='ocr_line' id='line_1_42' title="bbox 338 2829 1904 2897; baseline -0.003 -9"><span class='ocrx_word' id='word_1_312' title='bbox 338 2834 532 2888; x_wconf 89' lang='lat' dir='ltr'><strong>mitate</strong></span> <span class='ocrx_word' id='word_1_313' title='bbox 557 2832 787 2887; x_wconf 85' lang='lat' dir='ltr'><strong>eluceat.</strong></span> <span class='ocrx_word' id='word_1_314' title='bbox 815 2829 1093 2886; x_wconf 90' lang='lat' dir='ltr'><strong>Promittit</strong></span> <span class='ocrx_word' id='word_1_315' title='bbox 1117 2845 1175 2886; x_wconf 85' lang='lat' dir='ltr'><strong>se</strong></span> <span class='ocrx_word' id='word_1_316' title='bbox 1207 2831 1538 2897; x_wconf 91' lang='lat' dir='ltr'><strong>adfuturum,</strong></span> <span class='ocrx_word' id='word_1_317' title='bbox 1573 2832 1617 2885; x_wconf 90' lang='lat' dir='ltr'><strong>si</strong></span> <span class='ocrx_word' id='word_1_318' title='bbox 1653 2833 1756 2886; x_wconf 91' lang='lat' dir='ltr'><strong>hoc</strong></span> <span class='ocrx_word' id='word_1_319' title='bbox 1790 2832 1904 2886; x_wconf 85' lang='lat' dir='ltr'><strong>suf-</strong></span> 
     </span>
    </p>
   </div>
   <div class='ocr_carea' id='block_1_43' title="bbox 340 2921 1905 2996">
    <p class='ocr_par' dir='ltr' id='par_1_43' title="bbox 340 2921 1905 2996">
     <span class='ocr_line' id='line_1_43' title="bbox 340 2921 1905 2996; baseline -0.001 -18"><span class='ocrx_word' id='word_1_320' title='bbox 340 2924 571 2996; x_wconf 86' lang='lat' dir='ltr'><strong>fragium</strong></span> <span class='ocrx_word' id='word_1_321' title='bbox 601 2923 885 2991; x_wconf 85' lang='lat' dir='ltr'><strong>recipiant,</strong></span> <span class='ocrx_word' id='word_1_322' title='bbox 918 2938 984 2977; x_wconf 89' lang='lat' dir='ltr'><strong>ac</strong></span> <span class='ocrx_word' id='word_1_323' title='bbox 1016 2937 1235 2991; x_wconf 82' lang='lat' dir='ltr'><strong>Operam</strong></span> <span class='ocrx_word' id='word_1_324' title='bbox 1273 2923 1352 2976; x_wconf 91' lang='lat' dir='ltr'><strong>eis</strong></span> <span class='ocrx_word' id='word_1_325' title='bbox 1375 2923 1625 2977; x_wconf 89' lang='lat' dir='ltr'><strong>daturum</strong></span> <span class='ocrx_word' id='word_1_326' title='bbox 1664 2921 1748 2977; x_wconf 91' lang='lat' dir='ltr'><strong>vel</strong></span> <span class='ocrx_word' id='word_1_327' title='bbox 1794 2925 1905 2992; x_wconf 89' lang='lat' dir='ltr'><strong>spi-</strong></span> 
     </span>
    </p>
   </div>
   <div class='ocr_carea' id='block_1_44' title="bbox 342 3013 1902 3084">
    <p class='ocr_par' dir='ltr' id='par_1_44' title="bbox 342 3013 1902 3084">
     <span class='ocr_line' id='line_1_44' title="bbox 342 3013 1902 3084; baseline -0.002 -13"><span class='ocrx_word' id='word_1_328' title='bbox 342 3018 452 3072; x_wconf 89' lang='lat' dir='ltr'><strong>ritu</strong></span> <span class='ocrx_word' id='word_1_329' title='bbox 487 3016 571 3069; x_wconf 91' lang='lat' dir='ltr'><strong>vel</strong></span> <span class='ocrx_word' id='word_1_330' title='bbox 601 3029 830 3084; x_wconf 90' lang='lat' dir='ltr'><strong>corpore</strong></span> <span class='ocrx_word' id='word_1_331' title='bbox 864 3029 877 3064; x_wconf 91' lang='lat'><strong>:</strong></span> <span class='ocrx_word' id='word_1_332' title='bbox 909 3015 991 3068; x_wconf 90' lang='lat' dir='ltr'><strong>sin</strong></span> <span class='ocrx_word' id='word_1_333' title='bbox 1043 3024 1222 3068; x_wconf 87' lang='lat' dir='ltr'><strong>autem</strong></span> <span class='ocrx_word' id='word_1_334' title='bbox 1278 3014 1442 3068; x_wconf 90' lang='lat' dir='ltr'><strong>certis</strong></span> <span class='ocrx_word' id='word_1_335' title='bbox 1500 3013 1902 3068; x_wconf 89' lang='lat' dir='ltr'><strong>conditionibus</strong></span> 
     </span>
    </p>
   </div>
   <div class='ocr_carea' id='block_1_45' title="bbox 2015 1933 2816 1990">
    <p class='ocr_par' dir='ltr' id='par_1_45' title="bbox 2015 1933 2816 1990">
     <span class='ocr_line' id='line_1_45' title="bbox 2015 1933 2816 1990; baseline -0.005 -2"><span class='ocrx_word' id='word_1_336' title='bbox 2015 1933 2251 1988; x_wconf 91' lang='lat' dir='ltr'><strong>omnium</strong></span> <span class='ocrx_word' id='word_1_337' title='bbox 2277 1935 2485 1990; x_wconf 89' lang='lat' dir='ltr'><strong>animos</strong></span> <span class='ocrx_word' id='word_1_338' title='bbox 2512 1933 2816 1990; x_wconf 89' lang='lat' dir='ltr'><strong>revocabat.</strong></span> 
     </span>
    </p>
   </div>
   <div class='ocr_carea' id='block_1_46' title="bbox 2085 2019 3576 2094">
    <p class='ocr_par' dir='ltr' id='par_1_46' title="bbox 2085 2019 3576 2094">
     <span class='ocr_line' id='line_1_46' title="bbox 2085 2019 3576 2094; baseline -0.003 -16"><span class='ocrx_word' id='word_1_339' title='bbox 2085 2023 2193 2078; x_wconf 85' lang='lat' dir='ltr'><strong>Has</strong></span> <span class='ocrx_word' id='word_1_340' title='bbox 2223 2025 2387 2094; x_wconf 88' lang='lat' dir='ltr'><strong>patris</strong></span> <span class='ocrx_word' id='word_1_341' title='bbox 2420 2024 2632 2080; x_wconf 88' lang='lat' dir='ltr'><strong>litteras</strong></span> <span class='ocrx_word' id='word_1_342' title='bbox 2665 2025 2866 2078; x_wconf 88' lang='lat' dir='ltr'><strong>indicat</strong></span> <span class='ocrx_word' id='word_1_343' title='bbox 2895 2021 3186 2090; x_wconf 80' lang='lat' dir='ltr'><strong>Gregorius</strong></span> <span class='ocrx_word' id='word_1_344' title='bbox 3206 2022 3439 2090; x_wconf 56' lang='lat' dir='ltr'><strong>te),cum</strong></span> <span class='ocrx_word' id='word_1_345' title='bbox 3465 2019 3576 2074; x_wconf 90' lang='lat' dir='ltr'><strong>ait:</strong></span> 
     </span>
    </p>
   </div>
   <div class='ocr_carea' id='block_1_47' title="bbox 2014 2111 3581 2182">
    <p class='ocr_par' dir='ltr' id='par_1_47' title="bbox 2014 2111 3581 2182">
     <span class='ocr_line' id='line_1_47' title="bbox 2014 2111 3581 2182; baseline -0.003 -13"><span class='ocrx_word' id='word_1_346' title='bbox 2014 2113 2240 2169; x_wconf 77' lang='lat' dir='ltr'><strong>Litteras</strong></span> <span class='ocrx_word' id='word_1_347' title='bbox 2270 2115 2546 2179; x_wconf 78' lang='lat' dir='ltr'><strong>scribebat,</strong></span> <span class='ocrx_word' id='word_1_348' title='bbox 2570 2115 2831 2178; x_wconf 87' lang='lat' dir='ltr'><strong>monebat,</strong></span> <span class='ocrx_word' id='word_1_349' title='bbox 2857 2113 3102 2182; x_wconf 83' lang='lat' dir='ltr'><strong>populum</strong></span> <span class='ocrx_word' id='word_1_350' title='bbox 3134 2111 3470 2177; x_wconf 76' lang='lat' dir='ltr'><strong>conciliabat,</strong></span> <span class='ocrx_word' id='word_1_351' title='bbox 3493 2129 3581 2165; x_wconf 80' lang='lat' dir='ltr'><strong>sa-</strong></span> 
     </span>
    </p>
   </div>
   <div class='ocr_carea' id='block_1_48' title="bbox 2013 2203 3582 2274">
    <p class='ocr_par' dir='ltr' id='par_1_48' title="bbox 2013 2203 3582 2274">
     <span class='ocr_line' id='line_1_48' title="bbox 2013 2203 3582 2274; baseline -0.004 -13"><span class='ocrx_word' id='word_1_352' title='bbox 2013 2209 2265 2272; x_wconf 84' lang='lat' dir='ltr'><strong>cerdotes,</strong></span> <span class='ocrx_word' id='word_1_353' title='bbox 2289 2223 2407 2260; x_wconf 87' lang='lat' dir='ltr'><strong>cum</strong></span> <span class='ocrx_word' id='word_1_354' title='bbox 2433 2207 2588 2270; x_wconf 83' lang='lat' dir='ltr'><strong>alios,</strong></span> <span class='ocrx_word' id='word_1_355' title='bbox 2629 2216 2738 2259; x_wconf 82' lang='lat' dir='ltr'><strong>tum</strong></span> <span class='ocrx_word' id='word_1_356' title='bbox 2770 2221 2855 2258; x_wconf 86' lang='lat' dir='ltr'><strong>eos</strong></span> <span class='ocrx_word' id='word_1_357' title='bbox 2896 2205 2984 2274; x_wconf 89' lang='lat' dir='ltr'><strong>qui</strong></span> <span class='ocrx_word' id='word_1_358' title='bbox 3021 2203 3209 2257; x_wconf 82' lang='lat' dir='ltr'><strong>altaris</strong></span> <span class='ocrx_word' id='word_1_359' title='bbox 3250 2211 3394 2268; x_wconf 83' lang='lat' dir='ltr'><strong>sunt,</strong></span> <span class='ocrx_word' id='word_1_360' title='bbox 3436 2203 3582 2256; x_wconf 86' lang='lat' dir='ltr'><strong>obte-</strong></span> 
     </span>
    </p>
   </div>
   <div class='ocr_carea' id='block_1_49' title="bbox 2013 2291 3578 2364">
    <p class='ocr_par' dir='ltr' id='par_1_49' title="bbox 2013 2291 3578 2364">
     <span class='ocr_line' id='line_1_49' title="bbox 2013 2291 3578 2364; baseline -0.004 -12"><span class='ocrx_word' id='word_1_361' title='bbox 2013 2298 2271 2364; x_wconf 79' lang='lat' dir='ltr'><strong>stabatur,</strong></span> <span class='ocrx_word' id='word_1_362' title='bbox 2307 2297 2632 2364; x_wconf 80' lang='lat' dir='ltr'><strong>decernebat,</strong></span> <span class='ocrx_word' id='word_1_363' title='bbox 2662 2294 2938 2350; x_wconf 83' lang='lat' dir='ltr'><strong>ordinabat</strong></span> <span class='ocrx_word' id='word_1_364' title='bbox 2977 2296 3135 2348; x_wconf 87' lang='lat' dir='ltr'><strong>etiam</strong></span> <span class='ocrx_word' id='word_1_365' title='bbox 3183 2291 3387 2358; x_wconf 81' lang='lat' dir='ltr'><strong>absens,</strong></span> <span class='ocrx_word' id='word_1_366' title='bbox 3427 2293 3578 2346; x_wconf 74' lang='lat' dir='ltr'><strong>cani-</strong></span> 
     </span>
    </p>
   </div>
   <div class='ocr_carea' id='block_1_50' title="bbox 2013 2384 3580 2456">
    <p class='ocr_par' dir='ltr' id='par_1_50' title="bbox 2013 2384 3580 2456">
     <span class='ocr_line' id='line_1_50' title="bbox 2013 2384 3580 2456; baseline -0.004 -14"><span class='ocrx_word' id='word_1_367' title='bbox 2013 2390 2100 2443; x_wconf 87' lang='lat' dir='ltr'><strong>tiei</strong></span> <span class='ocrx_word' id='word_1_368' title='bbox 2133 2405 2242 2443; x_wconf 72' lang='lat' dir='ltr'><strong>sua:</strong></span> <span class='ocrx_word' id='word_1_369' title='bbox 2274 2389 2370 2443; x_wconf 79' lang='lat' dir='ltr'><strong>hoc</strong></span> <span class='ocrx_word' id='word_1_370' title='bbox 2405 2387 2604 2453; x_wconf 88' lang='lat' dir='ltr'><strong>dabat,</strong></span> <span class='ocrx_word' id='word_1_371' title='bbox 2631 2397 2688 2441; x_wconf 89' lang='lat' dir='ltr'><strong>ut</strong></span> <span class='ocrx_word' id='word_1_372' title='bbox 2723 2387 2862 2456; x_wconf 82' lang='lat' dir='ltr'><strong>apud</strong></span> <span class='ocrx_word' id='word_1_373' title='bbox 2899 2386 3123 2450; x_wconf 83' lang='lat' dir='ltr'><strong>alienos,</strong></span> <span class='ocrx_word' id='word_1_374' title='bbox 3155 2395 3403 2454; x_wconf 85' lang='lat' dir='ltr'><strong>tanquam</strong></span> <span class='ocrx_word' id='word_1_375' title='bbox 3437 2384 3580 2452; x_wconf 85' lang='lat' dir='ltr'><strong>apud</strong></span> 
     </span>
    </p>
   </div>
   <div class='ocr_carea' id='block_1_51' title="bbox 2012 2474 3577 2544">
    <p class='ocr_par' dir='ltr' id='par_1_51' title="bbox 2012 2474 3577 2544">
     <span class='ocr_line' id='line_1_51' title="bbox 2012 2474 3577 2544; baseline -0.004 -10"><span class='ocrx_word' id='word_1_376' title='bbox 2012 2497 2134 2535; x_wconf 77' lang='lat' dir='ltr'><strong>suos</strong></span> <span class='ocrx_word' id='word_1_377' title='bbox 2172 2480 2494 2534; x_wconf 75' lang='lat' dir='ltr'><strong>auctoritate</strong></span> <span class='ocrx_word' id='word_1_378' title='bbox 2550 2487 2800 2533; x_wconf 77' lang='lat' dir='ltr'><strong>uteretur.</strong></span> <span class='ocrx_word' id='word_1_379' title='bbox 2846 2477 3051 2544; x_wconf 87' lang='lat' dir='ltr'><strong>Quibus</strong></span> <span class='ocrx_word' id='word_1_380' title='bbox 3082 2491 3146 2531; x_wconf 78' lang='lat' dir='ltr'><strong>ex</strong></span> <span class='ocrx_word' id='word_1_381' title='bbox 3182 2477 3358 2531; x_wconf 90' lang='lat' dir='ltr'><strong>verbis</strong></span> <span class='ocrx_word' id='word_1_382' title='bbox 3397 2474 3577 2544; x_wconf 90' lang='lat' dir='ltr'><strong>colligi</strong></span> 
     </span>
    </p>
   </div>
   <div class='ocr_carea' id='block_1_52' title="bbox 2012 2564 3577 2641">
    <p class='ocr_par' dir='ltr' id='par_1_52' title="bbox 2012 2564 3577 2641">
     <span class='ocr_line' id='line_1_52' title="bbox 2012 2564 3577 2641; baseline -0.005 -17"><span class='ocrx_word' id='word_1_383' title='bbox 2012 2570 2185 2641; x_wconf 88' lang='lat' dir='ltr'><strong>possit</strong></span> <span class='ocrx_word' id='word_1_384' title='bbox 2225 2583 2330 2623; x_wconf 93' lang='lat' dir='ltr'><strong>non</strong></span> <span class='ocrx_word' id='word_1_385' title='bbox 2371 2568 2506 2623; x_wconf 91' lang='lat' dir='ltr'><strong>duas</strong></span> <span class='ocrx_word' id='word_1_386' title='bbox 2547 2576 2753 2622; x_wconf 89' lang='lat' dir='ltr'><strong>tantum</strong></span> <span class='ocrx_word' id='word_1_387' title='bbox 2799 2581 2829 2620; x_wconf 90' lang='lat' dir='ltr'><strong>a</strong></span> <span class='ocrx_word' id='word_1_388' title='bbox 2871 2576 3059 2622; x_wconf 91' lang='lat' dir='ltr'><strong>sancto</strong></span> <span class='ocrx_word' id='word_1_389' title='bbox 3091 2579 3240 2627; x_wconf 87' lang='lat' dir='ltr'><strong>sene,</strong></span> <span class='ocrx_word' id='word_1_390' title='bbox 3268 2565 3362 2620; x_wconf 91' lang='lat' dir='ltr'><strong>sed</strong></span> <span class='ocrx_word' id='word_1_391' title='bbox 3393 2564 3577 2632; x_wconf 84' lang='lat' dir='ltr'><strong>plures</strong></span> 
     </span>
    </p>
   </div>
   <div class='ocr_carea' id='block_1_53' title="bbox 2013 2655 3579 2724">
    <p class='ocr_par' dir='ltr' id='par_1_53' title="bbox 2013 2655 3579 2724">
     <span class='ocr_line' id='line_1_53' title="bbox 2013 2655 3579 2724; baseline -0.005 -9"><span class='ocrx_word' id='word_1_392' title='bbox 2013 2661 2148 2715; x_wconf 87' lang='lat' dir='ltr'><strong>alias</strong></span> <span class='ocrx_word' id='word_1_393' title='bbox 2179 2659 2434 2714; x_wconf 85' lang='lat' dir='ltr'><strong>Ecclesiae</strong></span> <span class='ocrx_word' id='word_1_394' title='bbox 2458 2656 2776 2713; x_wconf 70' lang='lat' dir='ltr'><strong>Caesariensi</strong></span> <span class='ocrx_word' id='word_1_395' title='bbox 2803 2657 3034 2724; x_wconf 81' lang='lat' dir='ltr'><strong>scriptas</strong></span> <span class='ocrx_word' id='word_1_396' title='bbox 3063 2655 3250 2711; x_wconf 89' lang='lat' dir='ltr'><strong>fuisse.</strong></span> <span class='ocrx_word' id='word_1_397' title='bbox 3283 2655 3579 2710; x_wconf 78' lang='lat' dir='ltr'><strong>Videbatur</strong></span> 
     </span>
    </p>
   </div>
   <div class='ocr_carea' id='block_1_54' title="bbox 2013 2745 3579 2819">
    <p class='ocr_par' dir='ltr' id='par_1_54' title="bbox 2013 2745 3579 2819">
     <span class='ocr_line' id='line_1_54' title="bbox 2013 2745 3579 2819; baseline -0.005 -12"><span class='ocrx_word' id='word_1_398' title='bbox 2013 2754 2151 2808; x_wconf 91' lang='lat' dir='ltr'><strong>hanc</strong></span> <span class='ocrx_word' id='word_1_399' title='bbox 2182 2753 2249 2807; x_wconf 90' lang='lat' dir='ltr'><strong>ab</strong></span> <span class='ocrx_word' id='word_1_400' title='bbox 2282 2766 2347 2806; x_wconf 92' lang='lat' dir='ltr'><strong>eo</strong></span> <span class='ocrx_word' id='word_1_401' title='bbox 2395 2751 2810 2806; x_wconf 91' lang='lat' dir='ltr'><strong>sollicitudinem</strong></span> <span class='ocrx_word' id='word_1_402' title='bbox 2850 2763 3077 2819; x_wconf 88' lang='lat' dir='ltr'><strong>poscere</strong></span> <span class='ocrx_word' id='word_1_403' title='bbox 3120 2747 3280 2816; x_wconf 84' lang='lat' dir='ltr'><strong>hujus</strong></span> <span class='ocrx_word' id='word_1_404' title='bbox 3320 2745 3579 2802; x_wconf 63' lang='lat' dir='ltr'><strong>Ecclesiae</strong></span> 
     </span>
    </p>
   </div>
   <div class='ocr_carea' id='block_1_55' title="bbox 2010 2837 3580 2911">
    <p class='ocr_par' dir='ltr' id='par_1_55' title="bbox 2010 2837 3580 2911">
     <span class='ocr_line' id='line_1_55' title="bbox 2010 2837 3580 2911; baseline -0.005 -13"><span class='ocrx_word' id='word_1_405' title='bbox 2010 2853 2199 2898; x_wconf 91' lang='lat' dir='ltr'><strong>status.</strong></span> <span class='ocrx_word' id='word_1_406' title='bbox 2232 2841 2363 2896; x_wconf 85' lang='lat' dir='ltr'><strong>Erat</strong></span> <span class='ocrx_word' id='word_1_407' title='bbox 2388 2842 2528 2897; x_wconf 91' lang='lat' dir='ltr'><strong>enim</strong></span> <span class='ocrx_word' id='word_1_408' title='bbox 2557 2856 2753 2911; x_wconf 89' lang='lat' dir='ltr'><strong>magna</strong></span> <span class='ocrx_word' id='word_1_409' title='bbox 2781 2841 3086 2894; x_wconf 85' lang='lat' dir='ltr'><strong>animorum</strong></span> <span class='ocrx_word' id='word_1_410' title='bbox 3113 2838 3399 2894; x_wconf 86' lang='lat' dir='ltr'><strong>dissensio.</strong></span> <span class='ocrx_word' id='word_1_411' title='bbox 3425 2837 3580 2891; x_wconf 80' lang='lat' dir='ltr'><strong>Basi-</strong></span> 
     </span>
    </p>
   </div>
   <div class='ocr_carea' id='block_1_56' title="bbox 2011 2930 3577 3005">
    <p class='ocr_par' dir='ltr' id='par_1_56' title="bbox 2011 2930 3577 3005">
     <span class='ocr_line' id='line_1_56' title="bbox 2011 2930 3577 3005; baseline -0.004 -15"><span class='ocrx_word' id='word_1_412' title='bbox 2011 2937 2137 2991; x_wconf 92' lang='lat' dir='ltr'><strong>lium</strong></span> <span class='ocrx_word' id='word_1_413' title='bbox 2167 2935 2417 2990; x_wconf 90' lang='lat' dir='ltr'><strong>omnibus</strong></span> <span class='ocrx_word' id='word_1_414' title='bbox 2437 2933 2793 3005; x_wconf 72' lang='lat' dir='ltr'><strong>praeferebant</strong></span> <span class='ocrx_word' id='word_1_415' title='bbox 2813 2931 3162 2987; x_wconf 86' lang='lat' dir='ltr'><strong>selectissima</strong></span> <span class='ocrx_word' id='word_1_416' title='bbox 3205 2940 3258 2986; x_wconf 90' lang='lat' dir='ltr'><strong>et</strong></span> <span class='ocrx_word' id='word_1_417' title='bbox 3283 2930 3577 3001; x_wconf 86' lang='lat' dir='ltr'><strong>purissima</strong></span> 
     </span>
    </p>
   </div>
   <div class='ocr_carea' id='block_1_57' title="bbox 2008 3021 3578 3098">
    <p class='ocr_par' dir='ltr' id='par_1_57' title="bbox 2008 3021 3578 3098">
     <span class='ocr_line' id='line_1_57' title="bbox 2008 3021 3578 3098; baseline -0.004 -16"><span class='ocrx_word' id='word_1_418' title='bbox 2008 3043 2130 3098; x_wconf 87' lang='lat' dir='ltr'><strong>pars</strong></span> <span class='ocrx_word' id='word_1_419' title='bbox 2157 3027 2357 3097; x_wconf 90' lang='lat' dir='ltr'><strong>populi,</strong></span> <span class='ocrx_word' id='word_1_420' title='bbox 2382 3027 2662 3080; x_wconf 86' lang='lat' dir='ltr'><strong>universus</strong></span> <span class='ocrx_word' id='word_1_421' title='bbox 2681 3025 2858 3081; x_wconf 91' lang='lat' dir='ltr'><strong>clerus</strong></span> <span class='ocrx_word' id='word_1_422' title='bbox 2874 3034 2929 3078; x_wconf 91' lang='lat' dir='ltr'><strong>et</strong></span> <span class='ocrx_word' id='word_1_423' title='bbox 2959 3033 3151 3078; x_wconf 75' lang='lat' dir='ltr'><strong>ascetae</strong></span> <span class='ocrx_word' id='word_1_424' title='bbox 3180 3038 3194 3075; x_wconf 92' lang='lat'><strong>:</strong></span> <span class='ocrx_word' id='word_1_425' title='bbox 3227 3022 3322 3076; x_wconf 91' lang='lat' dir='ltr'><strong>sed</strong></span> <span class='ocrx_word' id='word_1_426' title='bbox 3370 3021 3578 3076; x_wconf 85' lang='lat' dir='ltr'><strong>invide-</strong></span> 
     </span>
    </p>
   </div>
   <div class='ocr_carea' id='block_1_58' title="bbox 342 3102 3570 3214">
    <p class='ocr_par' dir='ltr' id='par_1_58' title="bbox 342 3102 3570 3214">
     <span class='ocr_line' id='line_1_58' title="bbox 342 3102 3570 3214; baseline -0.002 -54"><span class='ocrx_word' id='word_1_427' title='bbox 342 3110 428 3162; x_wconf 90' lang='lat' dir='ltr'><strong>via</strong></span> <span class='ocrx_word' id='word_1_428' title='bbox 444 3105 791 3214; x_wconf 49' lang='lat' dir='ltr'><strong>“capessenda</strong></span> <span class='ocrx_word' id='word_1_429' title='bbox 821 3104 937 3207; x_wconf 66' lang='lat' dir='ltr'><strong>sit,</strong></span> <span class='ocrx_word' id='word_1_430' title='bbox 961 3119 1024 3159; x_wconf 88' lang='lat' dir='ltr'><strong>ac</strong></span> <span class='ocrx_word' id='word_1_431' title='bbox 1073 3102 1550 3214; x_wconf 46' lang='lat' dir='ltr'><strong>factiones&#39;contra</strong></span> <span class='ocrx_word' id='word_1_432' title='bbox 1588 3106 1897 3173; x_wconf 87' lang='lat' dir='ltr'><strong>aequitatem</strong></span> <span class='ocrx_word' id='word_1_433' title='bbox 1929 3155 1973 3214; x_wconf 62' lang='grc' dir='ltr'>ο</span> <span class='ocrx_word' id='word_1_434' title='bbox 2006 3118 2136 3173; x_wconf 65' lang='lat' dir='ltr'><strong>bam</strong></span> <span class='ocrx_word' id='word_1_435' title='bbox 2171 3127 2226 3172; x_wconf 70' lang='grc' dir='ltr'><strong>ει</strong></span> <span class='ocrx_word' id='word_1_436' title='bbox 2253 3116 2632 3189; x_wconf 65' lang='lat' dir='ltr'><strong>oppugnabam</strong></span> <span class='ocrx_word' id='word_1_437' title='bbox 2675 3115 3037 3184; x_wconf 54' lang='lat' dir='ltr'><strong>magistratus,</strong></span> <span class='ocrx_word' id='word_1_438' title='bbox 3068 3127 3132 3167; x_wconf 72' lang='lat' dir='ltr'><strong>ac</strong></span> <span class='ocrx_word' id='word_1_439' title='bbox 3166 3111 3362 3165; x_wconf 57' lang='lat' dir='ltr'><strong>inﬁmae</strong></span> <span class='ocrx_word' id='word_1_440' title='bbox 3395 3111 3570 3180; x_wconf 67' lang='lat' dir='ltr'><strong>plebis</strong></span> 
     </span>
    </p>
   </div>
   <div class='ocr_carea' id='block_1_59' title="bbox 336 3193 1900 3265">
    <p class='ocr_par' dir='ltr' id='par_1_59' title="bbox 336 3193 1900 3265">
     <span class='ocr_line' id='line_1_59' title="bbox 336 3193 1900 3265; baseline -0.002 -13"><span class='ocrx_word' id='word_1_441' title='bbox 336 3195 672 3260; x_wconf 89' lang='lat' dir='ltr'><strong>conlientur,</strong></span> <span class='ocrx_word' id='word_1_442' title='bbox 715 3195 1024 3265; x_wconf 76' lang='lat' dir='ltr'><strong>gavisurum</strong></span> <span class='ocrx_word' id='word_1_443' title='bbox 1067 3208 1127 3249; x_wconf 90' lang='lat' dir='ltr'><strong>se</strong></span> <span class='ocrx_word' id='word_1_444' title='bbox 1158 3195 1298 3262; x_wconf 92' lang='lat' dir='ltr'><strong>quod</strong></span> <span class='ocrx_word' id='word_1_445' title='bbox 1341 3193 1505 3248; x_wconf 91' lang='lat' dir='ltr'><strong>fuerit</strong></span> <span class='ocrx_word' id='word_1_446' title='bbox 1536 3203 1900 3263; x_wconf 87' lang='lat' dir='ltr'><strong>contemptus.</strong></span> 
     </span>
    </p>
   </div>
   <div class='ocr_carea' id='block_1_60' title="bbox 405 3283 1904 3348">
    <p class='ocr_par' dir='ltr' id='par_1_60' title="bbox 405 3283 1904 3348">
     <span class='ocr_line' id='line_1_60' title="bbox 405 3283 1904 3348; baseline -0.002 -6"><span class='ocrx_word' id='word_1_447' title='bbox 405 3287 713 3342; x_wconf 85' lang='lat' dir='ltr'><strong>Honorifice</strong></span> <span class='ocrx_word' id='word_1_448' title='bbox 751 3286 1014 3341; x_wconf 86' lang='lat' dir='ltr'><strong>invitatus</strong></span> <span class='ocrx_word' id='word_1_449' title='bbox 1039 3284 1106 3339; x_wconf 89' lang='lat' dir='ltr'><strong>ab</strong></span> <span class='ocrx_word' id='word_1_450' title='bbox 1146 3283 1381 3340; x_wconf 91' lang='lat' dir='ltr'><strong>Ecclesia</strong></span> <span class='ocrx_word' id='word_1_451' title='bbox 1408 3284 1727 3348; x_wconf 65' lang='lat' dir='ltr'><strong>Caesariensi</strong></span> <span class='ocrx_word' id='word_1_452' title='bbox 1775 3284 1904 3340; x_wconf 89' lang='lat' dir='ltr'><strong>Gre-</strong></span> 
     </span>
    </p>
   </div>
   <div class='ocr_carea' id='block_1_61' title="bbox 337 3375 1905 3451">
    <p class='ocr_par' dir='ltr' id='par_1_61' title="bbox 337 3375 1905 3451">
     <span class='ocr_line' id='line_1_61' title="bbox 337 3375 1905 3451; baseline 0.001 -18"><span class='ocrx_word' id='word_1_453' title='bbox 337 3379 522 3451; x_wconf 86' lang='lat' dir='ltr'><strong>gorius</strong></span> <span class='ocrx_word' id='word_1_454' title='bbox 570 3377 641 3448; x_wconf 87' lang='lat' dir='ltr'><strong>(c)</strong></span> <span class='ocrx_word' id='word_1_455' title='bbox 675 3377 1012 3433; x_wconf 89' lang='lat' dir='ltr'><strong>demonstrat</strong></span> <span class='ocrx_word' id='word_1_456' title='bbox 1067 3375 1528 3442; x_wconf 73' lang='lat' dir='ltr'><strong>Caesariensibus,</strong></span> <span class='ocrx_word' id='word_1_457' title='bbox 1581 3379 1767 3447; x_wconf 90' lang='lat' dir='ltr'><strong>quanti</strong></span> <span class='ocrx_word' id='word_1_458' title='bbox 1831 3379 1905 3434; x_wconf 90' lang='lat' dir='ltr'><strong>sit</strong></span> 
     </span>
    </p>
   </div>
   <div class='ocr_carea' id='block_1_62' title="bbox 336 3468 1902 3539">
    <p class='ocr_par' dir='ltr' id='par_1_62' title="bbox 336 3468 1902 3539">
     <span class='ocr_line' id='line_1_62' title="bbox 336 3468 1902 3539; baseline -0.001 -12"><span class='ocrx_word' id='word_1_459' title='bbox 336 3473 597 3528; x_wconf 90' lang='lat' dir='ltr'><strong>momenti</strong></span> <span class='ocrx_word' id='word_1_460' title='bbox 625 3471 815 3526; x_wconf 89' lang='lat' dir='ltr'><strong>electio</strong></span> <span class='ocrx_word' id='word_1_461' title='bbox 835 3469 1094 3539; x_wconf 89' lang='lat' dir='ltr'><strong>episcopi,</strong></span> <span class='ocrx_word' id='word_1_462' title='bbox 1122 3483 1244 3522; x_wconf 90' lang='lat' dir='ltr'><strong>cum</strong></span> <span class='ocrx_word' id='word_1_463' title='bbox 1271 3468 1323 3522; x_wconf 92' lang='lat' dir='ltr'><strong>in</strong></span> <span class='ocrx_word' id='word_1_464' title='bbox 1346 3469 1594 3524; x_wconf 89' lang='lat' dir='ltr'><strong>omnibus</strong></span> <span class='ocrx_word' id='word_1_465' title='bbox 1626 3468 1902 3537; x_wconf 88' lang='lat' dir='ltr'><strong>Ecclesiis,</strong></span> 
     </span>
    </p>
   </div>
   <div class='ocr_carea' id='block_1_63' title="bbox 336 3560 1900 3621">
    <p class='ocr_par' dir='ltr' id='par_1_63' title="bbox 336 3560 1900 3621">
     <span class='ocr_line' id='line_1_63' title="bbox 336 3560 1900 3621; baseline -0.003 0"><span class='ocrx_word' id='word_1_466' title='bbox 336 3577 447 3621; x_wconf 89' lang='lat' dir='ltr'><strong>tum</strong></span> <span class='ocrx_word' id='word_1_467' title='bbox 493 3565 728 3618; x_wconf 79' lang='lat' dir='ltr'><strong>maxime</strong></span> <span class='ocrx_word' id='word_1_468' title='bbox 780 3563 834 3617; x_wconf 93' lang='lat' dir='ltr'><strong>in</strong></span> <span class='ocrx_word' id='word_1_469' title='bbox 883 3560 1200 3618; x_wconf 68' lang='lat' dir='ltr'><strong>Caesariensi</strong></span> <span class='ocrx_word' id='word_1_470' title='bbox 1263 3561 1487 3616; x_wconf 89' lang='lat' dir='ltr'><strong>aliarum</strong></span> <span class='ocrx_word' id='word_1_471' title='bbox 1537 3560 1900 3616; x_wconf 85' lang='lat' dir='ltr'><strong>Ecclesiarum</strong></span> 
     </span>
    </p>
   </div>
   <div class='ocr_carea' id='block_1_64' title="bbox 334 3654 1899 3726">
    <p class='ocr_par' dir='ltr' id='par_1_64' title="bbox 334 3654 1899 3726">
     <span class='ocr_line' id='line_1_64' title="bbox 334 3654 1899 3726; baseline -0.003 -12"><span class='ocrx_word' id='word_1_472' title='bbox 334 3669 530 3714; x_wconf 87' lang='lat' dir='ltr'><strong>matre.</strong></span> <span class='ocrx_word' id='word_1_473' title='bbox 567 3657 846 3712; x_wconf 89' lang='lat' dir='ltr'><strong>Summum</strong></span> <span class='ocrx_word' id='word_1_474' title='bbox 875 3654 1146 3726; x_wconf 85' lang='lat' dir='ltr'><strong>signiﬁcat</strong></span> <span class='ocrx_word' id='word_1_475' title='bbox 1173 3654 1421 3709; x_wconf 85' lang='lat' dir='ltr'><strong>veniendi</strong></span> <span class='ocrx_word' id='word_1_476' title='bbox 1463 3654 1529 3707; x_wconf 89' lang='lat' dir='ltr'><strong>ad</strong></span> <span class='ocrx_word' id='word_1_477' title='bbox 1552 3669 1646 3709; x_wconf 92' lang='lat' dir='ltr'><strong>eos</strong></span> <span class='ocrx_word' id='word_1_478' title='bbox 1683 3654 1899 3710; x_wconf 82' lang='lat' dir='ltr'><strong>deside-</strong></span> 
     </span>
    </p>
   </div>
   <div class='ocr_carea' id='block_1_65' title="bbox 332 3745 1902 3819">
    <p class='ocr_par' dir='ltr' id='par_1_65' title="bbox 332 3745 1902 3819">
     <span class='ocr_line' id='line_1_65' title="bbox 332 3745 1902 3819; baseline -0.003 -15"><span class='ocrx_word' id='word_1_479' title='bbox 332 3751 496 3814; x_wconf 87' lang='lat' dir='ltr'><strong>rium,</strong></span> <span class='ocrx_word' id='word_1_480' title='bbox 534 3749 577 3804; x_wconf 92' lang='lat' dir='ltr'><strong>si</strong></span> <span class='ocrx_word' id='word_1_481' title='bbox 605 3763 702 3819; x_wconf 90' lang='lat' dir='ltr'><strong>per</strong></span> <span class='ocrx_word' id='word_1_482' title='bbox 733 3748 980 3803; x_wconf 90' lang='lat' dir='ltr'><strong>morbum</strong></span> <span class='ocrx_word' id='word_1_483' title='bbox 1009 3755 1063 3802; x_wconf 91' lang='lat' dir='ltr'><strong>et</strong></span> <span class='ocrx_word' id='word_1_484' title='bbox 1094 3746 1301 3802; x_wconf 90' lang='lat' dir='ltr'><strong>senium</strong></span> <span class='ocrx_word' id='word_1_485' title='bbox 1333 3745 1531 3812; x_wconf 88' lang='lat' dir='ltr'><strong>liceat;</strong></span> <span class='ocrx_word' id='word_1_486' title='bbox 1567 3746 1659 3801; x_wconf 90' lang='lat' dir='ltr'><strong>sed</strong></span> <span class='ocrx_word' id='word_1_487' title='bbox 1687 3747 1902 3800; x_wconf 79' lang='lat' dir='ltr'><strong>interim</strong></span> 
     </span>
    </p>
   </div>
   <div class='ocr_carea' id='block_1_66' title="bbox 333 3839 1902 3912">
    <p class='ocr_par' dir='ltr' id='par_1_66' title="bbox 333 3839 1902 3912">
     <span class='ocr_line' id='line_1_66' title="bbox 333 3839 1902 3912; baseline -0.004 -14"><span class='ocrx_word' id='word_1_488' title='bbox 333 3843 578 3898; x_wconf 87' lang='lat' dir='ltr'><strong>declarat</strong></span> <span class='ocrx_word' id='word_1_489' title='bbox 609 3858 673 3897; x_wconf 83' lang='lat' dir='ltr'><strong>ex</strong></span> <span class='ocrx_word' id='word_1_490' title='bbox 700 3842 832 3898; x_wconf 90' lang='lat' dir='ltr'><strong>viris</strong></span> <span class='ocrx_word' id='word_1_491' title='bbox 858 3842 1165 3912; x_wconf 83' lang='lat' dir='ltr'><strong>principatu</strong></span> <span class='ocrx_word' id='word_1_492' title='bbox 1191 3841 1386 3912; x_wconf 87' lang='lat' dir='ltr'><strong>dignis,</strong></span> <span class='ocrx_word' id='word_1_493' title='bbox 1418 3855 1553 3911; x_wconf 92' lang='lat' dir='ltr'><strong>quos</strong></span> <span class='ocrx_word' id='word_1_494' title='bbox 1576 3841 1629 3895; x_wconf 92' lang='lat' dir='ltr'><strong>in</strong></span> <span class='ocrx_word' id='word_1_495' title='bbox 1658 3839 1902 3895; x_wconf 90' lang='lat' dir='ltr'><strong>Ecclesia</strong></span> 
     </span>
    </p>
   </div>
   <div class='ocr_carea' id='block_1_67' title="bbox 331 3932 1899 4004">
    <p class='ocr_par' dir='ltr' id='par_1_67' title="bbox 331 3932 1899 4004">
     <span class='ocr_line' id='line_1_67' title="bbox 331 3932 1899 4004; baseline -0.001 -16"><span class='ocrx_word' id='word_1_496' title='bbox 331 3933 649 3993; x_wconf 71' lang='lat' dir='ltr'><strong>Caesariensi</strong></span> <span class='ocrx_word' id='word_1_497' title='bbox 705 3935 886 4004; x_wconf 88' lang='lat' dir='ltr'><strong>plures</strong></span> <span class='ocrx_word' id='word_1_498' title='bbox 935 3948 1058 3989; x_wconf 86' lang='lat' dir='ltr'><strong>esse</strong></span> <span class='ocrx_word' id='word_1_499' title='bbox 1115 3948 1220 3988; x_wconf 91' lang='lat' dir='ltr'><strong>non</strong></span> <span class='ocrx_word' id='word_1_500' title='bbox 1285 3933 1574 4000; x_wconf 84' lang='lat' dir='ltr'><strong>inﬁciatur,</strong></span> <span class='ocrx_word' id='word_1_501' title='bbox 1632 3932 1899 3987; x_wconf 82' lang='lat' dir='ltr'><strong>nominem</strong></span> 
     </span>
    </p>
   </div>
   <div class='ocr_carea' id='block_1_68' title="bbox 332 4022 1902 4094">
    <p class='ocr_par' dir='ltr' id='par_1_68' title="bbox 332 4022 1902 4094">
     <span class='ocr_line' id='line_1_68' title="bbox 332 4022 1902 4094; baseline -0.002 -15"><span class='ocrx_word' id='word_1_502' title='bbox 332 4024 534 4080; x_wconf 89' lang='lat' dir='ltr'><strong>Basilio</strong></span> <span class='ocrx_word' id='word_1_503' title='bbox 564 4024 804 4094; x_wconf 69' lang='lat' dir='ltr'><strong>praeferri</strong></span> <span class='ocrx_word' id='word_1_504' title='bbox 834 4027 1068 4088; x_wconf 74' lang='lat' dir='ltr'><strong>debere;</strong></span> <span class='ocrx_word' id='word_1_505' title='bbox 1097 4038 1326 4092; x_wconf 90' lang='lat' dir='ltr'><strong>eumque</strong></span> <span class='ocrx_word' id='word_1_506' title='bbox 1373 4037 1554 4078; x_wconf 91' lang='lat' dir='ltr'><strong>coram</strong></span> <span class='ocrx_word' id='word_1_507' title='bbox 1603 4022 1712 4077; x_wconf 90' lang='lat' dir='ltr'><strong>Deo</strong></span> <span class='ocrx_word' id='word_1_508' title='bbox 1764 4031 1902 4077; x_wconf 90' lang='lat' dir='ltr'><strong>teste</strong></span> 
     </span>
    </p>
   </div>
   <div class='ocr_carea' id='block_1_69' title="bbox 334 4113 1898 4179">
    <p class='ocr_par' dir='ltr' id='par_1_69' title="bbox 334 4113 1898 4179">
     <span class='ocr_line' id='line_1_69' title="bbox 334 4113 1898 4179; baseline -0.002 -8"><span class='ocrx_word' id='word_1_509' title='bbox 334 4125 609 4171; x_wconf 85' lang='lat' dir='ltr'><strong>asseverat</strong></span> <span class='ocrx_word' id='word_1_510' title='bbox 635 4125 688 4169; x_wconf 91' lang='lat' dir='ltr'><strong>et</strong></span> <span class='ocrx_word' id='word_1_511' title='bbox 716 4116 838 4170; x_wconf 73' lang='lat' dir='ltr'><strong>vita:</strong></span> <span class='ocrx_word' id='word_1_512' title='bbox 865 4127 918 4168; x_wconf 86' lang='lat' dir='ltr'><strong>et</strong></span> <span class='ocrx_word' id='word_1_513' title='bbox 951 4115 1211 4170; x_wconf 83' lang='lat' dir='ltr'><strong>doetrinae</strong></span> <span class='ocrx_word' id='word_1_514' title='bbox 1254 4117 1546 4171; x_wconf 88' lang='lat' dir='ltr'><strong>sanctitate</strong></span> <span class='ocrx_word' id='word_1_515' title='bbox 1577 4113 1660 4168; x_wconf 90' lang='lat' dir='ltr'><strong>vel</strong></span> <span class='ocrx_word' id='word_1_516' title='bbox 1700 4113 1898 4179; x_wconf 88' lang='lat' dir='ltr'><strong>solum,</strong></span> 
     </span>
    </p>
   </div>
   <div class='ocr_carea' id='block_1_70' title="bbox 331 4206 1900 4277">
    <p class='ocr_par' dir='ltr' id='par_1_70' title="bbox 331 4206 1900 4277">
     <span class='ocr_line' id='line_1_70' title="bbox 331 4206 1900 4277; baseline -0.001 -15"><span class='ocrx_word' id='word_1_517' title='bbox 331 4207 414 4262; x_wconf 92' lang='lat' dir='ltr'><strong>vel</strong></span> <span class='ocrx_word' id='word_1_518' title='bbox 436 4207 676 4262; x_wconf 92' lang='lat' dir='ltr'><strong>omnium</strong></span> <span class='ocrx_word' id='word_1_519' title='bbox 709 4207 944 4261; x_wconf 75' lang='lat' dir='ltr'><strong>maxime</strong></span> <span class='ocrx_word' id='word_1_520' title='bbox 973 4217 1156 4277; x_wconf 90' lang='lat' dir='ltr'><strong>aptum</strong></span> <span class='ocrx_word' id='word_1_521' title='bbox 1196 4222 1334 4272; x_wconf 90' lang='lat' dir='ltr'><strong>esse,</strong></span> <span class='ocrx_word' id='word_1_522' title='bbox 1369 4207 1458 4277; x_wconf 85' lang='lat' dir='ltr'><strong>qui</strong></span> <span class='ocrx_word' id='word_1_523' title='bbox 1488 4206 1782 4262; x_wconf 86' lang='lat' dir='ltr'><strong>Ecclesiam</strong></span> <span class='ocrx_word' id='word_1_524' title='bbox 1817 4206 1900 4260; x_wconf 93' lang='lat' dir='ltr'><strong>his</strong></span> 
     </span>
    </p>
   </div>
   <div class='ocr_carea' id='block_1_71' title="bbox 332 4298 1900 4369">
    <p class='ocr_par' dir='ltr' id='par_1_71' title="bbox 332 4298 1900 4369">
     <span class='ocr_line' id='line_1_71' title="bbox 332 4298 1900 4369; baseline -0.001 -15"><span class='ocrx_word' id='word_1_525' title='bbox 332 4299 728 4354; x_wconf 89' lang='lat' dir='ltr'><strong>molestissimis</strong></span> <span class='ocrx_word' id='word_1_526' title='bbox 754 4299 1082 4368; x_wconf 86' lang='lat' dir='ltr'><strong>temporibus</strong></span> <span class='ocrx_word' id='word_1_527' title='bbox 1105 4299 1386 4369; x_wconf 83' lang='lat' dir='ltr'><strong>gubernet.</strong></span> <span class='ocrx_word' id='word_1_528' title='bbox 1416 4300 1591 4368; x_wconf 86' lang='lat' dir='ltr'><strong>Atque</strong></span> <span class='ocrx_word' id='word_1_529' title='bbox 1623 4300 1734 4353; x_wconf 66' lang='lat' dir='ltr'><strong>haec</strong></span> <span class='ocrx_word' id='word_1_530' title='bbox 1760 4298 1900 4353; x_wconf 91' lang='lat' dir='ltr'><strong>scri-</strong></span> 
     </span>
    </p>
   </div>
   <div class='ocr_carea' id='block_1_72' title="bbox 331 4391 1899 4456">
    <p class='ocr_par' dir='ltr' id='par_1_72' title="bbox 331 4391 1899 4456">
     <span class='ocr_line' id='line_1_72' title="bbox 331 4391 1899 4456; baseline -0.002 -8"><span class='ocrx_word' id='word_1_531' title='bbox 331 4395 411 4448; x_wconf 89' lang='lat' dir='ltr'><strong>bit</strong></span> <span class='ocrx_word' id='word_1_532' title='bbox 436 4394 582 4448; x_wconf 90' lang='lat' dir='ltr'><strong>clero</strong></span> <span class='ocrx_word' id='word_1_533' title='bbox 616 4400 673 4448; x_wconf 92' lang='lat' dir='ltr'><strong>et</strong></span> <span class='ocrx_word' id='word_1_534' title='bbox 701 4391 1003 4456; x_wconf 87' lang='lat' dir='ltr'><strong>monachis,</strong></span> <span class='ocrx_word' id='word_1_535' title='bbox 1029 4402 1084 4445; x_wconf 89' lang='lat' dir='ltr'><strong>et</strong></span> <span class='ocrx_word' id='word_1_536' title='bbox 1113 4392 1387 4447; x_wconf 90' lang='lat' dir='ltr'><strong>honoratis</strong></span> <span class='ocrx_word' id='word_1_537' title='bbox 1413 4406 1476 4446; x_wconf 93' lang='lat' dir='ltr'><strong>ac</strong></span> <span class='ocrx_word' id='word_1_538' title='bbox 1506 4391 1668 4445; x_wconf 60' lang='lat' dir='ltr'><strong>curiae</strong></span> <span class='ocrx_word' id='word_1_539' title='bbox 1693 4400 1747 4445; x_wconf 89' lang='lat' dir='ltr'><strong>et</strong></span> <span class='ocrx_word' id='word_1_540' title='bbox 1777 4391 1899 4446; x_wconf 90' lang='lat' dir='ltr'><strong>uni-</strong></span> 
     </span>
    </p>
   </div>
   <div class='ocr_carea' id='block_1_73' title="bbox 2005 3199 3575 3276">
    <p class='ocr_par' dir='ltr' id='par_1_73' title="bbox 2005 3199 3575 3276">
     <span class='ocr_line' id='line_1_73' title="bbox 2005 3199 3575 3276; baseline -0.006 -15"><span class='ocrx_word' id='word_1_541' title='bbox 2005 3205 2348 3276; x_wconf 88' lang='lat' dir='ltr'><strong>perditissimi</strong></span> <span class='ocrx_word' id='word_1_542' title='bbox 2377 3205 2576 3274; x_wconf 89' lang='lat' dir='ltr'><strong>quique</strong></span> <span class='ocrx_word' id='word_1_543' title='bbox 2603 3218 2722 3258; x_wconf 91' lang='lat' dir='ltr'><strong>cum</strong></span> <span class='ocrx_word' id='word_1_544' title='bbox 2747 3200 3146 3272; x_wconf 87' lang='lat' dir='ltr'><strong>magistratibus</strong></span> <span class='ocrx_word' id='word_1_545' title='bbox 3178 3199 3470 3269; x_wconf 90' lang='lat' dir='ltr'><strong>conjuncti,</strong></span> <span class='ocrx_word' id='word_1_546' title='bbox 3498 3210 3575 3265; x_wconf 87' lang='lat' dir='ltr'><strong>et,</strong></span> 
     </span>
    </p>
   </div>
   <div class='ocr_carea' id='block_1_74' title="bbox 2006 3290 3570 3366">
    <p class='ocr_par' dir='ltr' id='par_1_74' title="bbox 2006 3290 3570 3366">
     <span class='ocr_line' id='line_1_74' title="bbox 2006 3290 3570 3366; baseline -0.005 -15"><span class='ocrx_word' id='word_1_547' title='bbox 2006 3297 2146 3366; x_wconf 90' lang='lat' dir='ltr'><strong>quod</strong></span> <span class='ocrx_word' id='word_1_548' title='bbox 2196 3295 2431 3351; x_wconf 90' lang='lat' dir='ltr'><strong>inimicis</strong></span> <span class='ocrx_word' id='word_1_549' title='bbox 2476 3293 2747 3364; x_wconf 87' lang='lat' dir='ltr'><strong>religionis</strong></span> <span class='ocrx_word' id='word_1_550' title='bbox 2784 3290 3002 3360; x_wconf 83' lang='lat' dir='ltr'><strong>iocandi</strong></span> <span class='ocrx_word' id='word_1_551' title='bbox 3051 3291 3336 3345; x_wconf 86' lang='lat' dir='ltr'><strong>materiam</strong></span> <span class='ocrx_word' id='word_1_552' title='bbox 3382 3291 3570 3355; x_wconf 86' lang='lat' dir='ltr'><strong>dabat,</strong></span> 
     </span>
    </p>
   </div>
   <div class='ocr_carea' id='block_1_75' title="bbox 2005 3386 2593 3457">
    <p class='ocr_par' dir='ltr' id='par_1_75' title="bbox 2005 3386 2593 3457">
     <span class='ocr_line' id='line_1_75' title="bbox 2005 3386 2593 3457; baseline -0.01 -15"><span class='ocrx_word' id='word_1_553' title='bbox 2005 3387 2106 3457; x_wconf 91' lang='lat' dir='ltr'><strong>ipsi</strong></span> <span class='ocrx_word' id='word_1_554' title='bbox 2144 3386 2307 3442; x_wconf 91' lang='lat' dir='ltr'><strong>etiam</strong></span> <span class='ocrx_word' id='word_1_555' title='bbox 2339 3387 2593 3456; x_wconf 79' lang='lat' dir='ltr'><strong>episcOpi.</strong></span> 
     </span>
    </p>
   </div>
   <div class='ocr_carea' id='block_1_76' title="bbox 2074 3471 3574 3542">
    <p class='ocr_par' dir='ltr' id='par_1_76' title="bbox 2074 3471 3574 3542">
     <span class='ocr_line' id='line_1_76' title="bbox 2074 3471 3574 3542; baseline -0.003 -12"><span class='ocrx_word' id='word_1_556' title='bbox 2074 3477 2208 3532; x_wconf 90' lang='lat' dir='ltr'><strong>Erat</strong></span> <span class='ocrx_word' id='word_1_557' title='bbox 2253 3491 2384 3532; x_wconf 89' lang='lat' dir='ltr'><strong>sane</strong></span> <span class='ocrx_word' id='word_1_558' title='bbox 2420 3477 2793 3542; x_wconf 87' lang='lat' dir='ltr'><strong>metuendum,</strong></span> <span class='ocrx_word' id='word_1_559' title='bbox 2835 3488 2902 3529; x_wconf 92' lang='lat' dir='ltr'><strong>ne</strong></span> <span class='ocrx_word' id='word_1_560' title='bbox 2929 3473 3136 3538; x_wconf 81' lang='lat' dir='ltr'><strong>Ariani,</strong></span> <span class='ocrx_word' id='word_1_561' title='bbox 3171 3473 3262 3542; x_wconf 88' lang='lat' dir='ltr'><strong>qui</strong></span> <span class='ocrx_word' id='word_1_562' title='bbox 3297 3487 3441 3528; x_wconf 91' lang='lat' dir='ltr'><strong>anno</strong></span> <span class='ocrx_word' id='word_1_563' title='bbox 3467 3471 3574 3527; x_wconf 79' lang='lat'><strong>565</strong></span> 
     </span>
    </p>
   </div>
   <div class='ocr_carea' id='block_1_77' title="bbox 2008 3563 3576 3630">
    <p class='ocr_par' dir='ltr' id='par_1_77' title="bbox 2008 3563 3576 3630">
     <span class='ocr_line' id='line_1_77' title="bbox 2008 3563 3576 3630; baseline -0.005 -6"><span class='ocrx_word' id='word_1_564' title='bbox 2008 3567 2259 3624; x_wconf 82' lang='lat' dir='ltr'><strong>Ecclesiae</strong></span> <span class='ocrx_word' id='word_1_565' title='bbox 2290 3566 2606 3623; x_wconf 72' lang='lat' dir='ltr'><strong>Cmsariensi</strong></span> <span class='ocrx_word' id='word_1_566' title='bbox 2651 3565 2878 3621; x_wconf 85' lang='lat' dir='ltr'><strong>insidias</strong></span> <span class='ocrx_word' id='word_1_567' title='bbox 2910 3572 3241 3630; x_wconf 79' lang='lat' dir='ltr'><strong>struxerant,</strong></span> <span class='ocrx_word' id='word_1_568' title='bbox 3281 3563 3576 3617; x_wconf 86' lang='lat' dir='ltr'><strong>dissensio-</strong></span> 
     </span>
    </p>
   </div>
   <div class='ocr_carea' id='block_1_78' title="bbox 2006 3653 3573 3726">
    <p class='ocr_par' dir='ltr' id='par_1_78' title="bbox 2006 3653 3573 3726">
     <span class='ocr_line' id='line_1_78' title="bbox 2006 3653 3573 3726; baseline -0.005 -11"><span class='ocrx_word' id='word_1_569' title='bbox 2006 3661 2165 3716; x_wconf 92' lang='lat' dir='ltr'><strong>nibus</strong></span> <span class='ocrx_word' id='word_1_570' title='bbox 2193 3660 2526 3715; x_wconf 87' lang='lat' dir='ltr'><strong>laborantem</strong></span> <span class='ocrx_word' id='word_1_571' title='bbox 2573 3666 2901 3726; x_wconf 85' lang='lat' dir='ltr'><strong>occuparent</strong></span> <span class='ocrx_word' id='word_1_572' title='bbox 2945 3665 3000 3712; x_wconf 91' lang='lat' dir='ltr'><strong>et</strong></span> <span class='ocrx_word' id='word_1_573' title='bbox 3025 3663 3355 3710; x_wconf 86' lang='lat' dir='ltr'><strong>everterent.</strong></span> <span class='ocrx_word' id='word_1_574' title='bbox 3390 3653 3573 3720; x_wconf 82' lang='lat' dir='ltr'><strong>Quare</strong></span> 
     </span>
    </p>
   </div>
   <div class='ocr_carea' id='block_1_79' title="bbox 2004 3746 3572 3822">
    <p class='ocr_par' dir='ltr' id='par_1_79' title="bbox 2004 3746 3572 3822">
     <span class='ocr_line' id='line_1_79' title="bbox 2004 3746 3572 3822; baseline -0.005 -14"><span class='ocrx_word' id='word_1_575' title='bbox 2004 3751 2296 3822; x_wconf 86' lang='lat' dir='ltr'><strong>Gregorius</strong></span> <span class='ocrx_word' id='word_1_576' title='bbox 2334 3766 2454 3806; x_wconf 88' lang='lat' dir='ltr'><strong>cum</strong></span> <span class='ocrx_word' id='word_1_577' title='bbox 2493 3751 2729 3805; x_wconf 88' lang='lat' dir='ltr'><strong>nondum</strong></span> <span class='ocrx_word' id='word_1_578' title='bbox 2772 3750 2960 3803; x_wconf 89' lang='lat' dir='ltr'><strong>adesse</strong></span> <span class='ocrx_word' id='word_1_579' title='bbox 2981 3757 3182 3816; x_wconf 90' lang='lat' dir='ltr'><strong>posset,</strong></span> <span class='ocrx_word' id='word_1_580' title='bbox 3225 3761 3288 3799; x_wconf 91' lang='lat' dir='ltr'><strong>ac</strong></span> <span class='ocrx_word' id='word_1_581' title='bbox 3324 3746 3572 3812; x_wconf 58' lang='lat' dir='ltr'><strong>praesidio</strong></span> 
     </span>
    </p>
   </div>
   <div class='ocr_carea' id='block_1_80' title="bbox 2005 3839 3569 3911">
    <p class='ocr_par' dir='ltr' id='par_1_80' title="bbox 2005 3839 3569 3911">
     <span class='ocr_line' id='line_1_80' title="bbox 2005 3839 3569 3911; baseline -0.008 -11"><span class='ocrx_word' id='word_1_582' title='bbox 2005 3860 2112 3900; x_wconf 89' lang='lat' dir='ltr'><strong>non</strong></span> <span class='ocrx_word' id='word_1_583' title='bbox 2136 3844 2398 3899; x_wconf 90' lang='lat' dir='ltr'><strong>mediocri</strong></span> <span class='ocrx_word' id='word_1_584' title='bbox 2427 3851 2636 3911; x_wconf 91' lang='lat' dir='ltr'><strong>tempus</strong></span> <span class='ocrx_word' id='word_1_585' title='bbox 2654 3855 2814 3909; x_wconf 86' lang='lat' dir='ltr'><strong>egere</strong></span> <span class='ocrx_word' id='word_1_586' title='bbox 2839 3839 3162 3909; x_wconf 88' lang='lat' dir='ltr'><strong>intelligeret</strong></span> <span class='ocrx_word' id='word_1_587' title='bbox 3186 3839 3255 3909; x_wconf 68' lang='grc' dir='ltr'><strong>(ί)</strong></span> <span class='ocrx_word' id='word_1_588' title='bbox 3277 3877 3292 3901; x_wconf 86' lang='grc'><strong><em>,</em></strong></span> <span class='ocrx_word' id='word_1_589' title='bbox 3312 3845 3569 3905; x_wconf 84' lang='lat' dir='ltr'><strong>magnum</strong></span> 
     </span>
    </p>
   </div>
   <div class='ocr_carea' id='block_1_81' title="bbox 2004 3931 3563 3997">
    <p class='ocr_par' dir='ltr' id='par_1_81' title="bbox 2004 3931 3563 3997">
     <span class='ocr_line' id='line_1_81' title="bbox 2004 3931 3563 3997; baseline -0.006 -5"><span class='ocrx_word' id='word_1_590' title='bbox 2004 3951 2071 3992; x_wconf 78' lang='lat' dir='ltr'><strong>ex</strong></span> <span class='ocrx_word' id='word_1_591' title='bbox 2107 3936 2328 3991; x_wconf 89' lang='lat' dir='ltr'><strong>Oriente</strong></span> <span class='ocrx_word' id='word_1_592' title='bbox 2353 3933 2531 3988; x_wconf 90' lang='lat' dir='ltr'><strong>lumen</strong></span> <span class='ocrx_word' id='word_1_593' title='bbox 2558 3934 2808 3997; x_wconf 90' lang='lat' dir='ltr'><strong>accersit,</strong></span> <span class='ocrx_word' id='word_1_594' title='bbox 2840 3931 2898 3988; x_wconf 90' lang='lat' dir='ltr'><strong>S.</strong></span> <span class='ocrx_word' id='word_1_595' title='bbox 2931 3931 3221 3986; x_wconf 86' lang='lat' dir='ltr'><strong>Eusebium</strong></span> <span class='ocrx_word' id='word_1_596' title='bbox 3251 3931 3563 3985; x_wconf 88' lang='lat' dir='ltr'><strong>Samosate-</strong></span> 
     </span>
    </p>
   </div>
   <div class='ocr_carea' id='block_1_82' title="bbox 2007 4021 3566 4093">
    <p class='ocr_par' dir='ltr' id='par_1_82' title="bbox 2007 4021 3566 4093">
     <span class='ocr_line' id='line_1_82' title="bbox 2007 4021 3566 4093; baseline -0.005 -11"><span class='ocrx_word' id='word_1_597' title='bbox 2007 4043 2155 4092; x_wconf 92' lang='lat' dir='ltr'><strong>num,</strong></span> <span class='ocrx_word' id='word_1_598' title='bbox 2199 4026 2382 4081; x_wconf 90' lang='lat' dir='ltr'><strong>missis</strong></span> <span class='ocrx_word' id='word_1_599' title='bbox 2420 4040 2514 4093; x_wconf 91' lang='lat' dir='ltr'><strong>per</strong></span> <span class='ocrx_word' id='word_1_600' title='bbox 2547 4025 2884 4078; x_wconf 89' lang='lat' dir='ltr'><strong>Eustathium</strong></span> <span class='ocrx_word' id='word_1_601' title='bbox 2931 4025 3218 4078; x_wconf 90' lang='lat' dir='ltr'><strong>diaconum</strong></span> <span class='ocrx_word' id='word_1_602' title='bbox 3265 4021 3482 4085; x_wconf 88' lang='lat' dir='ltr'><strong>litteris,</strong></span> <span class='ocrx_word' id='word_1_603' title='bbox 3514 4022 3566 4075; x_wconf 92' lang='lat' dir='ltr'><strong>in</strong></span> 
     </span>
    </p>
   </div>
   <div class='ocr_carea' id='block_1_83' title="bbox 2005 4110 3572 4185">
    <p class='ocr_par' dir='ltr' id='par_1_83' title="bbox 2005 4110 3572 4185">
     <span class='ocr_line' id='line_1_83' title="bbox 2005 4110 3572 4185; baseline -0.003 -15"><span class='ocrx_word' id='word_1_604' title='bbox 2005 4116 2202 4185; x_wconf 91' lang='lat' dir='ltr'><strong>quibus</strong></span> <span class='ocrx_word' id='word_1_605' title='bbox 2238 4117 2571 4170; x_wconf 89' lang='lat' dir='ltr'><strong>demonstrat</strong></span> <span class='ocrx_word' id='word_1_606' title='bbox 2598 4122 2804 4183; x_wconf 86' lang='lat' dir='ltr'><strong>quanto</strong></span> <span class='ocrx_word' id='word_1_607' title='bbox 2825 4123 3070 4168; x_wconf 88' lang='lat' dir='ltr'><strong>versetur</strong></span> <span class='ocrx_word' id='word_1_608' title='bbox 3097 4113 3150 4167; x_wconf 90' lang='lat' dir='ltr'><strong>in</strong></span> <span class='ocrx_word' id='word_1_609' title='bbox 3185 4111 3424 4181; x_wconf 90' lang='lat' dir='ltr'><strong>periculo</strong></span> <span class='ocrx_word' id='word_1_610' title='bbox 3455 4110 3572 4166; x_wconf 73' lang='lat' dir='ltr'><strong>Ca3-</strong></span> 
     </span>
    </p>
   </div>
   <div class='ocr_carea' id='block_1_84' title="bbox 2003 4204 3567 4276">
    <p class='ocr_par' dir='ltr' id='par_1_84' title="bbox 2003 4204 3567 4276">
     <span class='ocr_line' id='line_1_84' title="bbox 2003 4204 3567 4276; baseline -0.005 -12"><span class='ocrx_word' id='word_1_611' title='bbox 2003 4207 2260 4264; x_wconf 84' lang='lat' dir='ltr'><strong>sariensis</strong></span> <span class='ocrx_word' id='word_1_612' title='bbox 2288 4207 2553 4272; x_wconf 90' lang='lat' dir='ltr'><strong>Ecclesia,</strong></span> <span class='ocrx_word' id='word_1_613' title='bbox 2584 4215 2846 4276; x_wconf 80' lang='lat' dir='ltr'><strong>rogatque</strong></span> <span class='ocrx_word' id='word_1_614' title='bbox 2885 4214 2944 4258; x_wconf 91' lang='lat' dir='ltr'><strong>ut</strong></span> <span class='ocrx_word' id='word_1_615' title='bbox 2969 4205 3110 4260; x_wconf 87' lang='lat' dir='ltr'><strong>illius</strong></span> <span class='ocrx_word' id='word_1_616' title='bbox 3137 4206 3319 4260; x_wconf 89' lang='lat' dir='ltr'><strong>veniat</strong></span> <span class='ocrx_word' id='word_1_617' title='bbox 3342 4204 3567 4269; x_wconf 87' lang='lat' dir='ltr'><strong>auxilio,</strong></span> 
     </span>
    </p>
   </div>
   <div class='ocr_carea' id='block_1_85' title="bbox 2002 4295 3567 4367">
    <p class='ocr_par' dir='ltr' id='par_1_85' title="bbox 2002 4295 3567 4367">
     <span class='ocr_line' id='line_1_85' title="bbox 2002 4295 3567 4367; baseline -0.003 -13"><span class='ocrx_word' id='word_1_618' title='bbox 2002 4313 2066 4354; x_wconf 88' lang='lat' dir='ltr'><strong>ac</strong></span> <span class='ocrx_word' id='word_1_619' title='bbox 2103 4299 2396 4354; x_wconf 79' lang='lat' dir='ltr'><strong>exantlatis</strong></span> <span class='ocrx_word' id='word_1_620' title='bbox 2441 4313 2538 4367; x_wconf 92' lang='lat' dir='ltr'><strong>pro</strong></span> <span class='ocrx_word' id='word_1_621' title='bbox 2583 4297 2826 4352; x_wconf 84' lang='lat' dir='ltr'><strong>Ecclesia</strong></span> <span class='ocrx_word' id='word_1_622' title='bbox 2887 4297 3167 4352; x_wconf 89' lang='lat' dir='ltr'><strong>laboribus</strong></span> <span class='ocrx_word' id='word_1_623' title='bbox 3214 4296 3360 4350; x_wconf 88' lang='lat' dir='ltr'><strong>hunc</strong></span> <span class='ocrx_word' id='word_1_624' title='bbox 3405 4295 3567 4350; x_wconf 89' lang='lat' dir='ltr'><strong>etiam</strong></span> 
     </span>
    </p>
   </div>
   <div class='ocr_carea' id='block_1_86' title="bbox 2002 4387 3568 4461">
    <p class='ocr_par' dir='ltr' id='par_1_86' title="bbox 2002 4387 3568 4461">
     <span class='ocr_line' id='line_1_86' title="bbox 2002 4387 3568 4461; baseline -0.001 -17"><span class='ocrx_word' id='word_1_625' title='bbox 2002 4391 2239 4461; x_wconf 91' lang='lat' dir='ltr'><strong>adjiciat.</strong></span> <span class='ocrx_word' id='word_1_626' title='bbox 2274 4390 2542 4445; x_wconf 83' lang='lat' dir='ltr'><strong>Caeterum</strong></span> <span class='ocrx_word' id='word_1_627' title='bbox 2572 4390 2769 4444; x_wconf 89' lang='lat' dir='ltr'><strong>habere</strong></span> <span class='ocrx_word' id='word_1_628' title='bbox 2805 4404 2862 4443; x_wconf 93' lang='lat' dir='ltr'><strong>se</strong></span> <span class='ocrx_word' id='word_1_629' title='bbox 2890 4403 3000 4458; x_wconf 72' lang='lat' dir='ltr'><strong>pra:</strong></span> <span class='ocrx_word' id='word_1_630' title='bbox 3032 4389 3203 4443; x_wconf 92' lang='lat' dir='ltr'><strong>oculis</strong></span> <span class='ocrx_word' id='word_1_631' title='bbox 3240 4387 3438 4452; x_wconf 88' lang='lat' dir='ltr'><strong>virum,</strong></span> <span class='ocrx_word' id='word_1_632' title='bbox 3463 4387 3568 4454; x_wconf 92' lang='lat' dir='ltr'><strong>ipsi</strong></span> 
     </span>
    </p>
   </div>
   <div class='ocr_carea' id='block_1_87' title="bbox 331 4482 3566 4555">
    <p class='ocr_par' dir='ltr' id='par_1_87' title="bbox 331 4482 3566 4555">
     <span class='ocr_line' id='line_1_87' title="bbox 331 4482 3566 4555; baseline -0.001 -18"><span class='ocrx_word' id='word_1_633' title='bbox 331 4500 502 4540; x_wconf 75' lang='lat' dir='ltr'><strong>versa:</strong></span> <span class='ocrx_word' id='word_1_634' title='bbox 539 4484 704 4555; x_wconf 89' lang='lat' dir='ltr'><strong>plebi.</strong></span> <span class='ocrx_word' id='word_1_635' title='bbox 737 4483 794 4539; x_wconf 91' lang='lat' dir='ltr'><strong>Si</strong></span> <span class='ocrx_word' id='word_1_636' title='bbox 819 4483 921 4538; x_wconf 90' lang='lat' dir='ltr'><strong>sibi</strong></span> <span class='ocrx_word' id='word_1_637' title='bbox 948 4483 1336 4550; x_wconf 89' lang='lat' dir='ltr'><strong>assentiantur,</strong></span> <span class='ocrx_word' id='word_1_638' title='bbox 1365 4491 1526 4554; x_wconf 90' lang='lat' dir='ltr'><strong>atque</strong></span> <span class='ocrx_word' id='word_1_639' title='bbox 1564 4483 1678 4538; x_wconf 72' lang='lat' dir='ltr'><strong>haec</strong></span> <span class='ocrx_word' id='word_1_640' title='bbox 1709 4483 1898 4537; x_wconf 89' lang='lat' dir='ltr'><strong>vicerit</strong></span> <span class='ocrx_word' id='word_1_641' title='bbox 1930 4492 1973 4547; x_wconf 84' lang='grc' dir='ltr'><strong>ι)</strong></span> <span class='ocrx_word' id='word_1_642' title='bbox 2006 4483 2237 4538; x_wconf 86' lang='lat' dir='ltr'><strong>Eusebio</strong></span> <span class='ocrx_word' id='word_1_643' title='bbox 2273 4497 2377 4537; x_wconf 91' lang='lat' dir='ltr'><strong>non</strong></span> <span class='ocrx_word' id='word_1_644' title='bbox 2420 4483 2698 4551; x_wconf 89' lang='lat' dir='ltr'><strong>ignotum,</strong></span> <span class='ocrx_word' id='word_1_645' title='bbox 2731 4497 2882 4551; x_wconf 86' lang='lat' dir='ltr'><strong>quem</strong></span> <span class='ocrx_word' id='word_1_646' title='bbox 2907 4482 2952 4536; x_wconf 77' lang='lat' dir='ltr'><strong>si</strong></span> <span class='ocrx_word' id='word_1_647' title='bbox 2985 4483 3218 4535; x_wconf 80' lang='lat' dir='ltr'><strong>obtinere</strong></span> <span class='ocrx_word' id='word_1_648' title='bbox 3269 4496 3566 4548; x_wconf 83' lang='lat' dir='ltr'><strong>possumus,</strong></span> 
     </span>
    </p>
   </div>
   <div class='ocr_carea' id='block_1_88' title="bbox 329 4573 1900 4645">
    <p class='ocr_par' dir='ltr' id='par_1_88' title="bbox 329 4573 1900 4645">
     <span class='ocr_line' id='line_1_88' title="bbox 329 4573 1900 4645; baseline -0.002 -14"><span class='ocrx_word' id='word_1_649' title='bbox 329 4576 620 4642; x_wconf 82' lang='lat' dir='ltr'><strong>sententia,</strong></span> <span class='ocrx_word' id='word_1_650' title='bbox 651 4574 936 4645; x_wconf 91' lang='lat' dir='ltr'><strong>pollicetur</strong></span> <span class='ocrx_word' id='word_1_651' title='bbox 979 4588 1038 4629; x_wconf 91' lang='lat' dir='ltr'><strong>se</strong></span> <span class='ocrx_word' id='word_1_652' title='bbox 1082 4573 1392 4630; x_wconf 89' lang='lat' dir='ltr'><strong>adfuturum</strong></span> <span class='ocrx_word' id='word_1_653' title='bbox 1437 4575 1652 4645; x_wconf 86' lang='lat' dir='ltr'><strong>spiritu,</strong></span> <span class='ocrx_word' id='word_1_654' title='bbox 1678 4575 1900 4644; x_wconf 88' lang='lat' dir='ltr'><strong>jamque</strong></span> 
     </span>
    </p>
   </div>
   <div class='ocr_carea' id='block_1_89' title="bbox 329 4665 1895 4735">
    <p class='ocr_par' dir='ltr' id='par_1_89' title="bbox 329 4665 1895 4735">
     <span class='ocr_line' id='line_1_89' title="bbox 329 4665 1895 4735; baseline -0.001 -15"><span class='ocrx_word' id='word_1_655' title='bbox 329 4667 385 4720; x_wconf 88' lang='lat' dir='ltr'><strong>in</strong></span> <span class='ocrx_word' id='word_1_656' title='bbox 422 4676 760 4720; x_wconf 89' lang='lat' dir='ltr'><strong>antecessum</strong></span> <span class='ocrx_word' id='word_1_657' title='bbox 807 4679 1000 4720; x_wconf 90' lang='lat' dir='ltr'><strong>manus</strong></span> <span class='ocrx_word' id='word_1_658' title='bbox 1053 4665 1371 4734; x_wconf 90' lang='lat' dir='ltr'><strong>imponere:</strong></span> <span class='ocrx_word' id='word_1_659' title='bbox 1406 4667 1490 4721; x_wconf 89' lang='lat' dir='ltr'><strong>sin</strong></span> <span class='ocrx_word' id='word_1_660' title='bbox 1542 4666 1686 4720; x_wconf 90' lang='lat' dir='ltr'><strong>aliud</strong></span> <span class='ocrx_word' id='word_1_661' title='bbox 1732 4665 1895 4735; x_wconf 87' lang='lat' dir='ltr'><strong>quid-</strong></span> 
     </span>
    </p>
   </div>
   <div class='ocr_carea' id='block_1_90' title="bbox 327 4756 1895 4828">
    <p class='ocr_par' dir='ltr' id='par_1_90' title="bbox 327 4756 1895 4828">
     <span class='ocr_line' id='line_1_90' title="bbox 327 4756 1895 4828; baseline -0.001 -17"><span class='ocrx_word' id='word_1_662' title='bbox 327 4757 470 4827; x_wconf 90' lang='lat' dir='ltr'><strong>piam</strong></span> <span class='ocrx_word' id='word_1_663' title='bbox 511 4756 616 4812; x_wconf 84' lang='lat' dir='ltr'><strong>illis</strong></span> <span class='ocrx_word' id='word_1_664' title='bbox 657 4757 890 4826; x_wconf 88' lang='lat' dir='ltr'><strong>placeat,</strong></span> <span class='ocrx_word' id='word_1_665' title='bbox 934 4773 998 4813; x_wconf 90' lang='lat' dir='ltr'><strong>ac</strong></span> <span class='ocrx_word' id='word_1_666' title='bbox 1038 4756 1285 4814; x_wconf 86' lang='lat' dir='ltr'><strong>sodalitia</strong></span> <span class='ocrx_word' id='word_1_667' title='bbox 1328 4767 1384 4812; x_wconf 91' lang='lat' dir='ltr'><strong>et</strong></span> <span class='ocrx_word' id='word_1_668' title='bbox 1426 4758 1780 4828; x_wconf 88' lang='lat' dir='ltr'><strong>cognationes</strong></span> <span class='ocrx_word' id='word_1_669' title='bbox 1813 4757 1895 4810; x_wconf 87' lang='lat' dir='ltr'><strong>vi-</strong></span> 
     </span>
    </p>
   </div>
   <div class='ocr_carea' id='block_1_91' title="bbox 329 4847 1893 4918">
    <p class='ocr_par' dir='ltr' id='par_1_91' title="bbox 329 4847 1893 4918">
     <span class='ocr_line' id='line_1_91' title="bbox 329 4847 1893 4918; baseline 0 -16"><span class='ocrx_word' id='word_1_670' title='bbox 329 4858 511 4918; x_wconf 89' lang='lat' dir='ltr'><strong>geant,</strong></span> <span class='ocrx_word' id='word_1_671' title='bbox 545 4856 640 4902; x_wconf 88' lang='lat' dir='ltr'><strong>aut</strong></span> <span class='ocrx_word' id='word_1_672' title='bbox 695 4851 999 4917; x_wconf 89' lang='lat' dir='ltr'><strong>promiscua</strong></span> <span class='ocrx_word' id='word_1_673' title='bbox 1067 4851 1221 4902; x_wconf 88' lang='lat' dir='ltr'><strong>turba</strong></span> <span class='ocrx_word' id='word_1_674' title='bbox 1273 4862 1460 4916; x_wconf 91' lang='lat' dir='ltr'><strong>parum</strong></span> <span class='ocrx_word' id='word_1_675' title='bbox 1521 4848 1623 4902; x_wconf 93' lang='lat' dir='ltr'><strong>loci</strong></span> <span class='ocrx_word' id='word_1_676' title='bbox 1687 4847 1893 4917; x_wconf 88' lang='lat' dir='ltr'><strong>legibus</strong></span> 
     </span>
    </p>
   </div>
   <div class='ocr_carea' id='block_1_92' title="bbox 326 4939 1892 5010">
    <p class='ocr_par' dir='ltr' id='par_1_92' title="bbox 326 4939 1892 5010">
     <span class='ocr_line' id='line_1_92' title="bbox 326 4939 1892 5010; baseline -0.003 -14"><span class='ocrx_word' id='word_1_677' title='bbox 326 4940 707 4996; x_wconf 89' lang='lat' dir='ltr'><strong>ecclesiasticis</strong></span> <span class='ocrx_word' id='word_1_678' title='bbox 739 4941 1024 5010; x_wconf 89' lang='lat' dir='ltr'><strong>relinquat,</strong></span> <span class='ocrx_word' id='word_1_679' title='bbox 1068 4939 1380 5009; x_wconf 89' lang='lat' dir='ltr'><strong>participem</strong></span> <span class='ocrx_word' id='word_1_680' title='bbox 1435 4953 1494 4994; x_wconf 92' lang='lat' dir='ltr'><strong>se</strong></span> <span class='ocrx_word' id='word_1_681' title='bbox 1533 4953 1719 4992; x_wconf 90' lang='lat' dir='ltr'><strong>eorum</strong></span> <span class='ocrx_word' id='word_1_682' title='bbox 1761 4952 1892 4992; x_wconf 92' lang='lat' dir='ltr'><strong>con-</strong></span> 
     </span>
    </p>
   </div>
   <div class='ocr_carea' id='block_1_93' title="bbox 327 5029 859 5088">
    <p class='ocr_par' dir='ltr' id='par_1_93' title="bbox 327 5029 859 5088">
     <span class='ocr_line' id='line_1_93' title="bbox 327 5029 859 5088; baseline -0.008 0"><span class='ocrx_word' id='word_1_683' title='bbox 327 5032 434 5088; x_wconf 87' lang='lat' dir='ltr'><strong>silii</strong></span> <span class='ocrx_word' id='word_1_684' title='bbox 465 5046 570 5087; x_wconf 91' lang='lat' dir='ltr'><strong>non</strong></span> <span class='ocrx_word' id='word_1_685' title='bbox 599 5029 859 5084; x_wconf 90' lang='lat' dir='ltr'><strong>futurum.</strong></span> 
     </span>
    </p>
   </div>
   <div class='ocr_carea' id='block_1_94' title="bbox 395 5120 1891 5191">
    <p class='ocr_par' dir='ltr' id='par_1_94' title="bbox 395 5120 1891 5191">
     <span class='ocr_line' id='line_1_94' title="bbox 395 5120 1891 5191; baseline -0.001 -13"><span class='ocrx_word' id='word_1_686' title='bbox 395 5124 512 5178; x_wconf 85' lang='lat' dir='ltr'><strong>Non</strong></span> <span class='ocrx_word' id='word_1_687' title='bbox 579 5122 786 5190; x_wconf 90' lang='lat' dir='ltr'><strong>putavit</strong></span> <span class='ocrx_word' id='word_1_688' title='bbox 838 5121 1130 5191; x_wconf 84' lang='lat' dir='ltr'><strong>Gregorius</strong></span> <span class='ocrx_word' id='word_1_689' title='bbox 1183 5121 1578 5177; x_wconf 88' lang='lat' dir='ltr'><strong>observandum</strong></span> <span class='ocrx_word' id='word_1_690' title='bbox 1624 5135 1744 5175; x_wconf 92' lang='lat' dir='ltr'><strong>esse</strong></span> <span class='ocrx_word' id='word_1_691' title='bbox 1788 5120 1891 5176; x_wconf 85' lang='lat' dir='ltr'><strong>hoc</strong></span> 
     </span>
    </p>
   </div>
   <div class='ocr_carea' id='block_1_95' title="bbox 325 5209 1886 5282">
    <p class='ocr_par' dir='ltr' id='par_1_95' title="bbox 325 5209 1886 5282">
     <span class='ocr_line' id='line_1_95' title="bbox 325 5209 1886 5282; baseline -0.002 -15"><span class='ocrx_word' id='word_1_692' title='bbox 325 5213 463 5277; x_wconf 91' lang='lat' dir='ltr'><strong>loco,</strong></span> <span class='ocrx_word' id='word_1_693' title='bbox 493 5213 636 5282; x_wconf 92' lang='lat' dir='ltr'><strong>quod</strong></span> <span class='ocrx_word' id='word_1_694' title='bbox 667 5209 901 5264; x_wconf 89' lang='lat' dir='ltr'><strong>Basilius</strong></span> <span class='ocrx_word' id='word_1_695' title='bbox 930 5211 1113 5266; x_wconf 90' lang='lat' dir='ltr'><strong>utilius</strong></span> <span class='ocrx_word' id='word_1_696' title='bbox 1159 5227 1221 5266; x_wconf 89' lang='lat' dir='ltr'><strong>ac</strong></span> <span class='ocrx_word' id='word_1_697' title='bbox 1260 5211 1432 5265; x_wconf 91' lang='lat' dir='ltr'><strong>satius</strong></span> <span class='ocrx_word' id='word_1_698' title='bbox 1479 5225 1599 5264; x_wconf 92' lang='lat' dir='ltr'><strong>esse</strong></span> <span class='ocrx_word' id='word_1_699' title='bbox 1641 5211 1796 5264; x_wconf 89' lang='lat' dir='ltr'><strong>docet</strong></span> <span class='ocrx_word' id='word_1_700' title='bbox 1832 5211 1886 5264; x_wconf 92' lang='lat' dir='ltr'><strong>in</strong></span> 
     </span>
    </p>
   </div>
   <div class='ocr_carea' id='block_1_96' title="bbox 324 5302 1890 5374">
    <p class='ocr_par' dir='ltr' id='par_1_96' title="bbox 324 5302 1890 5374">
     <span class='ocr_line' id='line_1_96' title="bbox 324 5302 1890 5374; baseline -0.003 -15"><span class='ocrx_word' id='word_1_701' title='bbox 324 5306 485 5374; x_wconf 91' lang='lat' dir='ltr'><strong>epist.</strong></span> <span class='ocrx_word' id='word_1_702' title='bbox 514 5302 641 5369; x_wconf 73' lang='lat'><strong>290,</strong></span> <span class='ocrx_word' id='word_1_703' title='bbox 675 5311 734 5356; x_wconf 92' lang='lat' dir='ltr'><strong>ut</strong></span> <span class='ocrx_word' id='word_1_704' title='bbox 772 5302 914 5357; x_wconf 89' lang='lat' dir='ltr'><strong>dicto</strong></span> <span class='ocrx_word' id='word_1_705' title='bbox 952 5302 1258 5358; x_wconf 89' lang='lat' dir='ltr'><strong>testimonio</strong></span> <span class='ocrx_word' id='word_1_706' title='bbox 1291 5302 1474 5358; x_wconf 89' lang='lat' dir='ltr'><strong>studia</strong></span> <span class='ocrx_word' id='word_1_707' title='bbox 1502 5302 1760 5366; x_wconf 90' lang='lat' dir='ltr'><strong>vitentur,</strong></span> <span class='ocrx_word' id='word_1_708' title='bbox 1791 5314 1890 5356; x_wconf 91' lang='lat' dir='ltr'><strong>nec</strong></span> 
     </span>
    </p>
   </div>
   <div class='ocr_carea' id='block_1_97' title="bbox 323 5393 1890 5466">
    <p class='ocr_par' dir='ltr' id='par_1_97' title="bbox 323 5393 1890 5466">
     <span class='ocr_line' id='line_1_97' title="bbox 323 5393 1890 5466; baseline 0.002 -18"><span class='ocrx_word' id='word_1_709' title='bbox 323 5395 610 5466; x_wconf 88' lang='lat' dir='ltr'><strong>quisquam</strong></span> <span class='ocrx_word' id='word_1_710' title='bbox 645 5393 960 5461; x_wconf 85' lang='lat' dir='ltr'><strong>contendat,</strong></span> <span class='ocrx_word' id='word_1_711' title='bbox 1003 5402 1063 5449; x_wconf 92' lang='lat' dir='ltr'><strong>ut</strong></span> <span class='ocrx_word' id='word_1_712' title='bbox 1105 5408 1199 5450; x_wconf 89' lang='lat' dir='ltr'><strong>sua</strong></span> <span class='ocrx_word' id='word_1_713' title='bbox 1247 5394 1428 5453; x_wconf 90' lang='lat' dir='ltr'><strong>vincat</strong></span> <span class='ocrx_word' id='word_1_714' title='bbox 1472 5395 1761 5462; x_wconf 88' lang='lat' dir='ltr'><strong>sententia,</strong></span> <span class='ocrx_word' id='word_1_715' title='bbox 1797 5398 1890 5453; x_wconf 81' lang='lat' dir='ltr'><strong>sed</strong></span> 
     </span>
    </p>
   </div>
   <div class='ocr_carea' id='block_1_98' title="bbox 391 5549 857 5631">
    <p class='ocr_par' dir='ltr' id='par_1_98' title="bbox 391 5549 857 5631">
     <span class='ocr_line' id='line_1_98' title="bbox 391 5549 857 5631; baseline -0.002 0"><span class='ocrx_word' id='word_1_716' title='bbox 391 5549 468 5631; x_wconf 63' lang='lat' dir='ltr'><strong>in</strong></span> <span class='ocrx_word' id='word_1_717' title='bbox 498 5549 625 5631; x_wconf 59' lang='lat' dir='ltr'><strong>ea.-</strong></span> <span class='ocrx_word' id='word_1_718' title='bbox 652 5564 738 5618; x_wconf 66' lang='grc' dir='ltr'><strong>ενι</strong></span> <span class='ocrx_word' id='word_1_719' title='bbox 769 5549 857 5606; x_wconf 62' lang='lat'><strong>25-</strong></span> 
     </span>
    </p>
   </div>
   <div class='ocr_carea' id='block_1_99' title="bbox 391 5619 712 5756">
    <p class='ocr_par' dir='ltr' id='par_1_99' title="bbox 391 5619 712 5756">
     <span class='ocr_line' id='line_1_99' title="bbox 415 5619 631 5674; baseline 0.019 -5"><span class='ocrx_word' id='word_1_720' title='bbox 415 5619 465 5674; x_wconf 68' lang='grc' dir='ltr'><strong>ὑ)</strong></span> <span class='ocrx_word' id='word_1_721' title='bbox 501 5619 631 5673; x_wconf 82' lang='lat' dir='ltr'><strong>Ibid.</strong></span> 
     </span>
     <span class='ocr_line' id='line_1_100' title="bbox 391 5619 712 5756; baseline 0.009 -16"><span class='ocrx_word' id='word_1_722' title='bbox 391 5619 464 5756; x_wconf 60' lang='lat' dir='ltr'><strong>lc)</strong></span> <span class='ocrx_word' id='word_1_723' title='bbox 499 5679 590 5756; x_wconf 80' lang='lat' dir='ltr'><strong>Ep.</strong></span> <span class='ocrx_word' id='word_1_724' title='bbox 624 5689 712 5743; x_wconf 69' lang='grc'><strong>22.</strong></span> 
     </span>
    </p>
   </div>
   <div class='ocr_carea' id='block_1_100' title="bbox 395 5760 710 5828">
    <p class='ocr_par' dir='ltr' id='par_1_100' title="bbox 395 5760 710 5828">
     <span class='ocr_line' id='line_1_101' title="bbox 395 5760 710 5828; baseline 0.019 -18"><span class='ocrx_word' id='word_1_725' title='bbox 395 5761 472 5828; x_wconf 76' lang='lat' dir='ltr'><strong>(di</strong></span> <span class='ocrx_word' id='word_1_726' title='bbox 502 5760 594 5816; x_wconf 86' lang='lat' dir='ltr'><strong>0r.</strong></span> <span class='ocrx_word' id='word_1_727' title='bbox 625 5761 710 5816; x_wconf 82' lang='lat' dir='ltr'><strong>l9.</strong></span> 
     </span>
    </p>
   </div>
   <div class='ocr_carea' id='block_1_101' title="bbox 1999 4571 3568 4643">
    <p class='ocr_par' dir='ltr' id='par_1_101' title="bbox 1999 4571 3568 4643">
     <span class='ocr_line' id='line_1_102' title="bbox 1999 4571 3568 4643; baseline -0.002 -16"><span class='ocrx_word' id='word_1_728' title='bbox 1999 4574 2206 4643; x_wconf 91' lang='lat' dir='ltr'><strong>inquit,</strong></span> <span class='ocrx_word' id='word_1_729' title='bbox 2253 4573 2361 4627; x_wconf 81' lang='lat' dir='ltr'><strong>scio</strong></span> <span class='ocrx_word' id='word_1_730' title='bbox 2407 4573 2756 4643; x_wconf 82' lang='lat' dir='ltr'><strong>acquisituros</strong></span> <span class='ocrx_word' id='word_1_731' title='bbox 2793 4589 2886 4626; x_wconf 83' lang='lat' dir='ltr'><strong>nos</strong></span> <span class='ocrx_word' id='word_1_732' title='bbox 2929 4588 3172 4641; x_wconf 83' lang='lat' dir='ltr'><strong>magnam</strong></span> <span class='ocrx_word' id='word_1_733' title='bbox 3223 4575 3364 4640; x_wconf 78' lang='lat' dir='ltr'><strong>apud</strong></span> <span class='ocrx_word' id='word_1_734' title='bbox 3402 4571 3568 4626; x_wconf 88' lang='lat' dir='ltr'><strong>Deum</strong></span> 
     </span>
    </p>
   </div>
   <div class='ocr_carea' id='block_1_102' title="bbox 1996 4664 3566 4736">
    <p class='ocr_par' dir='ltr' id='par_1_102' title="bbox 1996 4664 3566 4736">
     <span class='ocr_line' id='line_1_103' title="bbox 1996 4664 3566 4736; baseline -0.001 -18"><span class='ocrx_word' id='word_1_735' title='bbox 1996 4667 2278 4734; x_wconf 82' lang='lat' dir='ltr'><strong>fiduciam,</strong></span> <span class='ocrx_word' id='word_1_736' title='bbox 2335 4675 2489 4736; x_wconf 89' lang='lat' dir='ltr'><strong>atque</strong></span> <span class='ocrx_word' id='word_1_737' title='bbox 2534 4668 2590 4720; x_wconf 81' lang='lat' dir='ltr'><strong>in</strong></span> <span class='ocrx_word' id='word_1_738' title='bbox 2648 4666 2930 4736; x_wconf 80' lang='lat' dir='ltr'><strong>pupulum,</strong></span> <span class='ocrx_word' id='word_1_739' title='bbox 2984 4664 3073 4734; x_wconf 84' lang='lat' dir='ltr'><strong>qui</strong></span> <span class='ocrx_word' id='word_1_740' title='bbox 3120 4681 3213 4718; x_wconf 76' lang='lat' dir='ltr'><strong>nos</strong></span> <span class='ocrx_word' id='word_1_741' title='bbox 3258 4664 3566 4725; x_wconf 84' lang='lat' dir='ltr'><strong>aduocauit,</strong></span> 
     </span>
    </p>
   </div>
   <div class='ocr_carea' id='block_1_103' title="bbox 1995 4756 3567 4826">
    <p class='ocr_par' dir='ltr' id='par_1_103' title="bbox 1995 4756 3567 4826">
     <span class='ocr_line' id='line_1_104' title="bbox 1995 4756 3567 4826; baseline 0 -15"><span class='ocrx_word' id='word_1_742' title='bbox 1995 4757 2302 4823; x_wconf 84' lang='lat' dir='ltr'><strong>beneﬁcium</strong></span> <span class='ocrx_word' id='word_1_743' title='bbox 2334 4759 2626 4812; x_wconf 72' lang='lat' dir='ltr'><strong>maximum</strong></span> <span class='ocrx_word' id='word_1_744' title='bbox 2666 4756 2970 4811; x_wconf 80' lang='lat' dir='ltr'><strong>collaturus.</strong></span> <span class='ocrx_word' id='word_1_745' title='bbox 3001 4756 3261 4812; x_wconf 87' lang='lat' dir='ltr'><strong>Hortatur</strong></span> <span class='ocrx_word' id='word_1_746' title='bbox 3302 4766 3361 4810; x_wconf 93' lang='lat' dir='ltr'><strong>ut</strong></span> <span class='ocrx_word' id='word_1_747' title='bbox 3391 4757 3567 4826; x_wconf 89' lang='lat' dir='ltr'><strong>ruptis</strong></span> 
     </span>
    </p>
   </div>
   <div class='ocr_carea' id='block_1_104' title="bbox 1993 4847 3566 4905">
    <p class='ocr_par' dir='ltr' id='par_1_104' title="bbox 1993 4847 3566 4905">
     <span class='ocr_line' id='line_1_105' title="bbox 1993 4847 3566 4905; baseline -0.001 -3"><span class='ocrx_word' id='word_1_748' title='bbox 1993 4849 2243 4904; x_wconf 89' lang='lat' dir='ltr'><strong>omnibus</strong></span> <span class='ocrx_word' id='word_1_749' title='bbox 2275 4849 2441 4905; x_wconf 87' lang='lat' dir='ltr'><strong>moris</strong></span> <span class='ocrx_word' id='word_1_750' title='bbox 2477 4850 2819 4905; x_wconf 85' lang='lat' dir='ltr'><strong>incommoda</strong></span> <span class='ocrx_word' id='word_1_751' title='bbox 2851 4849 3385 4904; x_wconf 85' lang='lat' dir='ltr'><strong>hiemisantevertat.</strong></span> <span class='ocrx_word' id='word_1_752' title='bbox 3413 4847 3566 4901; x_wconf 82' lang='lat' dir='ltr'><strong>lianc</strong></span> 
     </span>
    </p>
   </div>
   <div class='ocr_carea' id='block_1_105' title="bbox 1996 4939 3566 5010">
    <p class='ocr_par' dir='ltr' id='par_1_105' title="bbox 1996 4939 3566 5010">
     <span class='ocr_line' id='line_1_106' title="bbox 1996 4939 3566 5010; baseline 0.001 -20"><span class='ocrx_word' id='word_1_753' title='bbox 1996 4939 2300 5006; x_wconf 91' lang='lat' dir='ltr'><strong>epistolam,</strong></span> <span class='ocrx_word' id='word_1_754' title='bbox 2349 4954 2470 5010; x_wconf 64' lang='lat' dir='ltr'><strong>quae</strong></span> <span class='ocrx_word' id='word_1_755' title='bbox 2517 4941 2658 4995; x_wconf 89' lang='lat' dir='ltr'><strong>inter</strong></span> <span class='ocrx_word' id='word_1_756' title='bbox 2723 4940 3024 4995; x_wconf 88' lang='lat' dir='ltr'><strong>Basilianas</strong></span> <span class='ocrx_word' id='word_1_757' title='bbox 3066 4939 3353 5008; x_wconf 88' lang='lat' dir='ltr'><strong>reperitur,</strong></span> <span class='ocrx_word' id='word_1_758' title='bbox 3403 4953 3566 4992; x_wconf 87' lang='lat' dir='ltr'><strong>nemo</strong></span> 
     </span>
    </p>
   </div>
   <div class='ocr_carea' id='block_1_106' title="bbox 1990 5028 3567 5103">
    <p class='ocr_par' dir='ltr' id='par_1_106' title="bbox 1990 5028 3567 5103">
     <span class='ocr_line' id='line_1_107' title="bbox 1990 5028 3567 5103; baseline -0.001 -20"><span class='ocrx_word' id='word_1_759' title='bbox 1990 5030 2100 5100; x_wconf 87' lang='lat' dir='ltr'><strong>jam</strong></span> <span class='ocrx_word' id='word_1_760' title='bbox 2137 5029 2249 5086; x_wconf 90' lang='lat' dir='ltr'><strong>fere</strong></span> <span class='ocrx_word' id='word_1_761' title='bbox 2276 5041 2380 5100; x_wconf 90' lang='lat' dir='ltr'><strong>est,</strong></span> <span class='ocrx_word' id='word_1_762' title='bbox 2411 5032 2504 5103; x_wconf 92' lang='lat' dir='ltr'><strong>qui</strong></span> <span class='ocrx_word' id='word_1_763' title='bbox 2541 5030 2804 5103; x_wconf 88' lang='lat' dir='ltr'><strong>Gregorio</strong></span> <span class='ocrx_word' id='word_1_764' title='bbox 2833 5032 3215 5088; x_wconf 88' lang='lat' dir='ltr'><strong>restituendam</strong></span> <span class='ocrx_word' id='word_1_765' title='bbox 3249 5045 3352 5085; x_wconf 92' lang='lat' dir='ltr'><strong>non</strong></span> <span class='ocrx_word' id='word_1_766' title='bbox 3393 5028 3567 5083; x_wconf 87' lang='lat' dir='ltr'><strong>fatea-</strong></span> 
     </span>
    </p>
   </div>
   <div class='ocr_carea' id='block_1_107' title="bbox 1996 5132 2103 5176">
    <p class='ocr_par' dir='ltr' id='par_1_107' title="bbox 1996 5132 2103 5176">
     <span class='ocr_line' id='line_1_108' title="bbox 1996 5132 2103 5176; baseline 0.009 -1"><span class='ocrx_word' id='word_1_767' title='bbox 1996 5132 2103 5176; x_wconf 88' lang='lat' dir='ltr'><strong>tur.</strong></span> 
     </span>
    </p>
   </div>
   <div class='ocr_carea' id='block_1_108' title="bbox 2068 5215 3563 5288">
    <p class='ocr_par' dir='ltr' id='par_1_108' title="bbox 2068 5215 3563 5288">
     <span class='ocr_line' id='line_1_109' title="bbox 2068 5215 3563 5288; baseline 0.002 -20"><span class='ocrx_word' id='word_1_768' title='bbox 2068 5215 2319 5270; x_wconf 85' lang='lat' dir='ltr'><strong>Accurrit</strong></span> <span class='ocrx_word' id='word_1_769' title='bbox 2350 5226 2570 5271; x_wconf 89' lang='lat' dir='ltr'><strong>sanctus</strong></span> <span class='ocrx_word' id='word_1_770' title='bbox 2601 5227 2805 5288; x_wconf 89' lang='lat' dir='ltr'><strong>martyr</strong></span> <span class='ocrx_word' id='word_1_771' title='bbox 2833 5217 2886 5270; x_wconf 94' lang='lat' dir='ltr'><strong>in</strong></span> <span class='ocrx_word' id='word_1_772' title='bbox 2931 5216 3361 5286; x_wconf 85' lang='lat' dir='ltr'><strong>Cappadociam;</strong></span> <span class='ocrx_word' id='word_1_773' title='bbox 3400 5216 3563 5284; x_wconf 90' lang='lat' dir='ltr'><strong>idque</strong></span> 
     </span>
    </p>
   </div>
   <div class='ocr_carea' id='block_1_109' title="bbox 1995 5307 3564 5379">
    <p class='ocr_par' dir='ltr' id='par_1_109' title="bbox 1995 5307 3564 5379">
     <span class='ocr_line' id='line_1_110' title="bbox 1995 5307 3564 5379; baseline 0.002 -18"><span class='ocrx_word' id='word_1_774' title='bbox 1995 5317 2148 5361; x_wconf 86' lang='lat' dir='ltr'><strong>certo</strong></span> <span class='ocrx_word' id='word_1_775' title='bbox 2176 5307 2379 5362; x_wconf 89' lang='lat' dir='ltr'><strong>scimus</strong></span> <span class='ocrx_word' id='word_1_776' title='bbox 2411 5321 2478 5361; x_wconf 80' lang='lat' dir='ltr'><strong>ex</strong></span> <span class='ocrx_word' id='word_1_777' title='bbox 2517 5308 2747 5379; x_wconf 89' lang='lat' dir='ltr'><strong>epistola</strong></span> <span class='ocrx_word' id='word_1_778' title='bbox 2777 5308 2847 5364; x_wconf 76' lang='grc'><strong>48</strong></span> <span class='ocrx_word' id='word_1_779' title='bbox 2874 5308 3083 5375; x_wconf 89' lang='lat' dir='ltr'><strong>Basilii,</strong></span> <span class='ocrx_word' id='word_1_780' title='bbox 3123 5317 3179 5363; x_wconf 94' lang='lat' dir='ltr'><strong>et</strong></span> <span class='ocrx_word' id='word_1_781' title='bbox 3207 5323 3274 5364; x_wconf 80' lang='lat' dir='ltr'><strong>ex</strong></span> <span class='ocrx_word' id='word_1_782' title='bbox 3320 5309 3564 5364; x_wconf 88' lang='lat' dir='ltr'><strong>testimo-</strong></span> 
     </span>
    </p>
   </div>
   <div class='ocr_carea' id='block_1_110' title="bbox 1999 5393 3561 5472">
    <p class='ocr_par' dir='ltr' id='par_1_110' title="bbox 1999 5393 3561 5472">
     <span class='ocr_line' id='line_1_111' title="bbox 1999 5393 3561 5472; baseline 0.004 -21"><span class='ocrx_word' id='word_1_783' title='bbox 1999 5397 2090 5451; x_wconf 93' lang='lat' dir='ltr'><strong>nio</strong></span> <span class='ocrx_word' id='word_1_784' title='bbox 2118 5393 2365 5467; x_wconf 88' lang='lat' dir='ltr'><strong>Gregorii</strong></span> <span class='ocrx_word' id='word_1_785' title='bbox 2397 5397 2497 5468; x_wconf 86' lang='lat' dir='ltr'><strong>(g),</strong></span> <span class='ocrx_word' id='word_1_786' title='bbox 2534 5400 2625 5470; x_wconf 92' lang='lat' dir='ltr'><strong>qui</strong></span> <span class='ocrx_word' id='word_1_787' title='bbox 2659 5397 2920 5472; x_wconf 88' lang='lat' dir='ltr'><strong>Spiritum</strong></span> <span class='ocrx_word' id='word_1_788' title='bbox 2961 5409 3205 5456; x_wconf 89' lang='lat' dir='ltr'><strong>sanctum</strong></span> <span class='ocrx_word' id='word_1_789' title='bbox 3246 5399 3315 5456; x_wconf 87' lang='lat' dir='ltr'><strong>ab</strong></span> <span class='ocrx_word' id='word_1_790' title='bbox 3357 5400 3561 5458; x_wconf 69' lang='lat' dir='ltr'><strong>exterit</strong></span> 
     </span>
    </p>
   </div>
   <div class='ocr_carea' id='block_1_111' title="bbox 2073 5548 2316 5620">
    <p class='ocr_par' dir='ltr' id='par_1_111' title="bbox 2073 5548 2316 5620">
     <span class='ocr_line' id='line_1_112' title="bbox 2073 5548 2316 5620; baseline 0.008 -16"><span class='ocrx_word' id='word_1_791' title='bbox 2073 5548 2143 5620; x_wconf 88' lang='lat' dir='ltr'><strong>(e)</strong></span> <span class='ocrx_word' id='word_1_792' title='bbox 2180 5550 2316 5606; x_wconf 81' lang='lat' dir='ltr'><strong>ibid.</strong></span> 
     </span>
    </p>
   </div>
   <div class='ocr_carea' id='block_1_112' title="bbox 2077 5620 2568 5693">
    <p class='ocr_par' dir='ltr' id='par_1_112' title="bbox 2077 5620 2568 5693">
     <span class='ocr_line' id='line_1_113' title="bbox 2077 5620 2568 5693; baseline -0.014 -6"><span class='ocrx_word' id='word_1_793' title='bbox 2077 5621 2143 5693; x_wconf 72' lang='grc' dir='ltr'><strong>(Γ)</strong></span> <span class='ocrx_word' id='word_1_794' title='bbox 2173 5620 2332 5693; x_wconf 69' lang='lat' dir='ltr'><strong>Basil.</strong></span> <span class='ocrx_word' id='word_1_795' title='bbox 2359 5635 2444 5693; x_wconf 88' lang='lat' dir='ltr'><strong>ep.</strong></span> <span class='ocrx_word' id='word_1_796' title='bbox 2481 5623 2568 5680; x_wconf 70' lang='grc'><strong>47.</strong></span> 
     </span>
    </p>
   </div>
   <div class='ocr_carea' id='block_1_113' title="bbox 2075 5689 2392 5764">
    <p class='ocr_par' dir='ltr' id='par_1_113' title="bbox 2075 5689 2392 5764">
     <span class='ocr_line' id='line_1_114' title="bbox 2075 5689 2392 5764; baseline 0.003 -15"><span class='ocrx_word' id='word_1_797' title='bbox 2075 5689 2148 5764; x_wconf 84' lang='lat' dir='ltr'><strong>(g)</strong></span> <span class='ocrx_word' id='word_1_798' title='bbox 2180 5692 2273 5749; x_wconf 87' lang='lat' dir='ltr'><strong>Or.</strong></span> <span class='ocrx_word' id='word_1_799' title='bbox 2305 5692 2392 5750; x_wconf 63' lang='lat'><strong>90.</strong></span> 
     </span>
    </p>
   </div>
  </div>
