3958 6212
1683 365 1850 423 VITA
1890 362 1948 419 S.
1990 360 2074 416 BA
2083 358 2253 416 SlLll.

3487 359 3594 400 LVII

337 501 653 573 regionibus
678 500 830 555 viros
853 498 1062 569 pietate
1092 495 1271 553 claros
1302 504 1359 552 et
1381 495 1499 551 zelo
1520 495 1812 565 ﬂagrantes
1849 460 1916 544 ad
1946 490 1992 546 Α
2027 484 2318 546 conﬂasse,
2364 480 2459 536 sed
2512 482 2624 546 iam
2672 484 2851 573 antea“
2882 470 3171 573 cotlﬂalum
3219 467 3592 573 cgnﬁttnasse.

332 596 643 668 ungendum
671 592 930 650 Basilium
957 593 1229 648 excitasse
1260 598 1511 646 testatur.
1543 587 1661 644 Non
1694 588 1914 643 dubium

325 701 414 745 εει
438 690 569 759 quin
600 688 737 741 tanti
768 686 895 741 ﬁdei
927 684 1232 741 defensoris
1270 683 1557 753 praesentia
1588 682 1763 737 lucem
1794 681 1913 735 red-

329 782 527 836 diderit
556 779 813 834 Ecclesiae
839 777 1187 843 Caesariensi,
1215 786 1270 832 et
1313 776 1514 831 multos
1548 790 1615 829 ex
1654 775 1825 840 curia,
1855 788 1917 828 ac

329 874 477 927 torte
508 872 672 926 etiam
703 885 772 924 ex
802 870 936 939 ipsis
974 868 1244 939 episcopis
1286 868 1352 922 ad
1386 869 1657 921 saniorem
1691 875 1916 920 senten-

330 964 468 1019 tiam
507 964 814 1018 adduxerit.
855 962 990 1016 Nam
1032 970 1260 1016 testatur
1311 960 1606 1031 Gregorius
1632 958 1709 1030 (a)
1743 959 1916 1029 Spiri-

332 1066 451 1109 tum
490 1064 737 1110 sanctum
780 1053 995 1109 abunde
1022 1054 1238 1109 vicisse.
1268 1052 1375 1108 Sed
1405 1061 1586 1109 tamen
1620 1052 1763 1107 illius
1799 1066 1912 1107 mo-

330 1145 465 1200 uitis
518 1153 574 1199 et
630 1144 934 1201 hortatibus
987 1143 1167 1214 plures
1230 1144 1466 1213 episcopi
1521 1158 1626 1199 non
1666 1144 1917 1201 videntur

339 1237 598 1292 cessisse.
640 1235 776 1291 Nam
827 1251 1170 1292 cunreorum
1204 1252 1453 1301 numero,
1481 1237 1575 1306 qui
1604 1238 1914 1307 episcopum

336 1327 724 1396 proclamaturi
778 1335 958 1391 erant,
1021 1343 1160 1381 unus
1219 1328 1435 1382 deesset
1489 1328 1556 1381 ad
1592 1329 1913 1382 canonicam

328 1413 650 1470 electionem
674 1453 690 1479 ,
724 1414 983 1469 Nazianzi
1022 1418 1307 1485 episcopus
1343 1416 1419 1487 (b)
1467 1433 1575 1471 non
1619 1419 1792 1473 solum
1824 1434 1911 1473 se-

328 1514 567 1570 nectute,
589 1506 682 1560 sed
708 1507 869 1560 etiam
894 1506 1085 1561 morbo
1108 1507 1330 1571 fractus,
1356 1509 1701 1578 animamque
1721 1523 1910 1579 agens,

333 1594 443 1647 iter
476 1594 693 1663 aggredi
741 1610 847 1649 non
882 1595 1172 1663 dubitavit,
1203 1607 1264 1651 ut
1310 1597 1519 1653 calculo
1561 1613 1660 1654 suo
1687 1598 1912 1655 electio-

330 1701 457 1738 nem
510 1689 748 1755 juvaret.
785 1685 1003 1758 Colligit
1058 1687 1433 1745 Tillemontius
1482 1705 1545 1745 ex
1604 1691 1689 1746 bis
1730 1692 1912 1747 verbis

328 1778 579 1847 Gregorii
611 1781 918 1835 necessaria
942 1779 1109 1837 fuisse
1138 1782 1203 1836 ad
1232 1784 1559 1839 canonicam
1582 1784 1907 1840 electionem

2028 578 2145 633 Non
2178 590 2308 645 ergo
2352 570 2711 628 interfuerant
2736 565 3084 629 ordinationi,
3120 577 3220 619 nec
3252 561 3452 617 Basilio
3480 579 3596 616 ma-

2023 685 2125 725 nus
2163 668 2556 738 imposuerant,
2593 677 2693 716 nec
2753 676 2875 713 cum
2926 674 2992 713 eo
3040 654 3589 712 communicaverant.

2022 759 2243 815 Pondus
2270 755 2422 811 addit
2472 755 2601 809 huic
2637 752 2918 807 sententiae
2949 763 3137 803 eorum
3171 745 3416 802 Cmsarea
3468 755 3595 799 ante

2020 850 2310 907 Eusebium
2358 846 2640 901 discessio.
2672 842 2783 898 Cur
2837 842 2981 895 enim
3032 839 3314 903 Eusebius,
3344 836 3428 891 cui
3484 833 3597 891 Ione

2020 961 2144 1017 gum
2182 945 2287 998 iter
2315 940 2685 1010 peragendum
2724 943 2861 999 erat,
2892 934 3069 989 serius
3092 940 3271 986 tamen
3314 942 3476 998 quam
3502 925 3593 981 isti

2019 1036 2290 1098 discessit,
2336 1034 2437 1087 nisi
2497 1032 2625 1101 quia
2688 1023 2811 1084 'sese
2864 1034 3248 1097 proruperunt,
3298 1021 3479 1078 statim
3528 1036 3595 1075 ac

2017 1131 2190 1183 victos
2213 1143 2269 1181 se
2296 1142 2416 1180 esse
2444 1122 2733 1179 viderunt?
2768 1121 2897 1175 Illud
2926 1121 3089 1175 etiam
3115 1126 3437 1188 argumento
3483 1124 3592 1178 est,

2020 1221 2225 1286 insigne
2266 1214 2468 1284 aliquid
2517 1213 2613 1267 hos
2663 1212 2949 1281 episcopos
2998 1208 3214 1272 fecisse,
3242 1208 3383 1276 quod
3435 1206 3595 1275 hujus

2018 1311 2376 1367 dissensionis
2417 1319 2543 1363 totae
2576 1308 2827 1362 civitates
2858 1316 2911 1359 et
2942 1303 3128 1375 populi
3156 1303 3447 1373 participes
3473 1299 3591 1357 fue-

2020 1413 2163 1466 rttnt,
2194 1401 2417 1471 ejusque
2449 1399 2591 1453 fama
2628 1398 2694 1451 ad
2728 1406 2964 1451 remotas
2990 1395 3297 1466 provincias
3325 1394 3591 1463 pervenit,

2018 1509 2073 1548 ut
2104 1505 2286 1564 postea
2326 1492 2653 1547 videbimus.
2688 1488 2801 1543 Non
2833 1504 2967 1558 opus
2995 1496 3080 1542 est
3130 1487 3315 1541 verbis
3346 1484 3595 1540 refellere

2016 1585 2232 1639 Baronii
2292 1580 2362 1653 (ε)
2434 1582 2793 1642 sententiam,
2859 1580 2951 1646 qui
3006 1576 3193 1632 Basilii
3251 1575 3594 1631 adversarios

2013 1680 2183 1734 fuisse
2206 1678 2506 1737 existimat,
2540 1690 2644 1727 non
2680 1688 2774 1727 eos
2821 1687 2961 1741 quos
3003 1671 3238 1725 diximus
3285 1669 3589 1737 episcopos,

2012 1773 2105 1826 sed
2145 1770 2430 1841 praesidem
2466 1766 2836 1837 Cappadociae,
2885 1773 2933 1817 et
2981 1763 3116 1815 alios
3158 1762 3278 1814 huic
3326 1760 3592 1828 proximos

332 1871 555 1941 majoris
595 1872 764 1940 partis
791 1873 1164 1944 episcoporum
1196 1874 1477 1946 suffragia.
1507 1876 1661 1942 Quod
1687 1878 1905 1946 quidem
1939 1869 1983 1926 B
2015 1864 2273 1918 Cwsareae
2322 1869 2554 1929 agentes,
2607 1865 2657 1910 et
2714 1856 2976 1910 ciuitatem
3005 1855 3260 1923 susdeque
3294 1852 3590 1915 miscentes,

328 1977 396 2016 eo
427 1962 738 2032 diligentius
778 1964 1107 2018 servandum
1156 1974 1277 2020 erat
1309 1966 1363 2020 in
1403 1966 1665 2024 electione
1697 1968 1904 2034 Basilii,

331 2053 477 2121 quod
508 2068 616 2108 non
643 2053 813 2108 solum
858 2053 1044 2123 plures
1067 2054 1305 2125 episcopi
1340 2058 1776 2124 intercedebant,
1809 2061 1904 2115 sed

328 2146 497 2200 etiam
548 2147 833 2216 adju‘nctos
888 2162 1072 2202 secum
1130 2149 1401 2205 habebant
1451 2154 1801 2223 magistratus
1851 2163 1908 2209 et

326 2237 730 2307 perditissimos
757 2254 1004 2308 quosque
1031 2240 1196 2296 cives.

398 2328 789 2387 Proficiscente
821 2342 976 2403 patre
1020 2334 1239 2403 scripsit
1279 2335 1575 2407 Gregorius
1615 2339 1687 2411 (ο)
1727 2342 1795 2396 ad
1843 2342 1904 2397 S.

327 2421 651 2489 Eusebium,
686 2423 840 2490 cujus
890 2426 1067 2481 zelum
1111 2437 1167 2482 et
1216 2430 1442 2487 sudores
1491 2431 1672 2485 laudat
1699 2442 1754 2487 et
1780 2450 1906 2504 gra-

329 2524 439 2566 tam
494 2513 606 2569 Deo
656 2515 999 2579 libertatem;
1040 2519 1199 2589 eique
1232 2533 1509 2590 acceptum
1543 2523 1710 2579 refert
1764 2528 1907 2594 quod

326 2606 502 2672 patris
547 2617 797 2663 senectus
846 2622 1105 2666 renovata
1157 2613 1320 2667 fuerit
1356 2631 1371 2667 :
1402 2616 1542 2669 unde
1573 2616 1736 2670 etiam
1790 2633 1904 2671 rem

327 2711 395 2751 ex
462 2700 729 2754 sententia
786 2716 1164 2758 successuram
1224 2709 1692 2773 sperat:veniam
1748 2710 1902 2778 petit,

328 2790 474 2858 quod
504 2806 611 2847 non
641 2805 894 2849 accurrat
927 2796 995 2851 ad
1044 2796 1161 2865 ejus
1200 2798 1539 2866 complexum
1578 2800 1772 2869 linguis
1803 2802 1904 2857 im-

328 2883 625 2950 proborum
652 2888 884 2952 cedens;
919 2890 1014 2943 sed
1043 2890 1199 2957 paulo
1229 2900 1349 2959 post
1376 2903 1665 2948 venturum
1692 2909 1750 2949 se
1777 2911 1905 2963 pro-

330 2975 521 3042 mittit,
573 2979 715 3046 quod
774 2989 955 3036 tamen
988 2982 1283 3051 perfecisse
1331 3000 1435 3039 non
1485 2987 1718 3042 videtur.
1766 2988 1908 3043 Vicit

331 3066 547 3122 abunde
594 3067 831 3138 Spiritus
878 3081 1097 3127 sanctus
1140 3090 1233 3143 per
1258 3075 1547 3131 Eusebium
1599 3086 1656 3131 et
1699 3078 1907 3147 Grego-

330 3160 494 3224 rium,
523 3160 616 3229 qui
648 3175 773 3215 cum
807 3162 1076 3227 vehiculo,
1111 3172 1367 3235 tanquam
1403 3177 1647 3223 mortuus
1678 3169 1903 3237 feretro,

330 3252 620 3322 impositus
658 3252 871 3319 fuisset,
915 3271 981 3310 ex
1022 3256 1206 3312 labore
1250 3258 1396 3315 vires
1432 3261 1635 3327 traxit;
1674 3272 1730 3317 et
1783 3278 1905 3317 cum

331 3360 449 3398 rem
484 3346 699 3416 egregie
756 3347 1215 3417 administrasset,
1248 3365 1312 3405 ac
1362 3350 1698 3417 dimicasset,
1756 3353 1910 3409 Basi-

334 3437 582 3506 liumqne
638 3437 692 3491 in
755 3438 953 3493 throno
985 3440 1322 3503 collocasset,
1379 3442 1569 3500 ﬁrmus
1619 3460 1682 3499 ac
1724 3446 1911 3501 valens

334 3526 557 3580 domum
593 3528 772 3591 rediit,
802 3529 989 3584 oculos
1032 3543 1249 3585 erectos
1296 3532 1505 3589 habens
1558 3550 1588 3587 a
1653 3549 1909 3590 manuum

342 3618 689 3685 impositione
734 3627 790 3674 et
835 3621 1109 3686 unctione,
1145 3631 1309 3693 atque
1334 3624 1496 3680 etiam
1539 3625 1607 3680 ab
1643 3625 1787 3682 illius
1817 3629 1911 3697 qui

333 3708 641 3774 angebatur
666 3711 845 3779 capite
875 3712 1182 3768 roboratus.

386 3790 492 3851 'lll.
534 3799 844 3854 [avidorum
903 3800 1087 3857 Basilii
1137 3805 1333 3859 mirum
1386 3805 1440 3861 in
1492 3808 1710 3862 modum
1760 3806 1913 3864 furor

333 3891 566 3955 exarsit,
598 3893 687 3946 ubi
722 3902 950 3949 conatus
980 3910 1106 3950 suos
1161 3897 1212 3950 in
1269 3908 1488 3953 ventum
1526 3899 1725 3955 effusos
1768 3901 1912 3957 vide-

333 3990 508 4035 runt:
547 3981 846 4053 plagarum,
875 4000 1010 4054 quas
1054 3987 1158 4042 sibi
1200 3989 1302 4042 hac
1344 3990 1611 4046 electione
1650 3992 1910 4047 videban-

337 4084 429 4126 tur
455 4076 754 4143 accepisse,
785 4076 1135 4147 ignominiam
1160 4078 1301 4135 ferre
1324 4096 1429 4136 non
1459 4090 1771 4150 potuerunt.
1802 4084 1908 4137 lta-

334 4181 442 4234 que
489 4181 595 4220 non
626 4167 800 4221 solum
834 4170 1094 4225 conviciis
1144 4170 1463 4240 Gregorium
1496 4176 1806 4242 episcopum
1844 4187 1901 4230 et

335 4260 639 4315 maledictis
666 4274 1032 4327 vexaverant,
1070 4264 1163 4317 sed
1195 4265 1357 4318 etiam
1387 4266 1714 4321 o’rdinationi
1747 4268 1915 4321 inter-

324 4365 477 4411 esse,
522 4360 575 4403 ct
605 4365 727 4404 cum
771 4349 970 4405 Basilio
1016 4354 1421 4408 communicare
1472 4356 1781 4410 noluerunt.
1839 4356 1914 4411 De

333 4441 497 4495 factis
540 4441 680 4509 patri
724 4442 985 4496 conviciis
1030 4458 1136 4496 non
1175 4443 1297 4498 silet
1321 4444 1615 4513 Gregorius
1642 4445 1742 4516 (ά),
1784 4448 1914 4502 alte-

2016 1966 2070 2009 ut
2097 1956 2151 2009 in
2185 1954 2415 2024 gratiam
2443 1949 2631 2002 Ariani
2662 1946 2997 2018 imperatoris
3018 1944 3157 1999 alius
3185 1953 3456 1997 crearetur
3481 1942 3592 2011 epi-

2012 2063 2217 2110 scapus.

2090 2139 2175 2195 ιν.
2202 2139 2319 2206 Quo
2346 2137 2579 2193 Basilius
2611 2148 2752 2190 anno
2780 2132 3065 2189 ordinatus
3118 2128 3301 2191 fuerit,
3338 2142 3443 2181 non
3480 2141 3589 2180 una

2012 2244 2094 2290 est
2149 2234 2459 2290 criticorum
2517 2230 2837 2286 sententia:
2885 2224 3150 2279 Baronius
3188 2233 3243 2276 et
3296 2220 3592 2275 Bollandus

2018 2341 2160 2381 anno
2189 2324 2295 2380 369
2326 2324 2636 2379 ordinatum
2671 2320 2836 2375 fuisse
2869 2317 3239 2381 contendunt;
3278 2329 3420 2367 anno
3460 2311 3589 2375 370,

2015 2420 2269 2476 Petavius
2295 2429 2350 2474 et
2396 2415 2795 2471 Tillemontius.
2844 2410 2990 2466 Nihil
3023 2423 3205 2464 moror
3236 2404 3462 2472 Pagium
3497 2405 3591 2473 qui

2014 2508 2410 2566 ordinationem
2463 2504 2644 2560 diﬂ'ert
2689 2517 2864 2572 usque
2916 2501 2983 2554 ad
3042 2512 3242 2552 annum
3292 2495 3428 2561 57l;
3478 2493 3593 2548 haec

2018 2605 2165 2660 enim
2217 2601 2402 2670 Opinio
2444 2610 2595 2654 stare
2641 2612 2747 2650 non
2791 2602 2987 2663 potest.
3036 2592 3113 2645 Ex
3158 2590 3366 2645 duabus
3410 2596 3591 2642 autem

2017 2696 2144 2751 aliis
2178 2693 2466 2750 sententiis
2500 2693 2656 2757 longe
2683 2688 2861 2758 potior
2884 2686 3097 2741 videtur
3124 2699 3188 2740 ea
3214 2697 3375 2753 quam
3398 2678 3591 2735 defen-

2012 2790 2091 2844 dit
2123 2786 2521 2843 Tillemontius.

2089 2881 2144 2934 1ο
2198 2878 2406 2934 Pendet
2450 2876 2808 2933 ordinationis
2856 2888 3030 2927 annus
3074 2886 3142 2925 ex
3188 2869 3383 2925 mortis
3424 2866 3589 2921 anno.

2019 2971 2251 3028 Constat
2300 2971 2444 3024 enim
2498 2968 2756 3023 Basilium
2816 2964 3097 3034 praefuisse
3151 2960 3220 3033 (f)
3257 2968 3382 3015 octo
3420 2972 3592 3013 annos

2019 3064 2273 3119 Ecclesiae
2302 3062 2620 3118 Caesariensi
2683 3068 2738 3114 et
2773 3060 2845 3129 (g)
2899 3071 3097 3112 nonum
3146 3052 3432 3122 incepisse.
3472 3047 3592 3103 Non

2021 3159 2199 3211 minus
2263 3167 2473 3210 certum
2529 3162 2584 3208 et
2638 3151 2977 3220 exploratum
3033 3156 3117 3203 est
3168 3144 3310 3216 quod
3360 3150 3593 3198 testatur

1936 3227 1979 3286 θ’
2015 3250 2309 3321 Gregorius
2365 3244 2641 3318 Nyssenus
2693 3244 2793 3313 (h),
2838 3257 3028 3297 novem
3085 3250 3179 3294 aut
3232 3238 3417 3294 decem
3472 3245 3595 3306 post

2022 3342 2206 3396 Basilii
2234 3348 2461 3393 mortem
2494 3337 2794 3401 mensibus,
2839 3333 3132 3389 concilium
3160 3329 3465 3385 Antiochiae
3500 3328 3595 3381 ha-

2013 3435 2186 3489 bitum
2234 3432 2422 3494 fuisse,
2461 3431 2651 3486 sedata
2695 3426 3093 3496 persecutione.
3126 3421 3305 3490 Quare
3335 3436 3458 3475 cum
3489 3418 3594 3471 Ba-

2021 3526 2177 3582 silius
2223 3523 2420 3579 obierit
2456 3521 2709 3576 Calendis
2738 3517 3004 3582 Januarii,
3049 3516 3101 3571 id
3134 3513 3280 3584 quod
3314 3526 3343 3567 a
3380 3509 3597 3564 nemine

2021 3624 2267 3685 negatur,
2298 3626 2361 3665 ac
2387 3610 2613 3680 proinde
2632 3609 2734 3663 hoc
2759 3606 3074 3670 concilium,
3109 3603 3252 3672 quod
3277 3615 3469 3657 novem
3499 3607 3596 3653 aut

2016 3706 2200 3760 decem
2229 3702 2504 3757 mensibus
2536 3712 2654 3769 post
2676 3702 2794 3769 ejus
2826 3708 3055 3752 mortem
3082 3695 3323 3750 habitum
3354 3701 3457 3757 cst,
3485 3707 3596 3745 non

2016 3800 2257 3870 potuerit
2305 3797 2407 3851 nisi
2460 3792 2764 3863 Septembri
2814 3800 2907 3846 aut
2954 3788 3176 3844 Octobri
3233 3798 3420 3840 mense
3445 3784 3594 3839 cele-

2014 3891 2195 3957 brari;
2237 3900 2296 3944 ut
2327 3889 2396 3944 de
2427 3886 2681 3950 concilio,
2727 3885 2802 3939 ita
2839 3885 2905 3939 de
2947 3880 3130 3936 Basilii
3165 3877 3513 3935 ordinatione
3538 3884 3597 3931 et

2016 3993 2190 4037 morte
2218 3990 2537 4037 statuemus.
2561 3978 2618 4033 Si
2642 3976 2931 4032 concilium
2968 3974 3272 4028 referamus
3294 3970 3359 4024 ad
3388 3985 3591 4024 annum

2022 4075 2150 4142 578,
2179 4075 2341 4146 paulo
2377 4082 2497 4143 post
2527 4080 2757 4126 mortem
2789 4067 3033 4122 Valentis
3063 4065 3152 4135 qui
3193 4065 3279 4120 die
3305 4064 3337 4119 9
3364 4060 3593 4132 Augusti

2017 4168 2216 4238 periit;
2250 4181 2398 4221 mors
2428 4164 2615 4219 Basilii
2654 4164 2719 4217 ad
2750 4161 2874 4215 anni
2909 4158 3017 4214 578
3044 4158 3283 4223 initium,
3318 4155 3595 4211 ordinatio

2021 4262 2088 4315 ad
2128 4276 2330 4315 annum
2382 4257 2491 4313 569
2523 4254 2831 4311 referenda.
2889 4251 2947 4307 Si
2990 4250 3280 4306 concilium
3319 4245 3598 4303 dill‘eratur

2022 4355 2089 4409 ad
2123 4368 2323 4408 annum
2351 4350 2479 4415 579,
2514 4349 2783 4403 ordinatio
2836 4356 2891 4401 ct.
2938 4360 3089 4399 mors
3142 4340 3326 4397 Basilii
3387 4338 3594 4409 pariter

2019 4461 2128 4502 uno
2159 4460 2302 4500 anno
2326 4444 2502 4499 serius
2529 4440 2879 4495 collocandae.
2910 4437 3062 4504 Quod
3087 4442 3293 4503 spectat
3313 4434 3379 4485 ad
3414 4428 3598 4484 conci-

336 4550 456 4588 rum
489 4542 670 4588 autem
702 4533 913 4588 facinus
946 4538 1326 4603 praetermittit.
1366 4536 1471 4592 Sed
1499 4539 1623 4592 illud
1669 4555 1774 4593 non
1809 4541 1908 4595 ob-
1942 4568 1989 4624 ι)
2024 4540 2189 4603 lium,
2235 4534 2454 4607 egregie
2503 4535 2699 4605 probat
2742 4531 3118 4586 Tillemontius
3163 4528 3443 4597 episcopos
3492 4521 3597 4577 146

337 4642 493 4681 scure
518 4627 872 4696 perspicimus
909 4643 975 4681 ex
1009 4643 1094 4697 ep.
1122 4627 1192 4681 48
1232 4631 1298 4682 ad
1332 4627 1621 4683 Eusebium
1658 4630 1912 4686 Samosa-

340 4728 524 4775 lenum
557 4720 647 4773 ubi
698 4719 931 4774 Basilius
956 4720 1034 4775 sic
1064 4720 1295 4790 loquitur
1328 4741 1341 4774 :
1377 4721 1565 4776 Nostri
1602 4735 1778 4777 autem
1823 4741 1910 4793 spe

336 4823 387 4864 et
417 4814 807 4879 exspectatione
854 4830 956 4866 non
1003 4815 1246 4867 exstitere
1293 4816 1554 4870 meliores.
1597 4816 1762 4882 Nam,
1792 4834 1911 4871 cum

338 4906 519 4957 statim
547 4913 660 4971 post
698 4920 960 4973 egressum
992 4914 1137 4958 tuum
1182 4907 1532 4973 advenissent,
1577 4910 1747 4963 multa
1796 4910 1912 4979 qui-

337 4995 456 5044 dem
512 4994 683 5045 tristia
727 4994 922 5057 dixere,
972 4995 1136 5047 multa
1176 4997 1334 5049 etiam
1380 4996 1569 5065 fecere,
1608 5015 1669 5052 ac
1700 5001 1912 5053 tandem

302 5132 309 5141 .
337 5086 713 5147 discesserunt,
748 5085 960 5148 ﬁrmato
1002 5088 1149 5142 nobis
1181 5090 1483 5143 schismate.
1518 5088 1597 5144 Ex
1625 5092 1915 5160 postremis

340 5178 638 5231 testimonii
666 5178 849 5233 verbis
887 5178 1189 5250 colligimus
1220 5180 1523 5251 episcopos,
1568 5182 1695 5236 dum
1735 5181 1914 5236 Caesa-

341 5284 495 5323 ream
536 5278 657 5338 post
686 5284 965 5338 egressum
993 5271 1209 5327 Eusebii
1238 5273 1483 5335 veniunt,
1513 5274 1736 5328 minime
1770 5290 1917 5327 com-

341 5362 651 5418 municasse
692 5378 815 5417 cum
846 5361 1079 5431 Basilio;
1120 5378 1219 5419 nec
1244 5374 1357 5420 tum
1403 5367 1637 5436 primum
1681 5366 1916 5421 scltisma

419 5544 498 5609 (a)
525 5540 653 5595 Νη.
684 5558 766 5597 or.
795 5542 887 5597 20.

414 5619 488 5691 (b)
518 5612 645 5691 δεῖ.
679 5628 760 5665 or.
792 5613 878 5691 lg,
905 5612 994 5666 20.

413 5681 485 5751 (ε)
515 5681 643 5736 Naz.
682 5698 769 5748 ep.
797 5684 888 5737 29.

413 5756 493 5827 (d)
518 5754 610 5827 (ir.
644 5753 730 5807 19.

416 5822 489 5899 (ξε)
526 5825 605 5877 Ad
635 5839 722 5879 an.
754 5822 879 5879 370.

2021 4632 2268 4705 (totidem
2309 4629 2453 4684 enim
2514 4627 2641 4682 huic
2692 4625 2925 4681 concilio
2982 4620 3291 4676 interfuisse
3342 4626 3489 4686 patet
3526 4630 3597 4670 ex

2020 4721 2342 4779 collectione
2382 4716 2670 4787 ilolstenii)
2704 4732 2807 4770 non
2836 4716 3073 4783 potuisse
3108 4713 3245 4763 intra
3276 4710 3410 4762 duos
3444 4720 3598 4787 men-

2021 4828 2112 4869 ses
2162 4828 2238 4867 ex
2286 4810 2453 4863 variis
2499 4808 2708 4863 exsiliis
2742 4803 3088 4858 Antiochiam
3122 4797 3439 4860 convenire,
3470 4784 3595 4849 cum

2029 4906 2334 4979 praesertim
2366 4920 2575 4960 summa
2601 4910 2747 4957 esset
2776 4914 2956 4953 rerum
2993 4897 3044 4948 in
3098 4894 3342 4956 Oriente,
3389 4890 3598 4946 tristis-

2027 5002 2161 5055 sima
2179 4999 2335 5053 clade
2360 5006 2604 5065 accepta,
2628 4992 2985 5062 perturbatio.
3020 4988 3288 5043 Praeterea
3319 4987 3370 5039 in
3403 4986 3596 5039 eadem

2024 5090 2343 5147 collectione
2392 5090 2456 5160 (ἰ)
2510 5086 2771 5141 habemus
2828 5082 3115 5137 notmullas
3165 5078 3598 5147 subscriptiones

2026 5184 2432 5252 episcoporum,
2492 5181 2635 5233 inter
2690 5191 2829 5245 quas
2887 5175 3083 5245 legitur
3132 5186 3330 5226 nomen
3385 5168 3596 5238 Eulogii

2027 5274 2307 5330 Edesseui.
2348 5275 2418 5325 At
2463 5271 2507 5325 is
2539 5271 2713 5323 adhuc
2739 5268 3021 5336 presbyter
3046 5265 3336 5318 Antinoum
3390 5261 3598 5339 relega-

2039 5373 2122 5417 tus
2151 5362 2253 5417 sub
2292 5359 2535 5425 Valente,
2568 5358 2734 5413 rediit
2754 5357 3013 5414 Edessam
3046 5369 3178 5425 pace
3204 5353 3436 5416 reddita.
3461 5361 3600 5409 testo

2085 5542 2168 5609 (f)
2194 5540 2324 5593 Naz.
2357 5538 2639 5609 cartn.765.

2090 5608 2162 5680 (9)
2203 5610 2356 5680 Nyss.
2403 5608 2501 5664 Vit.
2531 5608 2703 5663 Macr.

2091 5685 2165 5751 ut)
2207 5682 2337 5734 Ibid.

2091 5762 2152 5821 (ι)
2184 5751 2333 5805 Tom.
2368 5751 2405 5816 Ι,
2445 5766 2560 5821 pag.
2594 5752 2707 5806 ιῑϋ.
