3958 6212
333 353 461 399 LVIII

1657 334 2160 392 PROLEGOMENA
2171 373 2187 391 .

334 455 675 512 Theodor‘eto
702 455 806 528 (a),
831 461 886 511 et
905 454 1073 510 Barse
1096 463 1311 509 mortuo
1335 453 1633 510 Ecclesiam
1664 454 1894 510 Edesse—
1923 455 1970 510 Α
2001 449 2276 515 interfuit;
2317 464 2441 503 nam
2487 441 2779 520 Gregorius
2811 448 3183 504 Nazianzenus
3219 445 3288 519 (ο
3314 447 3560 501 morbum

337 562 460 601 nam
494 548 750 617 suscepit,
803 562 867 601 ac
905 547 1186 602 ordinatus
1215 562 1244 601 a
1272 547 1329 602 S.
1372 547 1600 602 Eusebio
1636 545 1889 602 Samosa-

338 637 470 690 tensi
518 635 682 691 fuisse
723 636 1016 691 ferebatur.
1063 636 1159 692 His
1189 638 1323 692 adde
1349 637 1578 690 reditum
1618 636 1892 690 confesso-

337 736 512 774 ruma
549 721 821 790 plerisque
866 723 1142 780 historicis
1191 725 1449 780 Gratiano
1493 736 1770 795 acceptum
1804 739 1892 778 re—

337 809 488 863 ferri.
514 810 863 865 Revocatosa
902 810 1120 866 Valente
1152 813 1340 866 dicunt
1363 813 1588 866 Rufinus
1617 822 1672 865 et
1705 810 1893 864 Hiero-

336 914 549 968 nymus.
581 899 708 966 Sed,
740 902 785 956 si
815 902 866 956 id
901 904 1164 958 concessit
1197 903 1413 969 Valens,
1444 902 1727 973 perpaucis
1768 909 1893 956 ante

337 1000 565 1045 mortem
591 994 870 1048 mensibus
906 994 1196 1060 concessit,
1231 1009 1329 1049 nec
1350 994 1572 1064 proinde
1603 993 1735 1047 satis
1768 1007 1894 1061 spa-

336 1081 394 1133 tii
422 1081 542 1146 fuit,
570 1092 628 1136 ut
647 1083 933 1138 concilium
961 1098 1028 1138 ex
1060 1092 1138 1138 tot
1167 1082 1301 1138 locis
1331 1099 1437 1138 uno
1464 1091 1555 1137 aut
1581 1083 1750 1138 altero
1774 1091 1895 1154 post

334 1170 503 1239 ipsius
529 1180 756 1227 mortem
790 1187 971 1227 mense
999 1182 1299 1242 cogeretur.

407 1261 464 1316 2°
495 1263 674 1318 Multae
701 1278 790 1319 res
829 1273 994 1334 gestae
1025 1264 1232 1329 Basilii,
1268 1273 1494 1333 quarum
1523 1265 1717 1319 seriem
1742 1264 1894 1318 dein-

335 1369 462 1422 ceps
515 1362 804 1422 texcmns,
857 1355 1102 1426 inprimis
1153 1355 1456 1425 persecutio
1488 1394 1502 1419 ,
1554 1369 1713 1424 quam
1753 1369 1894 1410 anno

335 1447 434 1503 571
475 1457 529 1502 et
549 1449 657 1504 572
683 1450 965 1516 sustinuit,
1012 1450 1388 1505 necessitatem
1421 1449 1652 1504 afferunt
1677 1449 1894 1505 ordina~

336 1539 497 1595 tionis
522 1541 575 1594 in
598 1555 796 1594 annum
827 1539 932 1595 570
952 1539 1306 1598 conferendae.
1333 1540 1574 1595 Nondum
1598 1541 1737 1594 enim
1762 1543 1894 1595 duos

335 1629 682 1699 episcopatus
709 1645 881 1684 annos
906 1640 1216 1685 emeruerat
1257 1631 1516 1698 Basilius,
1547 1647 1668 1686 cum
1695 1630 1894 1686 Valens

337 1719 641 1775 Caesaream
664 1722 830 1776 venit.
863 1720 997 1775 Nam
1048 1721 1318 1792 insumpta
1361 1723 1700 1792 episcopatus
1739 1723 1891 1778 initia

337 1813 392 1865 in
432 1813 814 1884 recolligendis
863 1816 1246 1886 episcoporum
1272 1815 1624 1883 Cappadociae
1659 1815 1893 1871 animis:
1928 1807 1968 1862 Β

339 1903 479 1970 quod
507 1903 597 1958 ubi
620 1919 684 1958 ex
711 1906 975 1960 sententia
1009 1905 1266 1972 confecit,
1299 1905 1481 1960 statim
1507 1919 1791 1974 aggressus
1817 1912 1900 1960 est

339 1991 408 2045 ad
435 1992 862 2059 paciﬁcationem
901 1995 1286 2061 Ecclesiarum,
1336 2005 1390 2050 et
1425 2004 1534 2050 tum
1563 2010 1685 2050 cum
1718 1995 1898 2048 mitte-

339 2089 424 2135 ret
460 2081 788 2138 Dorotbeum
819 2084 873 2139 in
907 2085 1280 2151 Occidentem,
1307 2086 1701 2155 persecutionis
1727 2095 1901 2142 terror

337 2170 698 2228 denuntiatae.

409 2262 519 2318 Nec
572 2265 688 2321 leve
743 2277 1124 2337 argumentum
1180 2267 1528 2324 Tillemontio
1590 2265 1901 2337 suppeditat

339 2353 614 2409 ordinatio
651 2355 952 2425 DemopbiIi
980 2355 1584 2425 Constantinopolitani,
1608 2370 1767 2423 quam
1794 2353 1900 2407 Ba-

339 2446 490 2501 silius
534 2447 586 2502 in
630 2449 854 2516 epistola
906 2448 982 2519 (ὁ)
1033 2449 1220 2517 paucis
1265 2446 1539 2501 mensibus
1593 2455 1715 2514 post
1745 2460 1900 2500 suam

340 2539 509 2606 ipsius
535 2540 928 2594 ordinationem
954 2541 1154 2610 scripta
1182 2539 1394 2594 nuntiat
1424 2537 1680 2603 Eusebio,
1716 2537 1762 2591 si
1797 2536 1901 2591 mi-

342 2648 442 2688 nus
471 2641 527 2687 ut
555 2634 1008 2701 recentissimam,
1034 2633 1252 2698 saltem,
1284 2641 1342 2686 ut
1367 2633 1602 2686 nondum
1633 2630 1901 2700 cognitam

343 2727 393 2778 in
444 2724 806 2795 Cappadocia,
849 2741 969 2780 cum
1033 2725 1301 2780 Eusebius
1337 2725 1389 2778 in
1447 2724 1660 2795 Syriam
1722 2722 1902 2778 rediit.

341 2816 517 2882 Quare
550 2817 832 2885 utriusque
858 2817 1243 2880 ordinationis,
1289 2815 1474 2872 Basilii
1507 2825 1560 2870 et
1584 2815 1902 2883 Demophili,

343 2907 482 2962 idem
523 2906 644 2962 fere
678 2917 886 2976 tempus
913 2908 1131 2962 videtur
1170 2907 1358 2962 fuisse.
1397 2905 1567 2960 Porro
1605 2904 1904 2974 Demopltili

340 2997 737 3051 ordinationem
775 2998 1050 3067 pertinere
1097 2997 1162 3050 ad
1193 3012 1392 3050 annum
1415 2995 1542 3059 570,
1581 2995 1703 3048 inde
1736 3003 1902 3061 patet,

341 3088 483 3156 quod
517 3087 793 3142 Eudoxius
839 3087 955 3156 ejus
1006 3087 1259 3141 decessor
1290 3084 1384 3155 (c),
1432 3086 1522 3156 qui
1554 3085 1692 3139 hanc
1720 3085 1902 3139 sedem

343 3178 615 3231 invaserat
634 3191 774 3230 anno
791 3175 914 3241 560,
940 3176 1187 3230 undecim
1209 3176 1364 3229 annis
1393 3174 1722 3244 impietatem
1747 3189 1898 3230 suam

346 3266 616 3332 exercuit,
667 3281 729 3320 ac
761 3264 1142 3320 Valentiniano
1189 3265 1408 3320 tertium
1438 3272 1492 3318 et
1535 3263 1762 3319 Valente
1797 3272 1904 3319 ter-

342 3358 474 3413 tium
510 3357 818 3412 consulibus
840 3357 994 3412 obiit.

413 3448 509 3504 llis
542 3450 812 3503 rationum
848 3448 1134 3502 momentis
1172 3446 1425 3500 nonnulla
1487 3447 1587 3500 alia
1620 3448 1766 3502 addit
1792 3447 1906 3502 Til-

344 3541 652 3596 lemoutius.
691 3541 888 3596 Narrat
915 3539 1280 3610 Hieronymus
1333 3539 1384 3592 in
1416 3537 1555 3592 libro
1585 3539 1661 3592 De
1688 3539 1910 3607 scripto-

343 3635 486 3686 ribus
516 3631 880 3685 ecclesiasticis
913 3628 1168 3683 Basilium
1199 3629 1398 3684 obiisse
1438 3631 1540 3684 sub
1590 3628 1853 3683 Gratiano
1893 3647 1905 3687 ξ

345 3724 488 3794 quod
526 3723 742 3792 quidem
773 3722 997 3790 intelligi
1031 3736 1135 3775 non
1169 3730 1369 3790 potest,
1394 3720 1496 3774 nisi
1533 3720 1599 3773 de
1629 3720 1910 3788 interjecto

348 3817 489 3868 inter
558 3812 798 3868 Valentis
853 3823 1081 3868 mortem
1134 3822 1188 3867 et
1249 3811 1538 3866 Theodosii
1595 3811 1910 3868 electionem

349 3916 605 3971 tempore.

418 3994 590 4063 Objici
635 4004 820 4066 posset
866 3995 1008 4066 quod
1051 3995 1127 4050 ait
1163 3994 1217 4049 in
1247 3994 1437 4051 eodem
1485 3993 1620 4066 libro
1654 3993 1915 4064 Hierony-

351 4105 470 4143 mus
503 4099 748 4148 sanctum
791 4088 1020 4156 Ephrem
1058 4088 1160 4143 sub
1206 4086 1428 4142 Valente
1468 4097 1738 4142 mortuum
1770 4101 1910 4141 esse.

351 4181 503 4245 Nam,
534 4195 656 4234 cum
681 4187 856 4238 exstet
900 4179 1075 4234 sancti
1103 4178 1337 4248 Ephrem
1361 4178 1537 4234 oratio
1563 4178 1628 4232 de
1671 4177 1916 4232 laudibus

353 4273 559 4338 Basilii,
585 4273 752 4342 ipsius
780 4275 941 4327 etiam
971 4270 1158 4335 Basilii
1215 4285 1358 4324 mors
1398 4269 1500 4326 sub
1533 4268 1720 4323 eodem
1752 4268 1916 4337 impe-

354 4377 532 4420 ratore
565 4380 628 4419 ac
663 4367 888 4433 proinde
925 4367 995 4418 ad
1035 4364 1245 4418 initium
1292 4362 1418 4416 anni
1452 4361 1555 4415 578
1592 4369 1736 4415 esset
1775 4359 1916 4414 refe,

2001 555 2156 594 suum
2209 550 2454 606 excusat,
2503 557 2601 596 cur
2648 557 2749 595 una
2786 557 2907 596 cum
2965 555 3030 595 eo
3063 541 3206 610 justa
3255 540 3563 608 persolvere

2005 632 2203 688 Basilio
2254 648 2358 688 non
2414 635 2604 703 possit.
2654 632 2850 689 Sedata
2903 647 3034 702 ergo
3066 640 3184 685 erat
3236 631 3563 699 persecutio,

2004 728 2204 795 alioqui
2241 743 2343 781 non
2377 741 2539 781 ausus
2561 735 2708 781 esset
2735 726 3029 796 Gregorius
3051 723 3325 792 Nyssenus
3354 735 3566 786 magna

2005 819 2208 873 civitati
2240 819 2442 872 vultum
2466 833 2624 873 suum
2650 818 2974 882 ostendere;
3008 831 3070 871 ac
3098 814 3322 886 proinde
3348 812 3564 868 Valenti

1997 909 2259 977 superfuit
2279 909 2527 966 Basilius.

2079 1001 2254 1055 Sumit
2282 1001 2442 1054 etiam
2470 999 2855 1054 Tillemontius
2901 995 3201 1067 argumenti
3247 994 3386 1057 loco,
3418 993 3562 1061 quod

1999 1090 2076 1145 ait
2125 1090 2415 1160 Gregorius
2454 1088 2528 1159 (g)
2589 1105 2649 1144 se
2691 1086 3208 1153 Constantinopolim
3260 1083 3562 1153 profectum

2001 1196 2140 1248 esse,
2167 1197 2272 1234 non
2295 1192 2482 1248 praeter
2521 1179 2673 1248 {ortis
2699 1179 2840 1231 illius
2873 1178 3103 1230 veritatis
3133 1174 3560 1246 propugnatoris,

1997 1274 2186 1344 quique
2215 1271 2344 1324 nihil
2401 1286 2628 1340 unquam
2682 1269 2827 1322 aliud
2867 1269 2967 1321 nisi
3007 1269 3148 1336 piam
3178 1276 3227 1320 et
3271 1265 3562 1319 salutarem

2000 1367 2116 1420 orbi
2137 1367 2376 1419 universo
2401 1364 2696 1416 doctrinam
2729 1361 2966 1430 spiravit,
3013 1360 3330 1413 voluntatem
3370 1357 3564 1410 animi-

1997 1474 2098 1527 que
2141 1457 2476 1511 seutentiam.
2505 1455 2760 1521 Quamvis
2809 1453 2914 1507 huc
2959 1453 3182 1506 accedat
3215 1447 3562 1518 Theophanis

1998 1545 2330 1608 auctoritas,
2365 1559 2558 1598 vereor
2593 1552 2769 1597 tamen
2799 1543 3010 1597 utsatis
3045 1542 3257 1595 firmum
3295 1541 3366 1593 sit
3399 1555 3563 1608 arguo

1999 1649 2263 1705 mentum,
2293 1639 2432 1709 quod
2453 1653 2519 1692 ex
2550 1635 2792 1705 Gregorii
2825 1635 3006 1688 verbis
3025 1632 3240 1687 deducit
3266 1631 3562 1685 Tillemon-

2003 1733 2130 1786 tius.
2175 1729 2298 1784 Non
2328 1729 2468 1782 enim
2505 1741 2565 1781 se
2593 1725 2774 1779 Basilii
2802 1723 3027 1778 consilio
3061 1724 3160 1778 hac
3195 1722 3248 1774 in
3302 1735 3358 1773 re
3409 1734 3565 1772 usum

1999 1835 2121 1877 esse
2168 1820 2300 1874 dicit
2351 1817 2686 1886 Gregorius,
2739 1815 2834 1870 sed
2879 1815 3248 1883 conjecturam
3307 1810 3434 1864 facit
3495 1823 3564 1863 ex

2001 1929 2212 1969 summo
2243 1913 2390 1966 illius
2415 1910 2696 1965 catholicae
2720 1907 2986 1962 doctrinae
3009 1921 3216 1969 amore,
3252 1919 3348 1958 cur
3375 1904 3425 1957 ei
3459 1917 3569 1956 non

2000 2004 2376 2073 displicuerint
2416 2003 2651 2070 suscepti
2703 2000 2768 2054 ad
2807 1999 3138 2055 liberandam
3179 1995 3568 2052 Constantino-

2001 2096 2163 2166 polim
2199 2095 2430 2150 labores.

2071 2185 2333 2254 Opinatus
2356 2192 2438 2237 est
2462 2182 2724 2237 Baronius
2757 2181 3013 2236 Basilium
3043 2179 3131 2234 die
3158 2179 3224 2231 14
3247 2177 3388 2232 Junii
3416 2177 3570 2231 ordi-

2005 2287 2189 2331 natum
2235 2276 2421 2339 fuisse,
2463 2283 2519 2330 et
2565 2290 2688 2330 cum
2737 2275 2877 2329 inter
2918 2273 3060 2328 illius
3088 2272 3484 2326 ordinationem
3513 2279 3572 2324 et

2002 2368 2218 2424 Eusebii
2260 2367 2564 2422 decessoris
2615 2376 2844 2421 mortem
2891 2366 3094 2434 aliquid
3128 2363 3393 2418 efﬂuxerit
3431 2371 3569 2415 tem~

2002 2461 2172 2530 poris,
2209 2469 2436 2514 mortem
2468 2458 2684 2512 Eusebii
2715 2457 2890 2525 rejicit
2930 2458 2982 2511 in
3027 2471 3224 2510 annum
3255 2453 3571 2523 prmceden-

2004 2561 2131 2607 tem.
2159 2551 2287 2616 Sed,
2316 2553 2360 2606 si
2389 2552 2611 2606 obiisset
2638 2550 2903 2604 Eusebius
2931 2563 3074 2602 anno
3109 2546 3452 2616 praecedenti,
3479 2546 3568 2596 vix

2005 2643 2180 2697 serius
2234 2643 2539 2712 Septembri
2614 2643 2874 2704 obiisset;
2941 2641 3208 2708 siquidem
3274 2636 3573 2704 Gregorius

2005 2732 2378 2787 Nazianzenus
2406 2733 2693 2798 Eusebium
2744 2733 3186 2786 Samosatensem
3221 2729 3457 2782 invitans
3503 2728 3571 2778 ad

2005 2823 2346 2886 electionem,
2383 2825 2629 2878 hortatur
2683 2832 2744 2878 ut
2795 2823 2988 2878 hiemis
3037 2819 3373 2875 incommoda
3417 2829 3575 2871 antc-

2011 2925 2209 2968 vertat.
2264 2914 2335 2969 At
2394 2915 2615 2969 nimium
2682 2924 2826 2969 esset
2888 2913 3230 2968 intervallum
3302 2925 3332 2965 a
3386 2923 3574 2963 mense

2010 3004 2312 3074 Septembri
2341 3020 2510 3074 usque
2551 3005 2615 3058 ad
2645 3006 2784 3058 diem
2818 3004 2883 3058 Η
2921 3004 3088 3058 Junii.
3131 3001 3330 3056 Eadem
3364 3000 3574 3053 ratione

2009 3094 2272 3163 probatur
2325 3094 2721 3148 ordinationem
2770 3094 2858 3147 die
2913 3093 2978 3147 14
3023 3091 3169 3146 Junii
3208 3092 3404 3144 factam
3465 3104 3572 3143 non

2007 3166 2195 3237 fuisse.
2229 3182 2507 3249 Quomodo
2550 3183 2693 3236 enim
2730 3198 2835 3236 uno
2864 3183 3054 3236 saltem
3090 3194 3274 3234 mense
3306 3190 3429 3233 ante
3472 3181 3575 3234 hoc

2009 3283 2222 3342 tempus
2273 3273 2465 3328 hiemis
2517 3273 2857 3327 incommoda
2905 3272 3185 3327 metuisset
3232 3268 3577 3340 Gregorius?

2009 3366 2267 3432 Quamvis
2295 3375 2474 3418 autem
2511 3365 2564 3418 in
2603 3364 3001 3435 blartyroldgiis
3033 3363 3264 3418 Usuardi
3297 3371 3351 3416 et
3373 3360 3577 3416 Adonis

2010 3459 2131 3513 dies
2163 3457 2335 3512 festus
2363 3457 2550 3512 Basilii
2582 3458 2646 3511 ad
2678 3455 2822 3512 Junii
2853 3457 3123 3511 decimum
3153 3464 3400 3524 quartum
3434 3455 3577 3508 diem

2012 3560 2278 3618 ponatur;
2310 3564 2415 3602 non
2447 3556 2628 3601 tamen
2661 3563 2782 3601 eum
2803 3548 2911 3601 duo
2941 3547 3015 3600 illi
3042 3547 3334 3616 scriptores
3363 3545 3466 3602 hac
3493 3545 3580 3600 die

2009 3638 2318 3691 ordinatum
2368 3637 2576 3703 dicunt,
2613 3637 2875 3706 longeque
2924 3636 3256 3706 probabilius
3299 3643 3384 3690 est
3437 3635 3581 3689 hunc

2011 3730 2151 3784 diem
2203 3729 2422 3794 festum,
2473 3728 2562 3797 qui
2599 3727 2852 3783 Calendis
2895 3726 3136 3781 Januarii
3178 3727 3442 3781 celebrari
3473 3742 3578 3780 non

2013 3830 2246 3891 poterat,
2267 3821 2472 3874 idcirco
2497 3821 2549 3873 in
2601 3818 2819 3875 Junium
2850 3834 3084 3874 mensem
3112 3819 3367 3888 rejectmn
3391 3817 3578 3872 fuisse.

2018 3913 2201 3978 Quare
2243 3911 2413 3968 multo
2464 3912 2801 3967 commodius
2831 3911 3118 3966 Eusebium
3157 3912 3303 3964 circa
3337 3924 3580 3963 mensem

2016 3991 2231 4061 Junium
2293 4004 2497 4059 obiisse
2554 4004 2829 4058 existimat
2866 4003 3262 4069 Tillemontius,
3317 4001 3574 4057 Basiliam

2016 4106 2194 4150 autem
2251 4109 2439 4150 mense
2490 4094 2797 4164 Septembri
2830 4096 3137 4150 ordinatum
3175 4094 3358 4149 fuisse.
3403 4095 3581 4159 Atque

2022 4187 2162 4242 haud
2196 4187 2308 4240 scio
2342 4200 2408 4240 an
2441 4186 2603 4240 etiam
2630 4187 2807 4254 aptius
2826 4185 3105 4240 differatur
3136 4201 3305 4254 usque
3337 4185 3401 4239 ad
3430 4199 3584 4237 men-

2017 4294 2131 4334 sem
2199 4277 2484 4334 Octobrem
2549 4279 2845 4341 ordinatio,
2894 4280 3155 4345 adquam
3200 4278 3436 4331 invitans
3470 4275 3583 4328 Eu-

2020 4369 2229 4424 sebimn
2273 4368 2568 4438 Gregorius
2631 4367 2944 4430 metuebat,
2991 4383 3059 4422 ne
3108 4368 3184 4422 illi
3241 4366 3581 4422 incommoda

353 4457 537 4511 renda.
575 4456 679 4511 Sed
710 4457 761 4510 iu
799 4459 900 4511 hac
925 4457 1170 4510 oratione
1211 4463 1354 4507 tanta
1387 4461 1470 4507 est
1504 4452 1563 4506 S-
1593 4451 1822 4522 Ephrem
1851 4451 1916 4506 de
1949 4477 1994 4534 ι)
2019 4461 2212 4515 hiemis
2243 4460 2735 4525 subeundaessent,
2768 4460 2868 4514 nisi
2899 4469 3106 4513 mature
3131 4459 3581 4528 proficisceretur.

356 4552 578 4604 Valente
605 4550 858 4619 loquendi
895 4548 1141 4611 libertas,
1190 4557 1247 4600 ut
1278 4561 1401 4598 eum
1430 4543 1557 4598 huic
1587 4543 1916 4612 superfuisse

356 4645 666 4711 imperatori
701 4643 894 4696 merito
926 4642 1200 4696 existimet
1230 4638 1631 4694 Tillemontius.
1663 4635 1918 4692 Testatur

357 4737 726 4791 ’i‘itcodoretus
786 4735 866 4807 (ά)
906 4733 1243 4788 Arintltaeum
1302 4728 1612 4784 interfuisse
1665 4729 1749 4782 bis
1798 4744 1918 4797 quae

357 4827 922 4896 Trajanusliberrime
957 4825 1091 4879 dixit
1121 4823 1352 4886 Valenti,
1389 4837 1511 4877 cum
1562 4822 1607 4875 is
1651 4820 1918 4876 Constan-

357 4919 576 4987 tinopoli
633 4929 943 4972 versaretur
990 4931 1130 4970 anno
1157 4915 1281 4970 378.
1317 4913 1469 4973 Tunc
1497 4928 1626 4981 ergo
1679 4918 1913 4968 nondum

357 5009 564 5062 obicrat
611 5007 842 5062 Basilius
891 5005 982 5077 (e),
1031 5008 1123 5077 qui
1155 5007 1350 5061 mortui
1382 5006 1642 5060 Arinthaei
1697 5022 1916 5063 uxorem

357 5099 552 5153 litteris
578 5100 691 5154 suis
725 5099 1034 5154 consolatus
1067 5108 1167 5168 est.

432 5193 488 5244 In
522 5189 838 5258 Gregorium
864 5189 1162 5262 Nyssenum
1199 5194 1468 5262 praecipue
1496 5194 1698 5248 exarsit
1737 5207 1920 5261 perse-

359 5285 526 5349 cutio,
557 5282 648 5352 qui
687 5297 718 5335 e
738 5282 987 5336 manibus
1006 5282 1232 5336 militum
1263 5283 1500 5352 elapsus,
1539 5282 1776 5338 latebras
1800 5298 1922 5351 per-

359 5375 512 5444 sequi
547 5385 768 5432 coactus
821 5383 926 5430 est.
974 5374 1118 5429 idem
1169 5385 1348 5430 tamen
1405 5376 1680 5445 exsequiis
1737 5374 1918 5429 Basilii

431 5553 508 5616 la)
541 5549 680 5605 Hist.
711 5550 803 5602 lib.
833 5564 906 5615 IV,
932 5564 982 5603 c.
1018 5548 1103 5604 i8.

455 5623 505 5685 υ)
547 5622 643 5689 Ep.
677 5623 765 5673 68.

459 5698 510 5758 ε)
552 5687 764 5744 Socrat.
794 5689 886 5742 lib.
919 5704 990 5758 tv,
1025 5704 1076 5744 c.
1117 5687 1179 5744 14
1208 5705 1221 5754 ;
1268 5689 1486 5746 Sozam.
1525 5687 1618 5747 lib.
1653 5702 1726 5757 Vl,
1761 5701 1810 5744 c.
1843 5687 1926 5748 i5.

431 5757 511 5833 (ά)
545 5761 662 5816 Lib.
694 5774 766 5826 iV,
798 5773 846 5813 c.
872 5757 960 5814 '50.

2019 4552 2178 4606 Aliud
2229 4567 2406 4606 causa:
2436 4567 2555 4607 esse
2583 4569 2684 4607 non
2722 4561 2851 4620 puto
2897 4566 2994 4604 cur
3029 4549 3321 4619 Gregorius
3348 4549 3582 4604 Nazian-

2020 4660 2189 4699 zenus
2219 4656 2340 4698 octo
2366 4653 2571 4697 tantum
2601 4659 2773 4697 annos
2803 4642 2983 4695 Basilii
3013 4642 3353 4711 cpisc0patus
3396 4655 3586 4695 nume-

2027 4746 2133 4804 ret,
2170 4736 2272 4790 nisi
2301 4735 2452 4804 quia,
2487 4750 2607 4789 cum
2640 4749 2762 4788 sero
2787 4735 3065 4787 ordinatus
3108 4733 3268 4786 fuerit
3290 4748 3427 4784 anno
3457 4731 3583 4796 570,
3650 4718 3654 4722 ’

2023 4842 2317 4899 paucorum
2370 4827 2633 4880 mensium
2671 4826 2856 4878 habita
2910 4826 3049 4878 ratio
3101 4840 3206 4878 non
3259 4823 3382 4877 fuit.
3449 4822 3586 4877 Hinc

2024 4920 2186 4974 etiam
2214 4918 2471 4981 Basilius,
2503 4917 2749 4985 quamvis
2777 4916 2960 4969 multae
2985 4930 3283 4984 gravesque
3303 4914 3590 4969 subessent

2026 5026 2203 5065 causa:
2259 5008 2493 5063 Eusebio
2537 5016 2660 5076 post
2704 5007 3102 5062 ordinationem
3129 5007 3421 5070 scribendi,
3459 5020 3586 5060 sero

2030 5109 2208 5155 tamen
2260 5097 2310 5150 id
2357 5096 2505 5160 fecit,
2546 5112 2611 5150 eo
2653 5095 2794 5166 quod
2845 5095 3190 5164 Cappadoces
3219 5094 3286 5148 ad
3322 5094 3586 5164 ejusmodi

2028 5189 2220 5243 itinera
2273 5188 2452 5240 hieme
2507 5187 2783 5240 subeunda
2834 5188 3103 5240 tardiores
3158 5195 3362 5239 essent.
3415 5185 3585 5252 Objici

2027 5294 2210 5348 posset
2232 5280 2529 5334 Eudoxium
2559 5279 2704 5332 circa
2731 5293 2970 5332 mensem
3001 5277 3194 5332 Maium
3223 5278 3421 5334 obiisse
3447 5292 3589 5331 anno

2030 5375 2154 5438 570,
2183 5389 2281 5429 nec
2313 5381 2490 5428 tamen
2523 5373 2589 5428 de
2623 5373 2764 5428 illius
2791 5385 3101 5428 successore
3133 5372 3424 5449 quidquam
3457 5371 3588 5424 alla—

2108 5547 2178 5617 (e)
2198 5547 2311 5617 _ij‘.p.
2341 5546 2466 5599 269.

2107 5614 2170 5686 (Ῑ)
2197 5614 2322 5686 N312.
2360 5635 2447 5680 ep.
2480 5617 2566 5670 57.

2110 5689 2181 5760 (g)
2221 5685 2312 5740 Or.
2348 5685 2438 5746 20..
