3958 6212
1710 390 1866 445 VITA
1901 396 1960 445 δ.
1996 391 2265 446 uAStLIl.

3512 399 3603 446 ιιι

366 508 483 559 tum
527 518 650 558 esse
705 505 758 557 in
808 505 1211 577 Cappadociam
1251 518 1378 565 ante
1430 510 1664 565 reditum
1700 509 1942 572 Eusebii,
1974 515 2019 568 Α
2046 508 2123 577 pit
2149 508 2237 579 (j).
2274 505 2603 577 Supererant
2634 508 2796 563 etiam
2832 508 2885 562 in
2913 506 3242 577 Cappadocia
3272 506 3468 560 ethnici
3501 522 3604 561 non
3642 578 3643 581 η

364 610 525 663 quem
558 595 788 649 Basilius
836 597 914 667 (η)
955 603 1245 656 certiorem
1300 601 1459 670 hujus
1510 603 1584 657 rei
1619 601 1772 655 facit.
1807 602 1934 663 Sed,

370 696 428 738 ut
455 688 712 741 observat
747 688 1151 753 Tillemonlius,
1193 695 1441 763 quamvis
1466 693 1737 747 Eudoxius
1757 708 1940 745 mense

372 776 513 829 Maio
543 777 792 831 videatur
819 779 1044 847 obiisse,
1081 782 1192 836 ﬁeri
1221 785 1393 853 potuit
1428 793 1487 837 ut
1525 783 1766 837 Ecclesia
1797 782 1940 835 Con-

368 868 857 939 Stantinopolitana
894 889 1001 927 non
1051 877 1232 928 statim
1273 874 1588 943 Denmphilo
1618 874 1937 936 traderetur,

373 972 522 1013 mora
555 960 733 1029 aliqua
769 964 1071 1019 ambitiosis
1101 966 1243 1021 illius
1274 967 1515 1021 consiliis
1544 967 1814 1021 obstante.

962 1056 1193 1113 CAPUT
1234 1057 1370 1113 XIV.

372 1142 415 1195 1.
441 1141 847 1216 (Σαξςαζὶεηείιηη
878 1162 1072 1216 magna
1094 1150 1215 1216 ﬁdei
1243 1151 1438 1204 studia.
1471 1150 1536 1205 11.
1568 1150 1668 1204 Jus
1695 1148 1940 1203 θέωνι-Ιιί-

447 1230 565 1292 cum
591 1212 932 1292 Cwsariensis
964 1212 1217 1292 Ecclesia
1244 1220 1515 1292 probatur.
1564 1221 1651 1273 ΙΙΙ.
1683 1219 1810 1292 Post
1860 1220 1943 1292 di-_

446 1283 696 1363 giaionem
718 1283 1219 1363 Cappadocia’jdem
1241 1283 1346 1363 jus
1366 1292 1689 1343 retinuerunt
1719 1288 1943 1355 episcopi

445 1350 836 1407 C(rsariensesf
868 1356 955 1408 lV.
1010 1350 1538 1422 Objerta'solvunlur
1583 1370 1629 1413 et
1679 1350 1942 1413 decretum

441 1424 681 1475 secunda:
713 1427 902 1492 synodi
923 1428 1178 1494 generalis
1200 1428 1512 1495 explicatur.

444 1511 487 1562 1.
521 1508 717 1566 Paucis
748 1514 1139 1569 describendus
1171 1528 1252 1569 est
1305 1516 1656 1574 Cmsariensis
1691 1519 1944 1576 Ecclesia:

371 1610 595 1664 status,
651 1612 709 1656 ut
764 1604 1126 1673 perspicialur
1183 1621 1343 1675 quam
1404 1608 1690 1663 molestum
1748 1610 1944 1666 Basilio

375 1692 568 1757 fuerit,
613 1695 704 1763 qui
743 1704 974 1750 secretae
1016 1698 1142 1752 vita:
1176 1698 1421 1753 semitam
1453 1701 1503 1753 in
1538 1701 1749 1757 deliciis
1782 1702 1945 1757 habe-

370 1784 490 1850 bat,
525 1785 579 1838 in
621 1794 768 1839 tanta
811 1787 929 1840 luce
960 1788 1212 1843 collocari
1250 1791 1343 1859 (b).
1374 1790 1583 1845 Clarior
1612 1802 1733 1847 erat
1762 1794 1943 1848 C3583-

2052 599 2234 667 pauci.
2266 596 2400 651 Nam
2432 612 2529 666 per
2555 612 2742 651 omnes
2773 595 2885 650 fere
2917 611 3073 666 agros
3102 596 3273 665 sparsi
3318 602 3474 649 erant
3500 594 3609 648 Ma-

2044 691 2236 759 gusaei,
2276 705 2407 758 gens
2441 688 2815 757 superstitiosa
2861 688 2985 741 olim
3043 688 3107 740 ad
3159 687 3295 740 hanc
3332 685 3606 756 regionem

2043 782 2379 836 incolendam
2400 779 2675 848 Babylone
2703 780 2950 833 adducta.

2117 872 2174 927 S.
2219 872 2515 941 Gregorius
2549 869 2827 942 Nyssenus
2854 868 2929 940 (k)
2961 868 3027 921 ab
3059 868 3249 921 itinere
3298 864 3606 932 Hierosoly-

2045 965 2253 1019 mitano
2284 963 2633 1032 Cappadoces
2688 962 2788 1015 hac
2827 960 3060 1014 maxime
3111 959 3317 1013 ratione
3352 956 3607 1011 dehorta-

2045 1067 2152 1120 tur,
2194 1057 2357 1124 quod,
2398 1055 2442 1109 si
2484 1055 2573 1108 Dci
2611 1054 2953 1123 prmsentiam
2984 1067 3048 1106 ex
3107 1052 3171 1105 iis
3227 1065 3348 1119 quae
3400 1047 3607 1115 conspi-

2046 1150 2264 1202 ciuntur
2283 1146 2552 1215 coniicere
2579 1145 2760 1206 liceat,
2794 1145 2961 1199 multo
2985 1144 3158 1213 magis
3188 1143 3239 1197 in
3270 1140 3606 1210 Cappadocia

2046 1237 2205 1301 Deus,
2256 1250 2414 1303 quam
2472 1234 2593 1286 aliis
2647 1232 2698 1286 in
2734 1233 2870 1286 locis
2921 1231 3169 1284 videatur
3217 1228 3482 1283 habitare.
3532 1226 3607 1279 lbi

2044 1326 2186 1380 enim
2219 1324 2442 1395 plurima
2463 1338 2581 1377 esse
2609 1321 2817 1386 altaria,
2853 1337 2949 1389 per
2980 1335 3098 1390 quae
3116 1334 3310 1373 nomen
3343 1318 3435 1371 Dei
3464 1315 3608 1371 cele~

2044 1418 2255 1482 bratur,
2295 1432 2356 1471 ac
2386 1431 2521 1485 pene
2558 1416 2706 1484 plura
2738 1430 2898 1484 quam
2931 1415 2983 1467 in
3012 1422 3123 1467 toto
3155 1411 3286 1466 orbe
3318 1420 3607 1466 terrarum.

2047 1509 2191 1563 Inest
2219 1522 2351 1561 sane
2379 1509 2461 1561 his
2483 1508 2661 1560 verbis
2687 1521 2879 1575 magna
2900 1504 3279 1574 exaggeratio;
3313 1501 3405 1556 sed
3431 1510 3607 1554 tamen

2044 1602 2276 1669 perspici
2316 1616 2380 1655 ex
2413 1600 2516 1655 illis
2560 1609 2740 1668 potest
2797 1614 2916 1667 quae
2956 1598 3023 1651 ad
3062 1597 3156 1653 Dei
3210 1596 3409 1651 cultum
3441 1592 3612 1661 perti-

2047 1703 2198 1757 nent,
2227 1693 2517 1761 plurimum
2544 1693 2594 1746 in
2618 1691 2956 1761 Cappadocia
2990 1688 3294 1758 splendoris
3336 1684 3607 1739 habuisse.

2045 1784 2358 1839 Necessaria
2394 1798 2524 1837 sane
2576 1791 2692 1836 erat
2742 1781 2929 1851 religio
2971 1779 3274 1834 Christiana
3326 1776 3390 1829 ad
3428 1789 3611 1829 emen-

374 1890 471 1930 rea
518 1878 805 1932 catholica:
852 1879 976 1933 ﬁdei
1026 1882 1223 1945 studio,
1273 1898 1433 1950 quam
1488 1882 1686 1937 erectis
1717 1883 1845 1937 olim
1873 1885 1943 1937 ob
1980 1860 2256 1931 Bdandos
2308 1874 2687 1946 Cappadocum
2749 1888 2947 1937 mores,
3002 1872 3092 1940 qui
3153 1871 3293 1923 inter
3345 1867 3612 1937 pessimos

375 1963 526 2020 fusos
557 1967 741 2021 hostes
772 1970 1008 2037 tropxeis,
1030 1979 1121 2023 aut
1143 1982 1448 2040 Opportune
1479 1982 1588 2026 tum
1608 1973 1672 2026 ad
1707 1974 1937 2029 hiemem

378 2068 494 2111 ιιιιιι
533 2060 602 2111 ad
619 2069 861 2113 aestatem
894 2061 1021 2126 situ,
1049 2073 1142 2116 aut
1168 2064 1308 2132 quod
1339 2064 1579 2117 virorum
1608 2064 1759 2118 ferax
1776 2074 1941 2129 esset,

375 2159 434 2203 et
478 2148 686 2203 alendis
732 2152 1018 2219 pecoribus
1070 2155 1284 2220 idonea,
1335 2171 1399 2209 ac
1438 2169 1627 2209 omnes
1681 2157 1780 2209 sub
1832 2156 1946 2209 sole

373 2240 543 2295 urbes
571 2257 833 2308 equorum
863 2244 1115 2315 gregibus
1154 2257 1458 2314 superaret.
1487 2246 1644 2301 Nulla
1676 2246 1779 2300 alia
1810 2247 1946 2301 civi-

384 2341 471 2385 tas
508 2333 610 2386 sub
632 2332 846 2390 Juliano
880 2337 1193 2406 religionem
1221 2338 1402 2391 acrius
1426 2336 1789 2393 defendit.Ait
1812 2337 1946 2393 Gre—

375 2424 566 2491 gorius
596 2425 850 2496 Theologi
901 2436 1057 2498 pater
1085 2429 1155 2498 (c)
1201 2429 1339 2483 hanc
1365 2427 1665 2482 Ecclesiam
1705 2430 1944 2484 omnium

377 2532 519 2585 pene
558 2517 921 2573 Ecclesiarum
955 2530 1185 2574 matrem
1221 2530 1276 2575 et
1318 2521 1616 2589 antiquitus
1648 2519 1834 2584 fuisse,
1885 2536 1947 2575 ac

379 2623 526 2663 nunc
555 2610 717 2664 etiam
744 2626 867 2665 esse
888 2620 943 2665 et
976 2612 1207 2677 censeri,
1257 2627 1318 2665 ac
1356 2612 1408 2665 in
1440 2626 1559 2665 eam
1591 2613 1725 2667 alias
1766 2614 1951 2667 Eccle-

380 2702 513 2764 sias,
541 2702 705 2756 veluti
733 2702 993 2757 circulum
1022 2712 1210 2759 centro
1232 2704 1728 2773 circumscriptum,
1761 2704 1949 2760 oculos

384 2795 686 2862 conjicere.
715 2810 820 2850 non
850 2796 1023 2851 sdlum
1048 2807 1266 2866 propter
1294 2797 1415 2850 ﬁdei
1452 2797 1946 2866 integritatemjam

384 2886 513 2939 olim
548 2888 785 2941 omnium
819 2887 962 2941 fama
1006 2888 1377 2957 prmdicatam,
1405 2890 1501 2943 sed
1536 2890 1697 2944 etiam
1727 2890 1796 2944 ob
1831 2905 1954 2944 con-

384 2977 633 3032 cordiam
664 2979 952 3034 manifesto
982 2980 1076 3035 Dei
1116 2980 1378 3034 beneﬁcio
1412 2995 1746 3035 concessam.
1783 2979 1953 3049 Hujus

384 3072 511 3125 ﬁdei
553 3082 609 3126 et
640 3072 942 3129 concordia:
988 3072 1465 3142 przeclarissimum
1514 3074 1784 3143 specimen
1817 3074 1954 3127 vidi-

387 3178 529 3227 mus,
570 3178 693 3217 cum
720 3163 938 3229 Valens,
965 3165 1187 3234 ejusque
1223 3164 1537 3228 comitatus,
1570 3166 1764 3220 nefarii
1788 3166 1954 3220 haere-

386 3254 501 3317 tici,
546 3253 763 3308 inanem
816 3255 868 3309 in
932 3256 1287 3325 Oppugnanda
1341 3256 1587 3309 Cresarea
1650 3268 1943 3312 conatuum

392 3360 615 3399 suorum
645 3347 848 3399 exitum
884 3346 1186 3416 plorarunt.
1225 3347 1374 3403 Fidei
1412 3348 1616 3413 fervor,
1652 3358 1788 3405 teste
1828 3350 1958 3405 Gre-

392 3438 550 3502 gorio
580 3436 927 3493 Nazianzeno
971 3441 1073 3509 (ά),
1124 3456 1265 3510 saepe
1292 3441 1545 3510 populum
1570 3442 1954 3498 Cmsariensem

392 3530 445 3581 in
474 3530 829 3586 electionibus
863 3533 1235 3602 episcoporum
1262 3534 1327 3587 ad
1373 3535 1744 3588 contentiones
1782 3545 1836 3589 et
1874 3537 1957 3589 di-

390 3621 713 3677 micationes
768 3624 1081 3691 arripiebat.
1133 3623 1418 3693 Nunquam
1459 3625 1598 3693 apud
1644 3640 1737 3679 eos
1791 3626 1958 3679 inter-

390 3711 558 3766 missa
586 3712 710 3766 ﬁdei
738 3712 967 3768 Nicaeum
998 3715 1336 3783 prmdicatio,
1363 3724 1421 3768 ut
1446 3716 1704 3769 discimus
1752 3731 1816 3770 ex
1842 3719 1959 3784 ipso

390 3801 591 3856 Basilio
626 3802 719 3871 (ε).
783 3802 899 3857 Non
946 3804 1115 3858 solum
1169 3805 1433 3866 Caesarea,
1497 3806 1592 3859 sed
1647 3813 1755 3857 tota
1797 3808 1957 3859 etiam

390 3893 735 3962 Cappadocia
786 3896 1089 3949 incendium
1132 3897 1280 3961 illud,
1314 3898 1455 3966 quod
1491 3906 1658 3951 totum
1683 3897 1958 3951 Orientem

390 3996 719 4054 vastaverat,
769 3989 955 4042 saltem
989 4004 1156 4058 usque
1186 3991 1251 4043 ad
1283 4005 1481 4043 annum
1516 3989 1620 4042 575
1667 3989 1872 4059 effugit,
1906 3999 1964 4044 ut

390 4082 748 4150 perspicimus
799 4096 863 4135 ex
894 4080 1134 4150 pluribus
1195 4081 1374 4135 Basilii
1404 4082 1644 4149 epistolis
1693 4083 1780 4151 (n.
1824 4083 1960 4150 Quin

392 4178 559 4230 etiam
593 4177 668 4245 (ῃ)
692 4174 1042 4244 Cappadocia:
1072 4175 1306 4244 episcopi
1350 4185 1506 4228 erant
1546 4175 1712 4229 veluti
1758 4177 1964 4245 scopuli

395 4269 615 4336 quidam
658 4268 710 4321 in
740 4269 873 4321 mari
905 4272 1291 4337 prominentes,
1320 4281 1383 4320 ac
1413 4265 1648 4321 furorem
1678 4267 1955 4321 haeretico-

396 4374 519 4413 rum
551 4358 805 4413 ﬂuctuum
833 4361 1185 4429 excipientes,
1248 4359 1340 4427 qui
1396 4359 1521 4413 dum
1584 4357 1967 4425 frangerentur

398 4453 543 4505 circa
591 4450 1004 4518 Cappadociam,
1056 4465 1119 4505 ea
1177 4466 1296 4518 qua:
1339 4460 1483 4504 retro
1508 4459 1635 4503 sunt
1664 4466 1766 4504 non
1801 4451 1966 4503 allue-

2052 1967 2298 2022 homines
2331 1966 2605 2021 numerari
2636 1964 2903 2019 solebant.
2948 1961 3075 2015 lude
3108 1958 3269 2014 ﬁebat
3314 1966 3373 2011 ut
3404 1955 3494 2025 qui
3520 1964 3614 2007 aut

2050 2058 2341 2113 Christiani
2367 2073 2471 2112 non
2499 2064 2678 2121 erant,
2709 2064 2800 2109 aut
2820 2054 2873 2107 in
2900 2051 3206 2107 Christiana
3244 2040 3502 2117 religione
3522 2058 3617 2098 ve-

2053 2161 2225 2205 terem
2254 2144 2545 2205 hominem
2599 2147 2890 2204 servabant
2924 2144 3014 2215 (Ι),
3058 2139 3309 2196 omnibus
3358 2132 3613 2192 vitiorum

2052 2240 2280 2296 maculis
2309 2249 2645 2304 notarentur,
2696 2254 2761 2293 ex
2807 2252 2914 2306 quo
2951 2232 3222 2290 interdum
3247 2238 3389 2284 nata:
3424 2226 3482 2281 S.
3521 2226 3619 2278 Ba-

2052 2335 2172 2389 silio
2201 2332 2582 2403 ingemiscendi
2612 2346 2807 2386 causae.

2124 2424 2188 2480 Il.
2255 2422 2410 2477 Nulla
2466 2422 2692 2477 deerant
2722 2419 2983 2475 Caesarea:
3033 2427 3350 2486 magnarum
3403 2408 3615 2463 urbium

2056 2525 2369 2571 ornamenta
2412 2516 2541 2587 (m);
2569 2515 2660 2568 sed
2690 2526 2942 2581 magnum
2980 2509 3226 2578 inprimis
3253 2506 3416 2561 decus
3445 2500 3620 2556 Eccle-

2056 2609 2150 2663 siae
2172 2606 2491 2661 Cazsariensi
2516 2604 2776 2658 afferebat
2813 2603 3077 2657 latissime
3104 2594 3379 2668 pertinens
3401 2593 3620 2665 jurisdi-

2056 2701 2184 2755 ctio.
2217 2699 2360 2765 Quot
2393 2698 2535 2752 enim
2564 2694 2852 2765 provinciae
2885 2692 3112 2747 ducibus
3138 2700 3192 2744 et
3224 2688 3440 2743 vicariis
3479 2685 3618 2739 Pon-

2058 2792 2178 2846 ticze
2207 2790 2494 2858 parebant,
2527 2788 2751 2842 totidem
2796 2782 3147 2839 Caesariensis
3185 2778 3419 2849 episcopi
3472 2775 3620 2829 curis

2062 2884 2364 2939 commissae
2410 2881 2646 2935 fuerunt.
2682 2878 2841 2933 Certe
2883 2876 3160 2936 Armenia,
3212 2886 3334 2940 quae
3364 2884 3467 2923 una
3504 2875 3622 2919 erat

2060 2986 2124 3024 ex
2158 2970 2266 3023 illis
2300 2967 2614 3039 provinciis,
2672 2965 2891 3030 Basilio,
2941 2962 3105 3017 veluti
3138 2960 3353 3014 cuidam
3386 2957 3624 3012 exarcho

2060 3067 2301 3134 parebat.
2355 3063 2486 3117 Nam
2542 3076 2683 3115 anno
2716 3060 2822 3115 572
2862 3058 3176 3113 mandatum
3222 3054 3429 3122 accepit
3472 3049 3626 3102 Basi-

2063 3158 2164 3211 lius
2193 3156 2270 3227 (η)
2299 3157 2365 3211 ab
2397 3157 2739 3225 imperatore,
2767 3160 2826 3206 ut
2864 3150 3146 3220 episcopos
3177 3147 3304 3200 huic
3335 3141 3625 3213 provincia:

2060 3251 2233 3303 daret.
2284 3246 2584 3315 Adjunctus
2609 3256 2692 3300 est
2714 3245 2761 3299 ei
2794 3244 2974 3298 socius
3001 3242 3311 3295 Theodotus
3338 3234 3627 3303 provinciae

2061 3339 2528 3409 metmpolitanus.
2557 3338 2608 3393 ls
2644 3337 2844 3393 Basilio
2891 3336 2960 3390 ob
3006 3333 3149 3387 illius
3190 3346 3311 3386 cum
3345 3327 3625 3383 Eustatbio

2061 3431 2495 3501 conjunctionem
2550 3430 2926 3491 succensebat,
2976 3440 3074 3479 nec
3136 3425 3184 3478 ei
3218 3437 3433 3490 operam
3472 3433 3623 3473 suam

2064 3524 2279 3576 tradere
2314 3520 2502 3575 voluit.
2528 3520 2643 3573 Non
2674 3520 2879 3573 idcirco
2909 3518 3145 3570 animum
3174 3511 3456 3581 despondit
3480 3508 3629 3562 Basi-

2066 3613 2193 3678 lius,
2236 3613 2329 3668 sed
2364 3612 2629 3682 quidquid
2686 3611 2738 3664 in
2788 3611 2903 3680 ipso
2954 3610 3117 3663 situm
3166 3605 3289 3669 fuit,
3339 3602 3629 3671 diligenter

2063 3714 2355 3760 exsecutus
2400 3713 2485 3758 est
2526 3721 2540 3754 :
2596 3716 2783 3773 pacem
2820 3696 3125 3766 composuit
3171 3698 3313 3750 inter
3345 3693 3630 3762 episcopos

2063 3798 2350 3861 Armeniae,
2387 3810 2574 3852 eorum
2627 3796 2680 3849 in
2717 3793 2986 3848 nonnullis
3026 3792 3185 3846 rebus
3238 3784 3625 3856 negligentiam

2066 3890 2434 3961 reprehendit,
2483 3899 2538 3943 et
2582 3887 2648 3942 de
2683 3887 2748 3941 iis
2786 3885 3065 3950 sanandis,
3104 3897 3223 3952 quae
3252 3877 3625 3934 indifferenter

2068 3987 2119 4039 in
2155 3983 2413 4038 Armenia
2466 3979 2851 4050 peccabantur,
2908 3976 3123 4045 regulas
3156 3970 3506 4041 prmscripsit.
3529 3965 3633 4021 Co-

2066 4075 2253 4148 gnovit
2282 4072 2446 4125 etiam
2479 4069 2544 4123 de
2579 4068 2741 4121 illatis
2774 4066 2975 4136 Cyrillo
3006 4064 3258 4133 episcopo
3286 4056 3629 4118 criminibus,

2070 4147 2131 4220 ac
2165 4162 2429 4219 Satalensi
2466 4158 2719 4214 Ecclesiae
2759 4156 3073 4223 episcOpum
3130 4152 3295 4206 dedit.
3356 4147 3633 4202 Immerito

2067 4274 2197 4313 sane
2238 4253 2501 4323 ejusmodi
2564 4266 2756 4305 munus
2804 4247 3000 4302 Basilio
3045 4244 3394 4299 commissum
3426 4240 3635 4295 dicere-

2072 4362 2179 4413 tur,
2214 4364 2320 4404 non
2370 4355 2431 4399 ut
2470 4342 2748 4413 dignitatis
2798 4341 2940 4395 illius
2970 4338 3036 4393 et
3060 4332 3451 4406 jurisdictionis
3492 4331 3631 4384 ratio

2072 4441 2363 4495 haberetur
2387 4478 2402 4501 ,
2459 4436 2552 4491 sed
2588 4444 2807 4503 propter
2837 4430 3144 4485 sanctitatis
3177 4435 3230 4480 et
3262 4422 3522 4479 doctrina:
3552 4420 3633 4473 fa-

398 4544 551 4596 bant.
620 4542 676 4595 Si
730 4544 818 4610 qui
857 4543 1124 4595 interdum
1161 4542 1399 4611 episcopi
1460 4556 1626 4609 prave
1678 4544 1962 4605 sentirem,
2001 4546 2045 4603 ο
2074 4550 2234 4588 mam.
2262 4530 2443 4598 Neque
2477 4529 2618 4580 enim
2642 4523 2899 4592 ejusmodi
2924 4520 3229 4575 nominibus
3254 4512 3511 4569 devinciri
3546 4526 3635 4564 so-

400 4635 719 4703 populorum
780 4645 925 4689 metu
994 4649 1235 4688 errorem
1294 4648 1547 4703 premere
1609 4635 1960 4701 cogebantur.

400 4727 657 4782 Testatur
683 4728 824 4782 enim
859 4726 1150 4795 Gregorius
1175 4725 1545 4778 Nazianzenus
1574 4723 1650 4795 (Ii)
1681 4726 1968 4780 nonnullos

402 4819 688 4888 episcopos
720 4832 840 4871 cum
869 4817 1064 4870 Basilio
1095 4817 1146 4869 in
1183 4815 1304 4869 tidei
1337 4815 1550 4882 negotio
1585 4816 1805 4868 minime
1835 4830 1965 4868 cun—

405 4911 665 4974 seusisse,
696 4909 797 4963 nisi
827 4919 1083 4978 quantum
1111 4922 1203 4960 eos
1252 4906 1433 4975 populi
1470 4906 1777 4960 consentire
1806 4921 1967 4975 coge-

398 5004 550 5056 bant.
600 5001 729 5064 Sed,
762 5001 804 5054 si
852 5000 1069 5053 Arianis
1100 5000 1278 5052 aditus
1322 4999 1375 5051 in
1428 4997 1827 5066 Cappadociam
1862 5014 1964 5051 non

398 5092 599 5161 patuit,
634 5093 870 5159 antiqua:
920 5094 1152 5145 haereses
1202 5090 1436 5144 nondum
1487 5090 1540 5142 in
1593 5090 1693 5143 hac
1746 5090 1965 5157 regione

398 5192 560 5237 erant
586 5183 866 5236 exstinctae
898 5181 980 5250 (ἱ).
1017 5180 1149 5233 Nam
1168 5196 1228 5235 ex
1252 5180 1644 5234 Encratitarum
1664 5188 1807 5233 secta
1829 5180 1963 5233 duos

401 5274 685 5343 episcopos
713 5271 941 5326 Basilius
979 5273 1030 5323 in
1092 5261 1381 5325 Ecclesiam
1431 5271 1717 5323 redeuntes
1776 5284 1961 5323 susce-

478 5390 553 5455 (τι)
584 5387 682 5454 Ep.
708 5386 794 5441 48.

478 5460 552 5527 (δι
584 5459 744 5511 Basil.
772 5459 918 5527 hom.
952 5473 1007 5509 in
1040 5454 1197 5509 Cord.
1226 5463 1356 5512 tom.
1386 5455 1451 5519 11,
1476 5473 1525 5525 p.
1570 5455 1692 5518 112,
1726 5471 1778 5509 ιι.
1808 5456 1859 5506 2.

480 5526 550 5593 (⁷6)
582 5528 712 5581 Naz.
739 5543 825 5594 ep.
856 5526 947 5579 ‘22.

482 5601 560 5667 (ά)
588 5598 679 5651 Or.
714 5598 778 5651 19

484 5666 553 5731 (el
588 5669 682 5735 Ep.
719 5666 843 5728 140,
872 5683 926 5718 n.
959 5701 1008 5719 υ.

481 5740 551 5808 (fi
580 5739 677 5807 Ep.
799 5749 854 5790 et
878 5736 1003 5789 2’22.

484 5814 558 5880 (g)
588 5810 683 5878 Ep.
709 5808 837 5872 9.03,
862 5823 916 5859 η.
946 5808 996 5859 1.

2079 4626 2225 4681 lebat
2249 4621 2422 4691 gratia
2452 4617 2721 4681 Valentis;
2747 4631 2810 4669 ac
2836 4626 3093 4683 prmterea
3126 4608 3526 4663 detraxissetea
3553 4620 3637 4657 res

2072 4722 2135 4773 de
2156 4718 2279 4787 jure
2324 4712 2615 4777 Theodoti,
2647 4711 2736 4779 qui
2763 4707 3075 4778 prmclaram
3110 4702 3383 4756 habuisset
3419 4713 3636 4751 causam

2073 4809 2223 4863 missi
2250 4805 2477 4860 faciendi
2501 4803 2704 4864 Basilii,
2730 4814 2831 4852 nec
2865 4810 3037 4850 tamen
3071 4793 3227 4845 aliam
3254 4789 3476 4858 protulit
3503 4803 3640 4856 pra:-

2078 4912 2160 4955 ter
2227 4898 2376 4952 illius
2432 4911 2551 4949 cum
2610 4891 2891 4947 Eustathio
2948 4884 3406 4955 coniunctionem.
3454 4879 3640 4946 Neque

2077 4993 2241 5047 etiam
2282 4987 2607 5042 crediderim
2634 4983 2915 5044 Basilium,
2945 4995 3049 5048 qua
3074 4976 3258 5033 eratin
3281 4970 3637 5029 observandis

2078 5082 2385 5137 canonibus
2422 5078 2700 5147 religione,
2750 5076 2978 5127 libenter
3006 5069 3265 5140 ejusmodi
3316 5065 3497 5119 munia
3539 5060 3635 5114 oh-

2073 5173 2271 5225 iturum
2322 5167 2488 5222 fuisse
2528 5166 2582 5219 in
2624 5165 2795 5217 aliena
2847 5162 3144 5229 provincia,
3199 5162 3531 5226 repugnante
3574 5166 3637 5204 ac

2071 5278 2296 5331 operam
2332 5276 2485 5316 suam
2519 5258 2815 5327 denegante
2842 5254 3130 5326 provinciae
3164 5247 3603 5318 metropolitano.

2145 5380 2218 5449 (Ιι)
2250 5378 2343 5432 Or.
2368 5377 2458 5430 9.0.

2149 5456 2212 5517 (ί)
2249 5450 2344 5516 Ep.
2384 5448 2508 5511 188,
2531 5463 2648 5499 can.
2680 5448 2728 5498 1.

2150 5521 2212 5587 (j)
2244 5519 2337 5585 Ep.
2373 5517 2496 5577 ass.
2532 5535 2583 5571 ιι.
2607 5517 2658 5570 ιι.

2152 5590 2223 5651 tk)
2255 5587 2404 5639 'I'om.
2438 5588 2521 5640 ΙΙΙ.

2155 5661 2216 5722 (ι)
2256 5657 2351 5723 Ep.
2386 5657 2503 5709 119.

2160 5728 2254 5797 (ιιι)
2293 5727 2386 5793 Ep.
2424 5727 2506 5779 76.

2156 5798 2234 5869 (η)
2265 5798 2359 5866 Ep.
2383 5796 2471 5850 99.
