3958 6212
234 343 303 387 ις
1568 313 2094 370 PROLEGUMENA.

307 442 463 497 Anno
485 439 610 506 575,
642 437 874 494 Faustus
895 435 1112 507 quidam
1150 449 1216 490 ex
1261 432 1513 489 Armenia
1559 432 1708 487 venit
1731 433 1796 486 ad
1825 443 1875 503 Α
1901 436 1968 487 ad
1996 448 2055 488 se
2093 431 2342 504 querelas
2362 446 2425 487 ea
2449 431 2516 486 de
2544 445 2602 486 re
2631 429 2933 486 detulisset.
2978 428 3284 498 Respondet
3315 429 3476 485 Basi-

237 535 492 589 B.isiliuttt
520 547 642 589 cum
681 530 876 586 litteris
905 529 1006 585 viri
1054 527 1306 599 potentis,
1339 541 1459 595 quae
1497 535 1555 578 ut
1581 525 1684 578 iste
1716 538 1804 576 or-

238 624 520 680 dinaretur
572 621 854 692 episcopus
884 621 1153 688 petebant.
1191 617 1396 684 Bejecit
1428 631 1551 670 eum
1577 614 1802 668 Basilius

241 718 368 786 quia
418 713 616 768 litteris
639 723 694 766 et
725 710 1051 766 testimoniis
1103 709 1479 777 episcOporum
1534 705 1804 759 Armeniae

241 808 475 862 munitus
518 820 623 860 non
656 814 792 859 erat.
826 803 932 858 Sed
977 804 1078 857 iste
1119 800 1358 869 confugit
1395 799 1459 852 ad
1488 797 1802 852 Anthintunt

241 898 600 969 Tyanensem,
634 894 884 949 secunda:
918 889 1273 962 Cappadocize
1309 888 1801 956 metropolitanum,

240 987 355 1054 qui,
387 985 619 1040 libenter
643 983 981 1038 occasionem
1020 982 1289 1050 arripiens
1320 979 1656 1032 vindicandae
1703 975 1802 1030 sibi

235 1076 648 1148 juris-dictionis,
703 1075 957 1129 Faustum
1023 1072 1318 1126 ordinavit.
1381 1067 1710 1125 Permoleste
1752 1067 1804 1120 id

243 1171 366 1226 tulit
417 1167 650 1223 Basilius
680 1166 777 1238 (a),
804 1181 868 1221 ac
904 1164 1150 1236 pluribus
1183 1164 1236 1218 in
1265 1162 1509 1233 epistolis
1565 1167 1806 1215 contem-

242 1271 394 1332 ptum
429 1274 488 1317 se
517 1275 547 1314 a
571 1257 792 1321 Fausto,
827 1267 882 1312 et
911 1256 1110 1311 factam
1157 1255 1260 1310 sibi
1311 1253 1563 1322 injuriam
1593 1252 1662 1307 ab
1694 1249 1807 1305 An-

244 1353 414 1408 thimo
437 1351 701 1422 queritur.
727 1349 942 1415 lnjustae
968 1363 1190 1418 prorsus
1207 1356 1261 1402 et
1288 1345 1532 1400 absurda:
1549 1343 1806 1414 querelae,

245 1444 292 1498 si
327 1443 470 1496 nulla
536 1450 654 1496 erat
707 1440 760 1494 in
807 1440 1114 1493 Armeniam
1160 1437 1394 1507 episcopi
1447 1433 1800 1489 Caesariensis

238 1530 560 1599 jurisdictio.
598 1526 898 1596 Quinetiam
956 1528 1079 1583 huic
1117 1526 1214 1593 rei,
1253 1540 1372 1594 qua:
1409 1533 1576 1578 totam
1614 1523 1807 1581 Arme-

246 1623 392 1679 niam
427 1622 858 1690 perturbaverat,
887 1618 1184 1673 remedium
1217 1615 1433 1687 aliquod
1451 1613 1685 1669 Basilius
1703 1628 1802 1683 pro

248 1728 457 1768 summa
483 1727 578 1768 sua
601 1710 869 1766 charitate
900 1708 1094 1764 atl‘erre
1125 1707 1314 1771 voluit,
1363 1716 1420 1761 et
1469 1705 1536 1761 ad
1589 1704 1804 1760 Preme-

248 1804 398 1860 nium
447 1801 686 1870 scripsit,
716 1811 774 1854 ut
805 1800 1091 1854 certiorem
1135 1811 1194 1852 se
1247 1798 1453 1852 faceret
1511 1805 1693 1853 utrum
1723 1809 1811 1849 res
1843 1797 1885 1851 Β

247 1895 428 1950 sanari
455 1907 624 1948 necne
649 1901 833 1961 posset
869 1909 884 1945 :
915 1889 1056 1961 quod
1081 1889 1295 1960 quidem
1345 1886 1485 1942 illius
1518 1885 1807 1940 auctorita-
1835 1941 1839 1945 ,

250 1992 356 2038 tem
381 1991 435 2039 et
457 1980 582 2052 jura
611 1981 923 2037 conﬁrmat.

317 2078 474 2132 Anno
507 2075 632 2141 575,
668 2084 882 2130 mortuo
913 2073 1209 2138 Theodoto,
1239 2087 1362 2127 cum
1390 2073 1687 2143 periculum
1728 2087 1813 2129 es-

248 2179 352 2232 set,
383 2181 451 2221 ne
479 2165 666 2220 Ariani
716 2163 854 2220 hanc
880 2163 1177 2223 Ecclesiam
1225 2173 1577 2230 occuparent,
1605 2162 1815 2219 Poeme-

249 2259 373 2314 nius
403 2256 697 2312 Sataleusis
733 2257 1036 2326 episcopus,
1074 2253 1325 2310 celeriter
1358 2254 1808 2312 antevenienduui

249 2356 424 2414 ratus,
448 2347 578 2404 inito
613 2361 735 2401 cum
781 2345 1000 2414 collegis
1031 2345 1278 2411 coiisilio,
1312 2345 1679 2413 Euphronium
1709 2343 1814 2399 Co-

249 2439 545 2496 loniensem
579 2439 630 2494 in
668 2439 807 2494 hanc
863 2435 1046 2492 sedem
1105 2434 1400 2490 transtulit.
1460 2435 1709 2491 Accessit
1749 2439 1818 2489 ad

251 2533 358 2591 hoc
387 2531 672 2588 consilium
697 2529 999 2587 auctoritas
1028 2524 1239 2592 Basilii,
1273 2535 1328 2580 ut
1357 2542 1420 2580 ex
1453 2526 1695 2596 pluribus
1726 2524 1817 2580 lit-

251 2623 387 2679 teris
421 2621 496 2693 (b)
527 2636 590 2676 ea
614 2620 682 2676 de
725 2634 784 2674 re
827 2618 1047 2686 scriptis
1079 2617 1412 2686 perspicitur
1445 2636 1458 2673 :
1490 2631 1619 2671 suas
1647 2617 1714 2670 ad
1751 2615 1817 2670 il.-

250 2715 362 2772 lum
394 2712 642 2783 querelas
687 2709 996 2766 detulerunt
1046 2709 1417 2774 Colonienses,
1457 2723 1592 2779 quos
1628 2709 1820 2762 huma-

250 2805 496 2862 nissimis
536 2803 735 2862 litteris
768 2801 1080 2858 consolatus
1109 2813 1212 2865 est,
1249 2816 1508 2870 spemque
1549 2801 1726 2854 attulit
1762 2813 1823 2854 se

252 2899 322 2957 ad
353 2915 447 2954 eos
472 2906 783 2964 venturum,
807 2910 869 2950 ac
901 2896 1150 2950 daturum
1186 2909 1408 2964 operam
1440 2903 1499 2947 ut
1529 2892 1632 2948 illis
1655 2891 1820 2948 satis-

251 2990 427 3049 ﬁeret.

325 3081 511 3138 Basilii
574 3081 627 3136 in
677 3081 849 3151 ipsum
900 3078 1131 3134 Pontum
1177 3077 1472 3133 exarchica
1524 3078 1824 3133 auctoritas

256 3173 672 3244 praeclarissimo
711 3178 1028 3237 argumento
1077 3170 1408 3233 ﬁrmaretur,
1439 3168 1482 3223 si
1518 3183 1704 3223 verum
1735 3183 1823 3223 es-

256 3271 341 3318 set
373 3259 517 3331 quod
573 3263 650 3316 ait
690 3258 1051 3320 Gothofredus
1095 3257 1192 3328 (c),
1250 3257 1404 3312 Ponti
1445 3259 1727 3328 episcopos
1753 3257 1821 3311 ab

256 3369 324 3410 eo
355 3363 682 3409 convocatos
707 3350 785 3422 (ιι)
819 3351 884 3408 de
916 3363 1064 3404 more
1098 3350 1164 3402 ad
1190 3350 1452 3419 synodum
1487 3349 1674 3405 fuisse.
1713 3347 1820 3404 Sed

257 3457 354 3498 eos
375 3445 439 3497 ad
457 3442 718 3514 synodum
740 3439 958 3494 minime
979 3449 1138 3495 vocat
1171 3459 1182 3494 :
1218 3439 1464 3494 hortatur
1499 3448 1732 3504 tantum,
1763 3449 1822 3494 ut

255 3533 620 3591 intermissam
654 3530 912 3586 obeundae
937 3529 1269 3589 celebritatis
1303 3529 1661 3600 S.Eupsychii
1695 3545 1823 3585 con-

257 3625 595 3680 suetudinem
615 3622 829 3678 tandem
863 3623 1152 3692 aliquando
1172 3634 1470 3678 resumant.
1503 3624 1820 3693 Quanquam

258 3715 377 3771 haec
408 3715 522 3784 ipsa
545 3715 880 3770 consuetudo
911 3714 1123 3768 videtur
1141 3715 1575 3768 observationem
1591 3723 1647 3770 et
1668 3728 1822 3769 reve-

258 3807 490 3868 rentiam
525 3806 578 3860 in
612 3805 911 3861 Ecclesiam
950 3804 1365 3870 Caesariensem,
1407 3816 1462 3860 ut
1488 3805 1540 3861 in
1580 3821 1821 3861 commu-

259 3912 381 3952 nem
411 3906 659 3966 matrem,
692 3897 966 3951 habuissc.
1019 3895 1125 3950 Sed
1158 3898 1362 3950 certius
1390 3895 1543 3949 nobis
1599 3895 1824 3950 rationis

259 3997 592 4044 momentum
641 3989 945 4057 suppeditat
993 3987 1268 4052 Atarbius,
1316 3986 1716 4051 Neocaesareae,
1765 3998 1825 4042 ut

259 4077 447 4136 multis
498 4077 813 4144 conjicimus
854 4077 1088 4141 indiciis,
1125 4079 1428 4145 episcopus.
1470 4076 1520 4130 ls
1549 4091 1669 4130 cum
1724 4076 1825 4133 Ba-

261 4168 444 4224 silium
465 4167 644 4223 media
676 4167 729 4220 in
763 4167 1010 4227 Ecclesia
1037 4167 1320 4222 acerrimis
1347 4166 1648 4221 maledictis
1679 4165 1825 4220 lace-

260 4266 459 4322 rasset,
493 4270 558 4312 ac
587 4264 845 4325 przeterea
875 4255 1166 4310 Sabelliani
1191 4254 1391 4308 erroris
1437 4265 1822 4317 accusaretur;

262 4347 458 4403 scribit
481 4345 547 4400 ad
579 4359 700 4398 eum
741 4344 971 4400 Basilius
1001 4342 1094 4414 (ε),
1127 4352 1184 4396 ιιι
1206 4342 1509 4405 Caesaream
1542 4345 1740 4411 veniat,
1774 4356 1828 4398 et

265 4438 332 4492 de
359 4435 524 4490 illatis
561 4434 881 4489 criminibus
921 4435 1262 4501 respondeat.

1909 522 2015 578 lius
2041 538 2098 578 se
2127 532 2406 592 acceptam
2442 519 2692 588 iniuriam
2733 519 2947 574 silentio
2999 518 3307 587 pertulisse,
3341 534 3475 588 pro-

1910 622 2095 682 pterea
2136 613 2278 682 quod
2307 610 2569 680 ejusmodi
2625 608 2885 664 molestiis
2915 620 3134 664 assueto
3167 609 3300 664 nihil
3349 611 3473 663 novi

1911 713 2004 756 aut
2036 702 2390 772 inexspectati
2441 699 2685 754 accidere
2714 699 3000 754 videatur:
3033 709 3287 752 caeterum
3321 715 3474 767 spent

1919 797 2024 852 sibi
2051 795 2328 865 aﬂulgere,
2364 793 2736 848 Marcellianos
2767 807 2796 844 a
2828 806 2885 846 se
2918 791 2968 844 in
2993 790 3479 859 Ecclesiammquis

1910 888 2307 942 conditionibus
2338 886 2623 939 adductum
2655 884 2740 938 iri.
2774 883 2900 938 Haec
2922 882 3178 937 discimus
3207 897 3272 936 ex
3313 884 3475 951 epist.

1909 976 2034 1032 266.
2062 975 2155 1030 tlis
2185 976 2385 1030 addere
2407 989 2694 1042 possumus
2725 973 2865 1040 quod
2899 973 3228 1026 Sozomeuus
3255 971 3321 1040 (ί)
3355 987 3482 1024 nar-

1909 1077 2014 1131 rat,
2035 1065 2352 1121 Gerontium
2379 1062 2844 1117 Nicomedienscm
2900 1063 3210 1130 episcopum
3246 1063 3314 1117 ab
3345 1061 3476 1116 Hel-

1909 1157 2051 1212 ladio
2080 1155 2400 1211 Caesariensi
2449 1155 2760 1209 ordinatum
2803 1153 2986 1208 fuisse.
3027 1154 3178 1207 Adde
3204 1154 3362 1208 etiam
3395 1162 3479 1207 te-

1910 1247 2216 1302 stimonium
2281 1244 2525 1314 Gregorii
2593 1242 2917 1297 Nazianzeni
2951 1242 3051 1313 (g),
3078 1244 3168 1311 qui
3211 1243 3483 1311 quinqua-

1911 1337 2056 1405 ginta
2088 1336 2185 1389 sub
2233 1334 2432 1388 Basilio
2481 1335 2896 1401 cliorepiscopos
2954 1340 3220 1396 numerat,
3274 1333 3326 1386 id
3371 1343 3478 1395 est.

1910 1430 2214 1498 episcOpos,
2247 1439 2305 1482 ut
2337 1427 2682 1497 probavimus
2715 1427 2764 1478 in
2789 1425 2942 1481 Notis
2975 1426 3039 1478 ad
3069 1425 3352 1494 epistolam
3385 1426 3480 1481 53.

1911 1521 2200 1590 Conceptis
2239 1521 2422 1574 verbis
2457 1517 2789 1572 Sozomenus
2840 1515 2916 1585 (It)
2963 1515 3201 1570 Pontica:
3255 1517 3481 1572 ditecesi

1915 1612 2164 1666 attribuit
2223 1609 2483 1681 quidquid
2540 1626 2572 1663 a
2618 1606 2864 1678 Bithynis
2896 1607 2963 1661 ad
3011 1605 3300 1662 Armenios
3350 1622 3482 1677 per-

1918 1703 2072 1760 tinet.

1987 1817 2070 1872 Ill.
2129 1817 2431 1884 Quinetiam
2502 1823 2785 1886 postquam
2846 1813 3186 1884 Cappadocia
3235 1812 3289 1867 in
3346 1814 3489 1868 duas

1913 1907 2218 1976 provincias
2254 1906 2423 1960 divisa
2473 1905 2596 1966 fuit,
2632 1905 2917 1972 episcopus
2961 1903 3311 1957 Caesariensis
3340 1903 3484 1955 amiv

1913 2001 1985 2058 sit
2013 1999 2226 2066 quidem
2275 1997 2689 2066 metropolitaua
2718 1995 2836 2065 jura
2861 1995 2912 2048 in
2946 1995 3236 2049 secundant
3277 1994 3492 2062 Cappa-

1914 2089 2144 2154 dociam,
2181 2089 2274 2143 sed
2309 2088 2594 2142 exarchica
2640 2086 2882 2140 retinuit.
2913 2083 3046 2138 Nam
3095 2083 3335 2139 Ecclesia
3383 2083 3492 2136 Na-

1915 2177 2195 2239 zianzena,
2247 2191 2367 2246 quae
2400 2175 2680 2244 metropoli
2735 2174 3008 2243 Tyanensi
3067 2174 3329 2228 attributa
3357 2172 3484 2237 fuit,

1916 2265 2244 2320 nouidcirco
2273 2265 2429 2320 desiit
2471 2265 2813 2320 exarclticam
2859 2265 3237 2320 auctoritatem
3290 2266 3342 2319 in
3377 2268 3494 2333 epi-

1917 2354 2094 2423 scopis
2113 2352 2534 2408 Ctesariensibus
2561 2353 2818 2408 revereri.
2843 2354 2896 2408 Id
2919 2353 3221 2424 colligimus
3243 2368 3307 2408 ex
3328 2356 3491 2422 epist.

1919 2442 1990 2497 54
2018 2443 2262 2513 Gregorii
2293 2442 2641 2508 Nazianzeni,
2688 2445 2779 2513 qui
2815 2459 2938 2499 cum
2994 2444 3326 2498 sustinendis
3375 2444 3497 2512 epi-

1919 2537 2230 2606 scopalibus
2257 2536 2458 2591 ntuniis
2515 2537 2777 2604 imparem
2801 2551 2860 2592 se
2894 2537 3100 2590 videret
3127 2538 3196 2590 ob
3227 2551 3493 2591 summam

1919 2629 2165 2699 corporis
2191 2627 2546 2692 debilitatem,
2577 2628 3298 2683 Helladium‘Czesariensem
3347 2639 3492 2692 orat,

1920 2729 1981 2777 ttt
2012 2720 2220 2775 senium
2270 2735 2448 2785 suum,
2501 2720 2677 2775 dando
2710 2719 3351 2775 Ecclesiaz'Nazianzeme
3378 2721 3498 2788 epi-

1920 2828 2106 2883 scopo,
2131 2813 2459 2867 consoletur.
2491 2811 2726 2872 Baronio
2749 2812 2966 2866 dubium
3005 2811 3226 2865 minime
3257 2811 3494 2874 videtur,

1920 2907 2050 2977 quin
2075 2906 2188 2960 hinc
2209 2905 2430 2973 epistola
2459 2907 2526 2959 ad
2550 2904 2850 2960 Helladium
2876 2905 3258 2959 Caesariensem
3281 2905 3484 2972 scripta

1921 2997 1994 3051 sit
2021 3015 2036 3053 :
2069 2996 2164 3050 sed
2184 2996 2308 3049 inde
2331 2994 2603 3050 concludit
2634 2996 2869 3050 nondum
2899 2995 3206 3062 episcopum
3239 2992 3494 3060 Tyaneu-

1925 3100 2038 3139 sem
2066 3083 2479 3154 metropolitano
2503 3084 2627 3154 jure
2663 3084 2717 3138 in
2746 3083 2987 3138 secunda
3027 3083 3367 3151 Cappadocia
3399 3096 3498 3149 po-

1851 3162 1898 3224 C
1931 3176 2083 3229 titutn
2112 3190 2254 3239 esse,
2297 3189 2419 3228 cum
2463 3174 2578 3228 haec
2631 3175 2895 3228 scriberet
2936 3171 3254 3242 Gregorius.
3302 3169 3498 3224 Merito

1927 3264 2171 3334 displicet
2200 3266 2311 3318 haec
2344 3263 2524 3332 opinio
2565 3261 2908 3320 Tiliemontio
2946 3279 2961 3327 ;
2997 3278 3061 3316 ac
3091 3263 3256 3315 alium
3313 3260 3496 3314 Caesa-

1928 3355 2092 3410 riensi
2131 3354 2426 3410 llelladium
2461 3355 2734 3426 intelligit,
2765 3371 2928 3408 unum
2981 3354 3214 3422 aliquem
3243 3351 3500 3407 videlicet

1927 3461 1992 3498 ex
2019 3445 2282 3515 episcopis
2307 3446 2558 3501 secundae
2586 3446 2960 3514 Cappadociae.
3003 3446 3107 3500 Sed
3140 3455 3366 3513 uterque
3394 3444 3500 3498 mi-

1929 3553 2030 3590 nus
2060 3535 2465 3601 animadvertit,
2494 3538 2845 3591 cxarchicum
2892 3537 2982 3606 jus
3012 3536 3266 3604 episcopo
3305 3533 3495 3588 Ctesa—

1929 3627 2093 3681 riensi
2127 3627 2358 3684 ablatum
2392 3643 2498 3682 non
2524 3627 2692 3682 fuisse
2737 3628 2787 3680 in
2824 3627 3058 3682 secunda
3089 3624 3430 3694 Cappadocia
3465 3641 3482 3689 ;

1931 3730 2034 3772 nec
2083 3731 2304 3772 necesse
2340 3725 2424 3771 est
2450 3726 2543 3771 aut
2583 3716 2746 3770 alium
2794 3715 3117 3771 Caesariensi
3181 3713 3488 3769 Helladium

1928 3822 2051 3863 Cum
2080 3805 2420 3864 Tilletnontio
2450 3809 2736 3878 suspicari,
2773 3819 2864 3861 aut
2897 3807 3224 3861 Nazianzum
3261 3805 3499 3859 nondum

1929 3899 2133 3969 Tyanis
2182 3898 2501 3952 attributum
2558 3913 2678 3952 cum
2737 3898 2968 3951 Baronio
2995 3897 3285 3966 conjicere.
3318 3891 3502 3947 Facile

1931 3991 2074 4046 enim
2105 3990 2421 4058 intelligitur
2439 4004 2624 4043 curant
2659 3989 2919 4044 Ecclesia:
2943 3989 3261 4059 jamdudum
3297 3987 3502 4053 episco-

1931 4091 1999 4144 po
2032 4077 2202 4130 viduzc
2225 4087 2280 4130 et
2313 4077 2379 4132 ab
2404 4078 2672 4133 haereticis
2721 4079 2966 4141 turbatae,
2996 4075 3172 4146 qualis
3205 4085 3331 4128 tunc
3374 4081 3498 4125 erat

1932 4164 2172 4220 Ecclesia
2205 4164 2572 4231 Nazianzena,
2606 4168 2874 4236 praecipue
2909 4167 3129 4232 quidem
3157 4172 3210 4216 et
3253 4162 3501 4230 proxime

1931 4259 1999 4310 ad
2029 4257 2498 4322 metropolitanum
2554 4270 2859 4326 spectasse,
2899 4260 2996 4313 sed
3033 4267 3208 4310 tamen
3263 4253 3498 4320 aliquam

1931 4346 2093 4416 hujus
2134 4345 2513 4402 sollicitudinis
2571 4360 2778 4416 partem
2807 4347 2872 4402 ad
2901 4346 3198 4402 exarchum
3250 4340 3495 4395 rediisse.

1934 4437 2092 4490 Certe
2124 4435 2342 4491 dubium
2384 4451 2505 4492 esse
2556 4454 2661 4492 non
2709 4447 2907 4507 potest,
2955 4439 3083 4505 quin
3118 4451 3177 4490 se
3227 4431 3501 4504 llclladius

334 4524 451 4594 Ipsa
487 4527 649 4580 etiam
680 4523 891 4585 Galatia
944 4523 1320 4578 auctoritatem
1372 4523 1628 4579 Ecclesiae
1653 4523 1832 4580 Ctesa—
1865 4517 1906 4573 Ι)
1934 4522 2284 4579 Caesariensis
2336 4525 2388 4578 itt
2435 4525 2538 4580 hoc
2581 4527 2850 4594 negotium
2909 4525 3313 4596 interposuerit.
3346 4508 3499 4582 'Eum

264 4618 460 4674 riensis
491 4617 743 4672 reverita.
768 4615 1005 4672 Marcelli
1049 4614 1302 4686 discipuli
1338 4631 1460 4670 cunt
1499 4618 1826 4687 petiissenta

263 4710 488 4776 Basilio,
515 4721 576 4764 ut
617 4709 672 4764 in
729 4707 1022 4763 Ecclesiam
1074 4707 1460 4778 reciperentur,
1506 4723 1605 4762 nec
1646 4709 1828 4762 statim

265 4801 644 4866 impetrassent
680 4799 822 4867 quod
859 4797 1132 4860 volebant,
1164 4797 1289 4865 quia
1346 4813 1432 4850 res
1488 4798 1668 4867 magni
1715 4812 1829 4850 ino-

264 4891 432 4946 menti
467 4897 605 4953 erat,
637 4902 701 4943 ac
737 4902 946 4956 magna:
993 4885 1433 4950 deliberationis;
1464 4885 1829 4954 confugerunt

265 4979 335 5037 ad
369 4978 708 5034 confessores
724 4975 1008 5045 Egyptios
1033 4977 1087 5029 itt
1115 4974 1398 5033 Palwstina
1425 4973 1660 5037 exsules,
1686 4984 1740 5028 ct
1762 4977 1828 5029 ab

265 5069 428 5132 eisin
454 5066 890 5134 communionem
947 5066 1147 5133 recepti
1183 5077 1328 5119 sunt.
1362 5065 1556 5118 Petrus
1587 5065 1826 5122 Alexan-

266 5163 476 5229 drinus,
507 5160 598 5235 qui
629 5158 815 5212 Roma:
841 5157 1184 5222 versabatur,
1214 5155 1409 5214 factam
1443 5156 1640 5213 Basilio
1657 5155 1828 5215 doluit

267 5251 542 5323 injuriam,
571 5264 737 5319 seque
767 5248 953 5302 mirari
975 5247 1170 5305 Basilio
1187 5248 1529 5318 signiﬁcavit,
1552 5251 1694 5320 quod
1721 5267 1824 5306 non

342 5432 420 5497 (α)
455 5432 624 5498 Epist.
663 5431 786 5496 120,
818 5429 944 5491 ηε,
973 5427 1095 5481 1'22.

343 5499 418 5573 (b)
459 5501 707 5573 Epﬂg'l,
732 5501 858 5566 228,
893 5498 1174 5573 229.__2_50.

369 5568 417 5634 ci
459 5568 830 5640 com'rneou.
865 5583 995 5627 tom.
1020 5568 1107 5637 Vl,
1134 5586 1188 5640 p.
1220 5570 1302 5625 12.

369 5578 417 5634 c)
459 5576 590 5624 Cod.
628 5576 717 5623 ῚΊΙΙ

346 5576 424 5714 id)
455 5640 557 5714 ΕΡ·
592 5639 717 5714 25?.

346 5710 415 5780 (θ)
454 5712 546 5785 Ep.
590 5710 711 5768 126.

1935 4617 2077 4671 enim
2138 4617 2450 4675 nominatim
2495 4619 2700 4673 incusat
2739 4619 3029 4688 Gregorius
3076 4619 3131 4675 in
3183 4620 3340 4688 epist.
3372 4619 3499 4687 225,

1934 4705 2075 4774 quod
2091 4706 2267 4761 obstet
2285 4708 2615 4762 ordinationi
2631 4709 2862 4778 episcopi
2883 4709 2932 4762 in
2952 4709 3188 4764 Ecclesia
3208 4711 3500 4765 Nazianze~

1935 4810 2002 4847 na
2035 4811 2050 4860 ;
2109 4797 2268 4866 idque
2302 4813 2408 4853 non
2436 4798 2668 4864 spiritali
2712 4797 2954 4864 consilio,
2989 4799 3085 4854 sed
3129 4800 3499 4856 contentionis

1933 4889 2136 4952 studio,
2169 4902 2269 4942 nec
2299 4889 2365 4940 ad
2393 4903 2660 4944 canonum
2695 4888 3086 4956 defensionem,
3121 4891 3215 4944 sed
3261 4891 3330 4944 ad
3360 4891 3497 4946 irant

1932 4978 2274 5047 explendam.
2316 4978 2502 5050 Neque
2556 4981 2719 5034 etiam
2777 4980 3006 5037 Basilius
3059 4980 3285 5038 ilelladti
3316 4981 3502 5037 deces-

1935 5084 2028 5124 sor
2057 5083 2246 5122 curant
2304 5070 2506 5136 abjecit
2541 5069 2797 5126 Ecclesia
2826 5070 3201 5125 Nazianzenur.
3234 5069 3368 5124 Cunt
3404 5088 3499 5124 ve-

1937 5158 2482 5226 ttissetNazianzum,
2516 5173 2574 5215 ut
2617 5172 2836 5218 emortuo
2877 5162 3133 5232 Tlteologi
3177 5166 3314 5232 patri
3348 5164 3498 5233 justa

1933 5253 2297 5324 persolveret,
2329 5265 2481 5325 rogat
2530 5270 2652 5310 eum
2698 5255 2990 5327 Gregorius
3037 5254 3134 5326 (ἱ),
3189 5263 3247 5308 ut
3279 5269 3495 5327 gregem

2011 5435 2080 5504 (Γ)
2120 5434 2236 5488 Lib.
2274 5449 2392 5495 vni,
2422 5450 2470 5488 c.
2504 5434 2556 5490 6.

2014 5507 2066 5571 (ιι
2128 5506 2308 5557 Carttt.
2344 5505 2393 5556 1.

2014 5507 2089 5644 (λζ
2130 5572 2248 5644 Lib.
2271 5587 2370 5644 _vtt,
2398 5589 2443 5628 c.
2479 5573 2530 5627 9.

2011 5578 2089 5644 Hi)
2130 5578 2248 5625 Lib.
2277 5587 2370 5637 νη,

2012 5644 2074 5716 (ί)
2112 5645 2203 5698 Ur.
2233 5641 2316 5696 19.
