3958 6212
1678 288 1835 346 V'lTA
1875 290 1931 344 S.
1967 289 2233 346 BASan.

3492 310 3580 353 ιιι

334 390 732 455 Nazianzenum
784 394 1123 463 consoletur,
1170 412 1352 452 curam
1398 400 1447 453 ei
1498 413 1648 454 suam
1704 415 1768 454 ac
1815 401 1911 455 du-
1940 406 1989 464 Α
2015 401 2319 467 obtinuisse,
2349 409 2400 455 et
2426 417 2531 457 una
2554 418 2675 455 cum
2706 400 2799 457 illo
2822 400 3013 456 Basilii
3037 403 3252 471 fratrem
3277 401 3583 475 Gregorium

332 495 481 539 ctum
527 486 929 554 promittendo:
967 489 1145 559 Ἠμᾶς
1182 489 1278 560 μὲν
1309 488 1452 544 οὕτω
1508 491 1915 564 παραμυθὴσῃ·

333 574 434 643 ςὴν
463 574 696 645 ποίμνην
718 574 775 629 δὲ
806 576 959 644 πῶς;
994 578 1207 650 πρῶτον
1251 579 1370 650 μὲν,
1410 580 1507 651 τὴν
1549 582 1646 651 σὴν
1686 582 1919 651 ὑποσχό-

339 683 501 736 μενος
533 668 857 723 ἐπιστασίαν
893 671 985 723 καὶ
1014 672 1326 743 ἡγεμονίαν,
1362 666 1422 725 οὗ
1455 675 1587 728 πᾶσι
1617 674 1777 727 καλὸν
1813 673 1919 726 ὑπὸ

334 759 435 822 τᾶς
466 760 742 829 πτέρυγας
796 763 1195 827 ἀναπαύεσθαι,
1246 766 1339 819 καὶ
1388 758 1448 817 οὗ
1508 765 1754 836 διψῶμεν
1818 769 1918 836 τῆς

337 854 522 924 φωνῆς
554 854 773 924 μᾶλλον,
805 857 838 927 ἢ
873 858 1055 927 πηγῆς
1086 858 1184 928 τῆς
1229 858 1643 929 καθαρωτάτης,
1697 860 1745 911 οἱ
1772 857 1916 929 δίψει

336 948 662 1019 κάμνοντες.
692 949 764 1004 Ac
797 967 891 1005 nos
930 952 1140 1022 quidem
1183 954 1251 1006 ad
1274 954 1412 1006 hunc
1436 953 1649 1007 modum
1670 951 1916 1006 consola-

338 1040 520 1094 beris:
564 1058 793 1111 quonam
834 1051 1014 1096 autem
1071 1052 1225 1111 pacto
1280 1045 1535 1114 gregem?
1589 1043 1829 1096 Primum
1870 1044 1917 1098 si

337 1147 523 1184 curam
561 1144 707 1184 tuam
758 1143 805 1186 et
847 1133 1063 1185 ductum
1106 1143 1251 1186 tuum
1281 1136 1398 1203 (hoc
1432 1144 1508 1188 est
1533 1133 1646 1202 ejus
1669 1134 1787 1201 uiri,
1819 1136 1914 1187 sub

337 1221 492 1288 cujus
519 1224 701 1288 pennis
734 1223 1057 1292 requiescere
1097 1225 1333 1277 omnibus
1367 1224 1646 1293 pulchrum
1687 1241 1749 1277 ac
1780 1241 1916 1294 prab-

338 1312 543 1365 clarum
577 1322 674 1376 est,
705 1324 750 1366 et
776 1316 930 1382 cujus
965 1332 1137 1369 uocem
1169 1318 1336 1386 magis
1364 1318 1595 1377 sitimus,
1634 1334 1792 1387 quam
1814 1334 1914 1387 pu-

339 1403 578 1455 rissimos
620 1402 808 1471 fontes,
830 1405 890 1467 ii,
924 1405 1015 1472 qui
1055 1406 1142 1458 siti
1167 1404 1434 1476 laborant)
1467 1422 1572 1459 non
1610 1406 1915 1474 defuturum

337 1492 662 1564 pollicearis.
712 1494 974 1549 Redeunti
1016 1511 1047 1549 e
1094 1495 1263 1550 Ponto
1299 1512 1440 1550 anno
1469 1496 1595 1563 575,
1626 1512 1747 1550 cum
1778 1512 1917 1549 nun-

338 1585 474 1637 tiata
515 1593 660 1638 esset
688 1580 967 1654 repentina
993 1585 1240 1653 Gregorii
1291 1586 1555 1641 discessio
1577 1628 1592 1653 ,
1620 1588 1833 1641 videtur
1862 1587 1913 1640 id

345 1675 574 1730 moleste
603 1675 787 1731 tulisse
809 1717 824 1741 ,
852 1692 1018 1746 seque
1039 1717 1054 1741 ,
1083 1676 1151 1731 ob
1190 1677 1334 1731 hunc
1384 1678 1717 1746 inopinatum
1749 1691 1911 1732 even-

2019 490 2319 561 episcOpum
2366 489 2594 561 Nyssw,
2635 500 2685 545 et
2730 492 2966 546 Otreium
2994 494 3290 562 episcOpum
3333 493 3586 551 Melitinc

2018 583 2073 635 in
2099 583 2369 648 Armenia,
2408 595 2513 638 etc.

2090 671 2195 727 Sed
2238 674 2354 727 haec
2386 673 2515 727 lauti
2551 689 2672 729 esse
2715 689 2822 729 non
2863 674 3091 740 debent,
3128 682 3187 729 ut
3220 675 3287 730 de
3318 676 3584 729 rationum

2023 762 2331 827 momentis,
2367 778 2501 831 quas
2532 765 2597 817 ad
2637 763 3069 832 jnrisdictioncm
3107 765 3362 820 Ecclesia:
3404 766 3584 821 Caesa-

2017 852 2213 907 ricnsis
2252 853 2550 919 attulimus,
2599 855 2890 923 quidquam
2935 856 3234 908 detrahant.
3272 856 3325 907 1ο
3370 855 3587 912 Minime

2018 945 2236 1009 mirum,
2296 946 2339 999 si
2390 946 2627 1015 synodus
2672 946 3268 1015 Constantinopolitano
3320 950 3491 1002 sancit
3528 958 3587 1001 ut

2017 1036 2307 1107 Egyptum
2341 1042 2625 1106 episcopus
2647 1038 3044 1093 Alexandrinus
3074 1051 3245 1107 regat,
3284 1041 3350 1094 de
3377 1041 3588 1109 cpisco-

2018 1130 2100 1197 pis
2132 1139 2307 1183 autem
2362 1129 2645 1199 Ephesinis
2685 1142 2739 1184 et
2783 1130 3207 1186 Cassariensibus
3243 1134 3382 1186 idem
3411 1134 3584 1187 nomi-

2018 1219 2189 1270 natim
2233 1234 2338 1272 non
2390 1221 2596 1273 statuit.
2643 1220 2800 1274 Ratio
2838 1221 3165 1275 discriminis
3211 1221 3263 1275 in
3312 1233 3580 1291 promptu.

2017 1306 2181 1361 Multo
2233 1308 2404 1375 major
2458 1318 2577 1363 erat
2625 1311 2924 1365 auctoritas
2966 1311 3201 1380 episcopi
3236 1311 3582 1366 Alexandrini

2018 1399 2071 1451 in
2116 1398 2373 1469 Egypto,
2422 1416 2584 1472 quam
2643 1403 3018 1470 episcoporum
3081 1402 3469 1472 Ephesinorum
3530 1415 3585 1458 et

2016 1486 2425 1543 Ctesariensium
2486 1490 2537 1543 in
2596 1491 2924 1545 dioecesibus
2964 1494 3108 1546 Asiae
3142 1502 3196 1546 et
3243 1492 3495 1557 Ponticae,
3530 1494 3582 1546 in

2016 1579 2209 1648 quibus
2252 1581 2791 1650 metropolitanorum
2829 1584 3122 1637 auctoritas
3150 1583 3581 1649 jnrisdictionent

2016 1671 2233 1726 exarchi
2265 1673 2466 1727 arctius
2493 1675 2775 1728 coercebat
2819 1696 2831 1732 ;
2864 1675 3007 1744 quod
3038 1676 3089 1729 in
3117 1674 3351 1746 Egypto
3380 1676 3580 1730 factum

341 1777 453 1820 tum
475 1768 575 1838 (α),
601 1784 822 1823 necesse
858 1743 1165 1823 habiturum
1193 1743 1757 1837 putabatNazianzum
1784 1786 1908 1836 pro—
1942 1743 1985 1801 Β
2015 1760 2179 1815 ἷυίεεθ
2232 1778 2337 1815 non
2374 1763 2607 1819 Viden".
2644 1764 2718 1818 lbi
2746 1766 2889 1819 εηῖῐῐι
2925 1766 3015 1819 ViX
3054 1766 3147 1819 υΠὶ
3192 1768 3439 1821 νὶιῐθηιυτ
3485 1782 3583 1821 8!-

340 1857 535 1911 ﬁcisci.
580 1856 748 1912 Porro
790 1873 895 1911 non
942 1857 1045 1911 alia
1091 1873 1208 1912 esse
1265 1864 1440 1928 potuit
1488 1860 1647 1927 hujus
1700 1860 1909 1916 itineris

343 1947 677 2016 suscipiendi
728 1962 933 2013 causa,
990 1949 1093 2003 nisi
1146 1956 1204 2002 ut
1254 1948 1512 2006 Ecclesia:
1561 1950 1911 2008 Nazianzena:

342 2039 675 2107 provideret.

414 2125 504 2180 IV.
548 2126 773 2182 Frustra
828 2129 1087 2197 ohjicitur
1144 2130 1541 2189 Caesariensem
1601 2135 1909 2204 episcopum

340 2218 456 2270 sedi
507 2215 1117 2288 Constantinopolitanae
1148 2222 1441 2288 subjectum
1484 2223 1647 2278 fuisse
1670 2238 1698 2276 a
1733 2224 1913 2278 conci—

345 2306 417 2361 lio
466 2306 912 2362 Chalcedonensi.
959 2308 1261 2375 Quinetiam
1307 2321 1431 2365 ante
1481 2313 1585 2367 hoc
1627 2314 1910 2368 concilium

339 2398 584 2465 episcopi
638 2398 1215 2468 Constantinopolitani
1256 2402 1686 2471 jurisdictionem
1755 2421 1909 2459 suam

338 2490 392 2540 in
434 2487 579 2541 Asia:
608 2497 665 2541 et
707 2487 947 2544 Ponticae
1000 2491 1262 2546 diteceses
1300 2494 1661 2548 extenderunt
1701 2512 1713 2549 :
1759 2495 1912 2563 cujus

342 2579 562 2647 quidem
590 2582 670 2633 rci
699 2581 866 2635 multa
900 2593 1115 2637 exstant
1140 2585 1382 2653 exetnpla
1409 2586 1618 2641 inAsice
1653 2587 1911 2655 dimcesi;

335 2671 465 2725 illud
481 2680 659 2724 autem
678 2671 729 2725 in
748 2670 967 2727 Pontica
988 2673 1212 2743 insigne,
1228 2677 1365 2744 quod
1382 2676 1479 2747 (lt),
1500 2690 1709 2733 mortuo
1729 2678 1913 2734 Firmo

336 2763 659 2818 Cazsariensi
685 2766 938 2833 episc0po
960 2806 975 2831 ,
1005 2767 1370 2823 Caesarienses
1405 2786 1433 2823 a
1467 2769 1523 2823 S.
1557 2770 1746 2825 Proclo
1773 2769 1914 2826 Con-

335 2852 820 2921 stantinopolitano
837 2854 1148 2925 episc0pum
1184 2858 1472 2926 petierunt,
1511 2859 1661 2928 isque
1685 2859 1910 2915 Thalas-

337 2946 475 2997 sium
508 2945 745 3015 elegitct
774 2948 1065 3003 ordinavit.
1101 2947 1348 3015 Frustra,
1384 2948 1625 3018 inquam,
1650 2950 1763 3005 haec
1778 2951 1912 3020 obji-

334 3035 572 3088 ciuntur.
596 3035 729 3089 Nam
762 3053 824 3091 ex
847 3038 933 3092 his
956 3039 1172 3108 quidem
1208 3049 1352 3093 recte
1387 3040 1656 3111 colligitur
1696 3042 1906 3112 episco-

337 3139 433 3192 pos
482 3125 847 3183 Caesarienscs
870 3141 923 3183 et
948 3128 1243 3197 Ephesinos
1265 3146 1367 3184 non
1394 3141 1554 3186 tantze
1575 3136 1907 3191 auctoritatis

338 3217 508 3272 fuisse
534 3259 549 3283 ,
608 3230 822 3288 quantae
860 3219 1225 3276 Antiochenos
1280 3232 1334 3276 et
1376 3223 1806 3292 Alexandrinos,
1853 3236 1909 3281 ut

336 3323 523 3361 eorum
552 3309 677 3376 jura
741 3312 1061 3366 immensam
1114 3314 1481 3382 episcoporum
1527 3315 1905 3370 Constantino-

343 3402 705 3468 politanorum
761 3414 1080 3473 potestatem
1143 3404 1458 3475 eﬂ'ugerent.
1520 3409 1593 3461 At
1633 3408 1745 3461 huic
1787 3408 1907 3475 jura

339 3508 614 3563 nunquam
673 3511 766 3551 eos
804 3498 1079 3563 habuisse,
1125 3498 1395 3554 immerito
1425 3514 1655 3569 prorsus
1696 3499 1910 3570 colliga-

342 3592 447 3637 tur.

410 3673 516 3729 Sed
570 3676 663 3745 qui
715 3677 1059 3731 exarchicnm
1126 3678 1212 3746 jus
1279 3678 1599 3734 Caesariensi
1661 3682 1908 3751 episcopo

339 3767 628 3835 denegarat,
660 3768 875 3823 decreto
924 3772 1111 3841 synodi
1153 3772 1501 3826 cacumenicze
1552 3774 1797 3825 secunda:
1830 3774 1911 3825 ni-

338 3868 547 3924 tuntur,
579 3874 700 3927 qua:
738 3876 945 3914 canone
980 3864 1014 3912 ‘2
1062 3860 1339 3915 Ponticam
1366 3862 1640 3916 dioecesim
1678 3878 1780 3915 non
1818 3864 1908 3917 uni

342 3950 583 4006 exarcho
631 3954 911 4018 attribuit,
961 3962 1018 4005 ut
1051 3952 1339 4023 Egyptum
1387 3955 1637 4022 episcopo
1676 3955 1908 4008 Alexan-

337 4040 490 4105 driae,
520 4041 612 4093 sed
642 4044 818 4097 sancit
855 4053 910 4095 ut
938 4043 1149 4098 Asianw
1192 4045 1464 4098 diaeceseos
1505 4045 1725 4113 episcopi
1756 4046 1911 4099 Asia-

339 4152 463 4188 nam
493 4145 699 4189 tantum
730 4137 1033 4206 gubernem,
1068 4155 1156 4192 nec
1178 4155 1279 4192 non
1308 4147 1357 4191 et
1382 4136 1614 4192 Pontica:
1636 4141 1910 4193 diaeceseos

338 4244 400 4279 ea
432 4238 637 4281 tantum
670 4246 786 4298 qua:
824 4230 892 4281 ad
929 4228 1206 4282 Ponticam
1238 4230 1505 4283 dioecesim
1540 4232 1832 4300 pertinent:
1864 4240 1909 4284 et

341 4316 586 4371 Thracia:
615 4337 675 4371 ea
717 4330 917 4372 tantum
950 4337 1067 4390 qua:
1091 4319 1328 4375 Thracia:
1352 4330 1495 4383 sunt,
1524 4323 1907 4376 administrent.

339 4408 509 4463 Favet
545 4410 669 4464 huic
697 4413 976 4464 sententia:
1009 4411 1296 4476 Socrates,
1331 4414 1421 4482 qui
1470 4414 1743 4478 Hclladio,
1770 4412 1905 4467 Gre-

339 4500 493 4566 gorio
532 4499 775 4570 Nysseno
813 4513 867 4553 et
907 4500 1086 4556 Otreio
1121 4518 1225 4555 non
1262 4504 1752 4557 extraordinarium
1805 4504 1905 4555 ali-

340 4592 485 4657 quod
517 4607 709 4646 munus
742 4608 771 4645 a
797 4593 1004 4664 synodo
1031 4594 1377 4648 commissum
1403 4595 1587 4657 fuisse,
1622 4598 1713 4649 sed
1741 4596 1908 4663 juris—

340 4684 633 4736 dictionem
660 4685 713 4736 in
745 4682 964 4739 Pontica
1007 4686 1227 4739 ditecesi
1259 4686 1608 4755 gubernanda
1655 4687 1902 4740 traditam

341 4774 641 4827 existimat.
671 4775 765 4828 Ait
796 4775 935 4830 enim
980 4776 1057 4847 (ε)
1098 4778 1237 4831 hanc
1286 4779 1549 4851 synodum
1578 4778 1905 4843 patriarchas

342 4868 673 4920 constituisse
701 4868 1086 4936 provinciarum
1118 4870 1257 4936 facta
1280 4869 1537 4922 divisione
1557 4909 1570 4932 ,
1599 4872 1673 4921 ita
1702 4879 1760 4921 ut
1786 4870 1907 4922 nul-

341 4961 422 5010 lus
452 4959 722 5025 episcopus
752 4959 896 5013 ultra
920 4961 1191 5029 praprium
1219 4960 1478 5013 dioecesim
1508 4960 1705 5013 alienas
1731 4960 1914 5015 Eccle-

340 5050 449 5101 sias
478 5046 768 5100 invaderet.
805 5046 871 5099 Id
902 5052 1037 5100 enim
1076 5059 1229 5102 antea
1260 5062 1461 5118 propter
1508 5051 1915 5117 persecutionem

341 5139 633 5205 promiscue
665 5138 863 5207 factum
907 5140 1098 5207 fuerat.
1132 5141 1204 5192 Ac
1235 5135 1541 5193 Necturium
1580 5143 1787 5210 quidem
1828 5160 1913 5196 re-

340 5232 482 5295 gium
538 5231 714 5281 urbem
760 5241 806 5283 et
858 5227 1097 5281 Thracia:
1151 5230 1441 5298 provincias
1490 5232 1731 5283 sortitum
1764 5248 1913 5287 esse:

345 5311 658 5363 llelladium
687 5329 827 5378 vero,
854 5313 945 5381 qui
978 5312 1228 5365 Cwsareur
1251 5314 1596 5380 Cuppadocitc
1618 5326 1728 5383 post
1758 5315 1907 5368 Basi-

342 5405 473 5455 liam
503 5413 615 5455 erat
647 5404 945 5470 episcopus,
978 5401 1212 5455 Pontirtc
1232 5402 1464 5456 diazcesis
1491 5405 1906 5471 patriurchatum

415 5628 491 5693 (a)
534 5625 630 5695 Ep.
660 5627 784 5680 an.

413 5702 487 5769 (θ’)
528 5699 738 5753 Socrat.
775 5697 865 5752 lib.
905 5712 995 5764 vn,
1030 5714 1073 5751 c.
1104 5696 1189 5751 48.

2015 1853 2224 1907 Stitisse
2260 1855 2680 1924 metrOpoiitani.
2701 1854 2760 1907 2°
2779 1854 3114 1925 Propositum
3152 1871 3254 1910 non
3280 1865 3399 1911 erat
3427 1870 3586 1925 syno-

2013 1944 2081 1996 do
2129 1943 2180 1997 in
2235 1944 2335 1998 hoc
2380 1946 2615 1999 secundo
2653 1961 2860 2001 canone
2912 1948 2979 2000 de
3034 1948 3198 2000 variis
3241 1949 3293 2002 in
3342 1964 3584 2017 unaqua-

2013 2050 2119 2107 que
2161 2037 2381 2091 dimcesi
2410 2037 2731 2106 dignitatum
2763 2040 3016 2106 gradibus
3044 2050 3310 2095 statuere:
3341 2041 3433 2095 sed
3463 2057 3586 2111 pro-

2015 2126 2199 2178 hibere
2228 2140 2296 2180 ne
2335 2126 2389 2179 in
2444 2128 2649 2181 alienas
2699 2119 2964 2183 dimceses
3005 2130 3284 2200 quisquam
3325 2146 3445 2185 sese
3480 2132 3580 2184 ob-

2016 2219 2269 2271 truderet.
2315 2216 2411 2273 Cui
2443 2219 2657 2287 quidem
2694 2223 2885 2273 canoni
2926 2237 3029 2275 non
3066 2222 3312 2276 videntur
3336 2222 3581 2277 occasio-

2015 2317 2133 2355 nem
2167 2302 2380 2358 dedisse
2419 2303 2789 2359 ordinationes
2834 2307 3226 2375 persecutionis
3274 2316 3511 2375 tempore
3549 2322 3580 2361 a

2015 2392 2072 2447 S.
2127 2393 2355 2448 Eusebio
2399 2404 2453 2449 et
2500 2396 2619 2450 aliis
2666 2397 2928 2464 ejusmodi
2958 2399 3420 2466 prazstantissimis
3452 2399 3583 2454 viris

2012 2484 2202 2551 factze;
2240 2486 2334 2540 scd
2378 2488 2554 2555 potius
2584 2487 2857 2557 illegitima
2900 2488 3115 2543 Maximi
3158 2506 3255 2560 per
3295 2490 3577 2560 episcopos

2016 2593 2046 2631 a
2078 2577 2236 2631 Petro
2262 2576 2631 2632 Alexandrino
2665 2578 2859 2634 missos
2883 2579 3171 2635 ordinatio.

2091 2667 2241 2731 Quod
2271 2674 2480 2736 spectat
2511 2668 2575 2721 ad
2604 2666 2917 2733 Socratem;
2948 2679 3089 2723 totus
3118 2678 3266 2724 errat
3295 2670 3397 2725 hoc
3427 2670 3545 2726 loco
3565 2714 3580 2737 ,

2013 2764 2067 2811 et
2094 2773 2213 2811 cum
2261 2759 2496 2813 secundo
2548 2774 2756 2813 canone
2808 2759 3090 2814 confundit
3144 2762 3288 2815 aliud
3341 2762 3580 2829 ejusdem

2014 2849 2201 2920 synodi
2243 2850 2543 2916 decretum,
2574 2864 2722 2919 quae,
2758 2860 2818 2903 ut
2854 2852 3066 2905 tandem
3094 2852 3383 2921 aliquando
3409 2852 3582 2905 barre-

2018 2942 2104 2995 tici
2133 2952 2546 2996 secernercntur
2571 2957 2598 2993 a
2635 2941 2935 3005 catholicis,
2962 2952 3142 2996 centra
3168 2944 3409 3014 qumdam
3435 2957 3584 2995 com-

2017 3032 2284 3084 munionis
2330 3031 2564 3085 instituit
2591 3032 2641 3085 in
2678 3032 2905 3103 singulis
2956 3033 3280 3087 dioecesibus
3304 3072 3319 3098 ,
3371 3042 3423 3085 et
3461 3045 3583 3101 spe-

2009 3125 2339 3179 etatissimos
2363 3123 2641 3193 episc0pos
2667 3124 2846 3194 elegit,
2876 3124 3191 3194 quibuscum
3214 3128 3304 3196 qui
3330 3139 3576 3179 commu-

2012 3219 2292 3285 nit-arent,
2338 3232 2433 3272 eos
2473 3233 2569 3288 pro
2622 3218 2903 3272 catholicis
2948 3218 3135 3273 haberi
3181 3219 3369 3282 voluit,
3425 3231 3586 3272 secus

2011 3324 2159 3373 vero,
2193 3310 2236 3363 si
2271 3323 2457 3363 eorum
2494 3318 2742 3363 carerent
2765 3308 3164 3363 communione.
3198 3310 3275 3362 Ad
3303 3309 3575 3362 decretura

2010 3399 2200 3467 synodi
2242 3399 2469 3453 accessit
2510 3398 2592 3451 lex
2627 3396 2932 3462 Theodosii,
2967 3412 3086 3466 quas
3123 3404 3301 3452 exstat
3335 3396 3426 3452 lib.
3489 3412 3579 3451 xvr

2012 3488 2145 3541 Cod.
2190 3487 2416 3549 Theod.,
2467 3487 2547 3541 tit.
2580 3488 2631 3540 1.
2685 3487 2791 3541 Sed
2840 3502 3013 3556 neque
3067 3487 3168 3541 hac
3216 3487 3331 3554 lege
3360 3526 3375 3550 ,
3410 3500 3586 3555 neque

2009 3578 2197 3645 synodi
2232 3576 2454 3630 decreto
2484 3577 2693 3631 videtur
2718 3576 2825 3631 ulla
2855 3578 3119 3647 episcopis
3147 3578 3402 3632 attributa
3422 3577 3583 3645 juris-

2011 3666 2193 3720 dictio.
2232 3664 2366 3720 Nam
2398 3667 2693 3737 Gregorius
2729 3668 3024 3739 Nysscnus,
3055 3669 3143 3738 qui
3176 3683 3357 3735 parem
3383 3669 3483 3722 sibi
3516 3684 3579 3723 ac

2011 3756 2256 3811 ilclladio
2282 3756 2605 3813 Caesariensi
2632 3759 2855 3815 honoris
2878 3759 3289 3828 praerogativam
3321 3774 3349 3810 a
3378 3760 3583 3829 synodo

2011 3847 2238 3901 delatam
2286 3858 2536 3915 testatur,
2590 3851 2641 3904 in
2673 3866 2779 3919 quo
2836 3851 3042 3919 positus
3080 3850 3243 3905 fuerit
3287 3850 3374 3903 ille
3405 3851 3582 3905 honor

2010 3940 2190 4005 statim
2235 3942 2485 4010 exponit,
2516 3943 2640 3995 dum
2679 3944 2755 3995 ait
2798 3940 2875 4013 (d)
2916 3962 2928 3996 :
2974 3942 3171 4013 μᾶλλον
3211 3941 3268 3995 δὲ
3305 3943 3585 4014 ἠφροντὶς

2010 4032 2109 4102 τῆς
2158 4032 2267 4085 τῶν
2320 4033 2515 4085 κοινῶν
2559 4034 2897 4105 διορθώσεως
2952 4035 3009 4087 ὲν
3053 4035 3129 4106 τῷ
3163 4035 3223 4087 τὸ
3272 4036 3384 4088 ἴσον
3418 4033 3582 4104 ἔχειν.

2024 4122 2111 4178 γει
2143 4126 2313 4191 potius
2354 4128 2629 4179 commissa
2666 4127 2810 4179 nobis
2849 4144 2977 4180 cura
3015 4127 3367 4180 communium
3406 4143 3579 4180 rerum

2011 4218 2482 4283 emendandnrum,
2515 4220 2586 4272 ita
2624 4230 2678 4272 ut
2720 4219 2998 4287 inferiores
3037 4220 3288 4274 Helladio
3313 4238 3414 4275 non
3440 4237 3579 4275 esse-

2011 4323 2148 4360 mus.
2220 4306 2369 4361 Nihil
2413 4324 2541 4377 ergo
2592 4310 2819 4364 mutavit
2863 4314 3095 4382 synodus
3132 4312 3584 4380 injurisdictione

2014 4398 2335 4454 ordinaria:
2400 4402 2491 4454 sed
2547 4404 2925 4457 auctoritatem
2977 4404 3461 4458 extraordinariam
3515 4408 3581 4458 ad

2019 4493 2323 4545 communia
2383 4493 2639 4549 Ecclesiae
2704 4497 2915 4565 negotia
2985 4497 3253 4551 nonnullis
3318 4498 3587 4567 episcopis

2013 4585 2279 4638 attribuit.

2611 4696 2836 4751 CAPUT
2875 4698 2991 4752 XV.

2020 4785 2058 4838 1.
2101 4784 2287 4856 Basilii
2317 4804 2445 4840 cura
2487 4798 2533 4840 et
2577 4789 2876 4841 sollicitudo
2925 4791 2978 4841 in
3032 4789 3269 4842 Ecclesia
3326 4791 3574 4856 regenda.

2090 4855 2153 4909 ll.
2201 4855 2465 4926 Eifecens
2491 4858 2735 4909 ordinato
2760 4859 3044 4926 Gregorius
3068 4861 3246 4913 adesse
3270 4855 3579 4926 non’potest.

2092 4926 2174 4979 Ill.
2256 4924 2445 4979 Scribit
2516 4926 2746 4979 Basilius
2815 4924 2882 4979 ad
2949 4940 3192 4981 sanctum
3270 4924 3576 4982 Eusebium.

2091 4994 2177 5051 IV.
2225 4996 2472 5064 Ejusdem
2505 4999 2691 5067 littera;
2719 4997 2785 5049 ad
2832 5013 2919 5049 eos
2957 5000 3047 5066 qui
3078 4999 3381 5067 gratulandi
3420 5014 3580 5050 causa

2087 5068 2421 5133 scripserunt.
2479 5067 2538 5119 V.
2588 5065 2881 5118 Culunmia:
2935 5065 2979 5119 ei
3033 5065 3091 5119 ut
3136 5068 3352 5120 nimium
3405 5084 3581 5119 severo

2086 5146 2297 5206 struat:
2324 5136 2638 5202 refelluntur
2680 5136 2731 5206 in
2768 5136 2996 5200 epistolis
3027 5137 3086 5191 51
3114 5179 3128 5204 ,
3170 5138 3257 5191 52.
3300 5137 3381 5191 VI.
3419 5136 3579 5206 Leges

2084 5206 2147 5256 ub
2175 5222 2234 5257 eo
2268 5204 2390 5257 lata:
2427 5206 2479 5256 in
2509 5206 2660 5269 epist.
2692 5205 2778 5269 55,
2804 5205 2893 5269 54,
2929 5207 3017 5261 55.

2084 5314 2123 5368 l.
2170 5315 2398 5369 Evectus
2436 5318 2500 5367 ad
2532 5325 2732 5368 tantum
2773 5318 2955 5369 sedem
2988 5316 3221 5372 Basilius
3244 5355 3261 5382 ,
3290 5326 3576 5384 antequam

2012 5420 2069 5460 se
2099 5408 2147 5459 in
2186 5408 2612 5474 paciﬁcationem
2654 5408 3017 5464 Ecclesiat‘tttn
3057 5410 3442 5481 interponeret,
3478 5411 3576 5464 do-

2099 5630 2168 5691 (τ)
2210 5626 2306 5679 Lih
2363 5644 2414 5689 ν,
2442 5644 2489 5682 c.
2519 5630 2569 5683 8.

2094 5699 2171 5765 td)
2219 5700 2290 5765 I‘Zp
2346 5703 2409 5753 ad
2447 5699 2594 5754 Fiat.
