  <div class='ocr_page' id='page_1' title='image "/cluster/home/n/w/nwhite01/storage/ocr_20150623/29/mdp.39015012934371/071.png"; bbox 0 0 3958 6212; ppageno 0'>
   <div class='ocr_carea' id='block_1_1' title="bbox 263 323 374 363">
    <p class='ocr_par' dir='ltr' id='par_1_1' title="bbox 263 323 374 363">
     <span class='ocr_line' id='line_1_1' title="bbox 263 323 374 363; baseline -0.009 0"><span class='ocrx_word' id='word_1_1' title='bbox 263 323 374 363; x_wconf 68' lang='grc' dir='ltr'>ιιιι</span> 
     </span>
    </p>
   </div>
   <div class='ocr_carea' id='block_1_2' title="bbox 1612 306 2149 364">
    <p class='ocr_par' dir='ltr' id='par_1_2' title="bbox 1612 306 2149 364">
     <span class='ocr_line' id='line_1_2' title="bbox 1612 306 2149 364; baseline 0 -1"><span class='ocrx_word' id='word_1_2' title='bbox 1612 306 2149 364; x_wconf 75' lang='lat' dir='ltr'><strong><em>PBOLEGOMENA.</em></strong></span> 
     </span>
    </p>
   </div>
   <div class='ocr_carea' id='block_1_3' title="bbox 265 395 3522 497">
    <p class='ocr_par' dir='ltr' id='par_1_3' title="bbox 265 395 3522 497">
     <span class='ocr_line' id='line_1_3' title="bbox 265 395 3522 497; baseline 0.001 -21"><span class='ocrx_word' id='word_1_3' title='bbox 265 395 507 478; x_wconf 77' lang='lat' dir='ltr'><strong><em>inesticis</em></strong></span> <span class='ocrx_word' id='word_1_4' title='bbox 528 437 587 477; x_wconf 89' lang='lat' dir='ltr'><strong><em>se</em></strong></span> <span class='ocrx_word' id='word_1_5' title='bbox 615 421 814 478; x_wconf 79' lang='lat' dir='ltr'><strong><em>ﬁnibus</em></strong></span> <span class='ocrx_word' id='word_1_6' title='bbox 845 424 1140 487; x_wconf 81' lang='lat' dir='ltr'><strong><em>contraxit.</em></strong></span> <span class='ocrx_word' id='word_1_7' title='bbox 1171 440 1236 481; x_wconf 88' lang='lat' dir='ltr'><strong><em>ac</em></strong></span> <span class='ocrx_word' id='word_1_8' title='bbox 1269 425 1473 495; x_wconf 88' lang='lat' dir='ltr'><strong><em>primas</em></strong></span> <span class='ocrx_word' id='word_1_9' title='bbox 1500 426 1842 497; x_wconf 76' lang='lat' dir='ltr'><strong><em>episcopatus</em></strong></span> <span class='ocrx_word' id='word_1_10' title='bbox 1872 432 1916 485; x_wconf 83' lang='lat' dir='ltr'><strong>A</strong></span> <span class='ocrx_word' id='word_1_11' title='bbox 1945 426 2034 492; x_wconf 87' lang='lat' dir='ltr'><strong><em>qui</em></strong></span> <span class='ocrx_word' id='word_1_12' title='bbox 2060 425 2113 479; x_wconf 91' lang='lat' dir='ltr'><strong><em>in</em></strong></span> <span class='ocrx_word' id='word_1_13' title='bbox 2131 425 2326 478; x_wconf 87' lang='lat' dir='ltr'><strong><em>clerum</em></strong></span> <span class='ocrx_word' id='word_1_14' title='bbox 2345 421 2624 476; x_wconf 82' lang='lat' dir='ltr'><strong><em>sacerdotii</em></strong></span> <span class='ocrx_word' id='word_1_15' title='bbox 2645 421 3063 491; x_wconf 74' lang='lat' dir='ltr'><strong><em>presbyterorum</em></strong></span> <span class='ocrx_word' id='word_1_16' title='bbox 3085 421 3305 491; x_wconf 91' lang='lat' dir='ltr'><strong><em>fratrem</em></strong></span> <span class='ocrx_word' id='word_1_17' title='bbox 3325 423 3522 492; x_wconf 72' lang='lat' dir='ltr'><strong><em>evehit,</em></strong></span> 
     </span>
    </p>
   </div>
   <div class='ocr_carea' id='block_1_4' title="bbox 265 514 1842 587">
    <p class='ocr_par' dir='ltr' id='par_1_4' title="bbox 265 514 1842 587">
     <span class='ocr_line' id='line_1_4' title="bbox 265 514 1842 587; baseline 0.003 -18"><span class='ocrx_word' id='word_1_18' title='bbox 265 514 348 569; x_wconf 90' lang='lat' dir='ltr'><strong><em>sui</em></strong></span> <span class='ocrx_word' id='word_1_19' title='bbox 375 530 535 570; x_wconf 86' lang='lat' dir='ltr'><strong><em>curas</em></strong></span> <span class='ocrx_word' id='word_1_20' title='bbox 563 514 615 569; x_wconf 89' lang='lat' dir='ltr'><strong><em>in</em></strong></span> <span class='ocrx_word' id='word_1_21' title='bbox 649 516 1038 587; x_wconf 87' lang='lat' dir='ltr'><strong><em>componendis</em></strong></span> <span class='ocrx_word' id='word_1_22' title='bbox 1068 515 1326 573; x_wconf 74' lang='lat' dir='ltr'><strong><em>Ecclesia:</em></strong></span> <span class='ocrx_word' id='word_1_23' title='bbox 1360 534 1472 574; x_wconf 63' lang='lat' dir='ltr'><strong><em>suae</em></strong></span> <span class='ocrx_word' id='word_1_24' title='bbox 1505 520 1745 575; x_wconf 86' lang='lat' dir='ltr'><strong><em>moribus</em></strong></span> <span class='ocrx_word' id='word_1_25' title='bbox 1777 535 1842 574; x_wconf 89' lang='lat' dir='ltr'><strong><em>ac</em></strong></span> 
     </span>
    </p>
   </div>
   <div class='ocr_carea' id='block_1_5' title="bbox 267 606 1846 679">
    <p class='ocr_par' dir='ltr' id='par_1_5' title="bbox 267 606 1846 679">
     <span class='ocr_line' id='line_1_5' title="bbox 267 606 1846 679; baseline 0.003 -20"><span class='ocrx_word' id='word_1_26' title='bbox 267 606 628 675; x_wconf 78' lang='lat' dir='ltr'><strong><em>recolligenda</em></strong></span> <span class='ocrx_word' id='word_1_27' title='bbox 653 608 1028 677; x_wconf 89' lang='lat' dir='ltr'><strong><em>episcoporum</em></strong></span> <span class='ocrx_word' id='word_1_28' title='bbox 1068 607 1421 678; x_wconf 63' lang='lat' dir='ltr'><strong><em>Cappadociae</em></strong></span> <span class='ocrx_word' id='word_1_29' title='bbox 1442 611 1612 679; x_wconf 87' lang='lat' dir='ltr'><strong><em>gratia</em></strong></span> <span class='ocrx_word' id='word_1_30' title='bbox 1646 611 1846 667; x_wconf 88' lang='lat' dir='ltr'><strong><em>insum-</em></strong></span> 
     </span>
    </p>
   </div>
   <div class='ocr_carea' id='block_1_6' title="bbox 266 697 1841 771">
    <p class='ocr_par' dir='ltr' id='par_1_6' title="bbox 266 697 1841 771">
     <span class='ocr_line' id='line_1_6' title="bbox 266 697 1841 771; baseline 0.004 -20"><span class='ocrx_word' id='word_1_31' title='bbox 266 699 393 767; x_wconf 86' lang='lat' dir='ltr'><strong><em>psit.</em></strong></span> <span class='ocrx_word' id='word_1_32' title='bbox 435 697 684 753; x_wconf 85' lang='lat' dir='ltr'><strong><em>Testatur</em></strong></span> <span class='ocrx_word' id='word_1_33' title='bbox 708 697 1006 770; x_wconf 77' lang='lat' dir='ltr'><strong><em>Gregorius</em></strong></span> <span class='ocrx_word' id='word_1_34' title='bbox 1031 702 1109 771; x_wconf 88' lang='lat' dir='ltr'><strong><em>(a)</em></strong></span> <span class='ocrx_word' id='word_1_35' title='bbox 1146 702 1514 771; x_wconf 87' lang='lat' dir='ltr'><strong><em>episcopatum</em></strong></span> <span class='ocrx_word' id='word_1_36' title='bbox 1551 704 1604 758; x_wconf 93' lang='lat' dir='ltr'><strong><em>in</em></strong></span> <span class='ocrx_word' id='word_1_37' title='bbox 1639 702 1841 758; x_wconf 87' lang='lat' dir='ltr'><strong><em>Basilio</em></strong></span> 
     </span>
    </p>
   </div>
   <div class='ocr_carea' id='block_1_7' title="bbox 267 791 1844 867">
    <p class='ocr_par' dir='ltr' id='par_1_7' title="bbox 267 791 1844 867">
     <span class='ocr_line' id='line_1_7' title="bbox 267 791 1844 867; baseline 0.006 -25"><span class='ocrx_word' id='word_1_38' title='bbox 267 807 370 843; x_wconf 87' lang='lat' dir='ltr'><strong><em>non</em></strong></span> <span class='ocrx_word' id='word_1_39' title='bbox 424 791 682 844; x_wconf 83' lang='lat' dir='ltr'><strong><em>habuisse</em></strong></span> <span class='ocrx_word' id='word_1_40' title='bbox 733 793 1066 848; x_wconf 85' lang='lat' dir='ltr'><strong><em>incrementa</em></strong></span> <span class='ocrx_word' id='word_1_41' title='bbox 1116 794 1402 855; x_wconf 88' lang='lat' dir='ltr'><strong><em>virtutum.</em></strong></span> <span class='ocrx_word' id='word_1_42' title='bbox 1428 797 1522 850; x_wconf 90' lang='lat' dir='ltr'><strong><em>sed</em></strong></span> <span class='ocrx_word' id='word_1_43' title='bbox 1571 799 1844 867; x_wconf 82' lang='lat' dir='ltr'><strong><em>operatio—</em></strong></span> 
     </span>
    </p>
   </div>
   <div class='ocr_carea' id='block_1_8' title="bbox 265 882 1842 954">
    <p class='ocr_par' dir='ltr' id='par_1_8' title="bbox 265 882 1842 954">
     <span class='ocr_line' id='line_1_8' title="bbox 265 882 1842 954; baseline 0.004 -18"><span class='ocrx_word' id='word_1_44' title='bbox 265 896 387 936; x_wconf 80' lang='lat' dir='ltr'><strong><em>m-m</em></strong></span> <span class='ocrx_word' id='word_1_45' title='bbox 423 882 581 937; x_wconf 88' lang='lat' dir='ltr'><strong><em>latins</em></strong></span> <span class='ocrx_word' id='word_1_46' title='bbox 614 892 923 951; x_wconf 86' lang='lat' dir='ltr'><strong><em>patentem;</em></strong></span> <span class='ocrx_word' id='word_1_47' title='bbox 955 886 1153 954; x_wconf 85' lang='lat' dir='ltr'><strong><em>quippe</em></strong></span> <span class='ocrx_word' id='word_1_48' title='bbox 1187 901 1308 939; x_wconf 92' lang='lat' dir='ltr'><strong><em>cum</em></strong></span> <span class='ocrx_word' id='word_1_49' title='bbox 1344 887 1648 942; x_wconf 86' lang='lat' dir='ltr'><strong><em>uberiorem</em></strong></span> <span class='ocrx_word' id='word_1_50' title='bbox 1675 883 1842 942; x_wconf 77' lang='lat' dir='ltr'><strong><em>m&#39;ate-</em></strong></span> 
     </span>
    </p>
   </div>
   <div class='ocr_carea' id='block_1_9' title="bbox 267 973 1842 1047">
    <p class='ocr_par' dir='ltr' id='par_1_9' title="bbox 267 973 1842 1047">
     <span class='ocr_line' id='line_1_9' title="bbox 267 973 1842 1047; baseline 0.006 -24"><span class='ocrx_word' id='word_1_51' title='bbox 267 973 401 1024; x_wconf 83' lang='lat' dir='ltr'><strong><em>riam</em></strong></span> <span class='ocrx_word' id='word_1_52' title='bbox 436 983 674 1039; x_wconf 74' lang='lat' dir='ltr'><strong><em>potestas</em></strong></span> <span class='ocrx_word' id='word_1_53' title='bbox 709 974 1099 1043; x_wconf 70' lang='lat' dir='ltr'><strong><em>suppeditaret.</em></strong></span> <span class='ocrx_word' id='word_1_54' title='bbox 1136 975 1313 1042; x_wconf 84' lang='lat' dir='ltr'><strong><em>Quare</em></strong></span> <span class='ocrx_word' id='word_1_55' title='bbox 1345 991 1411 1031; x_wconf 81' lang='lat' dir='ltr'><strong><em>ex</em></strong></span> <span class='ocrx_word' id='word_1_56' title='bbox 1446 977 1511 1031; x_wconf 91' lang='lat' dir='ltr'><strong><em>iis</em></strong></span> <span class='ocrx_word' id='word_1_57' title='bbox 1540 993 1658 1047; x_wconf 67' lang='lat' dir='ltr'><strong><em>quae</em></strong></span> <span class='ocrx_word' id='word_1_58' title='bbox 1686 978 1754 1032; x_wconf 89' lang='lat' dir='ltr'><strong><em>ab</em></strong></span> <span class='ocrx_word' id='word_1_59' title='bbox 1778 994 1842 1033; x_wconf 90' lang='lat' dir='ltr'><strong><em>eo</em></strong></span> 
     </span>
    </p>
   </div>
   <div class='ocr_carea' id='block_1_10' title="bbox 265 1063 1840 1136">
    <p class='ocr_par' dir='ltr' id='par_1_10' title="bbox 265 1063 1840 1136">
     <span class='ocr_line' id='line_1_10' title="bbox 265 1063 1840 1136; baseline 0.007 -25"><span class='ocrx_word' id='word_1_60' title='bbox 265 1063 587 1131; x_wconf 65' lang='lat' dir='ltr'><strong><em>presbytero</em></strong></span> <span class='ocrx_word' id='word_1_61' title='bbox 619 1073 767 1128; x_wconf 79' lang='lat' dir='ltr'><strong><em>gesta</em></strong></span> <span class='ocrx_word' id='word_1_62' title='bbox 798 1066 1173 1132; x_wconf 83' lang='lat' dir='ltr'><strong><em>narravimus,</em></strong></span> <span class='ocrx_word' id='word_1_63' title='bbox 1223 1068 1453 1135; x_wconf 87' lang='lat' dir='ltr'><strong><em>spectari</em></strong></span> <span class='ocrx_word' id='word_1_64' title='bbox 1500 1078 1675 1136; x_wconf 88' lang='lat' dir='ltr'><strong><em>potest</em></strong></span> <span class='ocrx_word' id='word_1_65' title='bbox 1714 1068 1840 1134; x_wconf 88' lang='lat' dir='ltr'><strong><em>quid</em></strong></span> 
     </span>
    </p>
   </div>
   <div class='ocr_carea' id='block_1_11' title="bbox 265 1157 1841 1230">
    <p class='ocr_par' dir='ltr' id='par_1_11' title="bbox 265 1157 1841 1230">
     <span class='ocr_line' id='line_1_11' title="bbox 265 1157 1841 1230; baseline 0.003 -22"><span class='ocrx_word' id='word_1_66' title='bbox 265 1157 554 1221; x_wconf 79' lang='lat' dir='ltr'><strong><em>epismpus</em></strong></span> <span class='ocrx_word' id='word_1_67' title='bbox 588 1157 841 1225; x_wconf 76' lang='lat' dir='ltr'><strong><em>gesserit.</em></strong></span> <span class='ocrx_word' id='word_1_68' title='bbox 871 1157 1162 1212; x_wconf 85' lang='lat' dir='ltr'><strong><em>Enumerat</em></strong></span> <span class='ocrx_word' id='word_1_69' title='bbox 1199 1159 1492 1229; x_wconf 84' lang='lat' dir='ltr'><strong><em>Gregorius</em></strong></span> <span class='ocrx_word' id='word_1_70' title='bbox 1528 1159 1600 1230; x_wconf 89' lang='lat' dir='ltr'><strong><em>(b)</em></strong></span> <span class='ocrx_word' id='word_1_71' title='bbox 1631 1176 1841 1229; x_wconf 86' lang='lat' dir='ltr'><strong><em>precum</em></strong></span> 
     </span>
    </p>
   </div>
   <div class='ocr_carea' id='block_1_12' title="bbox 266 1246 1840 1320">
    <p class='ocr_par' dir='ltr' id='par_1_12' title="bbox 266 1246 1840 1320">
     <span class='ocr_line' id='line_1_12' title="bbox 266 1246 1840 1320; baseline 0.004 -23"><span class='ocrx_word' id='word_1_72' title='bbox 266 1246 641 1316; x_wconf 73' lang='lat' dir='ltr'><strong><em>descriptiones</em></strong></span> <span class='ocrx_word' id='word_1_73' title='bbox 724 1249 864 1301; x_wconf 72' lang='lat' dir='ltr'><strong><em>inter</em></strong></span> <span class='ocrx_word' id='word_1_74' title='bbox 950 1249 1208 1317; x_wconf 68' lang='lat' dir='ltr'><strong><em>praeclara</em></strong></span> <span class='ocrx_word' id='word_1_75' title='bbox 1270 1250 1448 1304; x_wconf 81' lang='lat' dir='ltr'><strong><em>Basilii</em></strong></span> <span class='ocrx_word' id='word_1_76' title='bbox 1539 1253 1840 1320; x_wconf 77' lang='lat' dir='ltr'><strong><em>presbyteri</em></strong></span> 
     </span>
    </p>
   </div>
   <div class='ocr_carea' id='block_1_13' title="bbox 268 1339 1842 1412">
    <p class='ocr_par' dir='ltr' id='par_1_13' title="bbox 268 1339 1842 1412">
     <span class='ocr_line' id='line_1_13' title="bbox 268 1339 1842 1412; baseline 0.005 -22"><span class='ocrx_word' id='word_1_77' title='bbox 268 1339 540 1400; x_wconf 88' lang='lat' dir='ltr'><strong><em>instituta,</em></strong></span> <span class='ocrx_word' id='word_1_78' title='bbox 601 1341 800 1410; x_wconf 87' lang='lat' dir='ltr'><strong><em>quibus</em></strong></span> <span class='ocrx_word' id='word_1_79' title='bbox 839 1341 1019 1395; x_wconf 85' lang='lat' dir='ltr'><strong><em>verbis</em></strong></span> <span class='ocrx_word' id='word_1_80' title='bbox 1046 1343 1300 1396; x_wconf 89' lang='lat' dir='ltr'><strong><em>videntur</em></strong></span> <span class='ocrx_word' id='word_1_81' title='bbox 1344 1342 1611 1411; x_wconf 79' lang='lat' dir='ltr'><strong><em>designari</em></strong></span> <span class='ocrx_word' id='word_1_82' title='bbox 1656 1358 1842 1412; x_wconf 79' lang='lat' dir='ltr'><strong><em>preces</em></strong></span> 
     </span>
    </p>
   </div>
   <div class='ocr_carea' id='block_1_14' title="bbox 267 1431 1841 1504">
    <p class='ocr_par' dir='ltr' id='par_1_14' title="bbox 267 1431 1841 1504">
     <span class='ocr_line' id='line_1_14' title="bbox 267 1431 1841 1504; baseline 0.003 -21"><span class='ocrx_word' id='word_1_83' title='bbox 267 1431 320 1483; x_wconf 92' lang='lat' dir='ltr'><strong><em>in</em></strong></span> <span class='ocrx_word' id='word_1_84' title='bbox 358 1432 632 1486; x_wconf 79' lang='lat' dir='ltr'><strong><em>sacrificio</em></strong></span> <span class='ocrx_word' id='word_1_85' title='bbox 684 1432 796 1487; x_wconf 85' lang='lat' dir='ltr'><strong><em>fieri</em></strong></span> <span class='ocrx_word' id='word_1_86' title='bbox 825 1434 1021 1489; x_wconf 74' lang='lat' dir='ltr'><strong><em>solitae.</em></strong></span> <span class='ocrx_word' id='word_1_87' title='bbox 1062 1435 1165 1489; x_wconf 90' lang='lat' dir='ltr'><strong><em>Sed</em></strong></span> <span class='ocrx_word' id='word_1_88' title='bbox 1201 1445 1461 1503; x_wconf 65' lang='lat' dir='ltr'><strong><em>praeterea</em></strong></span> <span class='ocrx_word' id='word_1_89' title='bbox 1495 1437 1658 1488; x_wconf 89' lang='lat' dir='ltr'><strong><em>ritum</em></strong></span> <span class='ocrx_word' id='word_1_90' title='bbox 1695 1434 1841 1504; x_wconf 81' lang='lat' dir='ltr'><strong><em>psal-</em></strong></span> 
     </span>
    </p>
   </div>
   <div class='ocr_carea' id='block_1_15' title="bbox 266 1518 1842 1593">
    <p class='ocr_par' dir='ltr' id='par_1_15' title="bbox 266 1518 1842 1593">
     <span class='ocr_line' id='line_1_15' title="bbox 266 1518 1842 1593; baseline 0.006 -22"><span class='ocrx_word' id='word_1_91' title='bbox 266 1518 406 1572; x_wconf 88' lang='lat' dir='ltr'><strong><em>lendi</em></strong></span> <span class='ocrx_word' id='word_1_92' title='bbox 435 1522 485 1573; x_wconf 91' lang='lat' dir='ltr'><strong><em>in</em></strong></span> <span class='ocrx_word' id='word_1_93' title='bbox 517 1521 817 1577; x_wconf 79' lang='lat' dir='ltr'><strong><em>Ecclesium</em></strong></span> <span class='ocrx_word' id='word_1_94' title='bbox 863 1522 1254 1577; x_wconf 64' lang='lat' dir='ltr'><strong><em>Cmsariensem</em></strong></span> <span class='ocrx_word' id='word_1_95' title='bbox 1280 1524 1527 1588; x_wconf 86' lang='lat' dir='ltr'><strong><em>induxit,</em></strong></span> <span class='ocrx_word' id='word_1_96' title='bbox 1567 1540 1725 1593; x_wconf 80' lang='lat' dir='ltr'><strong><em>quem</em></strong></span> <span class='ocrx_word' id='word_1_97' title='bbox 1764 1525 1842 1581; x_wconf 88' lang='lat' dir='ltr'><strong><em>sic</em></strong></span> 
     </span>
    </p>
   </div>
   <div class='ocr_carea' id='block_1_16' title="bbox 266 1611 1841 1684">
    <p class='ocr_par' dir='ltr' id='par_1_16' title="bbox 266 1611 1841 1684">
     <span class='ocr_line' id='line_1_16' title="bbox 266 1611 1841 1684; baseline 0.006 -22"><span class='ocrx_word' id='word_1_98' title='bbox 266 1611 380 1679; x_wconf 89' lang='lat' dir='ltr'><strong><em>ipse</em></strong></span> <span class='ocrx_word' id='word_1_99' title='bbox 411 1613 671 1669; x_wconf 83' lang='lat' dir='ltr'><strong><em>describit</em></strong></span> <span class='ocrx_word' id='word_1_100' title='bbox 702 1613 772 1684; x_wconf 70' lang='grc' dir='ltr'><strong><em>(ρ)</em></strong></span> <span class='ocrx_word' id='word_1_101' title='bbox 813 1632 826 1669; x_wconf 92' lang='lat'>:</span> <span class='ocrx_word' id='word_1_102' title='bbox 861 1615 937 1669; x_wconf 91' lang='lat' dir='ltr'><strong><em>De</em></strong></span> <span class='ocrx_word' id='word_1_103' title='bbox 971 1626 1120 1670; x_wconf 88' lang='lat' dir='ltr'><strong><em>nocte</em></strong></span> <span class='ocrx_word' id='word_1_104' title='bbox 1144 1617 1399 1684; x_wconf 78' lang='lat' dir='ltr'><strong><em>siquidem</em></strong></span> <span class='ocrx_word' id='word_1_105' title='bbox 1422 1658 1437 1681; x_wconf 94' lang='lat'><strong><em>,</em></strong></span> <span class='ocrx_word' id='word_1_106' title='bbox 1468 1617 1665 1684; x_wconf 83' lang='lat' dir='ltr'><strong><em>inquit,</em></strong></span> <span class='ocrx_word' id='word_1_107' title='bbox 1712 1635 1841 1672; x_wconf 86' lang='lat' dir='ltr'><strong><em>con-</em></strong></span> 
     </span>
    </p>
   </div>
   <div class='ocr_carea' id='block_1_17' title="bbox 264 1702 1842 1776">
    <p class='ocr_par' dir='ltr' id='par_1_17' title="bbox 264 1702 1842 1776">
     <span class='ocr_line' id='line_1_17' title="bbox 264 1702 1842 1776; baseline 0.006 -23"><span class='ocrx_word' id='word_1_108' title='bbox 264 1702 430 1769; x_wconf 79' lang='lat' dir='ltr'><strong><em>surgit</em></strong></span> <span class='ocrx_word' id='word_1_109' title='bbox 460 1703 599 1764; x_wconf 84' lang='lat' dir='ltr'><strong><em>apud</em></strong></span> <span class='ocrx_word' id='word_1_110' title='bbox 637 1721 730 1757; x_wconf 89' lang='lat' dir='ltr'><strong><em>nos</em></strong></span> <span class='ocrx_word' id='word_1_111' title='bbox 752 1705 976 1773; x_wconf 89' lang='lat' dir='ltr'><strong><em>populus</em></strong></span> <span class='ocrx_word' id='word_1_112' title='bbox 1004 1707 1073 1759; x_wconf 88' lang='lat' dir='ltr'><strong><em>ad</em></strong></span> <span class='ocrx_word' id='word_1_113' title='bbox 1105 1710 1316 1761; x_wconf 89' lang='lat' dir='ltr'><strong><em>domum</em></strong></span> <span class='ocrx_word' id='word_1_114' title='bbox 1343 1710 1661 1776; x_wconf 86' lang='lat' dir='ltr'><strong><em>precationis</em></strong></span> <span class='ocrx_word' id='word_1_115' title='bbox 1680 1751 1695 1771; x_wconf 84' lang='lat'><strong><em>,</em></strong></span> <span class='ocrx_word' id='word_1_116' title='bbox 1720 1720 1766 1763; x_wconf 89' lang='lat' dir='ltr'><strong><em>et</em></strong></span> <span class='ocrx_word' id='word_1_117' title='bbox 1788 1711 1842 1763; x_wconf 89' lang='lat' dir='ltr'><strong><em>in</em></strong></span> 
     </span>
    </p>
   </div>
   <div class='ocr_carea' id='block_1_18' title="bbox 262 1789 1841 1871">
    <p class='ocr_par' dir='ltr' id='par_1_18' title="bbox 262 1789 1841 1871">
     <span class='ocr_line' id='line_1_18' title="bbox 262 1789 1841 1871; baseline 0.011 -31"><span class='ocrx_word' id='word_1_118' title='bbox 262 1789 465 1857; x_wconf 85' lang='lat' dir='ltr'><strong><em>labore,</em></strong></span> <span class='ocrx_word' id='word_1_119' title='bbox 495 1793 546 1845; x_wconf 89' lang='lat' dir='ltr'><strong><em>in</em></strong></span> <span class='ocrx_word' id='word_1_120' title='bbox 570 1794 903 1864; x_wconf 76' lang='lat' dir='ltr'><strong><em>aﬂlictatione</em></strong></span> <span class='ocrx_word' id='word_1_121' title='bbox 934 1815 996 1851; x_wconf 90' lang='lat' dir='ltr'><strong><em>ac</em></strong></span> <span class='ocrx_word' id='word_1_122' title='bbox 1017 1799 1234 1868; x_wconf 87' lang='lat' dir='ltr'><strong><em>jugibus</em></strong></span> <span class='ocrx_word' id='word_1_123' title='bbox 1262 1798 1513 1871; x_wconf 87' lang='lat' dir='ltr'><strong><em>lacrymis</em></strong></span> <span class='ocrx_word' id='word_1_124' title='bbox 1535 1799 1841 1870; x_wconf 60' lang='lat' dir='ltr'><strong><em>confitentes</em></strong></span> 
     </span>
    </p>
   </div>
   <div class='ocr_carea' id='block_1_19' title="bbox 264 1881 1839 1963">
    <p class='ocr_par' dir='ltr' id='par_1_19' title="bbox 264 1881 1839 1963">
     <span class='ocr_line' id='line_1_19' title="bbox 264 1881 1839 1963; baseline 0.009 -28"><span class='ocrx_word' id='word_1_125' title='bbox 264 1881 398 1950; x_wconf 85' lang='lat' dir='ltr'><strong><em>Deo,</em></strong></span> <span class='ocrx_word' id='word_1_126' title='bbox 433 1887 641 1939; x_wconf 81' lang='lat' dir='ltr'><strong><em>tandem</em></strong></span> <span class='ocrx_word' id='word_1_127' title='bbox 666 1905 697 1940; x_wconf 91' lang='lat' dir='ltr'><strong><em>a</em></strong></span> <span class='ocrx_word' id='word_1_128' title='bbox 736 1890 1033 1955; x_wconf 85' lang='lat' dir='ltr'><strong><em>precatione</em></strong></span> <span class='ocrx_word' id='word_1_129' title='bbox 1067 1903 1357 1962; x_wconf 78' lang='lat' dir='ltr'><strong><em>surgentes,</em></strong></span> <span class='ocrx_word' id='word_1_130' title='bbox 1393 1894 1461 1946; x_wconf 87' lang='lat' dir='ltr'><strong><em>ad</em></strong></span> <span class='ocrx_word' id='word_1_131' title='bbox 1493 1895 1839 1963; x_wconf 83' lang='lat' dir='ltr'><strong><em>psalmodiam</em></strong></span> 
     </span>
    </p>
   </div>
   <div class='ocr_carea' id='block_1_20' title="bbox 264 1979 1841 2051">
    <p class='ocr_par' dir='ltr' id='par_1_20' title="bbox 264 1979 1841 2051">
     <span class='ocr_line' id='line_1_20' title="bbox 264 1979 1841 2051; baseline 0.008 -27"><span class='ocrx_word' id='word_1_132' title='bbox 264 1984 553 2028; x_wconf 62' lang='lat' dir='ltr'><strong><em>transeunt.</em></strong></span> <span class='ocrx_word' id='word_1_133' title='bbox 584 1979 654 2031; x_wconf 87' lang='lat' dir='ltr'><strong><em>Et</em></strong></span> <span class='ocrx_word' id='word_1_134' title='bbox 679 1994 815 2032; x_wconf 90' lang='lat' dir='ltr'><strong><em>nunc</em></strong></span> <span class='ocrx_word' id='word_1_135' title='bbox 840 1980 1047 2049; x_wconf 85' lang='lat' dir='ltr'><strong><em>quidem</em></strong></span> <span class='ocrx_word' id='word_1_136' title='bbox 1076 1982 1130 2036; x_wconf 84' lang='lat' dir='ltr'><strong><em>in</em></strong></span> <span class='ocrx_word' id='word_1_137' title='bbox 1160 1983 1294 2043; x_wconf 79' lang='lat' dir='ltr'><strong><em>duas</em></strong></span> <span class='ocrx_word' id='word_1_138' title='bbox 1328 1994 1503 2051; x_wconf 86' lang='lat' dir='ltr'><strong><em>partes</em></strong></span> <span class='ocrx_word' id='word_1_139' title='bbox 1534 1982 1689 2037; x_wconf 77' lang='lat' dir='ltr'><strong><em>divisi</em></strong></span> <span class='ocrx_word' id='word_1_140' title='bbox 1710 2024 1726 2050; x_wconf 94' lang='lat'><strong><em>,</em></strong></span> <span class='ocrx_word' id='word_1_141' title='bbox 1762 1984 1841 2037; x_wconf 63' lang='lat' dir='ltr'><strong><em>alo</em></strong></span> 
     </span>
    </p>
   </div>
   <div class='ocr_carea' id='block_1_21' title="bbox 263 2067 1841 2138">
    <p class='ocr_par' dir='ltr' id='par_1_21' title="bbox 263 2067 1841 2138">
     <span class='ocr_line' id='line_1_21' title="bbox 263 2067 1841 2138; baseline 0.009 -22"><span class='ocrx_word' id='word_1_142' title='bbox 263 2067 423 2118; x_wconf 75' lang='lat' dir='ltr'><strong><em>ternis</em></strong></span> <span class='ocrx_word' id='word_1_143' title='bbox 454 2069 775 2123; x_wconf 85' lang='lat' dir='ltr'><strong><em>succinentes</em></strong></span> <span class='ocrx_word' id='word_1_144' title='bbox 811 2072 1064 2138; x_wconf 86' lang='lat' dir='ltr'><strong><em>psallunt,</em></strong></span> <span class='ocrx_word' id='word_1_145' title='bbox 1098 2090 1160 2126; x_wconf 89' lang='lat' dir='ltr'><strong><em>ac</em></strong></span> <span class='ocrx_word' id='word_1_146' title='bbox 1183 2074 1340 2126; x_wconf 87' lang='lat' dir='ltr'><strong><em>simul</em></strong></span> <span class='ocrx_word' id='word_1_147' title='bbox 1371 2084 1418 2128; x_wconf 90' lang='lat' dir='ltr'><strong><em>et</em></strong></span> <span class='ocrx_word' id='word_1_148' title='bbox 1448 2075 1841 2130; x_wconf 75' lang='lat' dir='ltr'><strong><em>meditationem</em></strong></span> 
     </span>
    </p>
   </div>
   <div class='ocr_carea' id='block_1_22' title="bbox 266 2156 1840 2229">
    <p class='ocr_par' dir='ltr' id='par_1_22' title="bbox 266 2156 1840 2229">
     <span class='ocr_line' id='line_1_22' title="bbox 266 2156 1840 2229; baseline 0.005 -17"><span class='ocrx_word' id='word_1_149' title='bbox 266 2156 667 2226; x_wconf 84' lang='lat' dir='ltr'><strong><em>Scripturarum</em></strong></span> <span class='ocrx_word' id='word_1_150' title='bbox 693 2163 811 2215; x_wconf 81' lang='lat' dir='ltr'><strong><em>inde</em></strong></span> <span class='ocrx_word' id='word_1_151' title='bbox 839 2165 1214 2229; x_wconf 82' lang='lat' dir='ltr'><strong><em>corroborant,</em></strong></span> <span class='ocrx_word' id='word_1_152' title='bbox 1243 2177 1289 2219; x_wconf 90' lang='lat' dir='ltr'><strong><em>et</em></strong></span> <span class='ocrx_word' id='word_1_153' title='bbox 1326 2168 1561 2220; x_wconf 89' lang='lat' dir='ltr'><strong><em>animum</em></strong></span> <span class='ocrx_word' id='word_1_154' title='bbox 1588 2178 1840 2221; x_wconf 88' lang='lat' dir='ltr'><strong><em>attentum</em></strong></span> 
     </span>
    </p>
   </div>
   <div class='ocr_carea' id='block_1_23' title="bbox 263 2256 1842 2328">
    <p class='ocr_par' dir='ltr' id='par_1_23' title="bbox 263 2256 1842 2328">
     <span class='ocr_line' id='line_1_23' title="bbox 263 2256 1842 2328; baseline 0.008 -27"><span class='ocrx_word' id='word_1_155' title='bbox 263 2259 311 2302; x_wconf 90' lang='lat' dir='ltr'><strong><em>et</em></strong></span> <span class='ocrx_word' id='word_1_156' title='bbox 346 2268 437 2303; x_wconf 87' lang='lat' dir='ltr'><strong><em>cor</em></strong></span> <span class='ocrx_word' id='word_1_157' title='bbox 459 2256 782 2322; x_wconf 84' lang='lat' dir='ltr'><strong><em>evagationis</em></strong></span> <span class='ocrx_word' id='word_1_158' title='bbox 817 2273 1001 2324; x_wconf 73' lang='lat' dir='ltr'><strong><em>expers</em></strong></span> <span class='ocrx_word' id='word_1_159' title='bbox 1034 2258 1133 2311; x_wconf 87' lang='lat' dir='ltr'><strong><em>sibi</em></strong></span> <span class='ocrx_word' id='word_1_160' title='bbox 1157 2260 1257 2328; x_wconf 84' lang='lat' dir='ltr'><strong><em>ipsi</em></strong></span> <span class='ocrx_word' id='word_1_161' title='bbox 1285 2269 1613 2327; x_wconf 82' lang='lat' dir='ltr'><strong><em>comparant.</em></strong></span> <span class='ocrx_word' id='word_1_162' title='bbox 1652 2258 1842 2314; x_wconf 86' lang='lat' dir='ltr'><strong><em>Postea</em></strong></span> 
     </span>
    </p>
   </div>
   <div class='ocr_carea' id='block_1_24' title="bbox 265 2347 1843 2423">
    <p class='ocr_par' dir='ltr' id='par_1_24' title="bbox 265 2347 1843 2423">
     <span class='ocr_line' id='line_1_24' title="bbox 265 2347 1843 2423; baseline 0.008 -28"><span class='ocrx_word' id='word_1_163' title='bbox 265 2359 449 2397; x_wconf 87' lang='lat' dir='ltr'><strong><em>rursus</em></strong></span> <span class='ocrx_word' id='word_1_164' title='bbox 486 2347 577 2398; x_wconf 89' lang='lat' dir='ltr'><strong><em>uni</em></strong></span> <span class='ocrx_word' id='word_1_165' title='bbox 605 2349 1006 2414; x_wconf 85' lang='lat' dir='ltr'><strong><em>committentes,</em></strong></span> <span class='ocrx_word' id='word_1_166' title='bbox 1048 2362 1105 2404; x_wconf 91' lang='lat' dir='ltr'><strong><em>ut</em></strong></span> <span class='ocrx_word' id='word_1_167' title='bbox 1131 2353 1279 2421; x_wconf 88' lang='lat' dir='ltr'><strong><em>prior</em></strong></span> <span class='ocrx_word' id='word_1_168' title='bbox 1305 2363 1482 2417; x_wconf 90' lang='lat' dir='ltr'><strong><em>canat,</em></strong></span> <span class='ocrx_word' id='word_1_169' title='bbox 1516 2353 1702 2423; x_wconf 80' lang='lat' dir='ltr'><strong><em>reliqui</em></strong></span> <span class='ocrx_word' id='word_1_170' title='bbox 1727 2369 1843 2408; x_wconf 82' lang='lat' dir='ltr'><strong><em>suc—</em></strong></span> 
     </span>
    </p>
   </div>
   <div class='ocr_carea' id='block_1_25' title="bbox 263 2433 1843 2511">
    <p class='ocr_par' dir='ltr' id='par_1_25' title="bbox 263 2433 1843 2511">
     <span class='ocr_line' id='line_1_25' title="bbox 263 2433 1843 2511; baseline 0.006 -24"><span class='ocrx_word' id='word_1_171' title='bbox 263 2433 465 2489; x_wconf 88' lang='lat' dir='ltr'><strong><em>cinunt.</em></strong></span> <span class='ocrx_word' id='word_1_172' title='bbox 527 2435 594 2490; x_wconf 87' lang='lat' dir='ltr'><strong><em>Et</em></strong></span> <span class='ocrx_word' id='word_1_173' title='bbox 642 2438 719 2491; x_wconf 89' lang='lat' dir='ltr'><strong><em>sic</em></strong></span> <span class='ocrx_word' id='word_1_174' title='bbox 753 2450 1089 2511; x_wconf 87' lang='lat' dir='ltr'><strong><em>posteaquam</em></strong></span> <span class='ocrx_word' id='word_1_175' title='bbox 1148 2444 1201 2495; x_wconf 89' lang='lat' dir='ltr'><strong><em>in</em></strong></span> <span class='ocrx_word' id='word_1_176' title='bbox 1250 2444 1560 2511; x_wconf 73' lang='lat' dir='ltr'><strong><em>psalmodite</em></strong></span> <span class='ocrx_word' id='word_1_177' title='bbox 1596 2445 1843 2498; x_wconf 83' lang='lat' dir='ltr'><strong><em>varietate</em></strong></span> 
     </span>
    </p>
   </div>
   <div class='ocr_carea' id='block_1_26' title="bbox 263 2531 1835 2608">
    <p class='ocr_par' dir='ltr' id='par_1_26' title="bbox 263 2531 1835 2608">
     <span class='ocr_line' id='line_1_26' title="bbox 263 2531 1835 2608; baseline 0.006 -28"><span class='ocrx_word' id='word_1_178' title='bbox 263 2537 465 2583; x_wconf 84' lang='lat' dir='ltr'><strong><em>noctem</em></strong></span> <span class='ocrx_word' id='word_1_179' title='bbox 507 2531 788 2584; x_wconf 78' lang='lat' dir='ltr'><strong><em>traduxere</em></strong></span> <span class='ocrx_word' id='word_1_180' title='bbox 826 2533 1131 2587; x_wconf 84' lang='lat' dir='ltr'><strong><em>intermistis</em></strong></span> <span class='ocrx_word' id='word_1_181' title='bbox 1158 2537 1398 2599; x_wconf 84' lang='lat' dir='ltr'><strong><em>precibus</em></strong></span> <span class='ocrx_word' id='word_1_182' title='bbox 1420 2577 1435 2601; x_wconf 94' lang='lat'><strong><em>,</em></strong></span> <span class='ocrx_word' id='word_1_183' title='bbox 1463 2536 1547 2590; x_wconf 87' lang='lat' dir='ltr'><strong><em>die</em></strong></span> <span class='ocrx_word' id='word_1_184' title='bbox 1566 2538 1681 2608; x_wconf 85' lang='lat' dir='ltr'><strong><em>jam</em></strong></span> <span class='ocrx_word' id='word_1_185' title='bbox 1715 2539 1835 2591; x_wconf 85' lang='lat' dir='ltr'><strong><em>illu-</em></strong></span> 
     </span>
    </p>
   </div>
   <div class='ocr_carea' id='block_1_27' title="bbox 259 2623 1843 2683">
    <p class='ocr_par' dir='ltr' id='par_1_27' title="bbox 259 2623 1843 2683">
     <span class='ocr_line' id='line_1_27' title="bbox 259 2623 1843 2683; baseline 0.007 -12"><span class='ocrx_word' id='word_1_186' title='bbox 259 2630 510 2683; x_wconf 84' lang='lat' dir='ltr'><strong><em>cescente,</em></strong></span> <span class='ocrx_word' id='word_1_187' title='bbox 545 2637 723 2676; x_wconf 90' lang='lat' dir='ltr'><strong><em>omnes</em></strong></span> <span class='ocrx_word' id='word_1_188' title='bbox 756 2623 915 2676; x_wconf 87' lang='lat' dir='ltr'><strong><em>simul</em></strong></span> <span class='ocrx_word' id='word_1_189' title='bbox 942 2623 1076 2677; x_wconf 72' lang='lat' dir='ltr'><strong><em>velut</em></strong></span> <span class='ocrx_word' id='word_1_190' title='bbox 1102 2641 1168 2679; x_wconf 80' lang='lat' dir='ltr'><strong><em>ea:</em></strong></span> <span class='ocrx_word' id='word_1_191' title='bbox 1198 2643 1302 2680; x_wconf 90' lang='lat' dir='ltr'><strong><em>uno</em></strong></span> <span class='ocrx_word' id='word_1_192' title='bbox 1328 2643 1416 2682; x_wconf 92' lang='lat' dir='ltr'><strong><em>ore</em></strong></span> <span class='ocrx_word' id='word_1_193' title='bbox 1455 2639 1503 2682; x_wconf 90' lang='lat' dir='ltr'><strong><em>et</em></strong></span> <span class='ocrx_word' id='word_1_194' title='bbox 1541 2644 1645 2682; x_wconf 91' lang='lat' dir='ltr'><strong><em>uno</em></strong></span> <span class='ocrx_word' id='word_1_195' title='bbox 1687 2629 1843 2682; x_wconf 87' lang='lat' dir='ltr'><strong><em>corde</em></strong></span> 
     </span>
    </p>
   </div>
   <div class='ocr_carea' id='block_1_28' title="bbox 260 2709 1841 2790">
    <p class='ocr_par' dir='ltr' id='par_1_28' title="bbox 260 2709 1841 2790">
     <span class='ocr_line' id='line_1_28' title="bbox 260 2709 1841 2790; baseline 0.007 -29"><span class='ocrx_word' id='word_1_196' title='bbox 260 2709 523 2775; x_wconf 85' lang='lat' dir='ltr'><strong><em>psalmum</em></strong></span> <span class='ocrx_word' id='word_1_197' title='bbox 568 2712 919 2781; x_wconf 82' lang='lat' dir='ltr'><strong><em>confessionis</em></strong></span> <span class='ocrx_word' id='word_1_198' title='bbox 968 2715 1188 2770; x_wconf 86' lang='lat' dir='ltr'><strong><em>Domino</em></strong></span> <span class='ocrx_word' id='word_1_199' title='bbox 1232 2720 1558 2779; x_wconf 80' lang='lat' dir='ltr'><strong><em>concinunt.</em></strong></span> <span class='ocrx_word' id='word_1_200' title='bbox 1623 2722 1841 2790; x_wconf 83' lang='lat' dir='ltr'><strong><em>propria</em></strong></span> 
     </span>
    </p>
   </div>
   <div class='ocr_carea' id='block_1_29' title="bbox 259 2800 1839 2877">
    <p class='ocr_par' dir='ltr' id='par_1_29' title="bbox 259 2800 1839 2877">
     <span class='ocr_line' id='line_1_29' title="bbox 259 2800 1839 2877; baseline 0.008 -25"><span class='ocrx_word' id='word_1_201' title='bbox 259 2800 360 2853; x_wconf 82' lang='lat' dir='ltr'><strong><em>sibi</em></strong></span> <span class='ocrx_word' id='word_1_202' title='bbox 393 2802 748 2873; x_wconf 84' lang='lat' dir='ltr'><strong><em>unusquisque</em></strong></span> <span class='ocrx_word' id='word_1_203' title='bbox 788 2804 939 2858; x_wconf 70' lang='lat' dir='ltr'><strong><em>verba</em></strong></span> <span class='ocrx_word' id='word_1_204' title='bbox 991 2808 1306 2874; x_wconf 73' lang='lat' dir='ltr'><strong><em>preuitentia:</em></strong></span> <span class='ocrx_word' id='word_1_205' title='bbox 1341 2808 1614 2877; x_wconf 73' lang='lat' dir='ltr'><strong><em>facientes.</em></strong></span> <span class='ocrx_word' id='word_1_206' title='bbox 1647 2810 1839 2866; x_wconf 86' lang='lat' dir='ltr'><strong><em>Utrum</em></strong></span> 
     </span>
    </p>
   </div>
   <div class='ocr_carea' id='block_1_30' title="bbox 264 2890 1842 2965">
    <p class='ocr_par' dir='ltr' id='par_1_30' title="bbox 264 2890 1842 2965">
     <span class='ocr_line' id='line_1_30' title="bbox 264 2890 1842 2965; baseline 0.006 -23"><span class='ocrx_word' id='word_1_207' title='bbox 264 2890 380 2944; x_wconf 62' lang='lat' dir='ltr'><strong><em>bare</em></strong></span> <span class='ocrx_word' id='word_1_208' title='bbox 417 2890 701 2961; x_wconf 79' lang='lat' dir='ltr'><strong><em>presbyter</em></strong></span> <span class='ocrx_word' id='word_1_209' title='bbox 745 2892 1041 2948; x_wconf 88' lang='lat' dir='ltr'><strong><em>instituerit</em></strong></span> <span class='ocrx_word' id='word_1_210' title='bbox 1083 2911 1149 2949; x_wconf 87' lang='lat' dir='ltr'><strong><em>an</em></strong></span> <span class='ocrx_word' id='word_1_211' title='bbox 1181 2898 1484 2965; x_wconf 88' lang='lat' dir='ltr'><strong><em>episcopus,</em></strong></span> <span class='ocrx_word' id='word_1_212' title='bbox 1528 2914 1632 2951; x_wconf 88' lang='lat' dir='ltr'><strong><em>non</em></strong></span> <span class='ocrx_word' id='word_1_213' title='bbox 1686 2898 1842 2952; x_wconf 80' lang='lat' dir='ltr'><strong><em>facile</em></strong></span> 
     </span>
    </p>
   </div>
   <div class='ocr_carea' id='block_1_31' title="bbox 263 2982 1843 3059">
    <p class='ocr_par' dir='ltr' id='par_1_31' title="bbox 263 2982 1843 3059">
     <span class='ocr_line' id='line_1_31' title="bbox 263 2982 1843 3059; baseline 0.008 -26"><span class='ocrx_word' id='word_1_214' title='bbox 263 2982 548 3035; x_wconf 86' lang='lat' dir='ltr'><strong><em>statuerim</em></strong></span> <span class='ocrx_word' id='word_1_215' title='bbox 587 3001 602 3039; x_wconf 91' lang='lat'><strong>:</strong></span> <span class='ocrx_word' id='word_1_216' title='bbox 635 2983 729 3039; x_wconf 89' lang='lat' dir='ltr'><strong><em>sed</em></strong></span> <span class='ocrx_word' id='word_1_217' title='bbox 761 2994 910 3039; x_wconf 89' lang='lat' dir='ltr'><strong><em>certe</em></strong></span> <span class='ocrx_word' id='word_1_218' title='bbox 956 2988 1022 3040; x_wconf 88' lang='lat' dir='ltr'><strong><em>ab</em></strong></span> <span class='ocrx_word' id='word_1_219' title='bbox 1063 3001 1127 3041; x_wconf 88' lang='lat' dir='ltr'><strong><em>eo</em></strong></span> <span class='ocrx_word' id='word_1_220' title='bbox 1173 2987 1419 3041; x_wconf 88' lang='lat' dir='ltr'><strong><em>instituta</em></strong></span> <span class='ocrx_word' id='word_1_221' title='bbox 1453 3003 1573 3043; x_wconf 85' lang='lat' dir='ltr'><strong><em>esse</em></strong></span> <span class='ocrx_word' id='word_1_222' title='bbox 1615 2992 1843 3059; x_wconf 89' lang='lat' dir='ltr'><strong><em>probant</em></strong></span> 
     </span>
    </p>
   </div>
   <div class='ocr_carea' id='block_1_32' title="bbox 264 3071 1909 3158">
    <p class='ocr_par' dir='ltr' id='par_1_32' title="bbox 264 3071 1909 3158">
     <span class='ocr_line' id='line_1_32' title="bbox 264 3071 1909 3158; baseline 0.008 -36"><span class='ocrx_word' id='word_1_223' title='bbox 264 3071 521 3127; x_wconf 60' lang='lat' dir='ltr'><strong><em>exhibita:</em></strong></span> <span class='ocrx_word' id='word_1_224' title='bbox 572 3073 621 3127; x_wconf 92' lang='lat' dir='ltr'><strong><em>ei</em></strong></span> <span class='ocrx_word' id='word_1_225' title='bbox 675 3088 707 3128; x_wconf 89' lang='lat' dir='ltr'><strong><em>a</em></strong></span> <span class='ocrx_word' id='word_1_226' title='bbox 741 3072 1270 3132; x_wconf 67' lang='lat' dir='ltr'><strong><em>Neocazsariensibus</em></strong></span> <span class='ocrx_word' id='word_1_227' title='bbox 1320 3078 1579 3134; x_wconf 76' lang='lat' dir='ltr'><strong><em>molestia:</em></strong></span> <span class='ocrx_word' id='word_1_228' title='bbox 1621 3089 1839 3151; x_wconf 86' lang='lat' dir='ltr'><strong><em>propter</em></strong></span> <span class='ocrx_word' id='word_1_229' title='bbox 1866 3102 1909 3158; x_wconf 73' lang='grc' dir='ltr'>ο</span> 
     </span>
    </p>
   </div>
   <div class='ocr_carea' id='block_1_33' title="bbox 262 3162 1839 3241">
    <p class='ocr_par' dir='ltr' id='par_1_33' title="bbox 262 3162 1839 3241">
     <span class='ocr_line' id='line_1_33' title="bbox 262 3162 1839 3241; baseline 0.008 -26"><span class='ocrx_word' id='word_1_230' title='bbox 262 3162 432 3229; x_wconf 80' lang='lat' dir='ltr'><strong><em>illam,</em></strong></span> <span class='ocrx_word' id='word_1_231' title='bbox 470 3175 529 3217; x_wconf 91' lang='lat' dir='ltr'><strong><em>ut</em></strong></span> <span class='ocrx_word' id='word_1_232' title='bbox 553 3165 651 3234; x_wconf 89' lang='lat' dir='ltr'><strong><em>ipsi</em></strong></span> <span class='ocrx_word' id='word_1_233' title='bbox 688 3167 1101 3233; x_wconf 73' lang='lat' dir='ltr'><strong><em>existimabant,</em></strong></span> <span class='ocrx_word' id='word_1_234' title='bbox 1130 3170 1463 3235; x_wconf 82' lang='lat' dir='ltr'><strong><em>novitatem,</em></strong></span> <span class='ocrx_word' id='word_1_235' title='bbox 1495 3187 1655 3241; x_wconf 86' lang='lat' dir='ltr'><strong><em>quam</em></strong></span> <span class='ocrx_word' id='word_1_236' title='bbox 1689 3171 1839 3227; x_wconf 81' lang='lat' dir='ltr'><strong><em>Basi-</em></strong></span> 
     </span>
    </p>
   </div>
   <div class='ocr_carea' id='block_1_34' title="bbox 260 3252 1839 3319">
    <p class='ocr_par' dir='ltr' id='par_1_34' title="bbox 260 3252 1839 3319">
     <span class='ocr_line' id='line_1_34' title="bbox 260 3252 1839 3319; baseline 0.008 -14"><span class='ocrx_word' id='word_1_237' title='bbox 260 3252 364 3308; x_wconf 90' lang='lat' dir='ltr'><strong><em>lius</em></strong></span> <span class='ocrx_word' id='word_1_238' title='bbox 397 3258 637 3310; x_wconf 88' lang='lat' dir='ltr'><strong><em>omnium</em></strong></span> <span class='ocrx_word' id='word_1_239' title='bbox 669 3257 1036 3313; x_wconf 84' lang='lat' dir='ltr'><strong><em>Ecclesiarum</em></strong></span> <span class='ocrx_word' id='word_1_240' title='bbox 1080 3261 1343 3317; x_wconf 88' lang='lat' dir='ltr'><strong><em>institutis</em></strong></span> <span class='ocrx_word' id='word_1_241' title='bbox 1392 3278 1683 3318; x_wconf 85' lang='lat' dir='ltr'><strong><em>consonam</em></strong></span> <span class='ocrx_word' id='word_1_242' title='bbox 1718 3279 1839 3319; x_wconf 88' lang='lat' dir='ltr'><strong><em>esse</em></strong></span> 
     </span>
    </p>
   </div>
   <div class='ocr_carea' id='block_1_35' title="bbox 257 3347 1838 3425">
    <p class='ocr_par' dir='ltr' id='par_1_35' title="bbox 257 3347 1838 3425">
     <span class='ocr_line' id='line_1_35' title="bbox 257 3347 1838 3425; baseline 0.006 -25"><span class='ocrx_word' id='word_1_243' title='bbox 257 3347 614 3403; x_wconf 88' lang='lat' dir='ltr'><strong><em>demonstrat.</em></strong></span> <span class='ocrx_word' id='word_1_244' title='bbox 648 3349 779 3404; x_wconf 90' lang='lat' dir='ltr'><strong><em>lllud</em></strong></span> <span class='ocrx_word' id='word_1_245' title='bbox 804 3351 967 3405; x_wconf 86' lang='lat' dir='ltr'><strong><em>etiam</em></strong></span> <span class='ocrx_word' id='word_1_246' title='bbox 1007 3352 1194 3406; x_wconf 88' lang='lat' dir='ltr'><strong><em>sedulo</em></strong></span> <span class='ocrx_word' id='word_1_247' title='bbox 1219 3354 1452 3422; x_wconf 83' lang='lat' dir='ltr'><strong><em>providit</em></strong></span> <span class='ocrx_word' id='word_1_248' title='bbox 1480 3354 1709 3409; x_wconf 73' lang='lat' dir='ltr'><strong><em>Basilius</em></strong></span> <span class='ocrx_word' id='word_1_249' title='bbox 1734 3356 1838 3425; x_wconf 77' lang='grc' dir='ltr'><strong><em>(ά),</em></strong></span> 
     </span>
    </p>
   </div>
   <div class='ocr_carea' id='block_1_36' title="bbox 260 3438 1837 3518">
    <p class='ocr_par' dir='ltr' id='par_1_36' title="bbox 260 3438 1837 3518">
     <span class='ocr_line' id='line_1_36' title="bbox 260 3438 1837 3518; baseline 0.009 -27"><span class='ocrx_word' id='word_1_250' title='bbox 260 3449 322 3492; x_wconf 85' lang='grc' dir='ltr'><strong><em>ιιι</em></strong></span> <span class='ocrx_word' id='word_1_251' title='bbox 349 3438 489 3494; x_wconf 86' lang='lat' dir='ltr'><strong><em>Deus</em></strong></span> <span class='ocrx_word' id='word_1_252' title='bbox 515 3456 619 3494; x_wconf 89' lang='lat' dir='ltr'><strong><em>non</em></strong></span> <span class='ocrx_word' id='word_1_253' title='bbox 663 3442 909 3498; x_wconf 84' lang='lat' dir='ltr'><strong><em>Immanis</em></strong></span> <span class='ocrx_word' id='word_1_254' title='bbox 953 3446 1120 3498; x_wconf 78' lang='lat' dir='ltr'><strong><em>verbis</em></strong></span> <span class='ocrx_word' id='word_1_255' title='bbox 1146 3485 1161 3508; x_wconf 88' lang='lat'><strong><em>,</em></strong></span> <span class='ocrx_word' id='word_1_256' title='bbox 1209 3446 1301 3499; x_wconf 90' lang='lat' dir='ltr'><strong><em>sed</em></strong></span> <span class='ocrx_word' id='word_1_257' title='bbox 1331 3447 1560 3503; x_wconf 87' lang='lat' dir='ltr'><strong><em>oraculis</em></strong></span> <span class='ocrx_word' id='word_1_258' title='bbox 1605 3446 1837 3518; x_wconf 87' lang='lat' dir='ltr'><strong><em>Spiritus</em></strong></span> 
     </span>
    </p>
   </div>
   <div class='ocr_carea' id='block_1_37' title="bbox 259 3532 1489 3606">
    <p class='ocr_par' dir='ltr' id='par_1_37' title="bbox 259 3532 1489 3606">
     <span class='ocr_line' id='line_1_37' title="bbox 259 3532 1489 3606; baseline 0.007 -20"><span class='ocrx_word' id='word_1_259' title='bbox 259 3532 433 3586; x_wconf 84' lang='lat' dir='ltr'><strong><em>sancti</em></strong></span> <span class='ocrx_word' id='word_1_260' title='bbox 468 3533 519 3586; x_wconf 93' lang='lat' dir='ltr'><strong><em>in</em></strong></span> <span class='ocrx_word' id='word_1_261' title='bbox 556 3533 795 3588; x_wconf 82' lang='lat' dir='ltr'><strong><em>Ecclesia</em></strong></span> <span class='ocrx_word' id='word_1_262' title='bbox 823 3535 1140 3591; x_wconf 62' lang='lat' dir='ltr'><strong><em>Caesariensi</em></strong></span> <span class='ocrx_word' id='word_1_263' title='bbox 1164 3538 1489 3606; x_wconf 84' lang='lat' dir='ltr'><strong><em>placaretur.</em></strong></span> 
     </span>
    </p>
   </div>
   <div class='ocr_carea' id='block_1_38' title="bbox 250 3622 1836 3698">
    <p class='ocr_par' dir='ltr' id='par_1_38' title="bbox 250 3622 1836 3698">
     <span class='ocr_line' id='line_1_38' title="bbox 250 3622 1836 3698; baseline 0.006 -21"><span class='ocrx_word' id='word_1_264' title='bbox 250 3652 255 3677; x_wconf 76' lang='grc' dir='ltr'>ς</span> <span class='ocrx_word' id='word_1_265' title='bbox 332 3622 402 3696; x_wconf 84' lang='lat' dir='ltr'><strong><em>(e)</em></strong></span> <span class='ocrx_word' id='word_1_266' title='bbox 433 3623 731 3680; x_wconf 80' lang='lat' dir='ltr'><strong><em>Primordia</em></strong></span> <span class='ocrx_word' id='word_1_267' title='bbox 772 3625 917 3681; x_wconf 90' lang='lat' dir='ltr'><strong><em>illius</em></strong></span> <span class='ocrx_word' id='word_1_268' title='bbox 948 3628 1294 3697; x_wconf 88' lang='lat' dir='ltr'><strong><em>episcopatus</em></strong></span> <span class='ocrx_word' id='word_1_269' title='bbox 1319 3629 1540 3698; x_wconf 85' lang='lat' dir='ltr'><strong><em>optimis</em></strong></span> <span class='ocrx_word' id='word_1_270' title='bbox 1567 3630 1634 3685; x_wconf 87' lang='lat' dir='ltr'><strong><em>ad</em></strong></span> <span class='ocrx_word' id='word_1_271' title='bbox 1670 3630 1836 3686; x_wconf 87' lang='lat' dir='ltr'><strong><em>disci-</em></strong></span> 
     </span>
    </p>
   </div>
   <div class='ocr_carea' id='block_1_39' title="bbox 257 3713 1839 3788">
    <p class='ocr_par' dir='ltr' id='par_1_39' title="bbox 257 3713 1839 3788">
     <span class='ocr_line' id='line_1_39' title="bbox 257 3713 1839 3788; baseline 0.008 -21"><span class='ocrx_word' id='word_1_272' title='bbox 257 3713 462 3784; x_wconf 83' lang='lat' dir='ltr'><strong><em>plinam</em></strong></span> <span class='ocrx_word' id='word_1_273' title='bbox 499 3714 712 3787; x_wconf 90' lang='lat' dir='ltr'><strong><em>legibus</em></strong></span> <span class='ocrx_word' id='word_1_274' title='bbox 754 3716 989 3787; x_wconf 86' lang='lat' dir='ltr'><strong><em>insignia</em></strong></span> <span class='ocrx_word' id='word_1_275' title='bbox 1028 3719 1273 3776; x_wconf 84' lang='lat' dir='ltr'><strong><em>fuerunt.</em></strong></span> <span class='ocrx_word' id='word_1_276' title='bbox 1307 3718 1521 3788; x_wconf 76' lang='lat' dir='ltr'><strong><em>Quanta</em></strong></span> <span class='ocrx_word' id='word_1_277' title='bbox 1554 3722 1702 3777; x_wconf 87' lang='lat' dir='ltr'><strong><em>illius</em></strong></span> <span class='ocrx_word' id='word_1_278' title='bbox 1732 3722 1839 3779; x_wconf 89' lang='lat' dir='ltr'><strong><em>sol-</em></strong></span> 
     </span>
    </p>
   </div>
   <div class='ocr_carea' id='block_1_40' title="bbox 257 3807 1835 3883">
    <p class='ocr_par' dir='ltr' id='par_1_40' title="bbox 257 3807 1835 3883">
     <span class='ocr_line' id='line_1_40' title="bbox 257 3807 1835 3883; baseline 0.006 -23"><span class='ocrx_word' id='word_1_279' title='bbox 257 3807 482 3863; x_wconf 86' lang='lat' dir='ltr'><strong><em>licitudo</em></strong></span> <span class='ocrx_word' id='word_1_280' title='bbox 508 3807 673 3864; x_wconf 86' lang='lat' dir='ltr'><strong><em>fuerit</em></strong></span> <span class='ocrx_word' id='word_1_281' title='bbox 708 3810 763 3865; x_wconf 93' lang='lat' dir='ltr'><strong><em>in</em></strong></span> <span class='ocrx_word' id='word_1_282' title='bbox 805 3810 1072 3882; x_wconf 77' lang='lat' dir='ltr'><strong><em>eligendis</em></strong></span> <span class='ocrx_word' id='word_1_283' title='bbox 1097 3812 1352 3867; x_wconf 85' lang='lat' dir='ltr'><strong><em>altarium</em></strong></span> <span class='ocrx_word' id='word_1_284' title='bbox 1387 3815 1675 3883; x_wconf 86' lang='lat' dir='ltr'><strong><em>ministris,</em></strong></span> <span class='ocrx_word' id='word_1_285' title='bbox 1715 3832 1835 3870; x_wconf 89' lang='lat' dir='ltr'><strong><em>cum</em></strong></span> 
     </span>
    </p>
   </div>
   <div class='ocr_carea' id='block_1_41' title="bbox 255 3898 1840 3974">
    <p class='ocr_par' dir='ltr' id='par_1_41' title="bbox 255 3898 1840 3974">
     <span class='ocr_line' id='line_1_41' title="bbox 255 3898 1840 3974; baseline 0.004 -23"><span class='ocrx_word' id='word_1_286' title='bbox 255 3913 328 3952; x_wconf 82' lang='lat' dir='ltr'><strong><em>ex</em></strong></span> <span class='ocrx_word' id='word_1_287' title='bbox 364 3898 560 3953; x_wconf 89' lang='lat' dir='ltr'><strong><em>litteris</em></strong></span> <span class='ocrx_word' id='word_1_288' title='bbox 588 3902 654 3954; x_wconf 88' lang='lat' dir='ltr'><strong><em>ad</em></strong></span> <span class='ocrx_word' id='word_1_289' title='bbox 688 3901 983 3969; x_wconf 63' lang='lat' dir='ltr'><strong><em>provinciae</em></strong></span> <span class='ocrx_word' id='word_1_290' title='bbox 1004 3917 1114 3956; x_wconf 65' lang='lat' dir='ltr'><strong><em>sum</em></strong></span> <span class='ocrx_word' id='word_1_291' title='bbox 1140 3902 1450 3971; x_wconf 87' lang='lat' dir='ltr'><strong><em>episcopos,</em></strong></span> <span class='ocrx_word' id='word_1_292' title='bbox 1483 3904 1550 3957; x_wconf 91' lang='lat' dir='ltr'><strong><em>ad</em></strong></span> <span class='ocrx_word' id='word_1_293' title='bbox 1589 3904 1840 3974; x_wconf 82' lang='lat' dir='ltr'><strong><em>cborepi-</em></strong></span> 
     </span>
    </p>
   </div>
   <div class='ocr_carea' id='block_1_42' title="bbox 256 3990 1840 4066">
    <p class='ocr_par' dir='ltr' id='par_1_42' title="bbox 256 3990 1840 4066">
     <span class='ocr_line' id='line_1_42' title="bbox 256 3990 1840 4066; baseline 0.005 -23"><span class='ocrx_word' id='word_1_294' title='bbox 256 4004 455 4059; x_wconf 82' lang='lat' dir='ltr'><strong><em>scapos</em></strong></span> <span class='ocrx_word' id='word_1_295' title='bbox 480 4001 537 4044; x_wconf 89' lang='lat' dir='ltr'><strong><em>et</em></strong></span> <span class='ocrx_word' id='word_1_296' title='bbox 566 3992 631 4045; x_wconf 90' lang='lat' dir='ltr'><strong><em>ad</em></strong></span> <span class='ocrx_word' id='word_1_297' title='bbox 657 3990 971 4048; x_wconf 84' lang='lat' dir='ltr'><strong><em>Nectarium</em></strong></span> <span class='ocrx_word' id='word_1_298' title='bbox 999 3995 1232 4063; x_wconf 86' lang='lat' dir='ltr'><strong><em>perspici</em></strong></span> <span class='ocrx_word' id='word_1_299' title='bbox 1263 4004 1462 4063; x_wconf 90' lang='lat' dir='ltr'><strong><em>potest,</em></strong></span> <span class='ocrx_word' id='word_1_300' title='bbox 1490 4006 1601 4050; x_wconf 86' lang='lat' dir='ltr'><strong><em>tum</em></strong></span> <span class='ocrx_word' id='word_1_301' title='bbox 1627 4010 1695 4051; x_wconf 81' lang='lat' dir='ltr'><strong><em>ex</em></strong></span> <span class='ocrx_word' id='word_1_302' title='bbox 1724 3997 1840 4066; x_wconf 91' lang='lat' dir='ltr'><strong><em>epi-</em></strong></span> 
     </span>
    </p>
   </div>
   <div class='ocr_carea' id='block_1_43' title="bbox 260 4080 1835 4149">
    <p class='ocr_par' dir='ltr' id='par_1_43' title="bbox 260 4080 1835 4149">
     <span class='ocr_line' id='line_1_43' title="bbox 260 4080 1835 4149; baseline 0.006 -18"><span class='ocrx_word' id='word_1_303' title='bbox 260 4080 438 4147; x_wconf 82' lang='lat' dir='ltr'><strong><em>sc0pis</em></strong></span> <span class='ocrx_word' id='word_1_304' title='bbox 483 4095 621 4149; x_wconf 88' lang='lat' dir='ltr'><strong><em>quos</em></strong></span> <span class='ocrx_word' id='word_1_305' title='bbox 668 4096 700 4136; x_wconf 92' lang='lat' dir='ltr'><strong><em>e</em></strong></span> <span class='ocrx_word' id='word_1_306' title='bbox 748 4081 896 4137; x_wconf 88' lang='lat' dir='ltr'><strong><em>clero</em></strong></span> <span class='ocrx_word' id='word_1_307' title='bbox 941 4098 1040 4138; x_wconf 88' lang='lat' dir='ltr'><strong><em>suo</em></strong></span> <span class='ocrx_word' id='word_1_308' title='bbox 1083 4084 1204 4140; x_wconf 89' lang='lat' dir='ltr'><strong><em>aliis</em></strong></span> <span class='ocrx_word' id='word_1_309' title='bbox 1246 4084 1504 4140; x_wconf 87' lang='lat' dir='ltr'><strong><em>Ecclesiis</em></strong></span> <span class='ocrx_word' id='word_1_310' title='bbox 1543 4087 1835 4141; x_wconf 80' lang='lat' dir='ltr'><strong><em>concessit.</em></strong></span> 
     </span>
    </p>
   </div>
   <div class='ocr_carea' id='block_1_44' title="bbox 260 4170 1835 4248">
    <p class='ocr_par' dir='ltr' id='par_1_44' title="bbox 260 4170 1835 4248">
     <span class='ocr_line' id='line_1_44' title="bbox 260 4170 1835 4248; baseline 0.004 -22"><span class='ocrx_word' id='word_1_311' title='bbox 260 4170 417 4226; x_wconf 84' lang='lat' dir='ltr'><strong><em>Nulla</em></strong></span> <span class='ocrx_word' id='word_1_312' title='bbox 447 4172 592 4227; x_wconf 89' lang='lat' dir='ltr'><strong><em>illum</em></strong></span> <span class='ocrx_word' id='word_1_313' title='bbox 629 4173 714 4229; x_wconf 89' lang='lat' dir='ltr'><strong><em>his</em></strong></span> <span class='ocrx_word' id='word_1_314' title='bbox 744 4174 798 4228; x_wconf 93' lang='lat' dir='ltr'><strong><em>in</em></strong></span> <span class='ocrx_word' id='word_1_315' title='bbox 832 4174 993 4231; x_wconf 85' lang='lat' dir='ltr'><strong><em>rebus</em></strong></span> <span class='ocrx_word' id='word_1_316' title='bbox 1018 4175 1252 4231; x_wconf 89' lang='lat' dir='ltr'><strong><em>humana</em></strong></span> <span class='ocrx_word' id='word_1_317' title='bbox 1277 4178 1534 4248; x_wconf 86' lang='lat' dir='ltr'><strong><em>cogitatio</em></strong></span> <span class='ocrx_word' id='word_1_318' title='bbox 1565 4179 1835 4233; x_wconf 83' lang='lat' dir='ltr'><strong><em>movebat.</em></strong></span> 
     </span>
    </p>
   </div>
   <div class='ocr_carea' id='block_1_45' title="bbox 262 4263 1838 4339">
    <p class='ocr_par' dir='ltr' id='par_1_45' title="bbox 262 4263 1838 4339">
     <span class='ocr_line' id='line_1_45' title="bbox 262 4263 1838 4339; baseline 0.006 -22"><span class='ocrx_word' id='word_1_319' title='bbox 262 4263 359 4317; x_wconf 74' lang='lat' dir='ltr'><strong><em>Vir</em></strong></span> <span class='ocrx_word' id='word_1_320' title='bbox 383 4273 578 4320; x_wconf 62' lang='lat' dir='ltr'><strong><em>ca&#39;tera</em></strong></span> <span class='ocrx_word' id='word_1_321' title='bbox 611 4267 663 4321; x_wconf 89' lang='lat' dir='ltr'><strong><em>in</em></strong></span> <span class='ocrx_word' id='word_1_322' title='bbox 695 4265 894 4323; x_wconf 84' lang='lat' dir='ltr'><strong><em>fratres</em></strong></span> <span class='ocrx_word' id='word_1_323' title='bbox 920 4270 1200 4326; x_wconf 84' lang='lat' dir='ltr'><strong><em>etamicos</em></strong></span> <span class='ocrx_word' id='word_1_324' title='bbox 1225 4270 1555 4339; x_wconf 87' lang='lat' dir='ltr'><strong><em>lenissimus,</em></strong></span> <span class='ocrx_word' id='word_1_325' title='bbox 1582 4271 1838 4327; x_wconf 86' lang='lat' dir='ltr'><strong><em>inexora-</em></strong></span> 
     </span>
    </p>
   </div>
   <div class='ocr_carea' id='block_1_46' title="bbox 256 4353 1836 4426">
    <p class='ocr_par' dir='ltr' id='par_1_46' title="bbox 256 4353 1836 4426">
     <span class='ocr_line' id='line_1_46' title="bbox 256 4353 1836 4426; baseline 0.007 -21"><span class='ocrx_word' id='word_1_326' title='bbox 256 4353 384 4408; x_wconf 85' lang='lat' dir='ltr'><strong><em>bilis</em></strong></span> <span class='ocrx_word' id='word_1_327' title='bbox 418 4365 557 4419; x_wconf 87' lang='lat' dir='ltr'><strong><em>erat,</em></strong></span> <span class='ocrx_word' id='word_1_328' title='bbox 593 4355 637 4410; x_wconf 90' lang='lat' dir='ltr'><strong><em>si</em></strong></span> <span class='ocrx_word' id='word_1_329' title='bbox 673 4356 800 4426; x_wconf 88' lang='lat' dir='ltr'><strong><em>quid</em></strong></span> <span class='ocrx_word' id='word_1_330' title='bbox 832 4358 913 4413; x_wconf 90' lang='lat' dir='ltr'><strong><em>eis</em></strong></span> <span class='ocrx_word' id='word_1_331' title='bbox 938 4359 1122 4414; x_wconf 87' lang='lat' dir='ltr'><strong><em>oneris</em></strong></span> <span class='ocrx_word' id='word_1_332' title='bbox 1153 4360 1220 4415; x_wconf 92' lang='lat' dir='ltr'><strong><em>ad</em></strong></span> <span class='ocrx_word' id='word_1_333' title='bbox 1252 4358 1512 4416; x_wconf 74' lang='lat' dir='ltr'><strong><em>Ecclesia:</em></strong></span> <span class='ocrx_word' id='word_1_334' title='bbox 1550 4361 1836 4417; x_wconf 88' lang='lat' dir='ltr'><strong><em>utilitatem</em></strong></span> 
     </span>
    </p>
   </div>
   <div class='ocr_carea' id='block_1_47' title="bbox 1946 509 3520 585">
    <p class='ocr_par' dir='ltr' id='par_1_47' title="bbox 1946 509 3520 585">
     <span class='ocr_line' id='line_1_47' title="bbox 1946 509 3520 585; baseline -0.001 -16"><span class='ocrx_word' id='word_1_335' title='bbox 1946 520 2057 571; x_wconf 85' lang='lat' dir='ltr'><strong><em>suis</em></strong></span> <span class='ocrx_word' id='word_1_336' title='bbox 2089 534 2207 571; x_wconf 85' lang='lat' dir='ltr'><strong><em>eum</em></strong></span> <span class='ocrx_word' id='word_1_337' title='bbox 2235 514 2471 585; x_wconf 80' lang='lat' dir='ltr'><strong><em>mysticis</em></strong></span> <span class='ocrx_word' id='word_1_338' title='bbox 2495 511 2834 568; x_wconf 87' lang='lat' dir='ltr'><strong><em>sacramentis</em></strong></span> <span class='ocrx_word' id='word_1_339' title='bbox 2867 527 3198 565; x_wconf 88' lang='lat' dir='ltr'><strong><em>consecrans.</em></strong></span> <span class='ocrx_word' id='word_1_340' title='bbox 3236 509 3397 567; x_wconf 88' lang='lat' dir='ltr'><strong><em>Parvi</em></strong></span> <span class='ocrx_word' id='word_1_341' title='bbox 3427 528 3520 568; x_wconf 85' lang='lat' dir='ltr'><strong><em>re-</em></strong></span> 
     </span>
    </p>
   </div>
   <div class='ocr_carea' id='block_1_48' title="bbox 1946 604 3519 679">
    <p class='ocr_par' dir='ltr' id='par_1_48' title="bbox 1946 604 3519 679">
     <span class='ocr_line' id='line_1_48' title="bbox 1946 604 3519 679; baseline -0.003 -17"><span class='ocrx_word' id='word_1_342' title='bbox 1946 611 2071 675; x_wconf 85' lang='lat' dir='ltr'><strong><em>fert,</em></strong></span> <span class='ocrx_word' id='word_1_343' title='bbox 2123 610 2267 679; x_wconf 89' lang='lat' dir='ltr'><strong><em>quod</em></strong></span> <span class='ocrx_word' id='word_1_344' title='bbox 2295 607 2527 662; x_wconf 88' lang='lat' dir='ltr'><strong><em>Basilius</em></strong></span> <span class='ocrx_word' id='word_1_345' title='bbox 2574 606 2628 661; x_wconf 91' lang='lat' dir='ltr'><strong><em>in</em></strong></span> <span class='ocrx_word' id='word_1_346' title='bbox 2675 606 2918 676; x_wconf 88' lang='lat' dir='ltr'><strong><em>epistolis</em></strong></span> <span class='ocrx_word' id='word_1_347' title='bbox 2944 604 3014 660; x_wconf 85' lang='lat'><strong>79</strong></span> <span class='ocrx_word' id='word_1_348' title='bbox 3060 614 3116 660; x_wconf 87' lang='lat' dir='ltr'><strong><em>et</em></strong></span> <span class='ocrx_word' id='word_1_349' title='bbox 3146 605 3253 660; x_wconf 72' lang='lat'><strong><em>216</em></strong></span> <span class='ocrx_word' id='word_1_350' title='bbox 3281 621 3519 675; x_wconf 81' lang='lat' dir='ltr'><strong><em>quarum</em></strong></span> 
     </span>
    </p>
   </div>
   <div class='ocr_carea' id='block_1_49' title="bbox 1946 696 3523 771">
    <p class='ocr_par' dir='ltr' id='par_1_49' title="bbox 1946 696 3523 771">
     <span class='ocr_line' id='line_1_49' title="bbox 1946 696 3523 771; baseline -0.001 -18"><span class='ocrx_word' id='word_1_351' title='bbox 1946 702 2116 771; x_wconf 88' lang='lat' dir='ltr'><strong><em>prima</em></strong></span> <span class='ocrx_word' id='word_1_352' title='bbox 2152 699 2218 754; x_wconf 87' lang='lat' dir='ltr'><strong><em>ad</em></strong></span> <span class='ocrx_word' id='word_1_353' title='bbox 2262 699 2605 753; x_wconf 87' lang='lat' dir='ltr'><strong><em>Eustathium</em></strong></span> <span class='ocrx_word' id='word_1_354' title='bbox 2639 712 2780 751; x_wconf 88' lang='lat' dir='ltr'><strong><em>anno</em></strong></span> <span class='ocrx_word' id='word_1_355' title='bbox 2830 696 2930 752; x_wconf 82' lang='grc'><strong><em>571</em></strong></span> <span class='ocrx_word' id='word_1_356' title='bbox 2967 708 3218 762; x_wconf 80' lang='lat' dir='ltr'><strong><em>exeunte,</em></strong></span> <span class='ocrx_word' id='word_1_357' title='bbox 3255 696 3421 751; x_wconf 89' lang='lat' dir='ltr'><strong><em>altera</em></strong></span> <span class='ocrx_word' id='word_1_358' title='bbox 3450 699 3523 752; x_wconf 90' lang='lat' dir='ltr'><strong><em>ad</em></strong></span> 
     </span>
    </p>
   </div>
   <div class='ocr_carea' id='block_1_50' title="bbox 1947 787 3524 855">
    <p class='ocr_par' dir='ltr' id='par_1_50' title="bbox 1947 787 3524 855">
     <span class='ocr_line' id='line_1_50' title="bbox 1947 787 3524 855; baseline -0.004 -6"><span class='ocrx_word' id='word_1_359' title='bbox 1947 794 2005 849; x_wconf 90' lang='lat' dir='ltr'><strong><em>S.</em></strong></span> <span class='ocrx_word' id='word_1_360' title='bbox 2048 791 2323 848; x_wconf 86' lang='lat' dir='ltr'><strong><em>Meletium</em></strong></span> <span class='ocrx_word' id='word_1_361' title='bbox 2358 807 2502 846; x_wconf 91' lang='lat' dir='ltr'><strong><em>anno</em></strong></span> <span class='ocrx_word' id='word_1_362' title='bbox 2526 791 2635 844; x_wconf 71' lang='lat'><strong><em>575</em></strong></span> <span class='ocrx_word' id='word_1_363' title='bbox 2665 789 2863 855; x_wconf 87' lang='lat' dir='ltr'><strong><em>scripta</em></strong></span> <span class='ocrx_word' id='word_1_364' title='bbox 2906 798 3013 855; x_wconf 87' lang='lat' dir='ltr'><strong><em>est,</em></strong></span> <span class='ocrx_word' id='word_1_365' title='bbox 3042 787 3258 843; x_wconf 89' lang='lat' dir='ltr'><strong><em>Petrum</em></strong></span> <span class='ocrx_word' id='word_1_366' title='bbox 3294 787 3524 843; x_wconf 80' lang='lat' dir='ltr'><strong><em>fratrem</em></strong></span> 
     </span>
    </p>
   </div>
   <div class='ocr_carea' id='block_1_51' title="bbox 1946 881 3526 955">
    <p class='ocr_par' dir='ltr' id='par_1_51' title="bbox 1946 881 3526 955">
     <span class='ocr_line' id='line_1_51' title="bbox 1946 881 3526 955; baseline -0.001 -19"><span class='ocrx_word' id='word_1_367' title='bbox 1946 900 2049 938; x_wconf 90' lang='lat' dir='ltr'><strong><em>non</em></strong></span> <span class='ocrx_word' id='word_1_368' title='bbox 2095 883 2334 954; x_wconf 84' lang='lat' dir='ltr'><strong><em>appellat</em></strong></span> <span class='ocrx_word' id='word_1_369' title='bbox 2374 885 2776 955; x_wconf 78' lang='lat' dir='ltr'><strong><em>presbyterum.</em></strong></span> <span class='ocrx_word' id='word_1_370' title='bbox 2808 881 2938 936; x_wconf 86' lang='lat' dir='ltr'><strong><em>lude</em></strong></span> <span class='ocrx_word' id='word_1_371' title='bbox 2988 881 3162 951; x_wconf 82' lang='lat' dir='ltr'><strong><em>colligi</em></strong></span> <span class='ocrx_word' id='word_1_372' title='bbox 3203 897 3308 935; x_wconf 94' lang='lat' dir='ltr'><strong><em>non</em></strong></span> <span class='ocrx_word' id='word_1_373' title='bbox 3343 891 3526 951; x_wconf 85' lang='lat' dir='ltr'><strong><em>potest</em></strong></span> 
     </span>
    </p>
   </div>
   <div class='ocr_carea' id='block_1_52' title="bbox 1945 970 3528 1042">
    <p class='ocr_par' dir='ltr' id='par_1_52' title="bbox 1945 970 3528 1042">
     <span class='ocr_line' id='line_1_52' title="bbox 1945 970 3528 1042; baseline -0.002 -16"><span class='ocrx_word' id='word_1_374' title='bbox 1945 973 2182 1027; x_wconf 91' lang='lat' dir='ltr'><strong><em>nondum</em></strong></span> <span class='ocrx_word' id='word_1_375' title='bbox 2239 983 2368 1028; x_wconf 85' lang='lat' dir='ltr'><strong><em>tunc</em></strong></span> <span class='ocrx_word' id='word_1_376' title='bbox 2414 972 2632 1027; x_wconf 88' lang='lat' dir='ltr'><strong><em>Petrum</em></strong></span> <span class='ocrx_word' id='word_1_377' title='bbox 2682 973 2733 1026; x_wconf 94' lang='lat' dir='ltr'><strong><em>in</em></strong></span> <span class='ocrx_word' id='word_1_378' title='bbox 2787 971 3087 1042; x_wconf 88' lang='lat' dir='ltr'><strong><em>presbyteri</em></strong></span> <span class='ocrx_word' id='word_1_379' title='bbox 3136 971 3305 1037; x_wconf 83' lang='lat' dir='ltr'><strong><em>gradu</em></strong></span> <span class='ocrx_word' id='word_1_380' title='bbox 3355 970 3528 1025; x_wconf 63' lang='lat' dir='ltr'><strong><em>mini&quot;</em></strong></span> 
     </span>
    </p>
   </div>
   <div class='ocr_carea' id='block_1_53' title="bbox 1944 1058 3528 1130">
    <p class='ocr_par' dir='ltr' id='par_1_53' title="bbox 1944 1058 3528 1130">
     <span class='ocr_line' id='line_1_53' title="bbox 1944 1058 3528 1130; baseline 0 -14"><span class='ocrx_word' id='word_1_381' title='bbox 1944 1073 2164 1117; x_wconf 85' lang='lat' dir='ltr'><strong><em>strasse.</em></strong></span> <span class='ocrx_word' id='word_1_382' title='bbox 2208 1062 2322 1116; x_wconf 88' lang='lat' dir='ltr'><strong><em>Etsi</em></strong></span> <span class='ocrx_word' id='word_1_383' title='bbox 2373 1062 2517 1116; x_wconf 89' lang='lat' dir='ltr'><strong><em>enim</em></strong></span> <span class='ocrx_word' id='word_1_384' title='bbox 2545 1072 2831 1116; x_wconf 87' lang='lat' dir='ltr'><strong><em>accuratus</em></strong></span> <span class='ocrx_word' id='word_1_385' title='bbox 2874 1070 2993 1115; x_wconf 87' lang='lat' dir='ltr'><strong><em>erat</em></strong></span> <span class='ocrx_word' id='word_1_386' title='bbox 3029 1058 3260 1116; x_wconf 88' lang='lat' dir='ltr'><strong><em>Basilius</em></strong></span> <span class='ocrx_word' id='word_1_387' title='bbox 3295 1062 3346 1115; x_wconf 93' lang='lat' dir='ltr'><strong><em>in</em></strong></span> <span class='ocrx_word' id='word_1_388' title='bbox 3373 1063 3528 1130; x_wconf 81' lang='lat' dir='ltr'><strong><em>ejus-</em></strong></span> 
     </span>
    </p>
   </div>
   <div class='ocr_carea' id='block_1_54' title="bbox 1946 1152 3527 1224">
    <p class='ocr_par' dir='ltr' id='par_1_54' title="bbox 1946 1152 3527 1224">
     <span class='ocr_line' id='line_1_54' title="bbox 1946 1152 3527 1224; baseline 0.003 -18"><span class='ocrx_word' id='word_1_389' title='bbox 1946 1154 2090 1207; x_wconf 84' lang='lat' dir='ltr'><strong><em>modi</em></strong></span> <span class='ocrx_word' id='word_1_390' title='bbox 2126 1154 2299 1209; x_wconf 91' lang='lat' dir='ltr'><strong><em>titulis</em></strong></span> <span class='ocrx_word' id='word_1_391' title='bbox 2343 1169 2443 1224; x_wconf 92' lang='lat' dir='ltr'><strong><em>pro</em></strong></span> <span class='ocrx_word' id='word_1_392' title='bbox 2489 1153 2754 1222; x_wconf 87' lang='lat' dir='ltr'><strong><em>cujusque</em></strong></span> <span class='ocrx_word' id='word_1_393' title='bbox 2792 1154 3056 1224; x_wconf 80' lang='lat' dir='ltr'><strong><em>dignitate</em></strong></span> <span class='ocrx_word' id='word_1_394' title='bbox 3085 1152 3415 1220; x_wconf 85' lang='lat' dir='ltr'><strong><em>deferendis,</em></strong></span> <span class='ocrx_word' id='word_1_395' title='bbox 3468 1156 3527 1210; x_wconf 88' lang='lat' dir='ltr'><strong><em>id</em></strong></span> 
     </span>
    </p>
   </div>
   <div class='ocr_carea' id='block_1_55' title="bbox 1947 1245 3527 1317">
    <p class='ocr_par' dir='ltr' id='par_1_55' title="bbox 1947 1245 3527 1317">
     <span class='ocr_line' id='line_1_55' title="bbox 1947 1245 3527 1317; baseline 0.002 -20"><span class='ocrx_word' id='word_1_396' title='bbox 1947 1255 2128 1300; x_wconf 89' lang='lat' dir='ltr'><strong><em>tamen</em></strong></span> <span class='ocrx_word' id='word_1_397' title='bbox 2158 1245 2294 1317; x_wconf 81' lang='lat' dir='ltr'><strong><em>legis</em></strong></span> <span class='ocrx_word' id='word_1_398' title='bbox 2325 1246 2500 1300; x_wconf 90' lang='lat' dir='ltr'><strong><em>instar</em></strong></span> <span class='ocrx_word' id='word_1_399' title='bbox 2523 1247 2848 1300; x_wconf 88' lang='lat' dir='ltr'><strong><em>servandum</em></strong></span> <span class='ocrx_word' id='word_1_400' title='bbox 2891 1260 3014 1301; x_wconf 88' lang='lat' dir='ltr'><strong><em>esse</em></strong></span> <span class='ocrx_word' id='word_1_401' title='bbox 3043 1260 3155 1299; x_wconf 92' lang='lat' dir='ltr'><strong><em>non</em></strong></span> <span class='ocrx_word' id='word_1_402' title='bbox 3193 1245 3422 1301; x_wconf 88' lang='lat' dir='ltr'><strong><em>ducebat</em></strong></span> <span class='ocrx_word' id='word_1_403' title='bbox 3466 1246 3527 1301; x_wconf 88' lang='lat' dir='ltr'><strong><em>in</em></strong></span> 
     </span>
    </p>
   </div>
   <div class='ocr_carea' id='block_1_56' title="bbox 1943 1336 3525 1408">
    <p class='ocr_par' dir='ltr' id='par_1_56' title="bbox 1943 1336 3525 1408">
     <span class='ocr_line' id='line_1_56' title="bbox 1943 1336 3525 1408; baseline 0.002 -17"><span class='ocrx_word' id='word_1_404' title='bbox 1943 1338 2158 1399; x_wconf 87' lang='lat' dir='ltr'><strong><em>litteris,</em></strong></span> <span class='ocrx_word' id='word_1_405' title='bbox 2181 1354 2318 1408; x_wconf 86' lang='lat' dir='ltr'><strong><em>quas</em></strong></span> <span class='ocrx_word' id='word_1_406' title='bbox 2338 1336 2595 1407; x_wconf 87' lang='lat' dir='ltr'><strong><em>privatim</em></strong></span> <span class='ocrx_word' id='word_1_407' title='bbox 2627 1337 2693 1391; x_wconf 89' lang='lat' dir='ltr'><strong><em>ad</em></strong></span> <span class='ocrx_word' id='word_1_408' title='bbox 2732 1336 2956 1392; x_wconf 89' lang='lat' dir='ltr'><strong><em>intimos</em></strong></span> <span class='ocrx_word' id='word_1_409' title='bbox 2981 1338 3186 1393; x_wconf 88' lang='lat' dir='ltr'><strong><em>amicos</em></strong></span> <span class='ocrx_word' id='word_1_410' title='bbox 3221 1338 3525 1394; x_wconf 83' lang='lat' dir='ltr'><strong><em>scribebat.</em></strong></span> 
     </span>
    </p>
   </div>
   <div class='ocr_carea' id='block_1_57' title="bbox 1944 1424 3526 1497">
    <p class='ocr_par' dir='ltr' id='par_1_57' title="bbox 1944 1424 3526 1497">
     <span class='ocr_line' id='line_1_57' title="bbox 1944 1424 3526 1497; baseline 0.002 -18"><span class='ocrx_word' id='word_1_411' title='bbox 1944 1424 2081 1480; x_wconf 78' lang='lat' dir='ltr'><strong><em>l-linc</em></strong></span> <span class='ocrx_word' id='word_1_412' title='bbox 2107 1425 2371 1495; x_wconf 86' lang='lat' dir='ltr'><strong><em>Gregorio</em></strong></span> <span class='ocrx_word' id='word_1_413' title='bbox 2398 1425 2644 1497; x_wconf 78' lang='lat' dir='ltr'><strong><em>Nysseno</em></strong></span> <span class='ocrx_word' id='word_1_414' title='bbox 2684 1440 2788 1480; x_wconf 91' lang='lat' dir='ltr'><strong><em>non</em></strong></span> <span class='ocrx_word' id='word_1_415' title='bbox 2817 1425 2982 1480; x_wconf 84' lang='lat' dir='ltr'><strong><em>alium</em></strong></span> <span class='ocrx_word' id='word_1_416' title='bbox 3015 1441 3175 1495; x_wconf 88' lang='lat' dir='ltr'><strong><em>quam</em></strong></span> <span class='ocrx_word' id='word_1_417' title='bbox 3204 1425 3387 1482; x_wconf 82' lang='lat' dir='ltr'><strong><em>fratris</em></strong></span> <span class='ocrx_word' id='word_1_418' title='bbox 3420 1428 3526 1482; x_wconf 88' lang='lat' dir='ltr'><strong><em>ad-</em></strong></span> 
     </span>
    </p>
   </div>
   <div class='ocr_carea' id='block_1_58' title="bbox 1943 1515 3527 1586">
    <p class='ocr_par' dir='ltr' id='par_1_58' title="bbox 1943 1515 3527 1586">
     <span class='ocr_line' id='line_1_58' title="bbox 1943 1515 3527 1586; baseline 0.001 -16"><span class='ocrx_word' id='word_1_419' title='bbox 1943 1515 2159 1570; x_wconf 90' lang='lat' dir='ltr'><strong><em>modum</em></strong></span> <span class='ocrx_word' id='word_1_420' title='bbox 2201 1515 2484 1572; x_wconf 88' lang='lat' dir='ltr'><strong><em>reverendi</em></strong></span> <span class='ocrx_word' id='word_1_421' title='bbox 2511 1515 2729 1570; x_wconf 89' lang='lat' dir='ltr'><strong><em>titulum</em></strong></span> <span class='ocrx_word' id='word_1_422' title='bbox 2769 1517 2961 1570; x_wconf 90' lang='lat' dir='ltr'><strong><em>tribuit</em></strong></span> <span class='ocrx_word' id='word_1_423' title='bbox 2996 1518 3048 1569; x_wconf 90' lang='lat' dir='ltr'><strong><em>in</em></strong></span> <span class='ocrx_word' id='word_1_424' title='bbox 3090 1517 3317 1586; x_wconf 87' lang='lat' dir='ltr'><strong><em>epistola</em></strong></span> <span class='ocrx_word' id='word_1_425' title='bbox 3354 1518 3424 1572; x_wconf 85' lang='lat'><strong><em>60</em></strong></span> <span class='ocrx_word' id='word_1_426' title='bbox 3454 1519 3527 1573; x_wconf 88' lang='lat' dir='ltr'><strong><em>ad</em></strong></span> 
     </span>
    </p>
   </div>
   <div class='ocr_carea' id='block_1_59' title="bbox 1943 1606 3529 1677">
    <p class='ocr_par' dir='ltr' id='par_1_59' title="bbox 1943 1606 3529 1677">
     <span class='ocr_line' id='line_1_59' title="bbox 1943 1606 3529 1677; baseline 0.004 -17"><span class='ocrx_word' id='word_1_427' title='bbox 1943 1620 2284 1660; x_wconf 80' lang='lat' dir='ltr'><strong><em>communem</em></strong></span> <span class='ocrx_word' id='word_1_428' title='bbox 2317 1619 2594 1677; x_wconf 88' lang='lat' dir='ltr'><strong><em>patruum.</em></strong></span> <span class='ocrx_word' id='word_1_429' title='bbox 2631 1607 2950 1660; x_wconf 87' lang='lat' dir='ltr'><strong><em>Antbimum</em></strong></span> <span class='ocrx_word' id='word_1_430' title='bbox 2994 1606 3334 1677; x_wconf 85' lang='lat' dir='ltr'><strong><em>Tyauensem</em></strong></span> <span class='ocrx_word' id='word_1_431' title='bbox 3368 1624 3529 1666; x_wconf 86' lang='lat' dir='ltr'><strong><em>reve-</em></strong></span> 
     </span>
    </p>
   </div>
   <div class='ocr_carea' id='block_1_60' title="bbox 1945 1697 3525 1768">
    <p class='ocr_par' dir='ltr' id='par_1_60' title="bbox 1945 1697 3525 1768">
     <span class='ocr_line' id='line_1_60' title="bbox 1945 1697 3525 1768; baseline 0.003 -17"><span class='ocrx_word' id='word_1_432' title='bbox 1945 1698 2324 1752; x_wconf 88' lang='lat' dir='ltr'><strong><em>rendissimum</em></strong></span> <span class='ocrx_word' id='word_1_433' title='bbox 2349 1697 2571 1752; x_wconf 84' lang='lat' dir='ltr'><strong><em>fratrem</em></strong></span> <span class='ocrx_word' id='word_1_434' title='bbox 2605 1697 2838 1768; x_wconf 87' lang='lat' dir='ltr'><strong><em>appellat</em></strong></span> <span class='ocrx_word' id='word_1_435' title='bbox 2862 1699 2914 1752; x_wconf 93' lang='lat' dir='ltr'><strong><em>in</em></strong></span> <span class='ocrx_word' id='word_1_436' title='bbox 2934 1699 3091 1768; x_wconf 91' lang='lat' dir='ltr'><strong><em>epist.</em></strong></span> <span class='ocrx_word' id='word_1_437' title='bbox 3119 1699 3187 1755; x_wconf 83' lang='lat'><strong><em>58</em></strong></span> <span class='ocrx_word' id='word_1_438' title='bbox 3208 1701 3272 1753; x_wconf 87' lang='lat' dir='ltr'><strong><em>ad</em></strong></span> <span class='ocrx_word' id='word_1_439' title='bbox 3299 1700 3525 1755; x_wconf 84' lang='lat' dir='ltr'><strong><em>fratrem</em></strong></span> 
     </span>
    </p>
   </div>
   <div class='ocr_carea' id='block_1_61' title="bbox 1873 1766 3528 1860">
    <p class='ocr_par' dir='ltr' id='par_1_61' title="bbox 1873 1766 3528 1860">
     <span class='ocr_line' id='line_1_61' title="bbox 1873 1766 3528 1860; baseline 0.002 -16"><span class='ocrx_word' id='word_1_440' title='bbox 1873 1766 1914 1821; x_wconf 75' lang='lat' dir='ltr'><strong><em>B</em></strong></span> <span class='ocrx_word' id='word_1_441' title='bbox 1943 1789 2285 1860; x_wconf 88' lang='lat' dir='ltr'><strong><em>Gregorium,</em></strong></span> <span class='ocrx_word' id='word_1_442' title='bbox 2328 1806 2435 1843; x_wconf 92' lang='lat' dir='ltr'><strong><em>non</em></strong></span> <span class='ocrx_word' id='word_1_443' title='bbox 2469 1790 2652 1843; x_wconf 89' lang='lat' dir='ltr'><strong><em>addito</em></strong></span> <span class='ocrx_word' id='word_1_444' title='bbox 2701 1789 2940 1859; x_wconf 87' lang='lat' dir='ltr'><strong><em>episc0pi</em></strong></span> <span class='ocrx_word' id='word_1_445' title='bbox 2990 1790 3175 1858; x_wconf 89' lang='lat' dir='ltr'><strong><em>titulo;</em></strong></span> <span class='ocrx_word' id='word_1_446' title='bbox 3226 1806 3323 1844; x_wconf 89' lang='lat' dir='ltr'><strong><em>nec</em></strong></span> <span class='ocrx_word' id='word_1_447' title='bbox 3364 1791 3528 1847; x_wconf 83' lang='lat' dir='ltr'><strong><em>aliter</em></strong></span> 
     </span>
    </p>
   </div>
   <div class='ocr_carea' id='block_1_62' title="bbox 1942 1879 3522 1951">
    <p class='ocr_par' dir='ltr' id='par_1_62' title="bbox 1942 1879 3522 1951">
     <span class='ocr_line' id='line_1_62' title="bbox 1942 1879 3522 1951; baseline 0.001 -17"><span class='ocrx_word' id='word_1_448' title='bbox 1942 1883 2009 1934; x_wconf 90' lang='lat' dir='ltr'><strong><em>de</em></strong></span> <span class='ocrx_word' id='word_1_449' title='bbox 2030 1881 2294 1951; x_wconf 88' lang='lat' dir='ltr'><strong><em>Gregorio</em></strong></span> <span class='ocrx_word' id='word_1_450' title='bbox 2325 1879 2671 1935; x_wconf 71' lang='lat' dir='ltr'><strong><em>Nazianzeno</em></strong></span> <span class='ocrx_word' id='word_1_451' title='bbox 2701 1881 2943 1948; x_wconf 85' lang='lat' dir='ltr'><strong><em>loquitur</em></strong></span> <span class='ocrx_word' id='word_1_452' title='bbox 2979 1880 3031 1933; x_wconf 92' lang='lat' dir='ltr'><strong><em>in</em></strong></span> <span class='ocrx_word' id='word_1_453' title='bbox 3068 1883 3227 1948; x_wconf 91' lang='lat' dir='ltr'><strong><em>epist.</em></strong></span> <span class='ocrx_word' id='word_1_454' title='bbox 3265 1883 3333 1938; x_wconf 84' lang='lat'><strong><em>98</em></strong></span> <span class='ocrx_word' id='word_1_455' title='bbox 3359 1885 3425 1937; x_wconf 87' lang='lat' dir='ltr'><strong><em>ad</em></strong></span> <span class='ocrx_word' id='word_1_456' title='bbox 3460 1883 3522 1938; x_wconf 91' lang='lat' dir='ltr'><strong><em>S.</em></strong></span> 
     </span>
    </p>
   </div>
   <div class='ocr_carea' id='block_1_63' title="bbox 1943 1971 3528 2047">
    <p class='ocr_par' dir='ltr' id='par_1_63' title="bbox 1943 1971 3528 2047">
     <span class='ocr_line' id='line_1_63' title="bbox 1943 1971 3528 2047; baseline 0.003 -20"><span class='ocrx_word' id='word_1_457' title='bbox 1943 1971 2255 2028; x_wconf 87' lang='lat' dir='ltr'><strong><em>Eusebium.</em></strong></span> <span class='ocrx_word' id='word_1_458' title='bbox 2285 1973 2415 2039; x_wconf 87' lang='lat' dir='ltr'><strong><em>Sed,</em></strong></span> <span class='ocrx_word' id='word_1_459' title='bbox 2441 1990 2565 2028; x_wconf 91' lang='lat' dir='ltr'><strong><em>cum</em></strong></span> <span class='ocrx_word' id='word_1_460' title='bbox 2597 1973 2814 2027; x_wconf 83' lang='lat' dir='ltr'><strong><em>Petrum</em></strong></span> <span class='ocrx_word' id='word_1_461' title='bbox 2852 1972 3081 2027; x_wconf 89' lang='lat' dir='ltr'><strong><em>Basilius</em></strong></span> <span class='ocrx_word' id='word_1_462' title='bbox 3105 1975 3177 2045; x_wconf 86' lang='lat' dir='ltr'><strong><em>(g)</em></strong></span> <span class='ocrx_word' id='word_1_463' title='bbox 3218 1976 3427 2047; x_wconf 86' lang='lat' dir='ltr'><strong><em>magnis</em></strong></span> <span class='ocrx_word' id='word_1_464' title='bbox 3456 1976 3528 2032; x_wconf 85' lang='lat' dir='ltr'><strong><em>de</em></strong></span> 
     </span>
    </p>
   </div>
   <div class='ocr_carea' id='block_1_64' title="bbox 1944 2065 3524 2136">
    <p class='ocr_par' dir='ltr' id='par_1_64' title="bbox 1944 2065 3524 2136">
     <span class='ocr_line' id='line_1_64' title="bbox 1944 2065 3524 2136; baseline 0.002 -16"><span class='ocrx_word' id='word_1_465' title='bbox 1944 2065 2108 2120; x_wconf 86' lang='lat' dir='ltr'><strong><em>rebus</em></strong></span> <span class='ocrx_word' id='word_1_466' title='bbox 2139 2081 2238 2121; x_wconf 87' lang='lat' dir='ltr'><strong><em>suo</em></strong></span> <span class='ocrx_word' id='word_1_467' title='bbox 2266 2075 2319 2120; x_wconf 89' lang='lat' dir='ltr'><strong><em>et</em></strong></span> <span class='ocrx_word' id='word_1_468' title='bbox 2352 2066 2581 2120; x_wconf 87' lang='lat' dir='ltr'><strong><em>aliorum</em></strong></span> <span class='ocrx_word' id='word_1_469' title='bbox 2612 2065 2966 2134; x_wconf 64' lang='lat' dir='ltr'><strong><em>Cappadocia!</em></strong></span> <span class='ocrx_word' id='word_1_470' title='bbox 2997 2066 3373 2136; x_wconf 87' lang='lat' dir='ltr'><strong><em>episcoporum</em></strong></span> <span class='ocrx_word' id='word_1_471' title='bbox 3416 2084 3524 2123; x_wconf 84' lang='lat' dir='ltr'><strong><em>no-</em></strong></span> 
     </span>
    </p>
   </div>
   <div class='ocr_carea' id='block_1_65' title="bbox 1943 2157 3525 2227">
    <p class='ocr_par' dir='ltr' id='par_1_65' title="bbox 1943 2157 3525 2227">
     <span class='ocr_line' id='line_1_65' title="bbox 1943 2157 3525 2227; baseline 0.003 -17"><span class='ocrx_word' id='word_1_472' title='bbox 1943 2157 2087 2211; x_wconf 89' lang='lat' dir='ltr'><strong><em>mine</em></strong></span> <span class='ocrx_word' id='word_1_473' title='bbox 2121 2157 2186 2210; x_wconf 89' lang='lat' dir='ltr'><strong><em>ad</em></strong></span> <span class='ocrx_word' id='word_1_474' title='bbox 2219 2158 2498 2226; x_wconf 88' lang='lat' dir='ltr'><strong><em>episcopos</em></strong></span> <span class='ocrx_word' id='word_1_475' title='bbox 2526 2157 2677 2211; x_wconf 86' lang='lat' dir='ltr'><strong><em>Ponti</em></strong></span> <span class='ocrx_word' id='word_1_476' title='bbox 2710 2157 2966 2220; x_wconf 88' lang='lat' dir='ltr'><strong><em>mitteret,</em></strong></span> <span class='ocrx_word' id='word_1_477' title='bbox 2986 2168 3112 2212; x_wconf 89' lang='lat' dir='ltr'><strong><em>tunc</em></strong></span> <span class='ocrx_word' id='word_1_478' title='bbox 3145 2174 3265 2213; x_wconf 89' lang='lat' dir='ltr'><strong><em>eum</em></strong></span> <span class='ocrx_word' id='word_1_479' title='bbox 3301 2159 3404 2227; x_wconf 81' lang='lat' dir='ltr'><strong><em>(lt),</em></strong></span> <span class='ocrx_word' id='word_1_480' title='bbox 3463 2170 3525 2215; x_wconf 85' lang='lat' dir='ltr'><strong><em>ut</em></strong></span> 
     </span>
    </p>
   </div>
   <div class='ocr_carea' id='block_1_66' title="bbox 1942 2248 3528 2321">
    <p class='ocr_par' dir='ltr' id='par_1_66' title="bbox 1942 2248 3528 2321">
     <span class='ocr_line' id='line_1_66' title="bbox 1942 2248 3528 2321; baseline 0.003 -19"><span class='ocrx_word' id='word_1_481' title='bbox 1942 2249 2189 2316; x_wconf 88' lang='lat' dir='ltr'><strong><em>decebat,</em></strong></span> <span class='ocrx_word' id='word_1_482' title='bbox 2220 2253 2722 2321; x_wconf 86' lang='lat' dir='ltr'><strong><em>compresbyterum</em></strong></span> <span class='ocrx_word' id='word_1_483' title='bbox 2755 2248 3013 2319; x_wconf 86' lang='lat' dir='ltr'><strong><em>appellat.</em></strong></span> <span class='ocrx_word' id='word_1_484' title='bbox 3056 2249 3172 2307; x_wconf 84' lang='lat' dir='ltr'><strong><em>Non</em></strong></span> <span class='ocrx_word' id='word_1_485' title='bbox 3210 2253 3414 2307; x_wconf 87' lang='lat' dir='ltr'><strong><em>ascitus</em></strong></span> <span class='ocrx_word' id='word_1_486' title='bbox 3439 2262 3528 2306; x_wconf 80' lang='lat' dir='ltr'><strong><em>est.</em></strong></span> 
     </span>
    </p>
   </div>
   <div class='ocr_carea' id='block_1_67' title="bbox 1945 2334 3527 2411">
    <p class='ocr_par' dir='ltr' id='par_1_67' title="bbox 1945 2334 3527 2411">
     <span class='ocr_line' id='line_1_67' title="bbox 1945 2334 3527 2411; baseline 0.003 -15"><span class='ocrx_word' id='word_1_487' title='bbox 1945 2341 1999 2396; x_wconf 90' lang='lat' dir='ltr'><strong><em>in</em></strong></span> <span class='ocrx_word' id='word_1_488' title='bbox 2039 2334 2334 2396; x_wconf 84' lang='lat' dir='ltr'><strong><em>Ecclesiam</em></strong></span> <span class='ocrx_word' id='word_1_489' title='bbox 2368 2338 2759 2397; x_wconf 78' lang='lat' dir='ltr'><strong><em>Czesariensem</em></strong></span> <span class='ocrx_word' id='word_1_490' title='bbox 2804 2342 3018 2411; x_wconf 83' lang='lat' dir='ltr'><strong><em>Petrus,</em></strong></span> <span class='ocrx_word' id='word_1_491' title='bbox 3063 2345 3157 2397; x_wconf 86' lang='lat' dir='ltr'><strong><em>sed</em></strong></span> <span class='ocrx_word' id='word_1_492' title='bbox 3191 2347 3527 2401; x_wconf 88' lang='lat' dir='ltr'><strong><em>monasterio</em></strong></span> 
     </span>
    </p>
   </div>
   <div class='ocr_carea' id='block_1_68' title="bbox 1944 2430 3526 2502">
    <p class='ocr_par' dir='ltr' id='par_1_68' title="bbox 1944 2430 3526 2502">
     <span class='ocr_line' id='line_1_68' title="bbox 1944 2430 3526 2502; baseline 0.003 -19"><span class='ocrx_word' id='word_1_493' title='bbox 1944 2431 2181 2502; x_wconf 65' lang='lat' dir='ltr'><strong><em>praefuit,</em></strong></span> <span class='ocrx_word' id='word_1_494' title='bbox 2230 2431 2373 2502; x_wconf 86' lang='lat' dir='ltr'><strong><em>quod</em></strong></span> <span class='ocrx_word' id='word_1_495' title='bbox 2427 2430 2666 2488; x_wconf 85' lang='lat' dir='ltr'><strong><em>Basilius</em></strong></span> <span class='ocrx_word' id='word_1_496' title='bbox 2720 2431 2787 2486; x_wconf 87' lang='lat' dir='ltr'><strong><em>ad</em></strong></span> <span class='ocrx_word' id='word_1_497' title='bbox 2834 2432 3031 2487; x_wconf 87' lang='lat' dir='ltr'><strong><em>lridem</em></strong></span> <span class='ocrx_word' id='word_1_498' title='bbox 3071 2430 3293 2488; x_wconf 81' lang='lat' dir='ltr'><strong><em>ﬂuvium</em></strong></span> <span class='ocrx_word' id='word_1_499' title='bbox 3330 2433 3526 2490; x_wconf 88' lang='lat' dir='ltr'><strong><em>funda-</em></strong></span> 
     </span>
    </p>
   </div>
   <div class='ocr_carea' id='block_1_69' title="bbox 1945 2533 2117 2576">
    <p class='ocr_par' dir='ltr' id='par_1_69' title="bbox 1945 2533 2117 2576">
     <span class='ocr_line' id='line_1_69' title="bbox 1945 2533 2117 2576; baseline 0 -1"><span class='ocrx_word' id='word_1_500' title='bbox 1945 2533 2117 2576; x_wconf 88' lang='lat' dir='ltr'><strong><em>verat.</em></strong></span> 
     </span>
    </p>
   </div>
   <div class='ocr_carea' id='block_1_70' title="bbox 2013 2611 3528 2686">
    <p class='ocr_par' dir='ltr' id='par_1_70' title="bbox 2013 2611 3528 2686">
     <span class='ocr_line' id='line_1_70' title="bbox 2013 2611 3528 2686; baseline 0.003 -18"><span class='ocrx_word' id='word_1_501' title='bbox 2013 2613 2281 2670; x_wconf 78' lang='lat' dir='ltr'><strong><em>Narratur</em></strong></span> <span class='ocrx_word' id='word_1_502' title='bbox 2310 2611 2373 2685; x_wconf 76' lang='grc' dir='ltr'><strong><em>(ἱ)</em></strong></span> <span class='ocrx_word' id='word_1_503' title='bbox 2400 2614 2563 2669; x_wconf 91' lang='lat' dir='ltr'><strong><em>etiam</em></strong></span> <span class='ocrx_word' id='word_1_504' title='bbox 2615 2613 2879 2686; x_wconf 88' lang='lat' dir='ltr'><strong><em>Evagrius</em></strong></span> <span class='ocrx_word' id='word_1_505' title='bbox 2925 2614 3181 2672; x_wconf 88' lang='lat' dir='ltr'><strong><em>Ponticus</em></strong></span> <span class='ocrx_word' id='word_1_506' title='bbox 3217 2632 3249 2671; x_wconf 92' lang='lat' dir='ltr'><strong><em>a</em></strong></span> <span class='ocrx_word' id='word_1_507' title='bbox 3285 2616 3344 2672; x_wconf 92' lang='lat' dir='ltr'><strong><em>S.</em></strong></span> <span class='ocrx_word' id='word_1_508' title='bbox 3370 2616 3528 2673; x_wconf 87' lang='lat' dir='ltr'><strong><em>Basi-</em></strong></span> 
     </span>
    </p>
   </div>
   <div class='ocr_carea' id='block_1_71' title="bbox 1943 2704 3526 2778">
    <p class='ocr_par' dir='ltr' id='par_1_71' title="bbox 1943 2704 3526 2778">
     <span class='ocr_line' id='line_1_71' title="bbox 1943 2704 3526 2778; baseline 0.003 -19"><span class='ocrx_word' id='word_1_509' title='bbox 1943 2705 2015 2763; x_wconf 91' lang='lat' dir='ltr'><strong><em>lio</em></strong></span> <span class='ocrx_word' id='word_1_510' title='bbox 2043 2706 2214 2762; x_wconf 89' lang='lat' dir='ltr'><strong><em>lector</em></strong></span> <span class='ocrx_word' id='word_1_511' title='bbox 2239 2707 2524 2763; x_wconf 88' lang='lat' dir='ltr'><strong><em>ordinatus</em></strong></span> <span class='ocrx_word' id='word_1_512' title='bbox 2550 2704 2737 2763; x_wconf 88' lang='lat' dir='ltr'><strong><em>fuisse.</em></strong></span> <span class='ocrx_word' id='word_1_513' title='bbox 2778 2707 2885 2763; x_wconf 84' lang='lat' dir='ltr'><strong><em>Sed</em></strong></span> <span class='ocrx_word' id='word_1_514' title='bbox 2916 2723 3079 2778; x_wconf 91' lang='lat' dir='ltr'><strong><em>quam</em></strong></span> <span class='ocrx_word' id='word_1_515' title='bbox 3108 2707 3338 2764; x_wconf 90' lang='lat' dir='ltr'><strong><em>libenter</em></strong></span> <span class='ocrx_word' id='word_1_516' title='bbox 3365 2708 3526 2764; x_wconf 89' lang='lat' dir='ltr'><strong><em>Basi-</em></strong></span> 
     </span>
    </p>
   </div>
   <div class='ocr_carea' id='block_1_72' title="bbox 1945 2797 3527 2869">
    <p class='ocr_par' dir='ltr' id='par_1_72' title="bbox 1945 2797 3527 2869">
     <span class='ocr_line' id='line_1_72' title="bbox 1945 2797 3527 2869; baseline 0.004 -20"><span class='ocrx_word' id='word_1_517' title='bbox 1945 2798 2046 2853; x_wconf 93' lang='lat' dir='ltr'><strong><em>lius</em></strong></span> <span class='ocrx_word' id='word_1_518' title='bbox 2085 2813 2279 2869; x_wconf 87' lang='lat' dir='ltr'><strong><em>magna</em></strong></span> <span class='ocrx_word' id='word_1_519' title='bbox 2345 2797 2606 2851; x_wconf 86' lang='lat' dir='ltr'><strong><em>virtutum</em></strong></span> <span class='ocrx_word' id='word_1_520' title='bbox 2665 2797 2866 2866; x_wconf 76' lang='lat' dir='ltr'><strong><em>lumina</em></strong></span> <span class='ocrx_word' id='word_1_521' title='bbox 2919 2799 3172 2855; x_wconf 90' lang='lat' dir='ltr'><strong><em>altarium</em></strong></span> <span class='ocrx_word' id='word_1_522' title='bbox 3222 2801 3527 2856; x_wconf 87' lang='lat' dir='ltr'><strong><em>ministerio</em></strong></span> 
     </span>
    </p>
   </div>
   <div class='ocr_carea' id='block_1_73' title="bbox 1945 2881 3528 2962">
    <p class='ocr_par' dir='ltr' id='par_1_73' title="bbox 1945 2881 3528 2962">
     <span class='ocr_line' id='line_1_73' title="bbox 1945 2881 3528 2962; baseline 0.003 -18"><span class='ocrx_word' id='word_1_523' title='bbox 1945 2881 2281 2959; x_wconf 81' lang='lat' dir='ltr'><strong><em>admoveret,</em></strong></span> <span class='ocrx_word' id='word_1_524' title='bbox 2325 2890 2665 2946; x_wconf 86' lang='lat' dir='ltr'><strong><em>demonstrat</em></strong></span> <span class='ocrx_word' id='word_1_525' title='bbox 2714 2891 2960 2962; x_wconf 87' lang='lat' dir='ltr'><strong><em>inprimis</em></strong></span> <span class='ocrx_word' id='word_1_526' title='bbox 3007 2894 3278 2949; x_wconf 89' lang='lat' dir='ltr'><strong><em>ordinatio</em></strong></span> <span class='ocrx_word' id='word_1_527' title='bbox 3307 2895 3360 2949; x_wconf 91' lang='lat' dir='ltr'><strong><em>in</em></strong></span> <span class='ocrx_word' id='word_1_528' title='bbox 3406 2910 3528 2950; x_wconf 85' lang='lat' dir='ltr'><strong><em>mo-</em></strong></span> 
     </span>
    </p>
   </div>
   <div class='ocr_carea' id='block_1_74' title="bbox 1946 2982 3527 3056">
    <p class='ocr_par' dir='ltr' id='par_1_74' title="bbox 1946 2982 3527 3056">
     <span class='ocr_line' id='line_1_74' title="bbox 1946 2982 3527 3056; baseline 0.002 -20"><span class='ocrx_word' id='word_1_529' title='bbox 1946 2982 2182 3039; x_wconf 88' lang='lat' dir='ltr'><strong><em>nasterio</em></strong></span> <span class='ocrx_word' id='word_1_530' title='bbox 2214 2991 2457 3053; x_wconf 88' lang='lat' dir='ltr'><strong><em>peracta,</em></strong></span> <span class='ocrx_word' id='word_1_531' title='bbox 2497 2997 2617 3051; x_wconf 79' lang='lat' dir='ltr'><strong><em>quae</em></strong></span> <span class='ocrx_word' id='word_1_532' title='bbox 2649 2984 2789 3053; x_wconf 84' lang='lat' dir='ltr'><strong><em>apud</em></strong></span> <span class='ocrx_word' id='word_1_533' title='bbox 2819 2992 3069 3038; x_wconf 90' lang='lat' dir='ltr'><strong><em>sanctum</em></strong></span> <span class='ocrx_word' id='word_1_534' title='bbox 3094 2985 3423 3041; x_wconf 89' lang='lat' dir='ltr'><strong><em>Dorotheum</em></strong></span> <span class='ocrx_word' id='word_1_535' title='bbox 3457 2987 3527 3056; x_wconf 83' lang='lat' dir='ltr'><strong><em>(j)</em></strong></span> 
     </span>
    </p>
   </div>
   <div class='ocr_carea' id='block_1_75' title="bbox 1943 3074 3529 3147">
    <p class='ocr_par' dir='ltr' id='par_1_75' title="bbox 1943 3074 3529 3147">
     <span class='ocr_line' id='line_1_75' title="bbox 1943 3074 3529 3147; baseline 0.001 -17"><span class='ocrx_word' id='word_1_536' title='bbox 1943 3076 2021 3130; x_wconf 88' lang='lat' dir='ltr'><strong><em>sic</em></strong></span> <span class='ocrx_word' id='word_1_537' title='bbox 2062 3076 2295 3131; x_wconf 87' lang='lat' dir='ltr'><strong><em>refertur</em></strong></span> <span class='ocrx_word' id='word_1_538' title='bbox 2350 3092 2366 3129; x_wconf 90' lang='lat'><strong>:</strong></span> <span class='ocrx_word' id='word_1_539' title='bbox 2441 3074 2637 3144; x_wconf 84' lang='grc' dir='ltr'>Ἔλεγέ</span> <span class='ocrx_word' id='word_1_540' title='bbox 2688 3092 2774 3139; x_wconf 87' lang='grc' dir='ltr'>τις</span> <span class='ocrx_word' id='word_1_541' title='bbox 2830 3075 2940 3130; x_wconf 80' lang='grc' dir='ltr'>τῶν</span> <span class='ocrx_word' id='word_1_542' title='bbox 2996 3077 3288 3147; x_wconf 82' lang='grc' dir='ltr'><strong><em>γερόντων,</em></strong></span> <span class='ocrx_word' id='word_1_543' title='bbox 3351 3078 3434 3132; x_wconf 81' lang='grc' dir='ltr'>ὃτι</span> <span class='ocrx_word' id='word_1_544' title='bbox 3498 3079 3529 3132; x_wconf 85' lang='grc'>6</span> 
     </span>
    </p>
   </div>
   <div class='ocr_carea' id='block_1_76' title="bbox 1942 3164 3528 3240">
    <p class='ocr_par' dir='ltr' id='par_1_76' title="bbox 1942 3164 3528 3240">
     <span class='ocr_line' id='line_1_76' title="bbox 1942 3164 3528 3240; baseline 0.003 -22"><span class='ocrx_word' id='word_1_545' title='bbox 1942 3164 2097 3234; x_wconf 78' lang='grc' dir='ltr'>ἅγιος</span> <span class='ocrx_word' id='word_1_546' title='bbox 2151 3164 2434 3228; x_wconf 80' lang='grc' dir='ltr'>Βασίλειος</span> <span class='ocrx_word' id='word_1_547' title='bbox 2459 3166 2517 3218; x_wconf 78' lang='grc' dir='ltr'>ἐν</span> <span class='ocrx_word' id='word_1_548' title='bbox 2541 3164 2793 3237; x_wconf 79' lang='grc' dir='ltr'>κοινοϐξῳ</span> <span class='ocrx_word' id='word_1_549' title='bbox 2824 3166 3179 3238; x_wconf 80' lang='grc' dir='ltr'>παραϐαλὼν,</span> <span class='ocrx_word' id='word_1_550' title='bbox 3243 3167 3382 3238; x_wconf 79' lang='grc' dir='ltr'>μετὰ</span> <span class='ocrx_word' id='word_1_551' title='bbox 3426 3167 3528 3240; x_wconf 84' lang='grc' dir='ltr'>τὴν</span> 
     </span>
    </p>
   </div>
   <div class='ocr_carea' id='block_1_77' title="bbox 1942 3256 3528 3331">
    <p class='ocr_par' dir='ltr' id='par_1_77' title="bbox 1942 3256 3528 3331">
     <span class='ocr_line' id='line_1_77' title="bbox 1942 3256 3528 3331; baseline 0.002 -19"><span class='ocrx_word' id='word_1_552' title='bbox 1942 3258 2257 3331; x_wconf 84' lang='grc' dir='ltr'>πρέπουσαν</span> <span class='ocrx_word' id='word_1_553' title='bbox 2292 3256 2642 3312; x_wconf 80' lang='grc' dir='ltr'><strong><em>διδασκαλίαν</em></strong></span> <span class='ocrx_word' id='word_1_554' title='bbox 2681 3256 2934 3330; x_wconf 79' lang='grc' dir='ltr'>λέγειτῷ</span> <span class='ocrx_word' id='word_1_555' title='bbox 2977 3259 3282 3330; x_wconf 77' lang='grc' dir='ltr'><strong><em>ἡγουμένῳ·</em></strong></span> <span class='ocrx_word' id='word_1_556' title='bbox 3340 3261 3528 3330; x_wconf 83' lang='grc' dir='ltr'><strong><em>Ἔχεις</em></strong></span> 
     </span>
    </p>
   </div>
   <div class='ocr_carea' id='block_1_78' title="bbox 1939 3342 3528 3424">
    <p class='ocr_par' dir='ltr' id='par_1_78' title="bbox 1939 3342 3528 3424">
     <span class='ocr_line' id='line_1_78' title="bbox 1939 3342 3528 3424; baseline 0.003 -21"><span class='ocrx_word' id='word_1_557' title='bbox 1939 3350 2166 3420; x_wconf 81' lang='grc' dir='ltr'>ἀδελφὸν</span> <span class='ocrx_word' id='word_1_558' title='bbox 2195 3342 2299 3404; x_wconf 82' lang='grc' dir='ltr'><strong><em>ὧδε</em></strong></span> <span class='ocrx_word' id='word_1_559' title='bbox 2319 3349 2511 3421; x_wconf 75' lang='grc' dir='ltr'>ἔχοντα</span> <span class='ocrx_word' id='word_1_560' title='bbox 2532 3350 2777 3421; x_wconf 79' lang='grc' dir='ltr'>ὑπακοήν</span> <span class='ocrx_word' id='word_1_561' title='bbox 2798 3367 2814 3416; x_wconf 89' lang='grc'><strong>;</strong></span> <span class='ocrx_word' id='word_1_562' title='bbox 2839 3351 2897 3404; x_wconf 84' lang='grc' dir='ltr'>Ὀ</span> <span class='ocrx_word' id='word_1_563' title='bbox 2922 3350 2978 3404; x_wconf 84' lang='grc' dir='ltr'><strong><em>δὲ</em></strong></span> <span class='ocrx_word' id='word_1_564' title='bbox 3005 3350 3154 3421; x_wconf 89' lang='grc' dir='ltr'>λέγει</span> <span class='ocrx_word' id='word_1_565' title='bbox 3182 3352 3330 3424; x_wconf 84' lang='grc' dir='ltr'><strong><em>αὐτῷ</em></strong></span> <span class='ocrx_word' id='word_1_566' title='bbox 3347 3370 3362 3385; x_wconf 67' lang='grc' dir='ltr'>θ</span> <span class='ocrx_word' id='word_1_567' title='bbox 3383 3353 3528 3407; x_wconf 82' lang='grc' dir='ltr'><strong><em>Πάν·</em></strong></span> 
     </span>
    </p>
   </div>
   <div class='ocr_carea' id='block_1_79' title="bbox 1939 3441 3530 3515">
    <p class='ocr_par' dir='ltr' id='par_1_79' title="bbox 1939 3441 3530 3515">
     <span class='ocr_line' id='line_1_79' title="bbox 1939 3441 3530 3515; baseline 0.003 -20"><span class='ocrx_word' id='word_1_568' title='bbox 1939 3460 2030 3506; x_wconf 88' lang='grc' dir='ltr'><strong><em>τες</em></strong></span> <span class='ocrx_word' id='word_1_569' title='bbox 2055 3441 2229 3497; x_wconf 81' lang='grc' dir='ltr'>δοῦλοί</span> <span class='ocrx_word' id='word_1_570' title='bbox 2282 3458 2373 3495; x_wconf 84' lang='grc' dir='ltr'>σου</span> <span class='ocrx_word' id='word_1_571' title='bbox 2414 3442 2545 3507; x_wconf 77' lang='grc' dir='ltr'>εἰσὶ,</span> <span class='ocrx_word' id='word_1_572' title='bbox 2587 3442 2684 3496; x_wconf 68' lang='grc' dir='ltr'><strong><em>καὶ</em></strong></span> <span class='ocrx_word' id='word_1_573' title='bbox 2723 3442 3084 3507; x_wconf 74' lang='grc' dir='ltr'><strong><em>σπουδάζουσι</em></strong></span> <span class='ocrx_word' id='word_1_574' title='bbox 3132 3443 3392 3515; x_wconf 82' lang='grc' dir='ltr'>σωθῆναι,</span> <span class='ocrx_word' id='word_1_575' title='bbox 3436 3445 3530 3500; x_wconf 79' lang='grc' dir='ltr'><strong><em>δέ·</em></strong></span> 
     </span>
    </p>
   </div>
   <div class='ocr_carea' id='block_1_80' title="bbox 1943 3531 3527 3608">
    <p class='ocr_par' dir='ltr' id='par_1_80' title="bbox 1943 3531 3527 3608">
     <span class='ocr_line' id='line_1_80' title="bbox 1943 3531 3527 3608; baseline 0.004 -23"><span class='ocrx_word' id='word_1_576' title='bbox 1943 3550 2137 3588; x_wconf 85' lang='grc' dir='ltr'>σποτα.</span> <span class='ocrx_word' id='word_1_577' title='bbox 2168 3532 2337 3586; x_wconf 77' lang='grc' dir='ltr'>Πάλιν</span> <span class='ocrx_word' id='word_1_578' title='bbox 2378 3531 2527 3601; x_wconf 87' lang='grc' dir='ltr'>λέγει</span> <span class='ocrx_word' id='word_1_579' title='bbox 2579 3532 2748 3603; x_wconf 79' lang='grc' dir='ltr'>αὐτῷ·</span> <span class='ocrx_word' id='word_1_580' title='bbox 2794 3534 2982 3605; x_wconf 84' lang='grc' dir='ltr'>Ἔχεις</span> <span class='ocrx_word' id='word_1_581' title='bbox 3025 3536 3084 3589; x_wconf 87' lang='grc' dir='ltr'>ὲν</span> <span class='ocrx_word' id='word_1_582' title='bbox 3129 3535 3356 3608; x_wconf 75' lang='grc' dir='ltr'>ἀληθείᾳ</span> <span class='ocrx_word' id='word_1_583' title='bbox 3398 3536 3527 3591; x_wconf 79' lang='grc' dir='ltr'>τινὰ</span> 
     </span>
    </p>
   </div>
   <div class='ocr_carea' id='block_1_81' title="bbox 1941 3625 3523 3699">
    <p class='ocr_par' dir='ltr' id='par_1_81' title="bbox 1941 3625 3523 3699">
     <span class='ocr_line' id='line_1_81' title="bbox 1941 3625 3523 3699; baseline 0.001 -20"><span class='ocrx_word' id='word_1_584' title='bbox 1941 3625 2129 3697; x_wconf 79' lang='grc' dir='ltr'>ἔχοντα</span> <span class='ocrx_word' id='word_1_585' title='bbox 2157 3627 2438 3699; x_wconf 83' lang='grc' dir='ltr'>ὑπακοήν;</span> <span class='ocrx_word' id='word_1_586' title='bbox 2484 3626 2542 3679; x_wconf 79' lang='grc' dir='ltr'><strong>Ὀ</strong></span> <span class='ocrx_word' id='word_1_587' title='bbox 2575 3626 2633 3681; x_wconf 82' lang='grc' dir='ltr'><strong><em>δὲ</em></strong></span> <span class='ocrx_word' id='word_1_588' title='bbox 2674 3628 2906 3699; x_wconf 77' lang='grc' dir='ltr'>ἡνεγκεν</span> <span class='ocrx_word' id='word_1_589' title='bbox 2938 3626 3086 3698; x_wconf 84' lang='grc' dir='ltr'><strong><em>αὐτῷ</em></strong></span> <span class='ocrx_word' id='word_1_590' title='bbox 3129 3628 3224 3682; x_wconf 73' lang='grc' dir='ltr'>ἕνα</span> <span class='ocrx_word' id='word_1_591' title='bbox 3271 3628 3523 3699; x_wconf 78' lang='grc' dir='ltr'>ἀδελφόν·</span> 
     </span>
    </p>
   </div>
   <div class='ocr_carea' id='block_1_82' title="bbox 1941 3718 3526 3793">
    <p class='ocr_par' dir='ltr' id='par_1_82' title="bbox 1941 3718 3526 3793">
     <span class='ocr_line' id='line_1_82' title="bbox 1941 3718 3526 3793; baseline 0.003 -21"><span class='ocrx_word' id='word_1_592' title='bbox 1941 3718 2035 3772; x_wconf 70' lang='grc' dir='ltr'>καὶ</span> <span class='ocrx_word' id='word_1_593' title='bbox 2067 3719 2344 3790; x_wconf 81' lang='grc' dir='ltr'>ἐχρήσατο</span> <span class='ocrx_word' id='word_1_594' title='bbox 2373 3718 2534 3772; x_wconf 79' lang='grc' dir='ltr'>αὐτὸν</span> <span class='ocrx_word' id='word_1_595' title='bbox 2558 3719 2640 3782; x_wconf 82' lang='grc' dir='ltr'><strong><em>εἰς</em></strong></span> <span class='ocrx_word' id='word_1_596' title='bbox 2663 3719 2724 3773; x_wconf 77' lang='grc' dir='ltr'><strong><em>τὸ</em></strong></span> <span class='ocrx_word' id='word_1_597' title='bbox 2752 3721 2974 3793; x_wconf 84' lang='grc' dir='ltr'>ἄριστον</span> <span class='ocrx_word' id='word_1_598' title='bbox 3000 3720 3280 3793; x_wconf 77' lang='grc' dir='ltr'><strong><em>ὑπηρέτην</em></strong></span> <span class='ocrx_word' id='word_1_599' title='bbox 3313 3725 3343 3776; x_wconf 85' lang='grc' dir='ltr'>ὁ</span> <span class='ocrx_word' id='word_1_600' title='bbox 3370 3722 3526 3792; x_wconf 77' lang='grc' dir='ltr'>ἅγιος</span> 
     </span>
    </p>
   </div>
   <div class='ocr_carea' id='block_1_83' title="bbox 1943 3809 3525 3884">
    <p class='ocr_par' dir='ltr' id='par_1_83' title="bbox 1943 3809 3525 3884">
     <span class='ocr_line' id='line_1_83' title="bbox 1943 3809 3525 3884; baseline 0.003 -22"><span class='ocrx_word' id='word_1_601' title='bbox 1943 3811 2248 3875; x_wconf 79' lang='grc' dir='ltr'>Βασίλειος.</span> <span class='ocrx_word' id='word_1_602' title='bbox 2279 3809 2437 3864; x_wconf 84' lang='grc' dir='ltr'>Μετὰ</span> <span class='ocrx_word' id='word_1_603' title='bbox 2475 3809 2533 3864; x_wconf 81' lang='grc' dir='ltr'><strong><em>δὲ</em></strong></span> <span class='ocrx_word' id='word_1_604' title='bbox 2565 3811 2628 3864; x_wconf 85' lang='grc' dir='ltr'>τὸ</span> <span class='ocrx_word' id='word_1_605' title='bbox 2654 3809 2977 3878; x_wconf 82' lang='grc' dir='ltr'>γεύσασθαι,</span> <span class='ocrx_word' id='word_1_606' title='bbox 3020 3811 3221 3867; x_wconf 73' lang='grc' dir='ltr'>ἔδωκεν</span> <span class='ocrx_word' id='word_1_607' title='bbox 3266 3812 3416 3884; x_wconf 80' lang='grc' dir='ltr'>αὐτῷ</span> <span class='ocrx_word' id='word_1_608' title='bbox 3441 3813 3525 3866; x_wconf 77' lang='grc' dir='ltr'><strong><em>νί-</em></strong></span> 
     </span>
    </p>
   </div>
   <div class='ocr_carea' id='block_1_84' title="bbox 1938 3902 3524 3978">
    <p class='ocr_par' dir='ltr' id='par_1_84' title="bbox 1938 3902 3524 3978">
     <span class='ocr_line' id='line_1_84' title="bbox 1938 3902 3524 3978; baseline 0.001 -21"><span class='ocrx_word' id='word_1_609' title='bbox 1938 3903 2163 3973; x_wconf 65' lang='grc' dir='ltr'><strong><em>ιζιαιςθαι⁸</em></strong></span> <span class='ocrx_word' id='word_1_610' title='bbox 2215 3903 2310 3957; x_wconf 82' lang='grc' dir='ltr'><strong><em>καὶ</em></strong></span> <span class='ocrx_word' id='word_1_611' title='bbox 2346 3902 2499 3972; x_wconf 82' lang='grc' dir='ltr'>λέγει</span> <span class='ocrx_word' id='word_1_612' title='bbox 2545 3902 2693 3974; x_wconf 79' lang='grc' dir='ltr'>αὐτῷ</span> <span class='ocrx_word' id='word_1_613' title='bbox 2730 3906 2760 3957; x_wconf 87' lang='grc' dir='ltr'><strong>ὁ</strong></span> <span class='ocrx_word' id='word_1_614' title='bbox 2806 3904 2962 3972; x_wconf 81' lang='grc' dir='ltr'>ἆγιος</span> <span class='ocrx_word' id='word_1_615' title='bbox 2995 3903 3297 3969; x_wconf 80' lang='grc' dir='ltr'>Βασίλειος·</span> <span class='ocrx_word' id='word_1_616' title='bbox 3330 3903 3524 3978; x_wconf 76' lang='grc' dir='ltr'>Δεῦρο,</span> 
     </span>
    </p>
   </div>
   <div class='ocr_carea' id='block_1_85' title="bbox 1940 3993 3527 4066">
    <p class='ocr_par' dir='ltr' id='par_1_85' title="bbox 1940 3993 3527 4066">
     <span class='ocr_line' id='line_1_85' title="bbox 1940 3993 3527 4066; baseline 0.003 -16"><span class='ocrx_word' id='word_1_617' title='bbox 1940 3994 2095 4065; x_wconf 82' lang='grc' dir='ltr'><strong><em>κάγὼ</em></strong></span> <span class='ocrx_word' id='word_1_618' title='bbox 2137 3993 2296 4050; x_wconf 78' lang='grc' dir='ltr'><strong><em>δώσω</em></strong></span> <span class='ocrx_word' id='word_1_619' title='bbox 2350 4012 2433 4048; x_wconf 87' lang='grc' dir='ltr'>σοι</span> <span class='ocrx_word' id='word_1_620' title='bbox 2471 3994 2750 4066; x_wconf 80' lang='grc' dir='ltr'><strong><em>νίψασθαι.</em></strong></span> <span class='ocrx_word' id='word_1_621' title='bbox 2797 3998 2854 4052; x_wconf 86' lang='grc' dir='ltr'><strong>Ὀ</strong></span> <span class='ocrx_word' id='word_1_622' title='bbox 2888 3997 2945 4051; x_wconf 86' lang='grc' dir='ltr'>δὲ</span> <span class='ocrx_word' id='word_1_623' title='bbox 2985 3997 3312 4063; x_wconf 80' lang='grc' dir='ltr'>κατεδέξατο</span> <span class='ocrx_word' id='word_1_624' title='bbox 3358 3998 3527 4055; x_wconf 79' lang='grc' dir='ltr'>αὐτοῦ</span> 
     </span>
    </p>
   </div>
   <div class='ocr_carea' id='block_1_86' title="bbox 1938 4086 3530 4165">
    <p class='ocr_par' dir='ltr' id='par_1_86' title="bbox 1938 4086 3530 4165">
     <span class='ocr_line' id='line_1_86' title="bbox 1938 4086 3530 4165; baseline 0.003 -23"><span class='ocrx_word' id='word_1_625' title='bbox 1938 4086 2246 4159; x_wconf 78' lang='grc' dir='ltr'>ὲπιχέοντος</span> <span class='ocrx_word' id='word_1_626' title='bbox 2267 4087 2329 4141; x_wconf 85' lang='grc' dir='ltr'>τὸ</span> <span class='ocrx_word' id='word_1_627' title='bbox 2345 4087 2511 4163; x_wconf 81' lang='grc' dir='ltr'>ὕδωρ.</span> <span class='ocrx_word' id='word_1_628' title='bbox 2536 4091 2650 4145; x_wconf 74' lang='grc' dir='ltr'><strong><em>Καὶ</em></strong></span> <span class='ocrx_word' id='word_1_629' title='bbox 2670 4088 2820 4159; x_wconf 88' lang='grc' dir='ltr'>λέγει</span> <span class='ocrx_word' id='word_1_630' title='bbox 2854 4089 3004 4161; x_wconf 85' lang='grc' dir='ltr'><strong><em>αὐτῷ</em></strong></span> <span class='ocrx_word' id='word_1_631' title='bbox 3028 4093 3133 4156; x_wconf 80' lang='grc' dir='ltr'>ὅτι,</span> <span class='ocrx_word' id='word_1_632' title='bbox 3158 4093 3327 4146; x_wconf 86' lang='grc' dir='ltr'>Ὅταν</span> <span class='ocrx_word' id='word_1_633' title='bbox 3355 4093 3530 4165; x_wconf 69' lang='grc' dir='ltr'>εἰσέρ-</span> 
     </span>
    </p>
   </div>
   <div class='ocr_carea' id='block_1_87' title="bbox 1939 4182 3524 4257">
    <p class='ocr_par' dir='ltr' id='par_1_87' title="bbox 1939 4182 3524 4257">
     <span class='ocr_line' id='line_1_87' title="bbox 1939 4182 3524 4257; baseline 0.002 -21"><span class='ocrx_word' id='word_1_634' title='bbox 1939 4198 2118 4257; x_wconf 82' lang='grc' dir='ltr'>χωμαι</span> <span class='ocrx_word' id='word_1_635' title='bbox 2155 4182 2237 4247; x_wconf 72' lang='grc' dir='ltr'><strong><em>εἰς</em></strong></span> <span class='ocrx_word' id='word_1_636' title='bbox 2280 4182 2342 4236; x_wconf 84' lang='grc' dir='ltr'>τὸ</span> <span class='ocrx_word' id='word_1_637' title='bbox 2398 4185 2683 4254; x_wconf 80' lang='grc' dir='ltr'>ἱερατείον,</span> <span class='ocrx_word' id='word_1_638' title='bbox 2712 4182 2871 4256; x_wconf 80' lang='grc' dir='ltr'>δεῦρο</span> <span class='ocrx_word' id='word_1_639' title='bbox 2919 4183 3007 4237; x_wconf 81' lang='grc' dir='ltr'>ἵνα</span> <span class='ocrx_word' id='word_1_640' title='bbox 3049 4185 3260 4255; x_wconf 83' lang='grc' dir='ltr'>ποιήσω</span> <span class='ocrx_word' id='word_1_641' title='bbox 3300 4202 3360 4238; x_wconf 85' lang='grc' dir='ltr'>σε</span> <span class='ocrx_word' id='word_1_642' title='bbox 3401 4185 3524 4240; x_wconf 78' lang='grc' dir='ltr'><strong><em>διὰ-</em></strong></span> 
     </span>
    </p>
   </div>
   <div class='ocr_carea' id='block_1_88' title="bbox 1938 4273 3523 4348">
    <p class='ocr_par' dir='ltr' id='par_1_88' title="bbox 1938 4273 3523 4348">
     <span class='ocr_line' id='line_1_88' title="bbox 1938 4273 3523 4348; baseline 0.001 -21"><span class='ocrx_word' id='word_1_643' title='bbox 1938 4290 2114 4330; x_wconf 78' lang='grc' dir='ltr'>κονον.</span> <span class='ocrx_word' id='word_1_644' title='bbox 2143 4273 2253 4328; x_wconf 82' lang='grc' dir='ltr'><strong><em>Καὶ</em></strong></span> <span class='ocrx_word' id='word_1_645' title='bbox 2284 4276 2475 4329; x_wconf 86' lang='grc' dir='ltr'>τούτου</span> <span class='ocrx_word' id='word_1_646' title='bbox 2505 4275 2823 4347; x_wconf 85' lang='grc' dir='ltr'>γενομένου,</span> <span class='ocrx_word' id='word_1_647' title='bbox 2868 4276 3126 4347; x_wconf 74' lang='grc' dir='ltr'>ἐποίησεν</span> <span class='ocrx_word' id='word_1_648' title='bbox 3170 4277 3334 4331; x_wconf 78' lang='grc' dir='ltr'>αὑτὸν</span> <span class='ocrx_word' id='word_1_649' title='bbox 3383 4294 3523 4348; x_wconf 81' lang='grc' dir='ltr'>πρε-</span> 
     </span>
    </p>
   </div>
   <div class='ocr_carea' id='block_1_89' title="bbox 1941 4366 3527 4439">
    <p class='ocr_par' dir='ltr' id='par_1_89' title="bbox 1941 4366 3527 4439">
     <span class='ocr_line' id='line_1_89' title="bbox 1941 4366 3527 4439; baseline 0.003 -19"><span class='ocrx_word' id='word_1_650' title='bbox 1941 4366 2219 4439; x_wconf 80' lang='grc' dir='ltr'>σὸύτερον·</span> <span class='ocrx_word' id='word_1_651' title='bbox 2270 4369 2366 4423; x_wconf 72' lang='grc' dir='ltr'><strong><em>καὶ</em></strong></span> <span class='ocrx_word' id='word_1_652' title='bbox 2399 4369 2589 4422; x_wconf 79' lang='grc' dir='ltr'>ἔλαϐεν</span> <span class='ocrx_word' id='word_1_653' title='bbox 2624 4369 2788 4423; x_wconf 80' lang='grc' dir='ltr'>αὐτὸν</span> <span class='ocrx_word' id='word_1_654' title='bbox 2831 4367 2950 4439; x_wconf 85' lang='grc' dir='ltr'>μεθ’</span> <span class='ocrx_word' id='word_1_655' title='bbox 2977 4368 3169 4424; x_wconf 78' lang='grc' dir='ltr'>ἑαυτοῦ</span> <span class='ocrx_word' id='word_1_656' title='bbox 3216 4370 3295 4434; x_wconf 80' lang='grc' dir='ltr'><strong><em>εἰς</em></strong></span> <span class='ocrx_word' id='word_1_657' title='bbox 3320 4370 3381 4424; x_wconf 83' lang='grc' dir='ltr'><strong><em>τὸ</em></strong></span> <span class='ocrx_word' id='word_1_658' title='bbox 3404 4372 3527 4424; x_wconf 76' lang='grc' dir='ltr'><strong><em>ἐπι-</em></strong></span> 
     </span>
    </p>
   </div>
   <div class='ocr_carea' id='block_1_90' title="bbox 258 4445 1839 4533">
    <p class='ocr_par' dir='ltr' id='par_1_90' title="bbox 258 4445 1836 4523">
     <span class='ocr_line' id='line_1_90' title="bbox 258 4445 1836 4523; baseline 0.006 -25"><span class='ocrx_word' id='word_1_659' title='bbox 258 4445 645 4515; x_wconf 83' lang='lat' dir='ltr'><strong><em>imponendum</em></strong></span> <span class='ocrx_word' id='word_1_660' title='bbox 674 4457 835 4502; x_wconf 90' lang='lat' dir='ltr'><strong><em>esset.</em></strong></span> <span class='ocrx_word' id='word_1_661' title='bbox 870 4447 1009 4503; x_wconf 83' lang='lat' dir='ltr'><strong><em>Hinc</em></strong></span> <span class='ocrx_word' id='word_1_662' title='bbox 1042 4459 1270 4520; x_wconf 86' lang='lat' dir='ltr'><strong><em>uterque</em></strong></span> <span class='ocrx_word' id='word_1_663' title='bbox 1292 4450 1584 4521; x_wconf 85' lang='lat' dir='ltr'><strong><em>Gregorius</em></strong></span> <span class='ocrx_word' id='word_1_664' title='bbox 1600 4454 1836 4523; x_wconf 90' lang='lat' dir='ltr'><strong><em>episcopi</em></strong></span> 
     </span>
    </p>
   </div>
   <div class='ocr_carea' id='block_1_91' title="bbox 1945 4445 3529 4533">
    <p class='ocr_par' dir='ltr' id='par_1_91' title="bbox 1945 4458 3529 4533">
     <span class='ocr_line' id='line_1_91' title="bbox 1945 4458 3529 4533; baseline 0.003 -21"><span class='ocrx_word' id='word_1_665' title='bbox 1945 4462 2216 4525; x_wconf 87' lang='grc' dir='ltr'>σκοπεῖον,</span> <span class='ocrx_word' id='word_1_666' title='bbox 2240 4460 2331 4514; x_wconf 85' lang='grc' dir='ltr'><strong><em>διὰ</em></strong></span> <span class='ocrx_word' id='word_1_667' title='bbox 2355 4459 2454 4532; x_wconf 82' lang='grc' dir='ltr'>τὴν</span> <span class='ocrx_word' id='word_1_668' title='bbox 2485 4459 2735 4533; x_wconf 82' lang='grc' dir='ltr'>ὑπακοὴν</span> <span class='ocrx_word' id='word_1_669' title='bbox 2761 4459 2950 4515; x_wconf 82' lang='grc' dir='ltr'>αὐτοῦ.</span> <span class='ocrx_word' id='word_1_670' title='bbox 2981 4458 3416 4516; x_wconf 79' lang='lat' dir='ltr'><strong><em>Commemoravit</em></strong></span> <span class='ocrx_word' id='word_1_671' title='bbox 3444 4479 3529 4517; x_wconf 85' lang='lat' dir='ltr'><strong><em>se-</em></strong></span> 
     </span>
    </p>
   </div>
   <div class='ocr_carea' id='block_1_92' title="bbox 258 4534 1842 4609">
    <p class='ocr_par' dir='ltr' id='par_1_92' title="bbox 258 4534 1842 4609">
     <span class='ocr_line' id='line_1_92' title="bbox 258 4534 1842 4609; baseline 0.008 -23"><span class='ocrx_word' id='word_1_672' title='bbox 258 4534 330 4587; x_wconf 75' lang='grc' dir='ltr'>ιιι)</span> <span class='ocrx_word' id='word_1_673' title='bbox 361 4551 425 4590; x_wconf 89' lang='lat' dir='ltr'><strong><em>eo</em></strong></span> <span class='ocrx_word' id='word_1_674' title='bbox 465 4537 613 4591; x_wconf 88' lang='lat' dir='ltr'><strong><em>inviti</em></strong></span> <span class='ocrx_word' id='word_1_675' title='bbox 643 4551 697 4591; x_wconf 88' lang='lat' dir='ltr'><strong><em>et</em></strong></span> <span class='ocrx_word' id='word_1_676' title='bbox 738 4538 1065 4607; x_wconf 85' lang='lat' dir='ltr'><strong><em>reluctantes</em></strong></span> <span class='ocrx_word' id='word_1_677' title='bbox 1081 4541 1339 4596; x_wconf 88' lang='lat' dir='ltr'><strong><em>ordinati.</em></strong></span> <span class='ocrx_word' id='word_1_678' title='bbox 1372 4542 1484 4609; x_wconf 87' lang='lat' dir='ltr'><strong><em>Qua</em></strong></span> <span class='ocrx_word' id='word_1_679' title='bbox 1516 4553 1636 4597; x_wconf 86' lang='lat' dir='ltr'><strong><em>erat</em></strong></span> <span class='ocrx_word' id='word_1_680' title='bbox 1663 4545 1842 4599; x_wconf 85' lang='lat' dir='ltr'><strong><em>humi-</em></strong></span> 
     </span>
    </p>
   </div>
   <div class='ocr_carea' id='block_1_93' title="bbox 257 4625 1838 4706">
    <p class='ocr_par' dir='ltr' id='par_1_93' title="bbox 257 4625 1838 4706">
     <span class='ocr_line' id='line_1_93' title="bbox 257 4625 1838 4706; baseline 0.008 -27"><span class='ocrx_word' id='word_1_681' title='bbox 257 4625 413 4683; x_wconf 85' lang='lat' dir='ltr'><strong><em>litate</em></strong></span> <span class='ocrx_word' id='word_1_682' title='bbox 446 4639 668 4685; x_wconf 83' lang='lat' dir='ltr'><strong><em>sanctus</em></strong></span> <span class='ocrx_word' id='word_1_683' title='bbox 724 4629 918 4688; x_wconf 82' lang='lat' dir='ltr'><strong><em>Petrus</em></strong></span> <span class='ocrx_word' id='word_1_684' title='bbox 952 4632 1134 4688; x_wconf 86' lang='lat' dir='ltr'><strong><em>Basilii</em></strong></span> <span class='ocrx_word' id='word_1_685' title='bbox 1185 4633 1378 4699; x_wconf 86' lang='lat' dir='ltr'><strong><em>frater,</em></strong></span> <span class='ocrx_word' id='word_1_686' title='bbox 1426 4635 1471 4689; x_wconf 90' lang='lat' dir='ltr'><strong><em>is</em></strong></span> <span class='ocrx_word' id='word_1_687' title='bbox 1517 4636 1608 4704; x_wconf 89' lang='lat' dir='ltr'><strong><em>qui</em></strong></span> <span class='ocrx_word' id='word_1_688' title='bbox 1652 4646 1838 4706; x_wconf 88' lang='lat' dir='ltr'><strong><em>postea</em></strong></span> 
     </span>
    </p>
   </div>
   <div class='ocr_carea' id='block_1_94' title="bbox 254 4721 1837 4797">
    <p class='ocr_par' dir='ltr' id='par_1_94' title="bbox 254 4721 1837 4797">
     <span class='ocr_line' id='line_1_94' title="bbox 254 4721 1837 4797; baseline 0.006 -24"><span class='ocrx_word' id='word_1_689' title='bbox 254 4721 545 4791; x_wconf 80' lang='lat' dir='ltr'><strong><em>episcopus</em></strong></span> <span class='ocrx_word' id='word_1_690' title='bbox 596 4722 696 4777; x_wconf 89' lang='lat' dir='ltr'><strong><em>fuit</em></strong></span> <span class='ocrx_word' id='word_1_691' title='bbox 748 4723 1100 4793; x_wconf 87' lang='lat' dir='ltr'><strong><em>Sebaslenus,</em></strong></span> <span class='ocrx_word' id='word_1_692' title='bbox 1141 4740 1245 4781; x_wconf 91' lang='lat' dir='ltr'><strong><em>non</em></strong></span> <span class='ocrx_word' id='word_1_693' title='bbox 1294 4725 1515 4780; x_wconf 90' lang='lat' dir='ltr'><strong><em>dubium</em></strong></span> <span class='ocrx_word' id='word_1_694' title='bbox 1569 4737 1654 4782; x_wconf 90' lang='lat' dir='ltr'><strong><em>est</em></strong></span> <span class='ocrx_word' id='word_1_695' title='bbox 1709 4728 1837 4797; x_wconf 87' lang='lat' dir='ltr'><strong><em>quin</em></strong></span> 
     </span>
    </p>
   </div>
   <div class='ocr_carea' id='block_1_95' title="bbox 258 4811 1837 4891">
    <p class='ocr_par' dir='ltr' id='par_1_95' title="bbox 258 4811 1837 4891">
     <span class='ocr_line' id='line_1_95' title="bbox 258 4811 1837 4891; baseline 0.009 -29"><span class='ocrx_word' id='word_1_696' title='bbox 258 4811 449 4865; x_wconf 78' lang='lat' dir='ltr'><strong><em>eadem</em></strong></span> <span class='ocrx_word' id='word_1_697' title='bbox 479 4813 551 4868; x_wconf 91' lang='lat' dir='ltr'><strong><em>illi</em></strong></span> <span class='ocrx_word' id='word_1_698' title='bbox 583 4816 663 4869; x_wconf 86' lang='lat' dir='ltr'><strong><em>vis</em></strong></span> <span class='ocrx_word' id='word_1_699' title='bbox 706 4814 848 4871; x_wconf 89' lang='lat' dir='ltr'><strong><em>facta</em></strong></span> <span class='ocrx_word' id='word_1_700' title='bbox 896 4816 1080 4882; x_wconf 90' lang='lat' dir='ltr'><strong><em>fuerit,</em></strong></span> <span class='ocrx_word' id='word_1_701' title='bbox 1134 4833 1255 4873; x_wconf 91' lang='lat' dir='ltr'><strong><em>cum</em></strong></span> <span class='ocrx_word' id='word_1_702' title='bbox 1307 4834 1430 4875; x_wconf 88' lang='lat' dir='ltr'><strong><em>eum</em></strong></span> <span class='ocrx_word' id='word_1_703' title='bbox 1459 4821 1837 4891; x_wconf 87' lang='lat' dir='ltr'><strong><em>presbyterum</em></strong></span> 
     </span>
    </p>
   </div>
   <div class='ocr_carea' id='block_1_96' title="bbox 258 4903 1835 4981">
    <p class='ocr_par' dir='ltr' id='par_1_96' title="bbox 258 4903 1835 4981">
     <span class='ocr_line' id='line_1_96' title="bbox 258 4903 1835 4981; baseline 0.006 -25"><span class='ocrx_word' id='word_1_704' title='bbox 258 4903 489 4959; x_wconf 87' lang='lat' dir='ltr'><strong><em>Basilius</em></strong></span> <span class='ocrx_word' id='word_1_705' title='bbox 511 4906 779 4962; x_wconf 87' lang='lat' dir='ltr'><strong><em>ordinavit</em></strong></span> <span class='ocrx_word' id='word_1_706' title='bbox 805 4923 820 4959; x_wconf 93' lang='lat'><strong>:</strong></span> <span class='ocrx_word' id='word_1_707' title='bbox 849 4909 994 4978; x_wconf 90' lang='lat' dir='ltr'><strong><em>quod</em></strong></span> <span class='ocrx_word' id='word_1_708' title='bbox 1018 4910 1237 4979; x_wconf 89' lang='lat' dir='ltr'><strong><em>quidem</em></strong></span> <span class='ocrx_word' id='word_1_709' title='bbox 1274 4911 1327 4966; x_wconf 92' lang='lat' dir='ltr'><strong><em>in</em></strong></span> <span class='ocrx_word' id='word_1_710' title='bbox 1371 4912 1691 4981; x_wconf 90' lang='lat' dir='ltr'><strong><em>primordiis</em></strong></span> <span class='ocrx_word' id='word_1_711' title='bbox 1717 4914 1835 4981; x_wconf 86' lang='lat' dir='ltr'><strong><em>epi-</em></strong></span> 
     </span>
    </p>
   </div>
   <div class='ocr_carea' id='block_1_97' title="bbox 258 4997 1835 5074">
    <p class='ocr_par' dir='ltr' id='par_1_97' title="bbox 258 4997 1835 5074">
     <span class='ocr_line' id='line_1_97' title="bbox 258 4997 1835 5074; baseline 0.006 -24"><span class='ocrx_word' id='word_1_712' title='bbox 258 5004 512 5063; x_wconf 85' lang='lat' dir='ltr'><strong><em>scopatus</em></strong></span> <span class='ocrx_word' id='word_1_713' title='bbox 561 4997 761 5052; x_wconf 86' lang='lat' dir='ltr'><strong><em>factum</em></strong></span> <span class='ocrx_word' id='word_1_714' title='bbox 808 4999 975 5057; x_wconf 89' lang='lat' dir='ltr'><strong><em>fuisse</em></strong></span> <span class='ocrx_word' id='word_1_715' title='bbox 1033 5002 1325 5072; x_wconf 88' lang='lat' dir='ltr'><strong><em>conjicitur</em></strong></span> <span class='ocrx_word' id='word_1_716' title='bbox 1361 5018 1427 5058; x_wconf 80' lang='lat' dir='ltr'><strong><em>ex</em></strong></span> <span class='ocrx_word' id='word_1_717' title='bbox 1473 5002 1559 5058; x_wconf 90' lang='lat' dir='ltr'><strong><em>bis</em></strong></span> <span class='ocrx_word' id='word_1_718' title='bbox 1606 5002 1835 5074; x_wconf 88' lang='lat' dir='ltr'><strong><em>Nysseni</em></strong></span> 
     </span>
    </p>
   </div>
   <div class='ocr_carea' id='block_1_98' title="bbox 259 5087 1833 5159">
    <p class='ocr_par' dir='ltr' id='par_1_98' title="bbox 259 5087 1833 5159">
     <span class='ocr_line' id='line_1_98' title="bbox 259 5087 1833 5159; baseline 0.006 -20"><span class='ocrx_word' id='word_1_719' title='bbox 259 5088 440 5143; x_wconf 84' lang='lat' dir='ltr'><strong><em>verbis</em></strong></span> <span class='ocrx_word' id='word_1_720' title='bbox 473 5087 542 5157; x_wconf 73' lang='grc' dir='ltr'><strong><em>(Γ)</em></strong></span> <span class='ocrx_word' id='word_1_721' title='bbox 573 5108 584 5143; x_wconf 95' lang='lat'>:</span> <span class='ocrx_word' id='word_1_722' title='bbox 616 5087 749 5142; x_wconf 85' lang='lat' dir='ltr'><strong><em>Tum</em></strong></span> <span class='ocrx_word' id='word_1_723' title='bbox 780 5091 1001 5159; x_wconf 87' lang='lat' dir='ltr'><strong><em>insignis</em></strong></span> <span class='ocrx_word' id='word_1_724' title='bbox 1035 5093 1171 5155; x_wconf 81' lang='lat' dir='ltr'><strong><em>inter</em></strong></span> <span class='ocrx_word' id='word_1_725' title='bbox 1194 5102 1404 5148; x_wconf 87' lang='lat' dir='ltr'><strong><em>sanctos</em></strong></span> <span class='ocrx_word' id='word_1_726' title='bbox 1433 5092 1671 5149; x_wconf 89' lang='lat' dir='ltr'><strong><em>Basilius</em></strong></span> <span class='ocrx_word' id='word_1_727' title='bbox 1716 5112 1833 5148; x_wconf 89' lang='lat' dir='ltr'><strong><em>ma-</em></strong></span> 
     </span>
    </p>
   </div>
   <div class='ocr_carea' id='block_1_99' title="bbox 257 5176 1831 5252">
    <p class='ocr_par' dir='ltr' id='par_1_99' title="bbox 257 5176 1831 5252">
     <span class='ocr_line' id='line_1_99' title="bbox 257 5176 1831 5252; baseline 0.008 -24"><span class='ocrx_word' id='word_1_728' title='bbox 257 5193 375 5249; x_wconf 72' lang='lat' dir='ltr'><strong><em>gna:</em></strong></span> <span class='ocrx_word' id='word_1_729' title='bbox 405 5176 811 5234; x_wconf 75' lang='lat' dir='ltr'><strong><em>Ccesariensium</em></strong></span> <span class='ocrx_word' id='word_1_730' title='bbox 864 5180 1115 5238; x_wconf 70' lang='lat' dir='ltr'><strong><em>Ecclesiae</em></strong></span> <span class='ocrx_word' id='word_1_731' title='bbox 1153 5184 1454 5240; x_wconf 87' lang='lat' dir='ltr'><strong><em>declaratus</em></strong></span> <span class='ocrx_word' id='word_1_732' title='bbox 1478 5196 1552 5241; x_wconf 86' lang='lat' dir='ltr'><strong><em>est</em></strong></span> <span class='ocrx_word' id='word_1_733' title='bbox 1594 5186 1831 5252; x_wconf 86' lang='lat' dir='ltr'><strong><em>antistes,</em></strong></span> 
     </span>
    </p>
   </div>
   <div class='ocr_carea' id='block_1_100' title="bbox 329 5417 723 5548">
    <p class='ocr_par' dir='ltr' id='par_1_100' title="bbox 329 5417 723 5548">
     <span class='ocr_line' id='line_1_100' title="bbox 329 5417 723 5548; baseline 0.015 -80"><span class='ocrx_word' id='word_1_734' title='bbox 329 5417 410 5548; x_wconf 52' lang='grc' dir='ltr'><strong><em>ἔτι)</em></strong></span> <span class='ocrx_word' id='word_1_735' title='bbox 451 5419 602 5503; x_wconf 64' lang='lat' dir='ltr'><strong><em>(lt-at.</em></strong></span> <span class='ocrx_word' id='word_1_736' title='bbox 631 5419 723 5473; x_wconf 61' lang='lat'><strong><em>30.</em></strong></span> 
     </span>
     <span class='ocr_line' id='line_1_101' title="bbox 352 5490 574 5548; baseline 0.018 -8"><span class='ocrx_word' id='word_1_737' title='bbox 352 5492 402 5548; x_wconf 78' lang='lat' dir='ltr'><strong><em>lt)</em></strong></span> <span class='ocrx_word' id='word_1_738' title='bbox 443 5490 574 5545; x_wconf 82' lang='lat' dir='ltr'><strong><em>lbul.</em></strong></span> 
     </span>
    </p>
   </div>
   <div class='ocr_carea' id='block_1_101' title="bbox 340 5490 574 5557">
    <p class='ocr_par' dir='ltr' id='par_1_101' title="bbox 340 5490 574 5557">
     <span class='ocr_line' id='line_1_102' title="bbox 340 5490 574 5557; baseline 0.021 -17"><span class='ocrx_word' id='word_1_739' title='bbox 340 5490 402 5557; x_wconf 76' lang='grc' dir='ltr'>ζιι)</span> <span class='ocrx_word' id='word_1_740' title='bbox 443 5490 574 5545; x_wconf 66' lang='lat' dir='ltr'><strong><em>una.</em></strong></span> 
     </span>
    </p>
   </div>
   <div class='ocr_carea' id='block_1_102' title="bbox 331 5556 865 5627">
    <p class='ocr_par' dir='ltr' id='par_1_102' title="bbox 331 5556 865 5627">
     <span class='ocr_line' id='line_1_103' title="bbox 331 5556 865 5627; baseline 0.004 -14"><span class='ocrx_word' id='word_1_741' title='bbox 331 5568 402 5622; x_wconf 73' lang='lat' dir='ltr'><strong><em>lc)</em></strong></span> <span class='ocrx_word' id='word_1_742' title='bbox 447 5560 542 5627; x_wconf 74' lang='lat' dir='ltr'><strong><em>Ep.</em></strong></span> <span class='ocrx_word' id='word_1_743' title='bbox 568 5561 698 5622; x_wconf 54' lang='lat' dir='ltr'><strong><em>Q07,</em></strong></span> <span class='ocrx_word' id='word_1_744' title='bbox 734 5577 783 5614; x_wconf 86' lang='lat' dir='ltr'><strong><em>ll.</em></strong></span> <span class='ocrx_word' id='word_1_745' title='bbox 815 5556 865 5615; x_wconf 74' lang='lat'><strong><em>5.</em></strong></span> 
     </span>
    </p>
   </div>
   <div class='ocr_carea' id='block_1_103' title="bbox 330 5630 779 5698">
    <p class='ocr_par' dir='ltr' id='par_1_103' title="bbox 330 5630 779 5698">
     <span class='ocr_line' id='line_1_104' title="bbox 330 5630 779 5698; baseline 0.004 -15"><span class='ocrx_word' id='word_1_746' title='bbox 330 5631 406 5697; x_wconf 80' lang='grc' dir='ltr'>(ιι)</span> <span class='ocrx_word' id='word_1_747' title='bbox 451 5632 606 5698; x_wconf 66' lang='lat' dir='ltr'><strong><em>Ibid,</em></strong></span> <span class='ocrx_word' id='word_1_748' title='bbox 643 5649 673 5682; x_wconf 92' lang='lat' dir='ltr'><strong><em>n</em></strong></span> <span class='ocrx_word' id='word_1_749' title='bbox 725 5630 779 5685; x_wconf 77' lang='grc' dir='ltr'><strong><em>ιι.</em></strong></span> 
     </span>
    </p>
   </div>
   <div class='ocr_carea' id='block_1_104' title="bbox 330 5698 916 5771">
    <p class='ocr_par' dir='ltr' id='par_1_104' title="bbox 330 5698 916 5771">
     <span class='ocr_line' id='line_1_105' title="bbox 330 5698 916 5771; baseline 0.007 -17"><span class='ocrx_word' id='word_1_750' title='bbox 330 5698 400 5771; x_wconf 85' lang='lat' dir='ltr'><strong><em>(e)</em></strong></span> <span class='ocrx_word' id='word_1_751' title='bbox 429 5701 595 5771; x_wconf 86' lang='lat' dir='ltr'><strong><em>Epist.</em></strong></span> <span class='ocrx_word' id='word_1_752' title='bbox 628 5702 750 5765; x_wconf 72' lang='lat'><strong><em>160,</em></strong></span> <span class='ocrx_word' id='word_1_753' title='bbox 787 5719 835 5758; x_wconf 87' lang='lat' dir='ltr'><strong><em>tt.</em></strong></span> <span class='ocrx_word' id='word_1_754' title='bbox 869 5705 916 5758; x_wconf 83' lang='grc' dir='ltr'><strong><em>Ι.</em></strong></span> 
     </span>
    </p>
   </div>
   <div class='ocr_carea' id='block_1_105' title="bbox 328 5770 743 5844">
    <p class='ocr_par' dir='ltr' id='par_1_105' title="bbox 328 5770 743 5844">
     <span class='ocr_line' id='line_1_106' title="bbox 328 5770 743 5844; baseline -0.005 -15"><span class='ocrx_word' id='word_1_755' title='bbox 328 5770 399 5844; x_wconf 73' lang='grc' dir='ltr'><strong><em>(Γ)</em></strong></span> <span class='ocrx_word' id='word_1_756' title='bbox 433 5770 541 5829; x_wconf 76' lang='grc' dir='ltr'>γει.</span> <span class='ocrx_word' id='word_1_757' title='bbox 575 5774 743 5830; x_wconf 80' lang='lat' dir='ltr'><strong><em>Macr.</em></strong></span> 
     </span>
    </p>
   </div>
   <div class='ocr_carea' id='block_1_106' title="bbox 1944 4548 3524 4621">
    <p class='ocr_par' dir='ltr' id='par_1_106' title="bbox 1944 4548 3524 4621">
     <span class='ocr_line' id='line_1_107' title="bbox 1944 4548 3524 4621; baseline 0.001 -19"><span class='ocrx_word' id='word_1_758' title='bbox 1944 4564 2069 4602; x_wconf 88' lang='lat' dir='ltr'><strong><em>num</em></strong></span> <span class='ocrx_word' id='word_1_759' title='bbox 2096 4549 2402 4613; x_wconf 87' lang='lat' dir='ltr'><strong><em>nonnullus,</em></strong></span> <span class='ocrx_word' id='word_1_760' title='bbox 2430 4549 2571 4621; x_wconf 90' lang='lat' dir='ltr'><strong><em>quod</em></strong></span> <span class='ocrx_word' id='word_1_761' title='bbox 2609 4560 2822 4603; x_wconf 88' lang='lat' dir='ltr'><strong><em>sanctus</em></strong></span> <span class='ocrx_word' id='word_1_762' title='bbox 2850 4548 3087 4603; x_wconf 87' lang='lat' dir='ltr'><strong><em>Basilius</em></strong></span> <span class='ocrx_word' id='word_1_763' title='bbox 3114 4565 3231 4603; x_wconf 88' lang='lat' dir='ltr'><strong><em>cum</em></strong></span> <span class='ocrx_word' id='word_1_764' title='bbox 3254 4549 3323 4603; x_wconf 86' lang='lat' dir='ltr'><strong><em>ad</em></strong></span> <span class='ocrx_word' id='word_1_765' title='bbox 3349 4565 3524 4604; x_wconf 61' lang='lat' dir='ltr'><strong><em>caeno-</em></strong></span> 
     </span>
    </p>
   </div>
   <div class='ocr_carea' id='block_1_107' title="bbox 1942 4640 3526 4709">
    <p class='ocr_par' dir='ltr' id='par_1_107' title="bbox 1942 4640 3526 4709">
     <span class='ocr_line' id='line_1_108' title="bbox 1942 4640 3526 4709; baseline 0.001 -16"><span class='ocrx_word' id='word_1_766' title='bbox 1942 4641 2083 4694; x_wconf 87' lang='lat' dir='ltr'><strong><em>bium</em></strong></span> <span class='ocrx_word' id='word_1_767' title='bbox 2110 4640 2355 4704; x_wconf 82' lang='lat' dir='ltr'><strong><em>venisset,</em></strong></span> <span class='ocrx_word' id='word_1_768' title='bbox 2395 4651 2509 4709; x_wconf 88' lang='lat' dir='ltr'><strong><em>post</em></strong></span> <span class='ocrx_word' id='word_1_769' title='bbox 2550 4641 2936 4695; x_wconf 83' lang='lat' dir='ltr'><strong><em>convenientem</em></strong></span> <span class='ocrx_word' id='word_1_770' title='bbox 2985 4642 3301 4707; x_wconf 87' lang='lat' dir='ltr'><strong><em>doctrinam,</em></strong></span> <span class='ocrx_word' id='word_1_771' title='bbox 3333 4641 3526 4695; x_wconf 66' lang='lat' dir='ltr'><strong><em>dixerit</em></strong></span> 
     </span>
    </p>
   </div>
   <div class='ocr_carea' id='block_1_108' title="bbox 1941 4731 3527 4802">
    <p class='ocr_par' dir='ltr' id='par_1_108' title="bbox 1941 4731 3527 4802">
     <span class='ocr_line' id='line_1_109' title="bbox 1941 4731 3527 4802; baseline 0.001 -17"><span class='ocrx_word' id='word_1_772' title='bbox 1941 4733 2223 4802; x_wconf 73' lang='lat' dir='ltr'><strong><em>praeposito</em></strong></span> <span class='ocrx_word' id='word_1_773' title='bbox 2249 4749 2269 4788; x_wconf 93' lang='lat'><strong><em>:</em></strong></span> <span class='ocrx_word' id='word_1_774' title='bbox 2309 4731 2551 4788; x_wconf 83' lang='lat' dir='ltr'><strong><em>Habesne</em></strong></span> <span class='ocrx_word' id='word_1_775' title='bbox 2582 4734 2668 4788; x_wconf 84' lang='lat' dir='ltr'><strong><em>hic</em></strong></span> <span class='ocrx_word' id='word_1_776' title='bbox 2715 4734 2935 4802; x_wconf 80' lang='lat' dir='ltr'><strong><em>fratrem</em></strong></span> <span class='ocrx_word' id='word_1_777' title='bbox 2962 4735 3052 4802; x_wconf 88' lang='lat' dir='ltr'><strong><em>qui</em></strong></span> <span class='ocrx_word' id='word_1_778' title='bbox 3080 4732 3386 4787; x_wconf 76' lang='lat' dir='ltr'><strong><em>obedientice</em></strong></span> <span class='ocrx_word' id='word_1_779' title='bbox 3419 4735 3527 4789; x_wconf 79' lang='lat' dir='ltr'><strong><em>vir-</em></strong></span> 
     </span>
    </p>
   </div>
   <div class='ocr_carea' id='block_1_109' title="bbox 1941 4823 3523 4895">
    <p class='ocr_par' dir='ltr' id='par_1_109' title="bbox 1941 4823 3523 4895">
     <span class='ocr_line' id='line_1_110' title="bbox 1941 4823 3523 4895; baseline 0.002 -18"><span class='ocrx_word' id='word_1_780' title='bbox 1941 4833 2051 4878; x_wconf 82' lang='lat' dir='ltr'><strong><em>tute</em></strong></span> <span class='ocrx_word' id='word_1_781' title='bbox 2082 4834 2299 4879; x_wconf 87' lang='lat' dir='ltr'><strong><em>ornatus</em></strong></span> <span class='ocrx_word' id='word_1_782' title='bbox 2345 4828 2457 4881; x_wconf 82' lang='lat' dir='ltr'><strong><em>sit?</em></strong></span> <span class='ocrx_word' id='word_1_783' title='bbox 2504 4825 2792 4895; x_wconf 80' lang='lat' dir='ltr'><strong><em>Respondit</em></strong></span> <span class='ocrx_word' id='word_1_784' title='bbox 2834 4823 3149 4894; x_wconf 81' lang='lat' dir='ltr'><strong><em>ltegumenus</em></strong></span> <span class='ocrx_word' id='word_1_785' title='bbox 3208 4843 3228 4883; x_wconf 91' lang='lat'><strong><em>:</em></strong></span> <span class='ocrx_word' id='word_1_786' title='bbox 3274 4825 3523 4889; x_wconf 87' lang='lat' dir='ltr'><strong><em>Dontine,</em></strong></span> 
     </span>
    </p>
   </div>
   <div class='ocr_carea' id='block_1_110' title="bbox 1940 4916 3524 4989">
    <p class='ocr_par' dir='ltr' id='par_1_110' title="bbox 1940 4916 3524 4989">
     <span class='ocr_line' id='line_1_111' title="bbox 1940 4916 3524 4989; baseline 0.001 -21"><span class='ocrx_word' id='word_1_787' title='bbox 1940 4931 2116 4970; x_wconf 88' lang='lat' dir='ltr'><strong><em>omnes</em></strong></span> <span class='ocrx_word' id='word_1_788' title='bbox 2152 4917 2289 4971; x_wconf 84' lang='lat' dir='ltr'><strong><em>servi</em></strong></span> <span class='ocrx_word' id='word_1_789' title='bbox 2335 4916 2413 4970; x_wconf 91' lang='lat' dir='ltr'><strong><em>tui</em></strong></span> <span class='ocrx_word' id='word_1_790' title='bbox 2441 4928 2586 4982; x_wconf 88' lang='lat' dir='ltr'><strong><em>sunt,</em></strong></span> <span class='ocrx_word' id='word_1_791' title='bbox 2634 4929 2683 4971; x_wconf 85' lang='lat' dir='ltr'><strong><em>et</em></strong></span> <span class='ocrx_word' id='word_1_792' title='bbox 2727 4918 2796 4972; x_wconf 87' lang='lat' dir='ltr'><strong><em>ad</em></strong></span> <span class='ocrx_word' id='word_1_793' title='bbox 2837 4918 3061 4973; x_wconf 88' lang='lat' dir='ltr'><strong><em>salutem</em></strong></span> <span class='ocrx_word' id='word_1_794' title='bbox 3106 4919 3524 4989; x_wconf 84' lang='lat' dir='ltr'><strong><em>consequendam</em></strong></span> 
     </span>
    </p>
   </div>
   <div class='ocr_carea' id='block_1_111' title="bbox 1937 5008 3523 5076">
    <p class='ocr_par' dir='ltr' id='par_1_111' title="bbox 1937 5008 3523 5076">
     <span class='ocr_line' id='line_1_112' title="bbox 1937 5008 3523 5076; baseline 0.001 -15"><span class='ocrx_word' id='word_1_795' title='bbox 1937 5009 2197 5076; x_wconf 87' lang='lat' dir='ltr'><strong><em>aspirant.</em></strong></span> <span class='ocrx_word' id='word_1_796' title='bbox 2238 5008 2444 5062; x_wconf 85' lang='lat' dir='ltr'><strong><em>Iterum</em></strong></span> <span class='ocrx_word' id='word_1_797' title='bbox 2483 5010 2619 5064; x_wconf 77' lang='lat' dir='ltr'><strong><em>dixit</em></strong></span> <span class='ocrx_word' id='word_1_798' title='bbox 2674 5012 2767 5066; x_wconf 87' lang='lat' dir='ltr'><strong><em>ei:</em></strong></span> <span class='ocrx_word' id='word_1_799' title='bbox 2824 5009 2892 5064; x_wconf 86' lang='lat' dir='ltr'><strong><em>In</em></strong></span> <span class='ocrx_word' id='word_1_800' title='bbox 2946 5011 3187 5074; x_wconf 79' lang='lat' dir='ltr'><strong><em>veritate,</em></strong></span> <span class='ocrx_word' id='word_1_801' title='bbox 3231 5021 3377 5064; x_wconf 87' lang='lat' dir='ltr'><strong><em>estne</em></strong></span> <span class='ocrx_word' id='word_1_802' title='bbox 3426 5009 3523 5063; x_wconf 88' lang='lat' dir='ltr'><strong><em>tibi</em></strong></span> 
     </span>
    </p>
   </div>
   <div class='ocr_carea' id='block_1_112' title="bbox 1936 5099 3522 5169">
    <p class='ocr_par' dir='ltr' id='par_1_112' title="bbox 1936 5099 3522 5169">
     <span class='ocr_line' id='line_1_113' title="bbox 1936 5099 3522 5169; baseline 0.001 -17"><span class='ocrx_word' id='word_1_803' title='bbox 1936 5099 2129 5169; x_wconf 86' lang='lat' dir='ltr'><strong><em>aliquis</em></strong></span> <span class='ocrx_word' id='word_1_804' title='bbox 2158 5100 2451 5154; x_wconf 84' lang='lat' dir='ltr'><strong><em>obedientia</em></strong></span> <span class='ocrx_word' id='word_1_805' title='bbox 2480 5102 2777 5168; x_wconf 73' lang='lat' dir='ltr'><strong><em>pranlitus?</em></strong></span> <span class='ocrx_word' id='word_1_806' title='bbox 2804 5102 2872 5157; x_wconf 80' lang='lat' dir='ltr'><strong><em>At</em></strong></span> <span class='ocrx_word' id='word_1_807' title='bbox 2897 5102 2986 5157; x_wconf 90' lang='lat' dir='ltr'><strong><em>ille</em></strong></span> <span class='ocrx_word' id='word_1_808' title='bbox 3008 5102 3233 5156; x_wconf 71' lang='lat' dir='ltr'><strong><em>adduxit</em></strong></span> <span class='ocrx_word' id='word_1_809' title='bbox 3271 5102 3320 5155; x_wconf 88' lang='lat' dir='ltr'><strong><em>ei</em></strong></span> <span class='ocrx_word' id='word_1_810' title='bbox 3358 5116 3522 5155; x_wconf 84' lang='lat' dir='ltr'><strong><em>unum</em></strong></span> 
     </span>
    </p>
   </div>
   <div class='ocr_carea' id='block_1_113' title="bbox 1933 5189 3523 5261">
    <p class='ocr_par' dir='ltr' id='par_1_113' title="bbox 1933 5189 3523 5261">
     <span class='ocr_line' id='line_1_114' title="bbox 1933 5189 3523 5261; baseline -0.001 -15"><span class='ocrx_word' id='word_1_811' title='bbox 1933 5205 1998 5246; x_wconf 76' lang='lat' dir='ltr'><strong><em>ex</em></strong></span> <span class='ocrx_word' id='word_1_812' title='bbox 2026 5189 2318 5261; x_wconf 84' lang='lat' dir='ltr'><strong><em>fratribus;</em></strong></span> <span class='ocrx_word' id='word_1_813' title='bbox 2356 5206 2582 5260; x_wconf 79' lang='lat' dir='ltr'><strong><em>ususque</em></strong></span> <span class='ocrx_word' id='word_1_814' title='bbox 2611 5204 2682 5248; x_wconf 88' lang='lat' dir='ltr'><strong><em>est</em></strong></span> <span class='ocrx_word' id='word_1_815' title='bbox 2714 5210 2774 5249; x_wconf 92' lang='lat' dir='ltr'><strong><em>eo</em></strong></span> <span class='ocrx_word' id='word_1_816' title='bbox 2796 5205 3007 5248; x_wconf 87' lang='lat' dir='ltr'><strong><em>sanctus</em></strong></span> <span class='ocrx_word' id='word_1_817' title='bbox 3025 5192 3260 5248; x_wconf 88' lang='lat' dir='ltr'><strong><em>Basilius</em></strong></span> <span class='ocrx_word' id='word_1_818' title='bbox 3280 5192 3523 5245; x_wconf 87' lang='lat' dir='ltr'><strong><em>ministro</em></strong></span> 
     </span>
    </p>
   </div>
   <div class='ocr_carea' id='block_1_114' title="bbox 2013 5434 2531 5502">
    <p class='ocr_par' dir='ltr' id='par_1_114' title="bbox 2013 5434 2531 5502">
     <span class='ocr_line' id='line_1_115' title="bbox 2013 5434 2531 5502; baseline -0.002 -14"><span class='ocrx_word' id='word_1_819' title='bbox 2013 5435 2091 5502; x_wconf 66' lang='lat' dir='ltr'><strong><em>(ty)</em></strong></span> <span class='ocrx_word' id='word_1_820' title='bbox 2121 5434 2216 5499; x_wconf 84' lang='lat' dir='ltr'><strong><em>Ep.</em></strong></span> <span class='ocrx_word' id='word_1_821' title='bbox 2249 5435 2375 5495; x_wconf 70' lang='lat' dir='ltr'><strong><em>2il5,</em></strong></span> <span class='ocrx_word' id='word_1_822' title='bbox 2404 5451 2455 5488; x_wconf 84' lang='grc' dir='ltr'><strong><em>η.</em></strong></span> <span class='ocrx_word' id='word_1_823' title='bbox 2475 5435 2531 5488; x_wconf 70' lang='grc'><strong><em>4.</em></strong></span> 
     </span>
    </p>
   </div>
   <div class='ocr_carea' id='block_1_115' title="bbox 2017 5504 2639 5574">
    <p class='ocr_par' dir='ltr' id='par_1_115' title="bbox 2017 5504 2639 5574">
     <span class='ocr_line' id='line_1_116' title="bbox 2017 5504 2639 5574; baseline 0.003 -19"><span class='ocrx_word' id='word_1_824' title='bbox 2017 5508 2092 5571; x_wconf 74' lang='lat' dir='ltr'><strong><em>(Ii)</em></strong></span> <span class='ocrx_word' id='word_1_825' title='bbox 2132 5506 2284 5574; x_wconf 65' lang='lat' dir='ltr'><strong><em>Nyss.</em></strong></span> <span class='ocrx_word' id='word_1_826' title='bbox 2326 5504 2434 5558; x_wconf 85' lang='lat' dir='ltr'><strong><em>Vit.</em></strong></span> <span class='ocrx_word' id='word_1_827' title='bbox 2470 5504 2639 5559; x_wconf 76' lang='lat' dir='ltr'><strong><em>Macr.</em></strong></span> 
     </span>
    </p>
   </div>
   <div class='ocr_carea' id='block_1_116' title="bbox 2017 5573 2663 5639">
    <p class='ocr_par' dir='ltr' id='par_1_116' title="bbox 2017 5573 2663 5639">
     <span class='ocr_line' id='line_1_117' title="bbox 2017 5573 2663 5639; baseline -0.009 -7"><span class='ocrx_word' id='word_1_828' title='bbox 2017 5579 2076 5639; x_wconf 78' lang='lat' dir='ltr'><strong><em>(it</em></strong></span> <span class='ocrx_word' id='word_1_829' title='bbox 2114 5573 2254 5629; x_wconf 84' lang='lat' dir='ltr'><strong><em>llist.</em></strong></span> <span class='ocrx_word' id='word_1_830' title='bbox 2301 5574 2463 5628; x_wconf 88' lang='lat' dir='ltr'><strong><em>Laus.</em></strong></span> <span class='ocrx_word' id='word_1_831' title='bbox 2497 5590 2545 5630; x_wconf 92' lang='lat' dir='ltr'><strong><em>c.</em></strong></span> <span class='ocrx_word' id='word_1_832' title='bbox 2575 5573 2663 5629; x_wconf 84' lang='lat'><strong><em>86.</em></strong></span> 
     </span>
    </p>
   </div>
   <div class='ocr_carea' id='block_1_117' title="bbox 2018 5638 3516 5714">
    <p class='ocr_par' dir='ltr' id='par_1_117' title="bbox 2018 5638 3516 5714">
     <span class='ocr_line' id='line_1_118' title="bbox 2018 5638 3516 5714; baseline -0.003 -13"><span class='ocrx_word' id='word_1_833' title='bbox 2018 5638 2082 5714; x_wconf 78' lang='lat' dir='ltr'><strong><em>tjl</em></strong></span> <span class='ocrx_word' id='word_1_834' title='bbox 2133 5646 2353 5698; x_wconf 72' lang='lat' dir='ltr'><strong><em>lloroth.</em></strong></span> <span class='ocrx_word' id='word_1_835' title='bbox 2403 5662 2451 5699; x_wconf 91' lang='lat' dir='ltr'><strong><em>c.</em></strong></span> <span class='ocrx_word' id='word_1_836' title='bbox 2502 5646 2550 5711; x_wconf 88' lang='grc' dir='ltr'>Ι,</span> <span class='ocrx_word' id='word_1_837' title='bbox 2597 5643 2768 5699; x_wconf 83' lang='lat' dir='ltr'><strong><em>Cotel.</em></strong></span> <span class='ocrx_word' id='word_1_838' title='bbox 2828 5642 3066 5698; x_wconf 82' lang='lat' dir='ltr'><strong><em>Monum.</em></strong></span> <span class='ocrx_word' id='word_1_839' title='bbox 3099 5643 3299 5698; x_wconf 83' lang='lat' dir='ltr'><strong><em>Eccles.</em></strong></span> <span class='ocrx_word' id='word_1_840' title='bbox 3341 5638 3516 5697; x_wconf 68' lang='lat' dir='ltr'><strong><em>Grec.</em></strong></span> 
     </span>
    </p>
   </div>
   <div class='ocr_carea' id='block_1_118' title="bbox 1947 5714 2392 5786">
    <p class='ocr_par' dir='ltr' id='par_1_118' title="bbox 1947 5714 2392 5786">
     <span class='ocr_line' id='line_1_119' title="bbox 1947 5714 2392 5786; baseline -0.004 -16"><span class='ocrx_word' id='word_1_841' title='bbox 1947 5728 2077 5781; x_wconf 85' lang='lat' dir='ltr'><strong><em>tom.</em></strong></span> <span class='ocrx_word' id='word_1_842' title='bbox 2114 5716 2153 5780; x_wconf 90' lang='grc' dir='ltr'>Ι,</span> <span class='ocrx_word' id='word_1_843' title='bbox 2187 5731 2236 5786; x_wconf 83' lang='lat' dir='ltr'><strong><em>p.</em></strong></span> <span class='ocrx_word' id='word_1_844' title='bbox 2272 5714 2392 5769; x_wconf 64' lang='grc'><strong><em>409..</em></strong></span> 
     </span>
    </p>
   </div>
  </div>
