3958 6212
1731 332 1892 389 VITA
1935 336 1993 392 S.
2036 334 2300 392 BASILH.

3482 351 3617 390 LXIII

375 448 514 500 inter
537 444 926 515 prandendum.
955 443 1242 515 Postquam
1270 456 1443 501 autem
1461 447 1785 514 comedisset,
1809 451 1947 503 dedit
1978 454 2024 511 Α
2054 451 2096 504 si
2127 449 2443 518 Gregorium
2477 464 2630 503 suum
2668 463 2732 502 an
2763 463 2820 503 se
2849 455 3107 516 potuisset
3140 447 3353 500 allicere
3387 447 3478 524 (e).
3509 447 3616 502 Ne-

373 538 420 590 ei
463 536 632 605 frater
675 552 868 602 aquam
933 539 1002 590 ad
1054 538 1354 592 lavandum.
1394 538 1525 592 Tum
1564 542 1695 610 dixit
1734 553 1943 596 sanctus

377 625 611 678 Basilius
637 639 654 676 :
693 623 845 688 Veni,
877 641 971 695 ego
1012 643 1213 696 quoque
1238 625 1372 678 dabo
1414 628 1507 680 tibi
1532 645 1718 696 aquam
1740 630 1946 683 abluen-

375 718 455 770 dis
484 718 745 772 manibus.
804 718 862 772 Is
892 736 1008 772 vero
1033 735 1217 788 passus
1255 731 1326 774 est
1368 720 1470 774 sibi
1503 722 1566 774 ab
1595 723 1705 790 ipso
1735 722 1944 788 infundi

374 825 586 876 aquarii.
625 811 708 864 Ait
737 811 818 863 illi
847 828 864 864 :
890 810 1020 865 Cum
1061 815 1323 880 ingressus
1347 813 1496 881 fuero
1532 814 1587 865 in
1628 815 1941 875 sacrarium,

373 901 579 966 accede,
604 912 658 954 ut
681 913 730 955 te
764 903 957 969 faciam
990 905 1289 958 diaconum.
1333 905 1447 969 Quo
1475 913 1706 972 peracto,
1731 907 1784 957 in
1821 920 1912 973 pro

375 993 638 1061 sbyterum
696 996 849 1047 etiam
901 998 1198 1060 ordinavit;
1231 998 1614 1066 assumpsitqtte
1660 1013 1834 1050 secum
1885 998 1941 1050 in

373 1088 655 1154 episcopio,
681 1099 889 1155 propter
914 1089 1229 1156 singularem
1252 1089 1410 1154 ipsius
1435 1089 1799 1142 obedientiam.

445 1174 562 1228 Non
601 1177 811 1239 modici,
841 1187 896 1230 ut
931 1179 1034 1230 illis
1067 1179 1413 1246 temporibus,
1453 1189 1605 1232 erant
1645 1180 1943 1234 Caesarien-

376 1265 454 1319 sis
479 1265 734 1320 Ecclesia:
781 1268 1006 1321 reditus.
1067 1268 1169 1321 Sed
1205 1269 1435 1323 Basilius
1486 1270 1626 1323 inter
1673 1270 1769 1323 has
1811 1285 1942 1338 opes

374 1359 771 1427 pauperrimus,
806 1375 900 1413 sua
954 1361 1135 1415 omnia
1191 1377 1485 1431 pauperum
1529 1376 1648 1416 esse
1687 1362 1936 1416 ducebat.

374 1447 469 1503 Sic
501 1451 644 1504 illius
673 1460 1044 1521 paupertatem
1074 1461 1128 1506 et
1177 1461 1450 1506 austerum
1506 1453 1720 1505 vivendi
1775 1468 1941 1521 genus

370 1541 633 1608 prmdicat
671 1541 964 1610 Gregorius
994 1541 1096 1614 (a),
1142 1558 1332 1613 nempe
1357 1545 1588 1598 tunicam
1621 1561 1802 1610 unam,
1829 1545 1942 1614 pal-

369 1631 503 1684 lium
531 1647 717 1698 unum,
750 1635 981 1702 vigilias,
1011 1627 1318 1702 obsonium,
1351 1652 1539 1705 panem
1583 1647 1636 1691 et
1665 1639 1851 1700 salem,
1886 1648 1942 1691 ut

369 1724 486 1779 haec
507 1725 560 1779 in
579 1727 883 1794 episcopatu
901 1744 1007 1780 non
1025 1729 1350 1791 intermissa,
1371 1729 1450 1781 vel
1475 1729 1658 1782 saltem
1681 1745 1785 1782 non
1806 1727 1943 1782 mul—

2054 557 2139 594 mo
2168 541 2620 605 sane-dubitabat,
2658 542 2786 609 quin
2822 540 3003 594 statim
3047 538 3340 608 Gregorius
3375 538 3436 591 ad
3476 541 3614 592 ami-

2050 648 2169 686 cum
2205 631 2355 684 laetus
2390 640 2717 692 occurreret,
2755 639 2807 683 et
2843 645 2963 683 cum
3001 644 3065 682 eo
3087 630 3340 683 honorem
3371 645 3432 682 ac
3464 638 3615 696 pote-

2051 733 2245 773 Statem
2280 721 2590 788 partiretur.
2642 720 2746 773 Sed
2789 720 3078 790 Gregorius
3123 725 3368 788 protinus
3400 720 3615 780 quidem

2050 815 2114 865 ad
2151 813 2400 866 Basiliam
2430 813 2664 879 scripsit,
2717 822 2774 864 ut
2827 829 2978 867 suum
3009 829 3072 866 ev
3119 813 3233 880 ejus
3279 812 3616 865 ordinatione

2050 903 2298 974 gaudium
2344 903 2722 971 signiﬁcaret:
2766 913 2820 957 at
2865 904 3185 958 desiderium
3219 901 3360 955 illius
3401 901 3615 954 videndi

2048 995 2304 1054 cohibuit,
2350 1004 2459 1046 tum
2495 1004 2546 1046 ut
2571 996 2728 1048 amici
2781 994 2936 1048 famae
2979 993 3300 1057 consuleret,
3340 1006 3436 1044 nec
3467 977 3632 1058 quisv-

2047 1101 2207 1154 quam
2239 1087 2568 1141 obtrectator
2603 1103 2723 1141 eum
2760 1088 3029 1140 studiosos
3061 1086 3141 1140 sui
3178 1085 3430 1152 colligere
3455 1083 3615 1136 dicti—

2049 1185 2186 1229 taret
2233 1175 2407 1244 (erant
2440 1177 2583 1230 enim
2629 1178 2920 1231 multorum
2972 1177 3137 1230 animi
3183 1176 3356 1230 adhuc
3399 1174 3614 1227 exulce-

2048 1266 2193 1334 rati),
2216 1274 2324 1318 tum
2343 1267 2502 1319 etiam
2532 1283 2597 1320 ne
2627 1282 2684 1320 se
2711 1268 2822 1337 ipse
2850 1268 2902 1320 in
2935 1267 3186 1320 invidiam
3215 1276 3269 1319 et
3293 1264 3615 1334 arrogantia:

2047 1358 2379 1425 suspiciones
2430 1359 2724 1427 conjiceret
2762 1359 2854 1430 (f).
2900 1360 2997 1412 His
3045 1358 3342 1411 rationibus
3391 1371 3614 1425 persua-

2048 1447 2174 1499 dere
2209 1444 2402 1500 Basilio
2429 1459 2658 1502 conatur
2701 1465 2769 1503 ne
2800 1464 2859 1503 se
2886 1450 3064 1502 statim
3099 1457 3342 1503 accersat
3379 1465 3392 1500 :
3440 1432 3614 1517 neque

2047 1539 2185 1592 enim
2213 1554 2271 1593 se
2313 1554 2533 1606 prorsus
2576 1551 2882 1604 venturum,
2918 1541 3016 1594 nisi
3050 1555 3172 1593 cum
3204 1540 3340 1592 Deus
3367 1538 3611 1606 jusserit,

2046 1638 2098 1680 et
2143 1643 2355 1693 eorum,
2403 1631 2492 1697 qui
2527 1629 2724 1685 Basilio
2780 1631 3169 1685 insidiabantur
3196 1639 3249 1682 et
3276 1629 3607 1692 invidebant,

2048 1721 2251 1773 umbra).
2283 1722 2638 1788 praeterierint

370 1824 485 1868 tum
518 1817 827 1885 demitigata
848 1816 1016 1872 fuisse
1043 1819 1348 1872 videamur.
1385 1819 1545 1872 certe
1583 1818 1812 1872 Basilius
1844 1835 1933 1872 co-
1971 1807 2013 1862 Β
2113 1811 2360 1864 Nondum
2405 1813 2581 1866 victus
2608 1814 2691 1866 his
2722 1812 3021 1866 rationibus
3059 1810 3309 1876 Basilius,
3338 1809 3608 1864 contemni

370 1922 486 1960 ram
521 1906 778 1976 prtefecto
805 1908 1018 1963 dicebat
1045 1910 1176 1963 nihil
1202 1925 1422 1977 prorsus
1447 1911 1547 1964 sibi
1573 1926 1710 1973 esse,
1745 1920 1939 1979 przeter

368 1998 580 2054 laceros
609 2008 662 2052 et
689 2001 914 2055 detritos
943 2017 1173 2071 pannos,
1206 2012 1260 2056 et
1300 2018 1500 2072 paucos
1523 2002 1687 2057 libros
1719 2004 1812 2074 (ὁ).
1847 2003 1940 2057 Sic

366 2093 567 2144 viventi
602 2091 858 2160 perfacile
887 2104 1008 2148 erat
1039 2095 1092 2147 in
1135 2110 1395 2163 pauperes
1423 2095 1684 2162 prolixum
1721 2112 1840 2150 esse
1875 2111 1938 2150 ac

367 2183 667 2237 liberalem.
703 2183 818 2251 Quo
847 2185 900 2238 in
950 2202 1151 2254 genere
1181 2188 1258 2240 sic
1288 2187 1682 2257 magnificentia
1710 2198 1762 2241 et
1793 2204 1941 2241 sum-

367 2283 463 2341 ptu
481 2275 677 2341 prodiit
704 2275 953 2340 Basilius,
983 2285 1041 2330 ut
1076 2280 1542 2347 ptochotrophium
1583 2282 1650 2335 ab
1675 2295 1739 2334 eo
1768 2281 1936 2334 aedili—

367 2375 549 2417 catum
568 2383 747 2419 novam
761 2369 1022 2422 civitatem
1041 2371 1574 2441 appelletGregorius
1589 2372 1663 2441 (p.
1685 2371 1830 2440 560).
1846 2372 1935 2440 qui

367 2455 624 2512 Basilium
643 2477 745 2514 non
779 2462 829 2514 in
862 2463 976 2516 sola
995 2463 1208 2518 civitate
1229 2465 1543 2519 charitatem
1572 2479 1720 2518 suam
1741 2464 1936 2518 nobili-

369 2557 514 2602 tasse
537 2559 782 2617 testatur,
813 2555 905 2608 Sed
934 2556 1097 2607 etiam
1135 2570 1257 2609 rure
1293 2567 1343 2608 et
1378 2556 1429 2608 in
1467 2557 1611 2624 agris
1638 2557 1937 2611 humanita-

371 2646 476 2691 tem
503 2654 565 2693 ac
598 2642 1018 2696 muniﬁcentiam
1051 2645 1102 2698 in
1144 2660 1404 2714 pauperes
1455 2645 1520 2697 iis
1549 2647 1817 2710 omnibus,
1846 2645 1936 2714 qui

368 2731 566 2798 papula
597 2745 886 2800 praeerant,
915 2745 974 2788 ut
1007 2751 1292 2790 commune
1323 2726 1595 2790 certamen
1627 2737 1937 2806 proposuis-

369 2837 450 2875 se.
477 2822 683 2877 Revera
719 2827 912 2896 singuli
955 2828 1322 2897 chorepiscopi
1353 2831 1605 2882 videntur
1650 2845 1812 2882 unum
1837 2828 1936 2882 ali-

367 2911 509 2977 quod
567 2914 1036 2984 ptochotmphium
1087 2919 1189 2970 sibi
1245 2919 1594 2971 commissura
1658 2919 1933 2977 habuisse.

367 3001 566 3056 Omnes
591 3005 732 3056 enim
765 3007 1174 3076 chorepiscopos
1220 3008 1448 3062 Basilius
1497 3008 1567 3079 (c)
1623 3010 1688 3062 ad
1736 3010 1934 3064 festum

369 3094 430 3147 ὃ.
453 3093 740 3166 Eupsychii
765 3103 1237 3155 cenvocavitanuo
1261 3101 1386 3165 373,
1422 3110 1478 3154 ut
1507 3116 1690 3155 eorum
1717 3103 1936 3170 ptochov

368 3187 580 3255 trophia
615 3192 924 3244 numerario
960 3194 1381 3249 commendaret.
1423 3194 1645 3248 Summa
1692 3195 1777 3247 illa
1806 3197 1937 3250 cha-

368 3277 518 3346 ritas,
562 3294 680 3348 quae
730 3280 988 3336 Basilium
1040 3285 1366 3354 pauperibus
1407 3295 1578 3341 totum
1629 3287 1935 3351 addicebat,

369 3368 569 3423 aditum
599 3374 847 3427 omnibus
881 3376 947 3427 ad
985 3376 1128 3429 illius
1171 3377 1527 3444 patrocinium
1562 3385 1616 3430 et
1663 3393 1940 3431 commen-

371 3463 645 3518 dationem
688 3466 867 3531 dabat,
919 3476 978 3521 ut
1018 3483 1084 3523 ex
1128 3469 1374 3538 plurimis
1423 3469 1668 3540 epistolis
1729 3470 1938 3540 perspi-

367 3553 528 3610 citur.

439 3647 698 3713 Quamvis
744 3648 1012 3719 pleraeque
1052 3652 1323 3707 orationes
1353 3652 1560 3720 Basilii,
1590 3670 1704 3722 quae
1742 3654 1808 3708 ad
1842 3669 1938 3710 nos

367 3745 752 3806 pervenerunt,
783 3749 909 3792 ante
932 3741 1299 3808 episcopatqu
1337 3744 1692 3808 pronuntiata:
1720 3743 1937 3797 videan-

371 3837 482 3893 tur,
512 3844 618 3883 non
643 3838 822 3884 tamen
846 3831 1105 3886 credibile
1127 3843 1208 3887 est
1231 3833 1491 3887 Basiliqu
1517 3835 1580 3888 de
1613 3835 1936 3904 prmtlicandi

368 3921 523 3976 verbi
553 3921 732 3976 studio
764 3923 1054 3992 quidquam
1082 3924 1134 3978 iu
1164 3926 1474 3994 episcOpatu
1502 3928 1790 3990 remisisse,
1815 3941 1936 3980 cum

371 4015 675 4082 praesertim
705 4014 1010 4084 graviorem
1053 4013 1212 4082 hujus
1247 4016 1321 4070 rei
1355 4021 1731 4071 necessitatem
1765 4019 1936 4088 impo—

370 4116 564 4159 nerent
593 4117 648 4160 et
685 4108 960 4177 dignitatis
991 4110 1234 4164 accessio
1256 4119 1310 4162 et
1340 4110 1716 4163 luereticorum
1746 4110 1939 4179 impro-

371 4197 514 4252 bitas
557 4208 611 4251 ct
654 4199 1046 4266 persecutionis
1095 4200 1368 4254 violentia.
1397 4199 1513 4254 Non
1549 4201 1660 4254 sola
1691 4201 1934 4256 Ctesarea

369 4289 584 4357 eloquio
614 4289 796 4343 Basilii
839 4290 1216 4359 perfruebatur
1272 4291 1348 4362 (d)
1380 4309 1394 4344 :
1433 4292 1681 4347 assiduus
1713 4302 1831 4346 erat
1882 4292 1934 4345 in

369 4381 521 4448 pagis
550 4382 848 4448 visitandis,
879 4398 979 4436 nec
1006 4397 1124 4436 euut
1147 4385 1391 4449 morbus,
1419 4385 1519 4438 nisi
1552 4399 1773 4453 prorsus
1796 4386 1932 4440 lecto

2038 1915 2151 1954 sea
2199 1899 2462 1965 Gregorio
2509 1911 2733 1970 questus
2787 1910 2888 1954 est.
2943 1900 3186 1966 Querelis
3225 1909 3480 1965 peracute
3525 1913 3613 1951 re-

2038 1992 2253 2059 spondit
2277 1991 2352 2061 (g)
2377 1990 2691 2061 Gregorius.
2727 1990 2952 2043 Fatetur
2991 1991 3091 2044 sibi
3129 1991 3258 2044 vitio
3281 1989 3395 2042 dari
3429 2004 3608 2056 posse,

2038 2083 2179 2151 quod
2231 2082 2485 2135 Basilium
2537 2099 2642 2137 non
2691 2083 2823 2134 satis
2879 2096 2974 2150 pro
3026 2080 3233 2133 meritis
3289 2079 3608 2142 admiretur,

2037 2177 2234 2244 quippe
2267 2189 2386 2228 cum
2418 2174 2599 2227 Basilii
2627 2174 2931 2240 eloquentia
2953 2172 3018 2224 ad
3043 2188 3162 2225 eum
3198 2169 3357 2238 digne
3389 2170 3610 2220 laudan-

2038 2271 2160 2322 dum
2196 2283 2330 2336 opus
2361 2269 2463 2330 sit;
2506 2276 2559 2320 at
2594 2267 2855 2319 insaniam
2889 2265 3065 2333 potius
3110 2279 3268 2331 quam
3299 2261 3441 2313 illius
3470 2274 3602 2313 con-

2041 2367 2297 2428 temptum
2340 2358 2496 2425 ohjici
2553 2358 2766 2412 debere.
2801 2359 3086 2417 (holerum,
3124 2356 3168 2408 si
3223 2353 3421 2406 idcirco
3461 2350 3612 2402 iucu-

2039 2461 2206 2515 setur,
2258 2451 2398 2518 quod
2450 2448 2814 2517 philosophari
2845 2447 2990 2510 velit,
3043 2447 3176 2512 petit
3222 2452 3278 2496 ut
3323 2444 3425 2496 sibi
3469 2442 3612 2494 hanc

2040 2556 2200 2594 unam
2235 2556 2348 2593 rem
2373 2540 2552 2593 Basilii
2569 2539 2884 2606 elquentia:
2905 2535 3160 2605 praeferre
3188 2536 3344 2590 liceat
3367 2535 3464 2602 (lt).
3489 2532 3614 2586 Ces~

2037 2637 2104 2688 sit
2133 2633 2345 2687 tandem
2382 2631 2610 2685 Basilius
2635 2641 2689 2686 et
2721 2632 2877 2684 amici
2928 2628 3263 2697 prudentiam
3288 2627 3491 2694 judicio
3513 2638 3613 2678 suo

2037 2724 2424 2792 comprobavit.

2107 2832 2356 2903 Gregorii
2380 2833 2677 2886 absentiam
2708 2831 2975 2886 lenierunt
3018 2829 3282 2884 simulatis
3311 2828 3514 2880 amoris
3534 2827 3610 2880 si-

2037 2923 2469 2993 gniﬁcationibus
2505 2923 2765 2975 Eustatbii
2808 2921 3076 2990 discipuli,
3131 2937 3263 2990 quos
3289 2921 3514 2975 Basilius
3543 2920 3610 2973 ad

2036 3018 2399 3086 episcopatqu
2435 3023 2673 3077 evectus,
2719 3031 2814 3084 per
2863 3029 3081 3068 causam
3115 3014 3298 3067 auxilii
3326 3024 3381 3067 et
3425 3013 3616 3066 amicas

2041 3107 2430 3161 communionis
2468 3107 2701 3175 perfidos
2732 3106 3095 3175 speculatores
3120 3105 3187 3158 ab
3221 3103 3498 3158 Enstathio
3522 3118 3612 3156 ac-

2039 3199 2200 3268 cepit,
2227 3207 2285 3251 ut
2311 3198 2568 3251 discimus
2607 3211 2673 3250 ex
2725 3198 2883 3266 epist.
2912 3197 3037 3260 225,
3072 3213 3123 3248 n.
3167 3195 3200 3249 5
3232 3204 3286 3248 et
3323 3194 3374 3248 5.
3411 3194 3611 3246 Horum

2037 3292 2140 3345 duo
2158 3289 2502 3344 nominantur
2528 3289 2580 3343 in
2612 3289 2838 3357 cpistola
2871 3287 3000 3353 109,
3025 3287 3252 3340 Basilius
3279 3296 3332 3339 et
3367 3285 3608 3351 Sophro-

2038 3382 2176 3435 nius.
2211 3380 2375 3434 Primi
2407 3380 2620 3449 opinata
2670 3379 2929 3432 sanctitas
2964 3379 3034 3431 ita
3065 3376 3320 3430 Basilimn
3370 3382 3608 3442 ceperat,

2039 3483 2095 3526 ut
2126 3487 2247 3526 eum
2301 3473 2425 3524 vitae
2459 3487 2566 3523 sua:
2597 3470 2904 3538 prmsidium
2939 3482 3061 3522 esse
3104 3469 3351 3531 duceret;
3381 3464 3609 3517 alterum

2038 3565 2092 3618 in
2136 3563 2359 3632 epistola
2418 3562 2522 3617 105
2553 3563 2718 3616 filium
2763 3576 2918 3613 suum
2965 3559 3215 3628 appellat.
3261 3556 3498 3624 Uterque
3552 3554 3605 3606 in

2038 3655 2427 3709 dissimulando
2468 3657 2540 3706 ita
2593 3655 2798 3720 peritus
2831 3652 3048 3714 artifex,
3094 3659 3150 3702 ut
3183 3667 3302 3702 cum
3345 3663 3439 3702 eos
3463 3646 3608 3700 domi

2039 3761 2148 3800 sua:
2205 3745 2428 3799 haberet
2461 3745 2717 3807 Basilius,
2762 3745 2967 3798 nefaria
3023 3757 3208 3795 eorum
3269 3740 3492 3794 consilia
3540 3752 3613 3792 ne

2037 3836 2392 3890 subodoratus
2420 3834 2638 3904 quidem
2680 3835 2770 3899 sit,
2815 3843 3102 3901 antequam
3141 3831 3206 3884 ad
3230 3829 3610 3898 gravissimam,

2038 3925 2202 3995 ipsius
2223 3925 2601 3978 contumeliam
2626 3935 2968 3994 erumperent
2993 3924 3081 3992 (ἱ),

2107 4036 2190 4092 Ill.
2227 4038 2324 4092 Vix
2362 4037 2616 4091 Basilium
2645 4036 2890 4091 Caesarea
2923 4037 3237 4106 episcopum
3267 4033 3460 4102 adepta
3490 4029 3607 4085 fue-

2038 4139 2141 4192 rat,
2171 4143 2290 4181 cum
2318 4127 2371 4180 S.
2403 4126 2600 4179 Meletii
2644 4125 2858 4179 tertium
2887 4125 3140 4179 exsilium
3175 4123 3462 4178 Antiochia
3488 4121 3604 4189 plo-

2039 4219 2196 4281 ravit,
2231 4228 2290 4272 ut
2319 4219 2474 4273 docet
2523 4217 2897 4271 Tillemontius
2939 4217 3026 4287 (j).
3074 4217 3314 4271 Litteras
3339 4229 3402 4268 ea
3445 4215 3512 4267 de
3546 4226 3610 4265 re

2039 4310 2204 4364 lector
2233 4312 2411 4363 attulit
2434 4309 2651 4371 Basilio,
2683 4325 2818 4378 quas
2858 4310 2946 4363 ille
2975 4325 3077 4362 non
3106 4308 3270 4362 multo
3311 4313 3431 4376 post
3462 4306 3608 4360 misit

2037 4402 2103 4453 ad
2153 4400 2441 4454 Eusebium
2496 4398 2953 4463 Samosatensem,
2988 4401 3234 4469 quamvis
3260 4413 3382 4452 eum
3413 4399 3476 4451 de
3517 4397 3603 4455 iis.

369 4474 644 4540 amxisset,
685 4478 754 4532 ab
793 4477 895 4531 hoc
938 4477 1112 4531 oﬂicio
1140 4478 1464 4533 deterrebat.
1509 4479 1742 4532 Nimium
1771 4481 1933 4533 multa

2044 4507 2156 4558 quae
2183 4491 2484 4544 Antiochiae
2522 4491 2896 4560 contigerant,
2937 4492 3223 4544 certiorem
3256 4489 3452 4541 factum
3484 4502 3609 4541 esse

368 4567 664 4637 colligenda
703 4578 906 4634 essent,
943 4570 987 4623 si
1039 4571 1380 4639 episcopatus
1414 4569 1594 4624 Basilii
1627 4582 1932 4626 accuratam

371 4659 660 4728 imaginem
696 4661 981 4730 depingere
1011 4663 1346 4730 aggrederer.
1385 4661 1489 4716 Sed
1509 4663 1634 4732 quid
1659 4665 1724 4716 de
1754 4663 1937 4718 Eccle-

370 4752 452 4806 sia
486 4751 829 4817 Caesariensi,
857 4753 983 4822 quid
1018 4754 1081 4805 de
1111 4753 1232 4806 aliis
1271 4753 1529 4808 Ecclesiis
1564 4756 1610 4808 ei
1645 4765 1699 4808 ut
1737 4765 1937 4810 metro-

366 4845 626 4912 politano,
655 4843 738 4898 vel
784 4855 841 4896 ut
864 4845 1102 4898 exarcho
1141 4843 1416 4912 subjectis,
1449 4847 1576 4913 quid
1601 4847 1826 4915 denique
1872 4847 1938 4900 de

367 4936 618 4990 universa
669 4935 911 4989 Ecclesia
957 4936 1178 4989 tneritus
1209 4935 1301 5000 sit,
1332 4937 1464 4991 satis
1489 4938 1725 4991 exstabit
1750 4953 1812 4992 ex
1865 4937 1932 4992 iis

361 5041 486 5098 qum
524 5025 781 5095 deinceps
810 5025 1169 5079 narrabimus.

439 5117 499 5172 ll.
531 5117 782 5188 Magnum
833 5116 1061 5172 Basilius
1098 5117 1394 5187 adjutorem
1445 5117 1742 5184 habuisset,
1772 5129 1827 5173 et
1864 5120 1930 5173 ad

363 5210 628 5264 secundas
661 5208 716 5262 in
749 5207 897 5263 omni
944 5208 1241 5264 ministerio
1287 5208 1538 5282 ferendas
1571 5209 1931 5277 aptissimum,

458 5382 511 5451 a)
539 5381 633 5436 Or.
655 5382 744 5436 90.

459 5453 507 5516 θ)
539 5453 691 5507 Ibid.
715 5470 746 5513 η
788 5453 916 5507 sto.

435 5523 504 5590 (ε)
531 5523 626 5588 Ep.
662 5523 782 5576 1-H.

434 5593 511 5659 (Δ)
542 5591 637 5659 Ep.
659 5593 784 5645 9.06.

433 5663 499 5730 (ej
525 5662 616 5715 0r.
648 5664 737 5714 :20.

430 5733 495 5810 (ί)
522 5733 689 5802 Epist.
713 5733 805 5792 ἐξ.

2039 4599 2142 4636 non
2192 4584 2480 4638 dubitaret.
2537 4585 2789 4639 Scribere
2831 4584 3064 4638 Eusebio
3109 4581 3359 4650 cupiebat
3419 4581 3603 4634 statim

2039 4683 2156 4741 post
2175 4673 2290 4740 ejus
2320 4676 2570 4735 reditum,
2603 4676 2695 4728 sed
2725 4691 2928 4728 moram
2960 4674 3138 4727 attulit
3161 4672 3320 4740 bajuli
3353 4673 3600 4739 penuria,

2039 4777 2104 4816 eo
2122 4765 2264 4830 quod
2293 4764 2640 4834 Cappadoces
2681 4766 2753 4817 ita
2779 4764 3010 4818 hiemem
3041 4765 3512 4827 exhorrescerent,
3541 4773 3599 4816 ut

2042 4870 2107 4906 ne
2132 4853 2440 4923 prospicere
2462 4856 2673 4922 quidem
2699 4869 2762 4908 ex
2793 4855 2994 4908 aedibus
3017 4855 3292 4907 auderent.
3319 4853 3436 4908 .lam
3467 4854 3603 4909 duos

2040 4955 2254 4995 menses
2311 4943 2526 4995 nivibus
2561 4944 2797 5010 cooperti
2859 4941 3159 5007 latitabant,
3210 4960 3332 4996 cum
3386 4943 3601 5003 tandem

2041 5041 2234 5085 nactus
2262 5043 2345 5086 est
2380 5033 2626 5097 Basilius,
2668 5034 2757 5102 qui
2795 5033 3075 5088 Samosata
3129 5034 3397 5103 proﬁcisci
3441 5035 3603 5086 aude-

2042 5131 2124 5177 ret
2155 5123 2248 5195 (k).
2300 5124 2482 5191 Mittit,
2532 5125 2720 5195 utjam
2756 5125 2886 5188 dixi,
2923 5125 3152 5180 Eusebio
3187 5126 3372 5179 allatas
3417 5124 3602 5177 Antio.

2042 5213 2422 5279 chialitteras;
2459 5215 2669 5268 nuntiat
2706 5214 3074 5284 DemOphilutn
3101 5212 3416 5282 jamdudum
3439 5227 3599 5266 occu-

2019 5439 2022 5445 .
2107 5389 2179 5456 (9)
2217 5389 2385 5457 Epist.
2423 5390 2508 5443 lt).

2101 5462 2175 5521 (It)
2207 5459 2333 5511 Naz.
2367 5476 2448 5512 or.
2481 5461 2551 5514 20

2107 5529 2169 5596 (ἰ)
2201 5529 2294 5596 Ep.
2330 5530 2449 5581 lUSl.

2108 5602 2169 5669 (λ)
2204 5595 2371 5669 Τνιιιη
2393 5599 2498 5667 VII,
2529 5617 2646 5669 pag.
2678 5601 2799 5659 560.

2111 5667 2187 5736 Ut“)
2223 5667 2314 5734 lip.
2348 5666 2414 5725 48
