3958 6212
297 304 426 348 LXIV

1647 286 2182 345 PROLECOMENA.

301 424 431 476 pare
453 409 635 464 sedem
656 408 1410 485 Constantinopolitanam,ac
1440 407 1730 464 simulacro
1747 425 1874 476 quo-
1902 415 1950 469 Α
1979 409 2142 463 invidi
2170 425 2233 462 .m
2259 407 2479 470 Basilio,
2503 419 2563 462 ut
2595 405 2800 462 homini
2831 405 3205 470 immoderato,
3227 406 3542 463 creandam.

303 503 426 553 dam
459 502 673 570 pietatis
696 511 751 557 et
777 512 938 556 recta:
969 501 1089 556 ﬁdei
1115 501 1426 572 perfecisse,
1446 509 1504 553 ut
1533 511 1587 555 et
1607 501 1875 556 dissiden-

307 600 388 644 tes
426 591 658 646 civitatis
679 601 859 660 partes
885 591 936 645 in
961 608 1126 645 unum
1151 592 1538 649 coalescerent.
1567 599 1622 645 et
1642 605 1704 643 ex
1739 590 1872 644 vici-

308 685 392 739 nis
421 684 684 754 episcopis
721 684 957 738 nonnulli
1005 683 1247 737 eamdem
1300 682 1730 748 coniunctionem
1762 697 1875 733 am-

308 775 692 844 plecterentur.
711 774 905 828 Narrat
932 775 997 827 de
1019 774 1313 829 schismate
1341 775 1717 842 episcoporum
1747 772 1879 840 Cap-

309 866 569 932 padociae,
617 876 675 920 ut
709 881 869 936 supra
920 867 1178 931 vidimus;
1230 866 1422 918 invitat
1462 865 1776 927 Eusebium,
1822 873 1880 915 ut

285 971 436 1010 'vere
469 957 856 1010 Caesariensem
898 957 1194 1012 Ecclesiam
1224 955 1452 1021 invisat;
1489 957 1561 1008 ait
1595 969 1654 1009 se
1689 953 1880 1008 melius

313 1049 471 1104 solito
507 1066 609 1103 non
639 1050 832 1104 valere.

383 1137 595 1209 Scripta
634 1152 715 1195 est
760 1142 874 1195 ba-e
910 1139 1140 1208 epistola
1187 1154 1330 1194 anno
1376 1138 1480 1193 370
1505 1146 1754 1201 exeunte,
1799 1135 1880 1190 vel

316 1233 534 1285 ineunte
581 1230 706 1284 571.
757 1230 992 1284 Credere
1043 1230 1226 1283 malim
1273 1245 1414 1284 anno
1472 1229 1578 1283 570
1627 1228 1881 1296 scriptam

314 1321 502 1375 fuisse.
533 1322 683 1386 Quod
712 1322 856 1375 enim
885 1323 1018 1374 duos
1037 1319 1148 1387 jam
1176 1334 1387 1372 menses
1404 1318 1616 1372 nivibus
1647 1314 1887 1384 cooperti

313 1409 657 1480 Cappadoces
686 1409 958 1475 dicuntur,
989 1409 1038 1462 id
1064 1409 1129 1462 de
1163 1407 1436 1461 mensibus
1469 1422 1576 1460 non
1637 1404 1808 1473 plenis
1834 1411 1888 1455 et

314 1503 524 1558 exactis
553 1502 721 1570 accipi
753 1510 950 1571 potest.
983 1500 1250 1553 Praeterea
1280 1498 1452 1552 hiems
1473 1499 1581 1552 cito
1599 1496 1885 1549 admodum

318 1595 373 1648 in
405 1594 740 1662 Cappadocia
785 1592 1099 1659 incipiebat.
1142 1589 1256 1643 Non
1297 1589 1518 1644 dubium
1551 1599 1730 1641 autem
1755 1588 1885 1657 quin

319 1685 644 1740 clericorum
680 1683 877 1751 aliquis
938 1684 1077 1736 hanc
1135 1681 1418 1750 epistolam
1471 1680 1746 1735 detulerit.
1797 1679 1888 1733 Sic

1982 503 2053 553 De
2103 503 2186 556 his
2227 501 2556 565 rumoribus,
2601 515 2738 568 quos
2762 499 3010 553 malevoli
3052 498 3297 554 homines
3325 514 3549 570 sparge-

1978 592 2128 658 bant,
2158 593 2447 647 certiorem
2494 591 2749 645 Basilium
2778 590 2903 646 fecit
2923 589 3211 660 Bosporius
3245 590 3465 668 colonia:
3488 592 3546 646 in

1977 683 2315 750 Cappadocia
2344 684 2649 752 episcopus.
3589 746 3591 750 η

2054 773 2342 829 Perculsus
2371 775 2474 828 hoc
2498 773 2688 827 nuntio
2721 771 2953 827 Basilius
2982 779 3145 826 totam
3173 779 3384 826 noctem
3419 783 3538 826 tra-

1980 866 2138 920 duxit
2169 867 2472 920 insomnem
2513 865 2966 934 quemadmodum
2995 864 3109 934 ipse
3132 873 3317 918 narrat
3342 863 3396 918 in
3430 863 3548 932 epi-

1982 955 2124 1010 stola
2150 955 2249 1020 51,
2281 953 2332 1008 in
2377 970 2481 1024 qua
2513 954 2732 1023 exponit
2777 954 2906 1021 quid
2933 953 2997 1008 de
3044 953 3236 1006 Dianio
3268 966 3299 1006 a
3343 952 3553 1006 teneris

1986 1046 2241 1110 senserit,
2274 1061 2338 1100 ac
2381 1046 2614 1113 ingenue
2655 1045 2857 1100 fatetur
2881 1060 2940 1100 se
2967 1060 3090 1099 cum
3125 1045 3306 1098 multis
3345 1044 3464 1099 aliis
3496 1045 3552 1096 in

1983 1135 2158 1203 patria
2193 1135 2359 1189 Deum
2393 1135 2709 1189 timentibus
2745 1134 3104 1188 insolabiliter
3128 1133 3380 1196 doluisse,
3408 1133 3552 1201 quod

1987 1227 2216 1280 Dianius
2267 1227 2514 1281 formulae
2543 1226 3007 1294 Constantinopoli
3038 1242 3066 1278 a
3095 1224 3329 1293 Georgio
3377 1224 3555 1277 allatae

1985 1313 2411 1383 subscripsisset,
2458 1315 2551 1370 sed
2609 1326 2783 1368 tamen
2829 1317 2895 1368 ad
2939 1313 3055 1383 ejus
3103 1315 3546 1368 communionem

1986 1407 2300 1472 accessisse,
2351 1417 2635 1477 postquam
2677 1406 2898 1461 Dianius
2945 1407 2997 1460 in
3039 1409 3305 1471 morbum,
3345 1422 3410 1461 ex
3447 1419 3562 1474 quo

1988 1508 2240 1552 mortuus
2272 1507 2375 1561 est,
2409 1498 2617 1567 lapsus,
2648 1499 2849 1553 Basilio
2887 1500 3153 1553 accersito
3187 1500 3392 1569 juravit
3423 1499 3561 1552 nihil

1989 1592 2090 1646 sibi
2115 1601 2307 1646 contra
2335 1591 2608 1647 Nicmnam
2630 1592 2788 1648 ﬁdem
2816 1593 3150 1664 propositum
3182 1592 3371 1655 fuisse,
3394 1606 3564 1660 seque

1991 1682 2129 1736 nihil
2159 1683 2302 1737 aliud
2336 1685 2558 1748 sentire,
2591 1699 2750 1752 quam
2785 1684 2926 1754 quod
2955 1685 3022 1738 ab
3058 1685 3213 1738 initio
3247 1692 3558 1752 acceperat,

318 1777 462 1832 enim
493 1775 705 1832 solitum
727 1774 962 1829 scribere
986 1772 1265 1835 Basilium,
1297 1773 1485 1826 saltem
1504 1786 1623 1825 cum
1655 1770 1887 1838 aliquem
1919 1764 1967 1824 Β
1998 1788 2059 1828 ac
2090 1773 2324 1842 precari,
2363 1783 2421 1828 ut
2447 1790 2474 1827 a
2500 1785 2864 1830 trecentorum
2897 1776 3079 1831 decem
3109 1787 3164 1832 et
3191 1785 3313 1833 octo
3339 1774 3564 1831 Patrum

319 1869 446 1923 data
468 1880 629 1936 opera
669 1863 940 1927 mittebat,
973 1878 1039 1918 ex
1061 1877 1147 1933 ep.
1184 1863 1283 1916 198
1312 1861 1685 1930 perspicimus.
1703 1859 1893 1927 Quam-

319 1962 404 2015 vis
458 1969 634 2013 autem
686 1972 824 2010 unus
868 1965 1075 2009 tantttm
1109 1954 1264 2008 initio
1309 1952 1551 2022 epistolae
1585 1953 1894 2022 designetur

320 2049 558 2119 bajulus,
590 2049 795 2103 socium
835 2057 1012 2100 tamen
1064 2045 1113 2098 ei
1153 2045 1390 2097 additum
1444 2041 1611 2097 fuisse
1650 2051 1795 2110 patet
1827 2058 1893 2096 ex

323 2143 410 2198 liis
445 2142 642 2206 verbis,
672 2152 723 2193 ut
754 2140 852 2207 ipsi
884 2139 960 2190 illi
998 2127 1311 2190 narrabant.
1356 2135 1509 2203 Smpe
1546 2135 1597 2187 in
1629 2134 1894 2204 ejusmodi

326 2235 538 2297 litteris,
559 2234 658 2287 etsi
700 2233 804 2286 duo
826 2231 1198 2293 mittebantur,
1223 2245 1362 2281 unus
1405 2228 1803 2289 nominabatur,
1836 2237 1895 2281 ut

326 2326 608 2382 observavi
640 2324 704 2376 ad
736 2323 896 2392 epist.
932 2321 1058 2375 245.

398 2414 488 2469 IV.
521 2415 597 2468 Ex
630 2415 696 2468 iis
745 2413 835 2482 qui
868 2412 1064 2468 Basilio
1095 2410 1148 2464 in
1207 2411 1518 2479 primordiis
1555 2413 1898 2480 episcopatus

327 2507 628 2576 gratulandi
663 2514 716 2561 et
749 2503 1069 2559 adhortandi
1099 2517 1261 2558 causa
1293 2503 1645 2571 scripserunt,
1671 2505 1896 2558 duorum

329 2603 398 2658 ad
436 2617 536 2656 nos
560 2601 937 2670 episcoporum
975 2600 1191 2654 nomina
1240 2612 1556 2666 pervenere,
1597 2597 1809 2650 Arcadii
1844 2607 1896 2650 et

331 2693 646 2748 Innocentii.
676 2693 892 2746 Primus
927 2706 1075 2760 spem
1108 2705 1134 2742 a
1171 2705 1230 2745 se
1259 2690 1325 2742 de
1358 2688 1556 2743 Basilio
1584 2699 1916 2758 conceptam

331 2787 726 2858 signiﬁcaverat
750 2783 917 2855 (a),ct
942 2783 1196 2852 reliquias
1217 2791 1510 2848 martyrum
1543 2780 1605 2832 ad
1621 2780 1898 2833 ecclesiam

331 2891 523 2935 recens
576 2893 607 2932 a
655 2892 715 2931 se
771 2885 1138 2930 constructam
1188 2873 1441 2942 petierat.
1505 2871 1902 2926 Perhonoriﬁce

333 2970 619 3042 respondet
649 2969 880 3024 Basilius
909 2969 1008 3040 (ὁ).
1039 2981 1204 3037 seque
1238 2965 1378 3019 illius
1407 2965 1565 3018 studii
1605 2965 1899 3033 adjutorem

333 3066 573 3125 futurum
593 3065 883 3133 promittit,
904 3064 947 3116 si
972 3061 1226 3130 reliquias
1260 3069 1556 3128 martyrum
1582 3057 1902 3127 investigare

331 3159 522 3228 possit.
551 3156 918 3218 Innocentius,
944 3169 1100 3222 quem
1128 3151 1454 3221 perabsurde
1486 3149 1691 3203 librarii
1723 3149 1907 3204 Romae

334 3253 643 3320 episcopum
683 3247 948 3310 fecerunt,
989 3260 1196 3313 magum
1226 3244 1375 3296 urbis
1406 3255 1459 3296 et
1492 3243 1737 3295 Ctesarea
1800 3258 1904 3298 non

335 3353 527 3406 parum
568 3335 821 3390 distantis
874 3335 1159 3403 episcopus
1208 3343 1323 3386 erat
1373 3344 1429 3387 et
1475 3331 1705 3400 Spiritus
1738 3334 1906 3386 sancti

338 3427 692 3497 gloriﬁcator,
728 3426 781 3478 id
811 3433 915 3484 est.
952 3423 1251 3478 divinitatis
1290 3421 1408 3492 ejus
1450 3421 1721 3476 defensor.
1751 3421 1907 3476 Basi-

338 3521 445 3574 lius
477 3516 544 3590 (c)
580 3517 779 3588 gratias
807 3519 855 3570 ei
899 3516 1030 3586 agit,
1057 3515 1196 3584 quod
1227 3529 1286 3570 se
1325 3514 1620 3577 adhortari,
1657 3529 1721 3568 ac
1769 3514 1910 3567 litte-

340 3611 417 3662 ris
447 3622 692 3663 recreare
726 3607 975 3677 dignatus
1001 3615 1165 3668 esset,
1186 3614 1235 3660 et
1262 3606 1395 3658 velut
1421 3621 1699 3671 puerorum
1733 3603 1909 3674 infun-

340 3702 468 3755 tiam
491 3701 624 3754 ulnis
652 3717 760 3754 sua:
801 3699 1177 3768 magnitudinis
1205 3697 1463 3766 amplecti.

413 3791 730 3862 Pergmnius
768 3792 983 3859 quidam
1011 3789 1208 3844 Basilio
1249 3790 1314 3842 ad
1335 3790 1697 3858 episeOpatum
1726 3798 1912 3841 evecto

343 3885 642 3952 gratulatus
681 3881 875 3946 fuerat,
907 3883 998 3935 sed
1035 3896 1154 3934 cum
1189 3893 1500 3947 responsum
1536 3893 1640 3930 non
1677 3877 1914 3944 accepis-

346 3986 450 4040 set,
478 3974 674 4028 iterum
706 3975 943 4042 scripsit,
973 3989 1078 4026 non
1100 3973 1214 4026 sine
1240 3972 1492 4040 gravibus
1516 3970 1748 4038 querelis
1773 3971 1912 4040 quod

347 4082 484 4126 nova
537 4066 772 4141 dignitas
829 4065 1025 4119 Basilio
1077 4064 1402 4117 obliviouen'i
1453 4073 1508 4116 et
1551 4071 1912 4131 contemptum

347 4157 643 4210 amicorum
695 4157 922 4210 alllat'et.
953 4154 1156 4208 Scribit
1190 4155 1370 4222 itaque
1407 4153 1481 4205 illi
1508 4151 1740 4205 Basilius
1797 4153 1909 4219 epi-

347 4247 540 4303 stolam
573 4245 662 4310 56,
689 4247 743 4299 iu
773 4262 873 4314 qua
908 4261 966 4300 se
993 4256 1185 4298 natura
1217 4243 1508 4314 proclivem
1541 4257 1659 4296 esse
1687 4243 1751 4295 ad
1781 4241 1916 4297 obli—

346 4341 662 4396 viscendum
693 4338 912 4402 fatetur,
941 4340 1033 4393 sed
1067 4353 1208 4391 nunc
1237 4337 1464 4406 negotiis
1487 4336 1786 4389 districtum
1838 4332 1916 4386 fa-

343 4435 503 4489 cilius
531 4433 797 4488 oblivisci.
829 4433 884 4486 ld
911 4447 1086 4486 causa:
1114 4444 1232 4485 esse
1261 4445 1358 4484 cur
1387 4437 1619 4497 acceptae
1655 4443 1683 4481 a
1718 4426 1914 4495 Perga-

346 4527 456 4580 mio
508 4525 750 4595 epistola:
806 4541 909 4578 non
968 4525 1290 4578 meminerit.
1349 4521 1614 4577 Catterum
1669 4521 1916 4574 hortatur

347 4616 690 4686 Pergamium
725 4627 782 4670 ut
805 4615 992 4687 paucis
1017 4615 1194 4668 verbis
1223 4629 1411 4683 magna
1438 4612 1667 4666 crimina
1712 4609 1913 4663 inferre

347 4707 561 4760 desinat
589 4723 603 4760 :
636 4706 833 4776 quippe
867 4722 987 4760 cum
1034 4706 1333 4760 amicorum
1365 4703 1563 4758 oblivio
1589 4713 1643 4756 et
1672 4710 1912 4756 contem-

345 4805 470 4862 ptus
495 4812 559 4850 ex
591 4808 854 4866 potestate
873 4809 1024 4855 ortus
1058 4798 1186 4852 nihil
1215 4796 1340 4851 mali
1375 4812 1479 4851 non
1506 4795 1911 4865 complectatur.

346 4888 620 4943 Promittit
655 4905 714 4944 se
763 4907 870 4946 non
927 4892 1078 4962 prius
1110 4877 1605 4960 Pergamiipquam
1630 4888 1710 4941 sui
1747 4887 1912 4954 ipsius

341 4977 448 5032 obii
460 4988 656 5034 turum.

419 5067 486 5123 V.
514 5069 644 5136 Quae
669 5085 830 5140 supra
859 5073 1093 5130 diximus
1114 5073 1368 5128 Basiliam
1409 5071 1551 5125 inter
1576 5080 1630 5124 et
1664 5068 1910 5124 Dianium

347 5163 746 5231 intercessisse,
767 5178 829 5219 ea
860 5165 963 5220 hoc
995 5164 1236 5236 tempore
1265 5163 1465 5219 inimici
1496 5161 1638 5215 illius
1661 5176 1726 5232 ex
1753 5160 1912 5213 silen-

350 5257 427 5310 tio
456 5268 512 5311 et
535 5258 804 5313 oblivione
837 5263 1262 5327 exsuscitarunt,
1299 5276 1363 5314 ac
1397 5261 1537 5314 malo
1565 5258 1746 5310 animo
1801 5271 1918 5306 am-

347 5347 651 5420 pliaverunt
669 5348 768 5420 (ά).
789 5351 1202 5419 Dixeruntenim
1221 5349 1732 5404 anathematizatum
1755 5346 1918 5400 fuisse

348 5443 420 5496 ab
449 5457 515 5497 eo
548 5441 794 5499 Dianiqu
825 5459 841 5500 :
871 5461 977 5515 qua
1011 5445 1275 5501 calumnia
1303 5444 1435 5500 nihil
1470 5443 1650 5514 aptius
1685 5448 1803 5498 erat
1852 5438 1916 5492 ad

447 5584 497 5653 (ι)
531 5583 630 5651 Ep.
663 5585 749 5636 ι9.

449 5656 497 5721 ὁ)
534 5656 625 5720 lup.
646 5658 736 5709 50.

420 5730 490 5801 (c)
521 5729 614 5798 Ep.
645 5728 732 5784 81.

1997 1876 2146 1919 sorte
2178 1880 2281 1919 non
2311 1877 2614 1934 separetur.

2066 1955 2240 2026 Iniqui
2271 1959 2336 2012 de
2366 1957 2568 2014 Basilio
2601 1975 2846 2016 rumores
2873 1961 2938 2016 ad
2967 1964 3256 2018 canonicas
3279 1967 3562 2032 quasdam,

1997 2046 2116 2102 sive
2135 2063 2321 2103 sacras
2352 2049 2591 2119 virgines
2621 2051 2812 2120 perlati
2851 2052 3080 2107 fuerant.
3118 2053 3234 2123 Ipse
3271 2055 3433 2109 etiam
3456 2053 3567 2108 Ba-

1997 2135 2151 2190 silius
2185 2136 2331 2192 falsis
2380 2139 2688 2193 rmnoribus
2715 2140 3005 2210 deceptus,
3040 2143 3217 2198 minus
3261 2159 3471 2214 mquam
3499 2144 3570 2199 de

1999 2227 2278 2282 canonicis
2326 2229 2637 2298 opinionem
2683 2243 2986 2299 acceperat.
3034 2233 3291 2288 Dedocuit
3333 2235 3572 2303 virgines

1999 2316 2313 2386 Bosporius,
2349 2329 2404 2372 et
2436 2319 2507 2374 ad
2560 2321 2851 2389 aquiorem
2879 2323 2946 2376 de
2997 2322 3199 2378 Basilio
3239 2325 3569 2379 sententiam

2000 2409 2240 2473 adduxit,
2270 2425 2333 2465 ac
2366 2427 2552 2466 rursus
2595 2411 2852 2468 Basilium
2884 2414 2950 2468 de
2991 2415 3152 2470 rebus
3179 2417 3572 2471 canonicarum

2000 2502 2308 2556 accuratius
2330 2503 2586 2556 erudivit.
2613 2500 2914 2572 Utrumque
2936 2504 3134 2559 Basilio
3151 2514 3454 2576 pergratum
3482 2521 3574 2560 ac-

2001 2591 2154 2656 cidit,
2181 2607 2244 2648 ac
2272 2593 2540 2661 duplicem
2568 2610 2721 2650 suam
2742 2594 2982 2650 laetitiam
2998 2596 3272 2651 canonicis
3301 2596 3576 2664 signiﬁcat

2002 2682 2055 2736 in
2089 2683 2311 2751 epistola
2345 2684 2433 2749 52,
2463 2695 2518 2740 et
2566 2686 2822 2742 nonnulla
2847 2687 2915 2742 de
2943 2686 3198 2758 dogmate
3239 2687 3477 2754 disserit,
3501 2697 3575 2747 ¹ιιι

2005 2777 2163 2829 modo
2192 2777 2512 2833 videbimus.

2075 2867 2185 2922 Nec
2217 2868 2377 2924 rebus
2403 2885 2503 2925 nec
2547 2881 2788 2942 tempore
2828 2873 2928 2928 has
2971 2871 3228 2942 epistolas
3263 2872 3336 2944 (ε)
3368 2872 3575 2943 disjun-

2005 2960 2204 3029 gelidas
2241 2961 2509 3016 duximus.
2541 2962 2598 3016 In
2646 2973 2877 3035 utraque
2905 2965 2952 3018 is
2985 2965 3076 3035 qui
3102 2963 3358 3019 Basilium
3392 2972 3576 3020 monet

2006 3053 2134 3121 quid
2158 3053 2222 3108 de
2256 3053 2348 3109 illo
2379 3054 2612 3118 dicatur,
2634 3054 2927 3124 Bosporius
2947 3069 3049 3112 est.
3080 3056 3316 3113 Basilius
3345 3057 3400 3112 in
3426 3066 3580 3112 utra-

2014 3159 2118 3213 que
2153 3154 2387 3201 structas
2409 3147 2509 3202 sibi
2543 3147 2845 3204 calumnias
2873 3149 3139 3220 ejusmodi
3176 3165 3297 3206 esse
3314 3150 3580 3215 declarat,

2011 3251 2068 3294 ut
2105 3255 2291 3294 carum
2351 3253 2605 3297 auctores
2659 3243 2886 3298 credere
2919 3259 3025 3297 non
3071 3243 3358 3299 videantur
3397 3258 3456 3299 se
3493 3244 3582 3297 vel

2009 3333 2166 3386 otiosi
2193 3333 2340 3387 verbi
2386 3335 2650 3389 rationem
2678 3336 2730 3389 in
2787 3336 2874 3391 die
2908 3336 3098 3406 judicii
3158 3336 3488 3391 reddituros.
3524 3335 3582 3388 In

2012 3433 2244 3492 utraque
2286 3423 2550 3480 refellitur
2590 3425 2866 3480 calidioris
2916 3441 2982 3481 ac
3022 3425 3364 3480 immoderati
3415 3423 3584 3479 animi

2014 3516 2352 3571 criminatio.
2394 3515 2529 3571 Nam
2571 3518 2624 3571 in
2662 3518 2888 3586 epistola
2921 3518 2988 3572 ad
3016 3516 3586 3587 anporiumlegimus

2017 3616 2328 3660 accusatum
2380 3606 2551 3662 fuisse
2580 3608 2836 3662 Basilium
2859 3647 2873 3673 ,
2899 3608 3040 3677 quod
3073 3608 3321 3662 Dianium
3351 3609 3582 3662 anathe-

2016 3698 2352 3764 matizasset,
2390 3701 2585 3770 synodi
2631 3699 2860 3754 Nicmnae
2891 3699 3260 3755 defensionem
3291 3701 3431 3753 ultra
3462 3714 3583 3755 mo-

2016 3789 2140 3842 dum
2172 3802 2225 3843 et
2273 3790 2448 3858 legem
2479 3794 2800 3861 perducens.
2833 3792 2888 3846 ιιι
2937 3791 3160 3860 epistola
3193 3791 3260 3845 ad
3278 3790 3576 3845 canonicas

2017 3896 2121 3933 non
2173 3880 2367 3936 refellit
2399 3883 2715 3938 nominatim
2769 3886 2872 3939 hoc
2921 3884 3095 3938 Dianii
3136 3883 3586 3938 anathematizati

2017 3983 2380 4025 commentum
2409 3989 2423 4036 ;
2453 3975 2544 4026 sed
2565 3975 2807 4028 eamdem
2840 3974 3074 4028 hominis
3108 3972 3448 4027 immoderati
3469 3972 3588 4042 opi-

2019 4062 2232 4116 nionem
2263 4079 2291 4115 a
2324 4079 2382 4118 se
2429 4076 2690 4129 removet,
2728 4068 2852 4120 dum
2894 4082 3080 4118 earum
3132 4075 3324 4136 rogatu
3358 4067 3588 4134 exponit

2018 4157 2146 4226 quid
2178 4159 2242 4210 de
2275 4159 2722 4212 consubstantiali
2750 4160 2968 4223 sentiat,
2998 4173 3061 4212 ac
3086 4173 3199 4222 eos,
3229 4159 3319 4228 qui
3347 4157 3586 4214 nondum

2018 4249 2161 4302 hanc
2219 4264 2407 4303 vocem
2465 4263 2801 4318 receperant,
2836 4250 3066 4320 benigne
3112 4259 3357 4313 excusat,
3396 4249 3524 4318 quia
3556 4266 3587 4303 a

2023 4339 2280 4394 l’atribus
2316 4341 2698 4405 Antiocheuis,
2739 4351 2792 4394 ut
2853 4342 2968 4411 ipse
3000 4341 3348 4410 Opinabatur,
3386 4340 3587 4408 rejecta

2023 4432 2218 4487 fuerat.
2245 4433 2379 4486 Illud
2408 4434 2570 4487 etiam
2595 4434 2854 4504 optabant
2887 4433 3180 4496 canonicae,
3218 4443 3276 4485 ut
3302 4447 3454 4485 suam
3488 4432 3590 4484 Ba-

2026 4525 2183 4579 silius
2215 4527 2540 4580 sententiam
2573 4527 2808 4595 aperiret
2832 4527 2898 4579 de
2924 4525 2990 4580 iis
3018 4526 3110 4595 qui
3146 4525 3407 4593 Spiritqu
3448 4523 3591 4577 Filio

2024 4627 2388 4686 praeponunt,
2417 4627 2508 4670 aut
2543 4617 2701 4672 Patre
2739 4618 3096 4687 antiquiorem
3135 4626 3345 4681 putant.
3384 4616 3590 4669 Morem

2019 4707 2100 4760 eis
2155 4706 2390 4761 libenter
2424 4709 2612 4775 gessit.
2645 4707 2750 4761 Sed
2781 4723 2878 4760 cur
2908 4709 3008 4760 hoc
3047 4706 3114 4760 ab
3158 4721 3221 4759 eo
3257 4704 3588 4774 postulatum

2022 4808 2126 4860 est,
2163 4799 2265 4852 nisi
2303 4797 2430 4868 quia
2459 4801 2572 4867 ipse
2595 4799 2647 4851 in
2684 4799 2839 4866 hujus
2863 4798 3068 4852 erroris
3097 4797 3457 4866 suSpjcionem
3488 4811 3588 4847 vo-

2021 4888 2276 4956 cabatur,
2331 4889 2556 4960 ejusque
2601 4891 2765 4943 animi
2817 4889 3114 4956 moderatio
3149 4889 3200 4941 it:
3251 4885 3587 4941 defendenda
3672 4950 3676 4954 ι

2021 4984 2194 5036 sancti
2231 4981 2470 5050 Spiritus
2492 4982 2779 5036 divinitate
2815 4981 2884 5035 ab
2913 4980 3151 5035 inimicis
3174 4977 3592 5047 requirebatur?

2023 5074 2177 5129 Hunc
2199 5073 2343 5127 enim
2369 5086 2610 5127 errorem
2642 5071 2945 5126 acrioribus
2973 5069 3299 5124 adversariis
3326 5081 3589 5138 pneuma-

2020 5166 2258 5219 tomachi
2298 5179 2362 5218 ac
2415 5164 2741 5218 nominatim
2771 5164 2872 5231 ipsi
2914 5161 3115 5216 Basilio
3145 5158 3484 5222 atlinxerunt,
3529 5169 3591 5210 ut

2021 5256 2379 5326 perspicimus
2403 5269 2468 5308 ex
2497 5255 2724 5323 epistola
2747 5255 2875 5310 251.
2917 5252 3140 5306 Videtur
3159 5267 3288 5320 ergo
3327 5251 3439 5304 ha-e
3474 5250 3590 5314 epi-

2023 5345 2160 5400 stola
2190 5359 2311 5398 cutn
2356 5345 2677 5412 praecedenti
2707 5353 2762 5398 et
2801 5346 2962 5397 rebus
3003 5353 3058 5396 et
3092 5351 3334 5409 tempore
3360 5338 3587 5408 conjun-

2027 5435 2220 5506 genda.
2258 5433 2443 5504 Neque
2473 5435 2705 5489 obscura
2733 5443 2815 5490 est
2859 5433 3018 5498 ratio,
3051 5447 3149 5488 cur
3178 5429 3313 5486 nihil
3356 5428 3589 5483 Basilius

2096 5573 2170 5642 (d)
2207 5573 2373 5640 Epist.
2397 5572 2588 5639 51,52.

2095 5651 2164 5715 (c)
2197 5643 2327 5698 Ibid.
