3958 6212
1682 364 1844 419 VlTA
1886 366 1943 424 S.
1986 366 2250 422 BASlLll.

3486 392 3591 434 ιιν

338 480 523 535 desna
556 479 661 533 fide
691 490 925 550 exponat
958 479 1244 549 Bosporio,
1283 482 1418 537 nihil
1457 484 1524 536 de
1560 483 1753 538 Dianio
1776 485 1922 539 dicat
1950 493 1995 546 Λ
2027 502 2150 541 eum
2182 491 2249 544 ab
2286 490 2549 547 altaribus
2596 506 2968 557 secessurum,
3013 504 3067 549 et
3098 493 3446 565 quasiturum
3499 488 3589 550 ubi

335 570 737 639 canonicis(a).
768 569 901 622 Nota
949 572 1093 624 enim
1151 580 1268 625 erat
1309 572 1441 626 ﬁdes
1490 571 1672 626 Basilii
1707 572 1915 641 Bospo-

336 662 421 716 rio
445 662 541 731 (ὸ).
570 661 876 715 Canonicas
907 662 972 716 de
1002 663 1066 716 iis
1090 678 1209 731 qua:
1250 673 1499 731 spectant
1546 669 1612 717 ad
1660 664 1911 719 Dianium

335 753 609 807 erudierat
660 751 976 821 Bosporius,
1020 767 1079 807 re
1109 754 1267 822 paulo
1315 764 1436 808 ante
1462 771 1528 810 ex
1569 756 1684 824 ipso
1718 756 1913 811 Basilio

334 844 573 912 cognita.
1374 834 1375 837 “

408 936 563 1003 Quod
595 944 771 989 autem
813 945 1027 1006 spectat
1052 938 1118 991 ad
1160 953 1375 1008 sparsos
1405 941 1474 995 de
1509 942 1789 997 canonicis
1818 959 1911 997 ru-

335 1043 540 1096 mores,
574 1029 821 1097 equidem
882 1045 944 1083 ea
995 1030 1062 1085 de
1119 1046 1177 1084 re
1224 1048 1329 1086 non
1396 1032 1552 1089 facile
1605 1036 1906 1089 statuerim.

335 1118 503 1173 Forte
539 1134 726 1174 eorum
757 1134 935 1174 mores
968 1120 1021 1174 in
1049 1120 1409 1191 suspicionem
1441 1127 1654 1189 vocati;
1705 1127 1797 1180 sed
1830 1128 1911 1181 vi-

335 1211 501 1265 detur
536 1212 650 1281 ipsa
694 1210 873 1280 potius
915 1211 1048 1266 fides
1098 1213 1237 1268 malo
1275 1230 1490 1270 rumore
1524 1215 1797 1284 ﬂagrasse.
1825 1219 1909 1273 ln-

336 1312 555 1373 sumpta
583 1303 727 1357 enim
757 1319 786 1357 a
808 1304 1008 1359 Basilio
1037 1320 1219 1375 Opera,
1250 1317 1307 1359 ut
1334 1322 1526 1377 pravas
1549 1311 1907 1366 consubstan-

335 1395 484 1451 tialis
520 1397 1003 1465 interpretationes
1040 1397 1256 1453 refellat
1286 1409 1339 1452 et
1364 1414 1393 1453 a
1430 1401 1608 1468 seipso
1633 1404 1785 1470 pravi
1817 1418 1906 1456 er-

336 1486 479 1541 roris
511 1485 849 1555 suspiciones
897 1496 1192 1552 removeat,
1229 1498 1542 1558 argumento
1579 1500 1654 1545 est
1682 1495 1906 1547 canoni-

330 1592 517 1633 carum
546 1578 768 1631 auribus
790 1577 994 1645 aliquid
1021 1579 1088 1632 ab
1110 1578 1329 1633 Arianis
1353 1580 1683 1635 inculcatum
1713 1581 1903 1648 fuisse,

329 1683 533 1739 easque
559 1683 662 1723 non
700 1669 832 1722 satis
862 1668 965 1723 sibi
1015 1669 1224 1725 cavisse
1254 1670 1321 1724 ab
1362 1669 1625 1738 ejusmodi
1667 1674 1903 1728 homini-

326 1762 454 1829 bus,
486 1776 550 1816 ac
575 1760 715 1817 forte
745 1762 947 1816 idcirco
976 1760 1118 1815 male
1150 1762 1442 1819 audivisse.

2023 578 2221 632 donum
2287 581 2379 635 Dei
2444 598 2652 646 cmens,
2686 586 2862 640 denuo
2910 586 3183 640 divendat.
3215 584 3366 639 Multi
3410 598 3475 639 ex
3508 585 3591 638 his

2020 669 2286 739 episcopis
2314 672 2548 726 nondum
2570 673 2807 743 iniquam
2844 680 2907 730 de
2937 675 3133 732 Basilio
3154 676 3478 731 sententiam
3500 678 3589 729 de-

2019 770 2309 827 posuerant
2342 779 2354 814 :
2385 762 2477 815 sed
2511 776 2605 817 eos
2639 762 2890 826 Basilius,
2923 774 3058 820 teste
3084 765 3343 835 Gregorio
3373 766 3476 833 (It),
3513 764 3591 817 sic

2018 849 2233 904 lenitate
2281 847 2494 904 ﬂectere
2536 851 2856 916 conabatur,
2891 862 2948 905 ut
3001 852 3299 907 constantia
3330 860 3384 905 et
3423 850 3588 904 animi

2018 940 2277 995 fortitudo
2312 954 2414 995 non
2448 943 2717 997 deessent.
2754 943 2926 1011 Atque
2961 944 3014 998 id
3048 945 3483 999 animadvertere
3508 953 3591 998 est

2015 1030 2069 1085 in
2108 1032 2209 1085 hac
2235 1032 2479 1101 epistola,
2506 1048 2625 1102 quae
2647 1033 2974 1089 lenissimam
2993 1049 3056 1088 ac
3075 1035 3354 1089 charitatis
3376 1036 3586 1105 plenam

2015 1123 2233 1177 adhibet
2262 1124 2653 1193 przefationem,
2681 1142 2781 1181 nec
2820 1136 2994 1180 tamen
3031 1143 3058 1180 a
3090 1130 3377 1183 severitate
3405 1129 3581 1183 disce-

2015 1212 2113 1274 dit.
2135 1228 2293 1283 quam
2324 1223 2526 1269 tantum
2562 1215 2711 1271 nefas
2741 1218 3063 1286 postulabat.

2086 1301 2148 1355 lli
2184 1303 2440 1372 episcopi,
2464 1305 2530 1358 de
2562 1307 2757 1373 quibus
2790 1308 2946 1360 modo
2974 1309 3199 1377 egimus,
3231 1318 3494 1363 vocantur
3519 1310 3574 1363 in

2014 1392 2404 1464 antiquissimis
2474 1396 2750 1451 codicibus
2844 1413 2977 1454 mss.
3046 1401 3434 1471 chorepiscopi.
3498 1400 3590 1457 Sic

2012 1485 2175 1539 etiam
2226 1495 2486 1539 vocantur
2541 1490 2678 1554 apud
2727 1487 3043 1556 Gregorium
3089 1490 3491 1545 Nazianzenum
3530 1494 3584 1547 in

2012 1577 2254 1631 carmine
2292 1577 2356 1630 de
2387 1578 2492 1629 Vita
2525 1594 2618 1630 sua
2652 1580 2726 1647 (ρ.
2749 1579 2825 1650 8).
2846 1581 2949 1634 Sed
2978 1582 3077 1634 hoc
3106 1596 3297 1635 nomen
3330 1598 3458 1637 usus
3487 1583 3589 1637 ad-

2013 1668 2146 1722 dixit
2194 1669 2551 1738 presbyteris,
2584 1671 2674 1736 qui
2738 1680 2943 1724 certum
2996 1673 3281 1739 quemdam
3320 1688 3577 1743 pagorum

2014 1772 2301 1811 numerum
2356 1758 2455 1811 sub
2515 1760 2750 1827 episcopi
2807 1761 3139 1814 auctoritate
3189 1761 3583 1829 gubernabant.

400 1854 481 1909 De
509 1863 749 1923 tempore
778 1853 1064 1923 utriusque
1103 1853 1362 1923 epistolas,
1399 1870 1502 1909 non
1538 1855 1694 1912 valde
1715 1857 1905 1913 dimci-
1933 1851 1976 1907 B
2008 1849 2145 1905 Olim
2178 1852 2239 1922 (ἑ)
2289 1867 2405 1905 mos
2436 1862 2574 1917 erat,
2608 1862 2666 1905 ut
2701 1852 2955 1916 ministri,
3008 1853 3061 1906 id
3104 1862 3208 1920 est,
3245 1852 3581 1915 subdiaconi,

326 1947 399 2002 lis
445 1945 780 2014 conjectura.
816 1944 934 1999 Jam
985 1955 1097 1998 tmn
1141 1946 1431 2016 episcopus
1476 1957 1595 2001 erat
1653 1949 1904 2018 Basilius,

328 2041 597 2109 siquidem
640 2049 693 2093 et
733 2054 791 2093 se
838 2048 893 2093 et
948 2039 1264 2109 BOSporium
1308 2039 1645 2095 Nicaenorum
1687 2041 1905 2097 Patrum

329 2132 573 2187 heredes
623 2147 742 2187 esse
778 2133 909 2186 dicit
936 2132 1006 2203 (c)
1048 2142 1147 2186 :et
1195 2131 1514 2202 Bosporium
1577 2136 1787 2189 duobus
1834 2134 1906 2187 lo-

328 2226 406 2279 cis
451 2224 675 2279 fratrem
709 2224 962 2293 appellat.
1000 2224 1228 2279 Videtur
1277 2234 1457 2277 autem
1510 2241 1697 2279 recens
1743 2226 1909 2281 fuisse

326 2317 398 2371 ab
426 2316 773 2370 ordinatione
796 2315 899 2385 (ά).
928 2315 1062 2369 Nam
1101 2316 1268 2369 multo
1314 2316 1591 2385 graviores
1625 2317 1907 2372 calumniae

325 2418 381 2464 et
415 2407 653 2478 querelas
688 2412 1019 2463 exstiterunt
1052 2424 1195 2462 anno
1247 2408 1376 2474 575,
1413 2419 1465 2462 et
1496 2408 1788 2477 Bosporius
1828 2409 1905 2463 si-

326 2499 582 2554 multates
604 2498 796 2552 habuit
819 2512 942 2553 cum
992 2497 1192 2552 Basilio
1224 2512 1367 2552 anno
1396 2498 1502 2552 3'72
1532 2499 1772 2564 ineunte,
1805 2514 1906 2554 nec

325 2589 600 2644 unanimis
618 2589 667 2643 ei
691 2587 865 2643 factus
893 2597 976 2643 est
1000 2590 1100 2643 nisi
1128 2604 1269 2644 anno
1289 2589 1414 2643 573.
1434 2588 1727 2643 Calumniae
1752 2591 1901 2658 ipsae,

325 2697 448 2752 quae
499 2680 703 2736 Basilio
754 2680 1166 2734 immoderatum
1239 2680 1477 2734 animum
1535 2681 1901 2751 alliugebant,

324 2774 498 2829 initiis
535 2773 881 2843 episcopatus
928 2772 1131 2841 optime
1178 2779 1505 2842 congruunt.
1548 2771 1700 2827 Tunc
1759 2773 1903 2828 enim

322 2866 509 2937 plures
556 2864 838 2935 episcopi,
876 2878 1013 2933 quos
1063 2863 1244 2918 Basilii
1294 2866 1592 2930 sanctitas,
1628 2865 1814 2921 itidem
1845 2875 1904 2922 ut

324 2960 762 3031 magistratus-et
791 2958 1191 3028 perditissimos
1219 2958 1384 3023 cives,
1436 2967 1735 3025 terruerat,
1783 2975 1903 3015 sus-

321 3062 533 3122 ceptam
573 3068 695 3107 cum
731 3067 795 3106 eo
828 3050 1158 3105 simultatem
1186 3050 1271 3105 vel
1302 3051 1481 3121 potius
1505 3051 1741 3106 schisma
1766 3067 1899 3106 non-

323 3149 451 3200 dum
484 3145 871 3213 deposuerant.
901 3142 1169 3198 Praeterea
1200 3150 1348 3212 patet
1390 3143 1567 3197 adhuc
1596 3142 1893 3208 exstitisse,

324 3239 414 3308 qui
450 3236 703 3306 quamvis
757 3233 1023 3291 catholice
1070 3235 1359 3300 sentirent,
1398 3249 1506 3288 non
1551 3243 1733 3288 tamen
1765 3249 1897 3288 con-

322 3328 687 3385 substantiale
728 3327 1073 3396 reciperent:
1114 3340 1252 3394 quos
1281 3326 1501 3396 quidem
1536 3333 1723 3395 postea
1755 3339 1897 3379 anno

321 3421 431 3475 372
464 3427 699 3474 exeunte
725 3418 904 3472 nullos
940 3418 1053 3472 fere
1076 3418 1380 3473 videbimus
1408 3426 1647 3473 exstare.

395 3512 459 3567 γ.
486 3512 750 3567 Testatur
790 3510 1027 3565 Basilius
1058 3509 1126 3580 (ε)
1157 3524 1215 3564 se
1241 3509 1308 3563 ab
1350 3510 1503 3564 initio
1552 3509 1897 3579 episcopatus

321 3604 689 3674 prohibuisse,
727 3616 794 3655 ne
845 3602 967 3670 quis
1021 3601 1205 3654 uxoris
1255 3610 1480 3655 mortua:
1545 3615 1785 3656 sororem
1840 3600 1895 3654 in

322 3694 734 3749 matrimonium
761 3692 1004 3745 duceret.
1042 3689 1159 3744 Hoc
1191 3700 1370 3743 autem
1399 3690 1590 3743 vitium
1633 3704 1738 3743 non
1777 3689 1896 3741 ideo

321 3781 620 3850 prohibuit,
666 3779 808 3847 quod
858 3778 965 3832 late
1023 3779 1075 3831 in
1104 3777 1447 3848 Cappadocia
1488 3787 1716 3847 pateret.
1760 3777 1893 3831 Nam

321 3875 435 3940 ipse
465 3874 670 3927 fatetur
699 3872 768 3940 (ι’)
813 3872 865 3924 in
901 3871 1044 3925 hanc
1077 3872 1352 3941 regionem
1396 3886 1500 3926 non
1532 3881 1847 3939 penetrasse
1876 3888 1888 3923 :

320 3963 651 4018 sedvidetur
676 3961 729 4015 id
761 3960 977 4026 fecisse,
1021 3961 1146 4014 dum
1174 3960 1468 4015 Ecclesiam
1505 3960 1608 4014 sibi
1637 3959 1894 4014 commis-

321 4069 438 4109 sam
469 4054 690 4124 optimis
722 4052 930 4122 legibus
958 4051 1297 4106 communire
1335 4059 1389 4103 et
1417 4064 1615 4105 ornare
1645 4050 1897 4120 aggredi-

323 4157 429 4201 tur.
451 4144 627 4199 Antea
661 4143 806 4198 enim
852 4143 1259 4197 matrimonium
1303 4141 1570 4211 ejusmodi
1620 4142 1673 4195 in
1706 4141 1895 4197 Eccle-

320 4240 398 4293 sia
426 4235 751 4292 Caesariensi
779 4250 883 4288 non
925 4249 989 4288 ex
1039 4234 1155 4303 lege
1203 4234 1533 4303 prohibitum
1568 4239 1686 4287 erat
1711 4231 1789 4302 (n.
1812 4232 1893 4297 ‘2),

319 4331 415 4385 sed
443 4344 510 4383 ex
537 4343 690 4382 more
715 4342 745 4380 a
773 4326 1072 4395 majoribus
1112 4325 1329 4378 tradito.
1364 4322 1520 4390 Quod
1554 4323 1597 4377 si
1634 4331 1775 4376 tanta
1798 4321 1896 4375 fuit

320 4421 503 4475 Basilii
523 4421 591 4474 ab
612 4420 768 4473 initio
796 4420 1141 4487 episcopatus
1182 4416 1461 4486 diligentia
1489 4416 1543 4469 in
1594 4415 1661 4470 iis
1710 4413 1895 4483 prohi-

2011 1945 2063 1999 in
2090 1947 2239 2015 pagis
2285 1961 2391 2001 non
2450 1947 2566 2001 sine
2597 1948 2843 2018 diligenti
2885 1948 3134 2003 examine
3174 1949 3579 2017 reciperentur;

2008 2037 2194 2091 sedulo
2240 2036 2587 2107 inquirebant
2638 2040 2690 2094 in
2745 2054 2933 2093 eorum
2985 2056 3161 2095 mores
3201 2041 3502 2111 presbyteri
3526 2050 3582 2099 et

2007 2128 2218 2184 diaconi
2243 2137 2295 2183 et
2314 2136 2376 2183 ad
2406 2130 2850 2200 cliorepiscopum
2876 2131 3207 2197 referebant,
3229 2132 3321 2200 qui
3362 2133 3596 2187 testium.

2008 2221 2281 2275 veracium
2318 2231 2542 2290 accepto
2589 2221 2869 2292 suffragio,
2900 2232 2951 2277 et
2983 2224 3237 2293 episcopo
3275 2224 3577 2288 admonito,

2008 2312 2315 2366 ministrum
2360 2312 2506 2367 clero
2542 2313 2863 2368 asciscebat.
2920 2312 3026 2368 Sed
3072 2316 3138 2368 de
3180 2316 3285 2370 hoc
3311 2329 3461 2369 more
3482 2316 3579 2370 dc-

2006 2400 2270 2455 flexerant
2297 2404 2669 2473 chorcpiscopi
2723 2405 2776 2458 in
2815 2404 3053 2459 Ecclesia
3084 2404 3425 2471 Cresariensi,
3455 2420 3577 2460 cum

2012 2493 2243 2549 Basilius
2290 2494 2354 2548 ad
2392 2494 2531 2549 hanc
2559 2496 2741 2550 sedem
2771 2505 2991 2550 evectus
3028 2506 3130 2551 est.
3166 2496 3407 2551 Primum
3455 2499 3547 2567 qui

2006 2588 2124 2642 dem
2158 2588 2257 2641 sibi
2295 2596 2459 2642 totam
2489 2590 2866 2643 auctoritatem
2903 2591 3284 2655 attribuerant,
3317 2591 3572 2661 episcopo

2006 2674 2248 2744 neglecto
2278 2693 2292 2729 :
2322 2676 2513 2730 deinde
2544 2676 2705 2731 etiam
2747 2676 2909 2744 hujus
2944 2680 3022 2733 rei
3055 2693 3243 2733 curam
3285 2679 3386 2748 ipsi
3417 2679 3566 2747 abje-

2005 2776 2210 2834 cerant,
2244 2777 2299 2822 et
2326 2767 2378 2822 in
2407 2769 2750 2839 presbyteros
2772 2784 2835 2823 ac
2869 2770 3125 2826 diaconos
3160 2772 3572 2826 transtulerant.

2002 2856 2130 2913 lnde
2163 2868 2438 2924 evenerat,
2470 2868 2527 2913 ut
2554 2860 2709 2925 multi
2738 2869 2921 2915 essent
2950 2861 3002 2914 in
3037 2862 3266 2933 singulis
3298 2864 3448 2933 pagis
3471 2864 3575 2918 mi-

2002 2951 2186 3015 nistri,
2211 2953 2306 3007 sed
2337 2950 2517 3005 nullus
2561 2950 2815 3004 altarium
2862 2950 3166 3006 ministerio
3195 2953 3389 3023 dignus
3420 2967 3577 3022 repe-

2004 3044 2234 3109 riretur,
2297 3058 2360 3098 ac
2415 3059 2683 3099 summam
2738 3058 2857 3098 esse
2919 3044 3199 3113 penuriam
3254 3045 3354 3114 ipsi
3412 3045 3574 3099 chor-

2002 3135 2238 3205 episcopi
2264 3134 2582 3201 faterentur,
2611 3136 2700 3190 ubi
2725 3134 2939 3195 diaconi
2966 3143 3061 3189 aut
3084 3134 3381 3205 presbyteri
3416 3144 3575 3190 erant

2000 3227 2255 3296 ehgendL

2068 3316 2298 3371 Basilius
2337 3316 2522 3386 itaque
2557 3330 2680 3370 cum
2709 3315 2920 3370 videret
2950 3330 3062 3370 rem
3100 3314 3153 3369 in
3187 3314 3389 3369 malum
3419 3315 3571 3369 insa-

1998 3408 2178 3463 nabile
2200 3409 2477 3478 progredi,
2518 3407 2607 3461 illo
2634 3408 2930 3477 praesertim
2966 3415 3226 3474 tempore,
3262 3420 3372 3475 quo
3404 3406 3570 3461 multi

1997 3499 2200 3554 militia:
2225 3508 2369 3553 metu
2424 3498 2787 3553 ministerium
2832 3498 3179 3567 appetebant,
3214 3495 3571 3551 renovatPa—

1996 3598 2141 3644 trum
2172 3604 2430 3656 canones,
2459 3604 2523 3644 ac
2546 3589 2951 3658 chorepisc0pis
2983 3589 3243 3657 praecipit,
3275 3598 3335 3643 ut
3361 3587 3569 3643 catalo—

1996 3690 2121 3744 gum
2174 3676 2541 3730 ministrorum
2573 3676 2837 3745 cujusque
2868 3678 2988 3746 pagi
3020 3678 3087 3730 ad
3113 3691 3172 3731 se
3199 3677 3434 3741 mittant,
3462 3687 3515 3731 et
3539 3692 3570 3730 a

1996 3782 2103 3837 quo
2144 3768 2375 3837 quisque
2424 3768 2767 3823 introductus
2816 3769 2919 3832 sit,
2960 3778 3015 3822 et
3047 3785 3169 3838 qua:
3202 3770 3274 3824 sit
3310 3770 3457 3824 illius
3490 3770 3573 3823 vi-

1994 3858 2153 3913 vendi
2188 3858 2327 3913 ratio
2359 3875 2373 3912 :
2405 3858 2764 3923 eumdemque
2823 3859 3129 3930 catalogum
3168 3861 3309 3929 apud
3352 3876 3409 3915 se
3443 3862 3573 3915 reti-

1994 3961 2178 4017 neant,
2206 3961 2261 4006 et
2286 3951 2329 4006 si
2363 3952 2453 4021 qui
2489 3960 2609 4021 post
2645 3952 2875 4021 primam
2902 3952 3250 4007 indictiouem
3287 3968 3317 4006 a
3346 3955 3574 4024 presby-

1994 4043 2127 4098 teris
2178 4044 2411 4113 suscepti
2447 4042 2682 4107 fuerint,
2718 4043 2860 4098 inter
2898 4043 3068 4098 laicos
3107 4044 3459 4113 rejiciantur;
3506 4059 3570 4098 ac

1996 4149 2185 4189 rursus
2222 4135 2623 4196 examinentur.
2653 4144 2708 4190 et
2758 4135 2802 4190 si
2846 4136 2990 4206 digni
3030 4135 3255 4203 fuerint,
3284 4137 3571 4191 admittan-

1997 4236 2105 4279 tur.
2141 4223 2292 4278 llauc
2334 4226 2576 4294 regulam
2630 4226 2884 4297 deinceps
2913 4237 3196 4283 accurate
3245 4229 3456 4282 servari
3478 4228 3569 4297 ju-

1996 4320 2107 4383 bet,
2142 4329 2201 4372 ut
2241 4318 2618 4387 chorepiscopi
2667 4318 2955 4387 diligenter
3001 4320 3313 4373 examinem
3346 4320 3566 4389 quinam

1995 4410 2139 4479 digni
2183 4410 2311 4475 sint,
2342 4418 2397 4463 et
2441 4410 2507 4463 ad
2535 4424 2594 4463 se
2642 4408 2878 4463 referant
2912 4427 2925 4463 :
2961 4410 3159 4480 alioqui
3200 4411 3398 4465 laicum
3429 4411 3570 4464 futu-

319 4514 534 4578 bendis,
562 4526 683 4582 quae
722 4510 987 4566 committi
1020 4526 1124 4565 non
1151 4509 1436 4574 solebant;
1466 4518 1670 4577 quanto
1716 4507 1891 4576 major
1925 4524 1967 4579 ι)
1999 4518 2140 4565 rum,
2172 4503 2216 4556 si
2252 4502 2374 4571 quis
2422 4516 2482 4557 se
2515 4516 2622 4556 non
2675 4502 2953 4559 admonito
2983 4504 3038 4557 in
3071 4503 3430 4557 ministerium
3472 4503 3569 4558 ob-

319 4606 595 4660 exstitisse
631 4602 864 4673 putanda
888 4612 971 4656 est
1001 4602 1052 4655 in
1084 4602 1149 4656 iis
1182 4599 1510 4663 resecandis,
1549 4614 1667 4668 qua:
1699 4609 1889 4653 contra

316 4693 694 4749 sanctissimas
743 4692 1001 4746 Ecclesiae
1059 4691 1206 4760 leges
1255 4689 1496 4744 fiebant?
1553 4689 1725 4756 Quale
1785 4688 1888 4743 fuit

318 4782 701 4836 nonnullorum
736 4781 1091 4850 Cappadociae
1126 4781 1504 4850 episcoporum
1533 4780 1763 4843 facinus,
1794 4780 1886 4849 qui

317 4874 491 4943 pretio
526 4873 779 4928 ordinare
808 4871 1143 4939 ferebantur;
1177 4880 1339 4941 atque
1366 4871 1467 4927 hoc
1499 4870 1648 4926 nefas
1672 4871 1889 4941 pietatis

318 4965 535 5019 nomine
571 4964 981 5025 inumbrabant,
1022 4978 1122 5018 nec
1149 4978 1376 5032 peccare
1409 4962 1511 5017 sibi
1546 4963 1888 5027 videbantur,

314 5056 439 5129 quia
468 5070 575 5109 non
614 5064 757 5119 ante,
792 5056 885 5109 sed
920 5064 1041 5121 post
1066 5054 1457 5109 ordinationem
1485 5055 1769 5123 pecuniam
1795 5069 1886 5109 ac-

314 5146 607 5217 cipiebant.
662 5144 862 5199 Scribit
909 5146 987 5199 eis
1040 5145 1267 5200 Basilius
1306 5144 1381 5217 (g)
1417 5160 1483 5199 ac
1547 5146 1886 5199 demonstrat

313 5247 574 5307 quantum
620 5236 692 5291 sit
744 5238 845 5291 hoc
885 5236 1057 5301 nefas,
1102 5252 1166 5291 ac.
1213 5238 1474 5301 declarat,
1509 5237 1553 5292 si
1606 5236 1730 5306 quis
1763 5245 1889 5306 post

313 5330 453 5383 hanc
497 5335 773 5396 acceptam
822 5328 1105 5397 epistolam
1151 5328 1256 5385 tale
1318 5328 1519 5399 aliquid
1580 5328 1880 5394 admiserit,

387 5504 464 5573 (α)
487 5506 585 5572 Ep.
610 5506 701 5571 se,
734 5521 789 5558 η.
818 5504 873 5557 1.

384 5578 457 5646 (b)
486 5577 620 5631 una.

383 5645 456 5715 (c)
486 5647 584 5714 Ep.
613 5647 704 5711 δι,
731 5662 789 5699 η.
822 5645 873 5699 t.

386 5719 464 5787 (Δ)
502 5716 632 5787 vide
659 5717 823 5779 infra,
848 5731 900 5787 c_.
922 5714 1013 5774 28.
1039 5731 1092 5769 n.
1123 5715 1177 5771 5.

384 5785 453 5860 (ε)
483 5786 582 5858 Ep.
614 5787 737 5855 160,
766 5800 824 5840 n.
859 5785 911 5841 1.

1998 4594 2246 4661 repserit.

2065 4682 2368 4737 Referenda
2432 4683 2547 4738 haec
2592 4684 2822 4753 epistola
2868 4684 2935 4738 ad
2978 4684 3181 4754 primas
3224 4682 3567 4753 episcopatus

1996 4788 2177 4841 curas,
2210 4791 2343 4845 quas
2363 4776 2594 4831 Basilius
2626 4779 2676 4830 in
2711 4778 3005 4832 sancienda
3037 4777 3323 4847 disciplina
3354 4779 3564 4831 insum-

1996 4867 2106 4936 psit
2138 4887 2151 4920 :
2186 4868 2347 4938 idque
2393 4870 2526 4924 satis
2565 4871 2891 4924 confirmant
2924 4884 3044 4938 quae
3089 4870 3155 4923 de
3211 4870 3500 4938 repetendo
3535 4884 3564 4922 a

1997 4960 2171 5028 prima
2201 4960 2513 5027 indictione,
2550 4962 2603 5016 id
2637 4970 2743 5025 est,
2771 4961 2838 5015 ab
2862 4976 3004 5016 anno
3035 4959 3162 5027 358,
3196 4962 3566 5016 ministrorum

1996 5052 2247 5106 examine
2276 5052 2519 5121 praecipit
2544 5052 2797 5107 Basilius.
2831 5051 2945 5107 Hoc
2980 5052 3125 5106 enim
3156 5055 3409 5123 spatium,
3444 5068 3564 5107 cum

1995 5158 2090 5198 sua
2113 5153 2305 5213 sponte
2352 5144 2509 5198 valde
2557 5143 2774 5211 longum
2809 5144 2914 5209 sit,
2945 5158 3051 5199 non
3089 5145 3247 5199 debet
3295 5144 3561 5213 ampliari,

1995 5235 2091 5290 hac
2112 5236 2341 5304 epistola
2374 5237 2441 5291 ab
2464 5237 2804 5305 episcopatus
2835 5236 3005 5291 initiis
3035 5236 3381 5293 removenda.

2062 5328 2345 5384 Probibuit
2369 5330 2530 5384 etiam
2562 5329 2793 5385 Basilius
2813 5328 2879 5402 (j)
2908 5328 3061 5385 initio
3084 5330 3424 5401 episcopatus
3446 5342 3566 5383 mu-

2067 5505 2134 5576 (0
2160 5502 2404 5576 'Pid-Ln.
2428 5504 2482 5559 5.

2088 5575 2141 5644 g)
2167 5574 2265 5641 Ep.
2288 5574 2377 5627 55.

2088 5645 2143 5709 It)
2171 5642 2263 5696 0r.
2300 5645 2392 5697 20.

2067 5717 2128 5780 (ἰ)
2157 5712 2254 5778 Ep.
2277 5713 2367 5767 54.

1982 5818 1993 5830 .
2068 5785 2130 5858 (j)
2169 5783 2266 5852 Ep.
2298 5783 2385 5837 55.
