3958 6212
332 375 457 421 LXVI

1664 357 1931 416 PROLEG
1940 361 2036 418 OM
2045 361 2196 417 ENA.

334 476 495 531 lieres
514 483 826 540 extraneas,
861 472 913 529 id
943 482 1052 536 est,
1087 472 1326 542 virgines
1351 472 1490 536 illas,
1526 487 1663 541 quas
1688 472 1907 544 presby-
1935 479 1980 535 Α
2009 489 2169 542 quam
2202 472 2601 542 Cappadociam
2648 470 2977 540 pacilicavit,
3008 480 3165 527 antea
3189 479 3366 527 tamen
3391 471 3577 529 inteno

335 565 437 620 teri
465 575 520 619 et
547 566 636 619 alii
669 565 1022 620 continentiae
1068 563 1186 632 lege
1231 563 1479 618 obstricti
1534 562 1800 629 homines,
1836 577 1903 618 eo

332 655 592 710 libentius
620 655 768 710 domi
799 670 909 709 suae
939 654 1229 717 habebant,
1268 654 1410 722 quod
1434 653 1758 723 virginitatis
1781 668 1907 721 pro-

335 745 503 800 fessio
527 746 701 799 locum
733 744 1026 811 suspicioni
1065 743 1394 812 praecludere
1422 744 1718 800 videretur.
1744 742 1899 797 Basi-

332 836 389 891 lii
418 838 637 891 decreto
665 836 946 906 presbyter
975 836 1194 905 quidam
1244 836 1712 903 septuagenarius,
1744 835 1905 890 Pate-

334 929 519 997 gorius
551 928 789 990 nomine,
827 927 1050 981 minime
1095 926 1294 995 paruit,
1328 926 1422 980 sed
1455 928 1669 996 longam
1704 925 1905 994 episto-

336 1018 445 1074 lam
473 1019 690 1087 scripsit
720 1018 941 1084 Basilio,
979 1027 1035 1072 et
1085 1017 1532 1088 chorepiscOpum
1569 1033 1722 1072 suum
1762 1018 1907 1071 incu-

338 1123 486 1171 sans,
523 1109 663 1176 quod
709 1108 809 1168 sibi
855 1108 957 1162 hac
992 1108 1045 1161 in
1081 1122 1139 1161 re
1173 1106 1371 1160 veteris
1407 1106 1704 1160 inimicitiae
1740 1107 1905 1175 signi-

334 1199 617 1254 ﬁcationes
634 1200 894 1262 dedisset,
910 1207 965 1251 et
980 1198 1150 1265 ipsum
1167 1195 1445 1260 Basiliam,
1460 1199 1603 1267 quod
1619 1197 1908 1253 calumniis

335 1304 499 1345 aures
535 1288 695 1342 facile
729 1290 1010 1357 praeberet.
1037 1286 1285 1342 Declarat
1312 1287 1541 1341 Basilius
1571 1302 1631 1341 se
1665 1302 1764 1341 nec
1790 1288 1904 1355 pri-

334 1395 482 1436 mum
507 1394 609 1434 nec
627 1378 798 1433 solum
833 1378 972 1431 hanc
1004 1377 1177 1446 legem
1206 1379 1272 1432 de
1294 1376 1609 1432 mulieribus
1630 1378 1907 1432 extraneis

336 1452 626 1536 sanxisse;
670 1484 763 1523 eas
806 1469 948 1522 enim
992 1487 1019 1521 a
1068 1467 1275 1537 synodo
1332 1466 1549 1522 Nicaena
1602 1469 1906 1538 prohibitas

333 1560 526 1616 fuisse.
548 1561 748 1627 Quare,
781 1560 879 1613 etsi
915 1571 1048 1614 aetas
1089 1558 1364 1629 Parcgorii
1406 1560 1767 1628 suspicionem
1811 1560 1907 1614 lla-

335 1653 453 1723 gitii
476 1660 743 1716 removet,
766 1650 891 1720 quia
924 1659 1105 1704 tamen
1129 1650 1396 1720 ejusmodi
1422 1649 1612 1705 mulier
1631 1652 1751 1705 sine
1773 1652 1909 1706 alio-

334 1759 457 1799 rum
492 1740 790 1798 oﬂensione
818 1740 1008 1796 haberi
1045 1756 1150 1795 non
1181 1750 1393 1809 potest,
1415 1740 1569 1809 jubet
1592 1753 1650 1795 ut
1679 1758 1797 1796 eam
1826 1743 1907 1796 di—

2002 566 2133 620 dere
2155 575 2210 620 et
2243 564 2492 619 meditari
2522 567 2716 633 potuit.

2074 655 2138 711 ll.
2172 655 2507 711 Consecutus
2530 662 2616 709 est
2657 655 2873 710 tandem
2912 653 3164 718 Basilius,
3195 661 3254 708 ut
3305 654 3577 724 episcopi,

2005 747 2095 816 qui
2126 746 2196 801 de
2248 746 2340 800 illo
2370 755 2477 799 tam
2530 747 2714 816 inique
2760 747 3088 812 sentiebant,
3119 758 3363 799 errorem
3411 759 3577 800 suum

2006 846 2358 907 agnoscerent
2379 836 2480 907 (tl).
2501 837 2763 892 Adhibuit
2791 838 2856 890 ad
2887 850 2980 891 eos
3004 835 3296 891 ﬂectendos
3319 847 3578 891 constan-

2005 930 2136 982 tiam
2156 938 2210 982 et
2239 930 2404 983 animi
2461 928 2835 983 fortitudinem
2862 943 3073 983 summa
3103 927 3325 982 leuitate
3372 938 3581 997 tempe-

2008 1027 2181 1071 ratam
2213 1033 2228 1072 :
2262 1032 2363 1072 nec
2385 1018 2617 1072 artiticio
2649 1028 2704 1073 et
2733 1017 3101 1097 assentatione
3130 1032 3223 1072 eos
3251 1019 3350 1072 sibi
3378 1020 3577 1072 devin-

2005 1107 2179 1174 ciens,
2208 1122 2309 1161 nec
2336 1116 2603 1177 potestate
2644 1115 2874 1176 terrens,
2890 1110 2983 1163 sed
3021 1108 3374 1177 indulgentia,
3408 1125 3578 1178 quam

2009 1198 2063 1252 in
2115 1207 2379 1268 potestate
2429 1199 2740 1266 adhibebat,
2801 1213 2895 1256 eos
2944 1201 3205 1256 alliciens.
3248 1202 3582 1259 Consulebat

2006 1285 2154 1344 enim
2181 1290 2233 1343 in
2266 1290 2676 1358 longitudinem,
2717 1306 2783 1346 ac
2809 1291 3021 1347 firmam
3051 1303 3103 1349 et
3142 1294 3390 1350 stabilem
3440 1311 3580 1351 con-

2006 1382 2246 1436 cordiam
2277 1381 2574 1451 quaerebat.
2608 1383 2713 1438 Sed
2748 1385 3020 1454 praecipue
3058 1386 3200 1441 illius
3235 1388 3447 1441 virtutis
3476 1389 3569 1442 ad-

2010 1473 2297 1528 miratione
2329 1473 2456 1529 victi
2490 1483 2636 1539 sunt,
2668 1483 2832 1543 atque
2856 1492 3015 1530 unam
3045 1478 3185 1531 hanc
3216 1477 3431 1533 demum
3470 1479 3576 1533 sibi

2007 1563 2233 1619 salutem
2265 1579 2384 1620 esse
2417 1566 2798 1643 intellexerunt
2824 1584 2840 1622 :
2867 1565 2928 1623 Si
2955 1586 3071 1622 cum
3098 1570 3234 1638 ipsa,
3267 1578 3318 1624 et
3343 1571 3435 1624 sub
3459 1572 3577 1640 ipso

2007 1673 2116 1711 sese
2145 1656 2479 1720 collocarent,
2513 1674 2674 1711 unum
2702 1669 2876 1713 autem
2905 1670 2951 1712 et
2975 1662 3323 1714 certissimum
3361 1662 3575 1729 pericu-

2007 1745 2139 1813 lum,
2167 1748 2215 1801 si
2243 1748 2296 1801 in
2316 1747 2486 1810 ipsius
2519 1747 2858 1816 olfettsionem
2918 1749 3283 1804 incurrerent:
3307 1750 3369 1804 ab
3412 1764 3578 1820 eoque.

335 1837 579 1890 mittatet
599 1834 652 1888 in
675 1835 1005 1888 monasterio
1031 1833 1280 1888 collocet.
1298 1832 1451 1900 Quod
1482 1834 1526 1887 si
1557 1849 1663 1889 non
1694 1844 1900 1903 pareat,
1936 1814 1978 1869 Β
2007 1837 2260 1908 disjungi,
2292 1839 2421 1892 nihil
2452 1814 2600 1895 aliud
2652 1858 2762 1896 esse
2813 1842 3156 1912 judicabant,
3194 1858 3348 1911 quam
3387 1860 3418 1895 a
3460 1814 3576 1896 Beo

337 1927 526 1996 longas
549 1925 602 1979 ei
625 1924 883 1992 epistolas
907 1924 1039 1978 nihil
1068 1922 1402 1992 profuturas,
1430 1926 1525 1980 sed
1551 1940 1673 1981 eum
1705 1927 1758 1981 in
1792 1927 1904 1982 otio

331 2020 695 2074 moriturum:
729 2027 783 2072 et
821 2016 867 2071 si
902 2017 1180 2085 depositus
1207 2016 1568 2072 sacerdotium
1595 2017 1698 2071 sibi
1746 2033 1902 2072 arro-

331 2119 442 2181 get,
495 2125 619 2164 cum
680 2109 853 2176 ipsum
910 2108 1432 2164 excommunieatum
1498 2109 1584 2175 iri,
1649 2118 1758 2164 tum
1809 2124 1905 2166 eos

331 2212 518 2254 omnes
551 2197 640 2266 qui
667 2197 813 2251 illum
842 2197 1163 2265 receperint.

913 2309 1141 2366 CAPUT
1181 2308 1323 2364 XVI.

330 2404 373 2459 Ι.
411 2403 473 2460 S.
506 2403 740 2457 Basilius
769 2402 948 2455 scribit
992 2402 1049 2456 S.
1078 2401 1310 2473 Meletio.
1352 2400 1415 2455 ll.
1457 2400 1505 2455 E
1538 2402 1739 2470 iscopos
1761 2400 1902 2473 Cap-

402 2475 638 2543 padocia:
672 2474 871 2543 placat,
911 2473 1195 2540 adjuvante
1238 2471 1484 2541 Tlteologi
1518 2472 1756 2541 Gregorii
1808 2471 1902 2539 pn-

403 2542 498 2596 tre.
545 2542 632 2596 Ill.
675 2542 904 2611 Nyssem'
927 2544 1155 2611 artiﬁcia
1184 2545 1251 2594 ad
1283 2559 1457 2611 pacem
1488 2546 1897 2595 ronciltammm.

404 2612 490 2666 lV.
516 2609 753 2682 Basilius
789 2614 931 2682 prior
974 2609 1157 2665 scribit
1189 2624 1377 2682 patruo
1402 2609 1666 2682 Gregorio
1684 2628 1901 2682 eumque

399 2682 594 2751 placat.
628 2681 856 2734 Tandem
903 2680 1182 2747 Gregorius
1214 2680 1352 2733 Nas.
1385 2681 1647 2734 Basiliam
1698 2680 1898 2737 inrisit.

410 2753 469 2807 ν.
502 2751 581 2804 De
598 2752 834 2818 epistolis
867 2751 1048 2805 61-65.

403 2844 443 2898 I.
499 2845 755 2911 Quamvis
803 2844 1043 2899 Ecclesia
1092 2844 1443 2900 Caesariensis
1497 2846 1751 2916 episcopo
1801 2862 1900 2901 suo

332 2937 488 2993 allisa
518 2939 600 3009 (a)
632 2940 890 3007 praeclare
940 2947 1133 3003 staret,
1165 2954 1264 2993 nec
1295 2939 1496 3008 iniquis
1523 2942 1898 3011 episcoporum

331 3031 400 3083 de
431 3031 521 3084 illo
557 3030 779 3098 judiciis
806 3040 1145 3094 moveretur;
1185 3041 1302 3083 erat
1336 3039 1512 3084 tamen
1545 3032 1660 3087 haec
1688 3034 1896 3087 dissen—

329 3120 413 3173 sio
440 3134 560 3172 cum
604 3134 700 3171 sua
742 3126 933 3184 sponte
976 3118 1181 3183 Basilio
1231 3119 1612 3174 molestissima
1656 3123 1753 3193 (b),
1787 3135 1896 3176 tum

333 3213 459 3282 quia
493 3210 634 3264 illius
666 3211 953 3279 participes
995 3220 1151 3264 erant
1180 3219 1304 3265 tota:
1333 3213 1586 3268 civitates
1611 3224 1664 3267 et
1697 3217 1895 3284 populi.

333 3303 580 3356 nondum
608 3301 793 3355 Basilii
822 3301 1059 3354 dolorem
1089 3316 1190 3369 pax
1225 3304 1555 3373 absterserat
1575 3341 1590 3366 ,
1619 3318 1738 3358 cum
1770 3307 1904 3360 scri-

329 3395 438 3463 psit
460 3394 527 3445 ad
565 3402 810 3446 sanctum
839 3390 1111 3445 Meletium
1133 3392 1413 3459 epistolam
1435 3393 1524 3446 57.
1554 3393 1607 3447 ld
1629 3395 1770 3447 enim
1793 3397 1904 3450 col-

330 3484 424 3554 ligi
477 3492 656 3552 potest
701 3499 767 3537 ex
821 3482 908 3537 his
939 3483 1141 3549 verbis,
1170 3481 1364 3536 Omnia
1400 3484 1540 3538 enim
1584 3486 1669 3538 hic
1703 3486 1900 3541 doloris

332 3577 488 3645 plena
519 3584 660 3629 sunt.
694 3574 976 3642 Signilicat
1025 3573 1261 3629 Basilius
1301 3585 1564 3643 quantum
1609 3576 1754 3631 inter
1804 3578 1900 3632 bas

335 3668 613 3722 molestias
641 3664 840 3721 Meletii
871 3667 1070 3721 litteris
1107 3666 1408 3721 delectetur
1434 3684 1449 3720 :
1481 3668 1898 3737 pretermissam

329 3760 398 3814 ab
434 3775 500 3815 eo
550 3761 822 3815 scribendi
858 3760 1201 3814 occasionem
1233 3760 1383 3815 dolet
1412 3774 1428 3813 ε
1473 3761 1766 3815 maximum
1806 3763 1901 3816 bo-

330 3867 457 3905 num
502 3852 604 3906 sibi
651 3862 973 3906 eventurum
1037 3860 1213 3920 putat,
1246 3852 1291 3905 si
1325 3865 1511 3904 coram
1562 3851 1821 3918 congredi
1846 3861 1900 3904 et

330 3943 472 3996 illius
499 3957 683 3997 vocem
712 3944 901 3997 audire
935 3941 1225 4010 aliquando
1266 3939 1560 4009 contingat.
1595 3938 1899 4005 Quinetiam

327 4038 396 4089 ad
426 4033 698 4088 Meletium
752 4047 812 4087 se
846 4033 1188 4095 contulisset,
1239 4031 1342 4085 nisi
1391 4045 1514 4084 eum
1547 4031 1899 4085 retinuissent

328 4122 691 4177 amantissimi
732 4121 950 4186 fratres,
983 4135 1215 4191 quorum
1244 4119 1580 4189 propositum
1614 4134 1681 4172 ne
1705 4118 1900 4173 litteris

328 4214 628 4282 evulgaret,
662 4211 1035 4281 Theophrasto
1068 4213 1223 4266 fratri
1263 4211 1642 4283 perferendum
1668 4213 1893 4266 commi-

327 4309 416 4361 sit.
448 4306 854 4374 TheOphrastus
877 4306 968 4360 ille
995 4305 1132 4360 idem
1153 4306 1362 4359 videtur
1384 4304 1456 4377 (c)
1490 4322 1608 4361 esse
1631 4321 1693 4359 ac
1721 4304 1897 4360 Theo-

328 4402 578 4470 phrastus
597 4399 872 4462 diaconus,
907 4400 996 4467 qui
1031 4412 1173 4451 anno
1205 4397 1310 4451 372
1342 4399 1500 4466 paulo
1535 4409 1656 4467 post
1688 4396 1894 4452 Pascha

2007 1929 2323 1985 abalienari.
2356 1929 2447 1985 Sic
2490 1931 2631 1987 ultro
2665 1943 2950 1996 cesserunt,
2984 1950 3046 1986 ac
3083 1950 3268 1987 manus
3295 1932 3575 1996 dederunt,

2007 2028 2058 2074 et
2082 2023 2232 2091 quasi
2277 2022 2345 2075 ad
2393 2023 2616 2076 tonitrui
2653 2040 2841 2079 sonum
2876 2040 2987 2077 sese
3028 2023 3400 2089 submiserunt,
3430 2023 3574 2076 alius

2007 2112 2173 2167 alium
2217 2114 2284 2167 ad
2318 2114 2416 2180 ipsi
2469 2115 2898 2183 satisfaciendum
2949 2125 3351 2180 antevertenles,
3388 2130 3577 2167 conce-

2006 2214 2252 2275 ptamque
2282 2206 2428 2272 prius
2457 2206 2704 2260 adversus
2736 2206 2903 2275 ipsum
2929 2207 3037 2258 odii
3067 2208 3167 2259 uim
3195 2206 3251 2258 in
3278 2222 3379 2258 non
3403 2204 3579 2259 mino-

2008 2310 2116 2347 rem
2143 2293 2506 2348 benevolentia:
2531 2298 2652 2363 vim,
2672 2312 2733 2349 ac
2760 2297 2965 2349 virtutis
2996 2295 3367 2348 incrementum
3391 2295 3576 2363 (quam

2007 2387 2219 2456 quidem
2235 2402 2395 2439 unam
2417 2387 2780 2455 firmissimam
2803 2388 2901 2456 ipsi
2934 2387 3291 2456 satisfaciendi
3319 2387 3573 2440 rationem

2006 2478 2358 2550 inveniebam)
2408 2489 2788 2534 commutantes
2816 2497 2835 2534 .'
2861 2491 3212 2550 prwlerquam
3253 2481 3297 2534 si
3337 2485 3454 2549 quis
3509 2480 3574 2535 ob

2005 2571 2331 2639 deploratam
2366 2569 2759 2639 improbitatem
2799 2571 3057 2640 neglectus
3083 2588 3145 2624 ac
3172 2571 3435 2642 projectus
3469 2582 3574 2636 est,

2006 2673 2059 2716 ut
2080 2664 2191 2731 ipse
2214 2663 2269 2716 in
2285 2662 2453 2729 se'ipso
2480 2672 2837 2716 contereretur
2858 2671 3015 2731 atque
3037 2676 3449 2729 consumeretur,
3467 2681 3574 2719 non

2004 2770 2153 2808 secus
2182 2771 2243 2807 ac
2271 2754 2452 2823 rubigo
2481 2753 2638 2807 simul
2662 2769 2778 2807 cum
2809 2753 2950 2825 {erro
2972 2756 3206 2807 consumi
3231 2756 3382 2810 solet.

2074 2841 2189 2899 Non
2215 2846 2484 2900 mediocre
2508 2846 2573 2900 ad
2615 2860 2735 2900 eam
2770 2860 2881 2899 rem
2909 2846 3213 2915 praesidium
3258 2846 3444 2900 habuit
3468 2845 3575 2901 Ba-

2004 2936 2156 2991 silius
2194 2936 2251 2991 in
2291 2935 2536 3007 Gregorii
2570 2937 2807 3008 episcopi
2837 2936 3161 2992 Nazianzeni
3198 2939 3488 3007 sapientia,
3512 2939 3570 2995 in

2004 3045 2183 3099 quem,
2223 3039 2282 3083 ut
2329 3041 2603 3085 auctorem
2652 3032 3009 3087 ordinationis
3056 3033 3262 3099 Basilii,
3297 3035 3572 3105 praecipue

2004 3123 2378 3192 episcoporum
2409 3124 2686 3178 iracundia
2707 3133 2965 3195 eruperat
2986 3124 3080 3198 (e).
3107 3125 3209 3180 Sed
3240 3128 3472 3195 optimus
3492 3143 3571 3183 sco

2006 3231 2107 3270 nex
2143 3217 2229 3270 die
2259 3225 2314 3275 et
2357 3217 2612 3286 patientia
2638 3217 2718 3272 sic
2744 3232 2839 3273 eos
2868 3217 3016 3282 vicit,
3046 3219 3488 3289 utindignatioue
3516 3222 3570 3275 in

2001 3307 2407 3363 admirationem
2434 3322 2718 3373 conversa,
2751 3309 2816 3363 ad
2848 3309 3021 3380 ipsius
3051 3310 3214 3378 pedes
3256 3310 3395 3366 ultro
3421 3316 3569 3366 acci-

2002 3398 2211 3463 derent,
2246 3399 2452 3468 pudore
2498 3398 2567 3453 ob
2595 3414 2657 3453 ea
2700 3414 2820 3469 quae
2859 3409 3143 3470 gesserant
3172 3397 3384 3465 sull'usi,
3422 3402 3573 3468 abje-

2000 3491 2211 3559 ctisque
2238 3490 2399 3554 odiis,
2424 3505 2488 3544 eo
2536 3492 2843 3559 patriarcha
2877 3500 2930 3546 et
2959 3492 3267 3562 legislature
3299 3503 3353 3547 et
3383 3492 3570 3564 judice

2003 3591 2304 3637 uterentur.
2326 3581 2421 3636 Vix
2455 3582 2676 3637 dubium
2699 3594 2784 3637 est
2808 3582 2936 3653 quin
2958 3584 3147 3638 eodem
3185 3594 3429 3653 tempore
3444 3600 3568 3637 eum

2000 3675 2198 3730 Basilio
2224 3684 2280 3730 et
2332 3673 2595 3745 Gregorio
2638 3675 2876 3745 episcopi
2910 3675 2961 3728 in
3014 3675 3240 3746 gratiam
3285 3674 3567 3729 redierint.

2000 3766 2261 3821 Neutrum
2304 3768 2447 3821 enim
2479 3766 2804 3836 placassent,
2842 3767 2888 3823 si
2917 3767 2974 3821 in
3034 3768 3360 3822 alterutrum
3391 3766 3566 3836 iniqui

1998 3874 2119 3913 esse
2142 3859 2528 3927 perstitissent.

2077 3950 2162 4006 Ill.
2197 3949 2381 4019 Neque
2410 3950 2575 4004 etiam
2607 3948 2848 4018 Gregorii
2886 3948 3109 4021 Nysseni
3139 3948 3193 4003 in
3228 3948 3559 4019 hoejnsigni

2001 4051 2198 4094 eventu
2253 4041 2422 4096 defuit
2475 4055 2685 4110 Opera,
2716 4055 3027 4109 quanquam
3082 4041 3129 4095 is
3178 4042 3568 4096 immoderatus

1999 4133 2335 4198 abundavit,
2378 4133 2655 4200 nimioque
2702 4133 2878 4187 smdio
2934 4133 3407 4200 reprehensionem
3458 4149 3563 4186 non

1998 4223 2210 4288 ell‘ugit.
2245 4225 2321 4276 Ad
2364 4224 2503 4279 hanc
2534 4225 2677 4277 enim
2711 4225 3143 4293 pacilicationem
3175 4224 3397 4276 omnino
3423 4221 3566 4276 refe—

2002 4318 2182 4370 rendae
2211 4316 2398 4370 Basilii
2438 4315 2679 4384 epistolae
2713 4315 2800 4381 58,
2825 4315 2892 4369 59
2924 4327 2977 4367 et
3010 4314 3097 4369 60.
3137 4315 3214 4368 Ex
3249 4316 3333 4368 bis
3368 4315 3565 4369 litteris

1999 4408 2261 4462 discimus
2303 4406 2623 4476 Gregorium
2658 4408 2709 4459 in
2736 4407 3073 4473 Cappadocia
3101 4407 3435 4475 episcopum,
3460 4406 3567 4459 Ba-

326 4503 576 4548 rnortuus
607 4502 710 4543 εει.
742 4488 937 4556 Liquet
968 4488 1250 4552 Basiliam,
1273 4490 1375 4543 etsi
1412 4490 1712 4544 litterarum
1747 4503 1896 4543 com-
1928 4511 1970 4566 ι)
1995 4498 2100 4552 gilii
2141 4508 2410 4567 patruum,
2458 4513 2580 4551 cum
2605 4497 2872 4565 episcopis
2905 4496 3256 4564 Cappadocia:
3295 4500 3564 4551 adversus

327 4584 531 4638 tnercio
553 4580 875 4650 conjunctus
922 4587 1065 4634 esset
1103 4596 1224 4634 cum
1276 4579 1515 4645 Meletio,
1544 4581 1780 4634 nondum
1812 4590 1893 4634 ta-

326 4688 448 4728 men
472 4673 615 4727 illius
645 4673 847 4725 vultum
872 4672 1091 4737 vidisse,
1128 4686 1248 4725 cum
1281 4671 1421 4724 hanc
1448 4670 1728 4740 epistolam
1753 4670 1891 4725 seri-

324 4765 498 4819 beret.
525 4765 581 4818 ld
614 4765 738 4818 boni
773 4773 1098 4819 consecutus
1136 4770 1220 4817 est
1251 4763 1398 4816 circa
1424 4762 1658 4817 medium
1689 4777 1887 4817 annum

324 4855 449 4923 572,
483 4871 547 4910 ac
579 4857 800 4925 proinde
836 4857 949 4909 haec
988 4855 1212 4924 epistola
1238 4865 1364 4908 ante
1408 4857 1510 4910 hoc
1541 4864 1750 4924 tempus
1772 4854 1888 4910 col-

325 4947 570 5001 Iocanda.
611 4942 706 4999 His
734 4947 933 5007 verbis.
975 4961 1094 5015 qua:
1116 4945 1414 5008 attulimus,
1447 4945 1665 4999 adducti
1705 4960 1889 5001 sumus

324 5051 384 5093 ut
411 5055 528 5093 eam
564 5042 664 5092 hoc
686 5053 827 5091 anno
864 5038 966 5092 '5'“
1006 5037 1421 5100 collocaremus,
1463 5045 1755 5105 antequam
1785 5034 1891 5089 Ba—

323 5131 480 5185 silius
509 5128 838 5183 voluntatem
857 5128 1234 5196 episcoporum
1267 5124 1652 5195 recullegisset.
1677 5127 1888 5180 Arcana

321 5232 501 5275 autem
524 5220 798 5282 mandata,
812 5232 931 5286 qua:
943 5216 1320 5285 Theophrasto
1334 5219 1457 5269 data
1476 5226 1620 5278 sunt,
1641 5216 1892 5270 videntur

322 5324 570 5381 spectare
587 5311 903 5381 praeclarum
925 5309 1176 5365 Ecclesiae
1196 5309 1554 5381 pacilicanda?
1583 5310 1887 5374 consilium,

1999 4588 2257 4641 Basiliam
2297 4586 2526 4640 consilia
2561 4584 2923 4655 ronjunxisse.
2959 4586 3024 4639 Et
3056 4600 3139 4639 res
3161 4595 3216 4640 et
3249 4597 3458 4656 tempus
3484 4590 3563 4641 sic

1997 4684 2327 4747 congruunt,
2360 4685 2418 4728 ut
2455 4677 2568 4730 haec
2597 4676 2860 4729 dissensio
2889 4677 2955 4729 ab
2978 4691 3062 4739 ea,
3095 4693 3255 4745 quam
3278 4680 3344 4731 de
3372 4677 3560 4733 Basilii

1994 4770 2337 4824 ordinatione
2365 4778 2540 4823 ortam
2566 4768 2822 4830 diximus,
2856 4769 3064 4821 secerni
3096 4785 3198 4822 non
3231 4771 3419 4837 possit.
3440 4771 3564 4825 Fuit

1995 4859 2138 4914 enim
2170 4859 2456 4911 vehemens
2488 4858 2600 4911 haec
2626 4873 2749 4911 cum
2779 4869 2971 4925 patruo
3002 4858 3561 4929 discordia,i|liusque

1992 4945 2287 5016 participes
2335 4946 2485 5000 fuere
2518 4955 2640 5000 tota:
2689 4946 2936 5000 civitates
2990 4957 3047 5001 et
3080 4950 3263 5018 populi
3299 4949 3391 5020 (ι’).
3437 4950 3555 5005 Νοιι

1993 5038 2143 5092 solus
2197 5036 2398 5091 Basilio
2436 5047 2660 5105 patruus
2693 5036 3088 5103 succensebat,
3144 5041 3238 5094 sed
3274 5041 3562 5109 adjunctos

1990 5130 2226 5185 habebat
2253 5129 2439 5199 plures
2487 5129 2787 5199 episcopos.
2840 5130 3009 5184 Nulla:
3042 5131 3257 5185 interim
3297 5131 3560 5188 Basiliam

1989 5222 2134 5277 inter
2158 5232 2214 5275 et
2252 5231 2502 5290 patruum
2538 5222 2783 5290 aliosque
2816 5223 3097 5292 episcopos
3127 5224 3344 5290 litterm,
3379 5226 3559 5281 nullus

1986 5322 2307 5382 cengressus
2340 5330 2355 5366 :
2387 5312 2481 5367 sed
2523 5314 2858 5381 suspiciones
2907 5323 2962 5368 et
3000 5315 3284 5370 calumnia:
3309 5319 3362 5371 in
3409 5316 3563 5373 Basi-

321 5404 464 5459 ouod
489 5403 718 5458 Basilius
773 5402 875 5457 etsi
903 5411 1015 5457 tum
1039 5404 1252 5458 demum
1281 5417 1573 5473 aggressus
1601 5410 1683 5456 est
1729 5410 1887 5470 post-
1984 5404 2136 5458 lium.
2162 5402 2257 5456 llis
2295 5404 2440 5457 notis
2477 5402 2635 5458 facile
2675 5406 3008 5476 dignoscitur
3051 5405 3238 5463 Basilii
3269 5420 3556 5465 concerta-

393 5625 470 5768 (αἶ
495 5626 591 5697 Ep.
609 5625 697 5703 48.
861 5681 890 5695 ,ν

393 5697 444 5766 (b
497 5695 593 5766 Ep.
626 5696 716 5768 .59,
739 5712 795 5751 n.
817 5696 871 5751 5.

392 5695 468 5768 (b)
497 5695 593 5766 Ep.
626 5696 716 5760 59,
739 5712 795 5751 n.
817 5696 871 5751 5.

393 5769 465 5843 (c)
490 5768 588 5841 Ep.
618 5765 711 5823 95.

417 5765 465 5840 ι)
490 5765 588 5841 Ep.
618 5765 711 5823 95.

2067 5618 2142 5760 ((Ιῖ
2173 5618 2303 5674 Naz.
2328 5635 2409 5675 or.
2440 5621 2530 5678 20.

2067 5699 2114 5760 te
2162 5687 2298 5760 ﬁas.
2332 5705 2419 5760 or.
2454 5697 2530 5746 t9.

2066 5687 2136 5755 (ε)
2167 5687 2298 5744 Naz.
2336 5705 2419 5745 or.
2454 5697 2538 5747 t9.

2067 5756 2132 5832 υ)
2159 5756 2256 5828 ει).
2286 5759 2374 5828 59,
2409 5778 2466 5817 ιι.
2496 5762 2552 5818 5.
