3958 6212
1636 376 1792 430 VITA
1838 376 1894 430 S.
1940 373 2209 428 BASILII.

3402 391 3550 432 LXVII

281 497 356 551 tio
382 512 504 551 cum
536 496 825 565 episc0pis,
864 498 957 566 qui
1007 497 1077 551 ab
1107 497 1222 566 ejus
1252 498 1597 551 ordinatione
1639 509 1694 552 et
1721 512 1870 552 com—
1900 504 1943 557 Α
1976 492 2337 565 perspicimus
2367 506 2433 544 ex
2464 493 2549 545 his
2594 492 2783 546 Basilii
2841 493 2907 546 ad
2965 502 3215 563 patruum
3248 494 3427 549 verbis
3492 498 3546 552 in

279 590 539 644 munione
579 589 1022 659 refugerunt.-At
1061 590 1249 644 referri
1283 608 1388 644 non
1425 601 1652 659 possunt
1705 592 1770 644 ad
1804 591 1867 644 li-

282 698 363 738 tes
402 686 468 738 de
494 684 883 752 iurisdictione
919 695 1201 752 susceptas
1227 699 1348 735 cum
1374 684 1642 753 episcopis
1667 698 1869 736 secun-

280 778 362 828 da:
420 776 799 844 Cappadociae.
866 776 1157 829 Authimus
1205 775 1347 827 enim
1374 814 1387 838 ,
1419 775 1509 842 qui
1548 772 1867 841 posterioris

282 870 446 935 huius
478 870 836 923 dissensionis
863 880 1054 922 auctor
1086 868 1208 933 fuit,
1232 868 1287 920 iu
1315 868 1497 936 priore
1529 867 1733 919 amicus
1752 875 1868 917 erat

283 961 504 1025 Basilio,
537 962 697 1031 eique
725 976 952 1029 Operam
980 961 1234 1023 navabat,
1272 970 1329 1012 ut
1353 970 1501 1027 patet
1532 975 1593 1012 ex
1631 974 1717 1025 ep.
1771 958 1860 1011 58.

282 1054 519 1121 Tempus
578 1054 742 1105 etiam
804 1054 1010 1121 Optime
1050 1053 1302 1120 quadrat.
1336 1050 1472 1104 Nam
1528 1051 1861 1104 simultatem

280 1161 403 1198 cum
441 1146 707 1214 episcopis
739 1145 1094 1213 Cappadocia:
1146 1144 1500 1212 compositam
1554 1142 1721 1195 fuisse
1785 1154 1863 1197 te-

278 1247 461 1289 statur
507 1235 801 1304 Gregorius
841 1234 1215 1288 Nazianzenus
1244 1232 1344 1303 (a),
1386 1242 1670 1300 antequam
1708 1232 1861 1286 Basi-

280 1330 385 1382 lius
418 1329 484 1383 de
506 1327 856 1395 paciﬁcandis
887 1326 1145 1379 Ecclesiis
1163 1338 1347 1394 ageret
1377 1342 1498 1378 eum
1522 1326 1857 1390 Athanasio;

277 1420 423 1487 quod
478 1418 760 1473 consdium
797 1416 1037 1484 suscepit
1094 1431 1237 1469 anno
1285 1415 1410 1468 571.
1460 1416 1602 1469 Idem
1642 1432 1862 1484 prorsus

281 1524 500 1579 tempus
547 1510 933 1576 assignandum
984 1507 1049 1561 iis
1104 1523 1223 1575 qum
1280 1506 1535 1559 Basilium
1596 1507 1739 1559 inter
1798 1521 1860 1558 ac

280 1604 607 1673 Gregorium
637 1613 887 1671 patruum
916 1600 1164 1668 aliosque
1193 1600 1477 1668 episcopos
1502 1638 1517 1662 ,
1559 1599 1859 1667 interprete

274 1709 330 1751 et
379 1706 665 1765 sequestro
696 1694 965 1764 Nysseno,
1022 1704 1171 1763 gesta
1209 1702 1351 1745 sunt.
1386 1690 1681 1759 Gregorius
1711 1690 1857 1745 enim

272 1789 578 1860 Nyssenus,
611 1789 701 1857 qui
730 1788 1019 1856 episcopus
1070 1784 1242 1838 factus
1270 1794 1353 1837 est
1390 1800 1530 1837 anno
1554 1784 1681 1848 37!,
1716 1800 1855 1837 nun-

1970 585 2198 653 epistola
2231 583 2519 651 sequenti:
2555 580 2837 637 Continere
2880 600 2959 637 me
3005 586 3234 651 amplius
3273 602 3393 638 cum
3446 604 3549 642 non

1968 693 2192 745 possem,
2247 675 2398 744 prior
2448 676 2567 742 rupi
2625 692 2821 728 uocem.
2860 677 2996 730 Nam
3031 694 3152 731 cum
3184 695 3308 733 eum
3341 681 3550 737 intimis

1973 768 2226 823 sensibus
2268 777 2495 838 angeret
2535 767 2658 822 hate
2687 768 2975 837 dissensio,
3013 771 3144 824 nihil
3164 770 3273 838 jam
3295 784 3551 827 cunctan-

1969 862 2094 915 dmn
2123 876 2243 915 esse
2296 872 2446 915 ratus
2476 860 2572 931 (h),
2616 863 2808 917 scribit
2846 865 2913 916 ad
2964 874 3255 931 patruum,
3290 868 3449 935 eique
3493 869 3546 921 in

1970 955 2283 1005 memoriam
2316 962 2538 1006 revocat
2584 964 2868 1020 paternmn
2901 954 3051 1007 illum
3086 956 3352 1019 animum,
3386 971 3548 1025 quem

1968 1048 2070 1101 sibi
2129 1063 2226 1116 per
2280 1057 2446 1102 lotam
2486 1050 2652 1101 vitam
2704 1049 3044 1102 exhibuerat.
3092 1050 3430 1118 Obtestatur,
3491 1063 3549 1106 ut

1966 1157 2088 1195 cum
2130 1157 2233 1209 pax
2266 1152 2321 1195 et
2367 1140 2729 1194 mansuetudo
2766 1141 2998 1208 propr-im
3050 1132 3160 1194 sint
3200 1143 3345 1197 illius
3381 1145 3547 1198 animi

1966 1236 2146 1297 dotes,
2186 1235 2402 1287 modum
2457 1234 2696 1303 imponat
2728 1234 2975 1287 tristibus
3022 1235 3206 1298 rebus,
3241 1237 3431 1290 ducem
3486 1252 3547 1290 se

1967 1326 2091 1379 aliis
2127 1327 2369 1395 prtebens
2402 1328 2466 1378 ad
2500 1328 2729 1395 Optima,
2766 1329 2990 1381 minime
3030 1344 3160 1382 vero
3185 1330 3349 1382 alium
3382 1332 3447 1383 ad
3482 1331 3548 1383 il-

1966 1418 2109 1469 licita
2136 1431 2391 1484 sequens.
2426 1414 2559 1467 Nam
2601 1430 2697 1469 nec
2722 1416 2858 1471 alios
2884 1418 3168 1485 episcopos
3192 1418 3385 1471 decere
3407 1419 3548 1473 hanc

1965 1510 2365 1563 dissensionem
2395 1548 2409 1569 ,
2436 1508 2529 1561 sed
2565 1508 2739 1575 ipsum
2795 1510 3029 1562 maxime
3062 1510 3359 1573 dedecere;
3422 1525 3544 1563 cum

1963 1600 2266 1668 praesertim
2304 1599 2501 1652 malum
2531 1614 2635 1652 non
2680 1615 2789 1654 uno
2826 1600 3007 1667 aliquo
3033 1601 3540 1664 circumscribatur,

1964 1695 2059 1745 sed
2095 1701 2234 1746 totas
2258 1693 2510 1747 civitates
2536 1702 2591 1745 et
2624 1692 2851 1759 populos
2884 1692 3063 1749 hedat.
3113 1692 3289 1761 Rogat
3337 1694 3542 1760 itaque,

1964 1793 2021 1837 nt
2044 1786 2157 1839 sive
2181 1784 2483 1838 Caesaream
2514 1784 2783 1837 veniendo
2802 1823 2816 1844 ,
2844 1784 2959 1837 sive
2983 1784 3294 1848 scribemlo,
3333 1787 3450 1840 sive
3476 1787 3544 1839 ad

275 1886 403 1936 dum
464 1883 603 1935 hanc
633 1881 950 1950 dignitatem
983 1878 1207 1946 adeptus
1239 1886 1392 1939 erat,
1421 1885 1475 1929 et
1506 1893 1626 1930 cum
1657 1891 1740 1939 eo,
1800 1884 1858 1928 ut
1892 1851 1933 1905 Β
1963 1891 2021 1928 se
2077 1878 2428 1939 accersendo,
2464 1877 2580 1930 sive
2612 1892 2943 1947 quocunque
2986 1878 3093 1931 alio
3130 1878 3288 1931 modo
3311 1918 3324 1942 ,
3362 1892 3543 1934 reme-

280 1973 515 2042 negotiis
550 1972 806 2040 curisque
838 1983 1034 2037 vacuo,
1069 1968 1373 2038 expostulat
1426 1968 1659 2022 Basilius
1711 1971 1857 2037 quod

276 2067 346 2119 ad
374 2080 436 2119 se
467 2064 736 2117 dilllcilem
759 2072 813 2115 et
835 2063 1117 2117 molestam
1142 2062 1302 2115 vitam
1331 2062 1632 2131 ingressum
1657 2060 1860 2114 auxilio

277 2172 384 2209 non
420 2157 623 2208 veniat.
654 2152 861 2218 Quibus
882 2153 1046 2206 etiam
1070 2151 1247 2206 verbis
1275 2151 1484 2205 initium
1509 2152 1859 2219 episc0patus

274 2246 411 2298 satis
447 2245 673 2297 indicat.
708 2243 1011 2313 Nyssenum
1061 2243 1277 2311 quidem
1309 2252 1464 2296 vocat
1498 2241 1860 2312 αἱδεσιμώτα-

272 2353 390 2400 τον,
423 2336 927 2389 rererendissimum.
969 2333 1073 2388 Sed
1124 2334 1263 2387 hunc
1293 2334 1548 2387 honorem
1581 2334 1861 2405 presbyte-

277 2432 377 2494 ris,
406 2440 465 2481 ut
494 2429 751 2483 observat
777 2427 1179 2490 Tillemontius,
1216 2428 1488 2481 interdum
1516 2428 1713 2491 defert,
1749 2429 1858 2482 imo

277 2522 408 2588 ipsis
448 2537 837 2589 nonnunquam
869 2522 1046 2585 laicis,
1076 2528 1131 2573 ut
1161 2521 1314 2574 initio
1340 2521 1583 2590 epistola:
1628 2520 1717 2573 7|.
1749 2521 1856 2573 lm-

278 2614 471 2665 tnerito
500 2630 633 2682 ergo
667 2614 780 2667 haec
820 2612 1200 2667 Tillemontius
1232 2612 1395 2666 refert
1422 2613 1487 2666 ad
1514 2629 1717 2666 annum
1751 2613 1850 2666 571

277 2713 331 2756 et
366 2702 493 2755 372.

350 2792 486 2846 Rem
539 2805 719 2846 autem
755 2793 835 2848 sic
873 2800 1206 2849 transactam
1264 2792 1433 2847 fuisse
1481 2792 1740 2848 discimus
1789 2808 1855 2847 ex

278 2885 503 2953 epistola
532 2884 602 2939 58
660 2886 842 2939 Basilii
873 2896 925 2940 et
958 2887 1162 2940 duabus
1187 2886 1557 2954 sequentibus.
1584 2884 1857 2956 Nyssenus

278 2979 556 3044 epistolam
591 2994 749 3030 unam
781 2979 959 3031 attulit
994 2979 1212 3041 Basilio,
1270 2988 1325 3030 ut
1374 2993 1403 3030 a
1456 2978 1729 3031 communi
1767 2993 1858 3047 pa-

282 3078 397 3119 truo
423 3067 690 3137 Gregorio
740 3070 1015 3136 scriptam.
1066 3068 1449 3122 Gratissimum
1501 3067 1553 3120 id
1606 3065 1805 3119 Basilio
1838 3108 1853 3131 ,

1963 1968 2109 2021 dium
2149 1968 2365 2037 aliquod
2389 1968 2597 2023 allerat.

2031 2056 2147 2111 Non
2194 2060 2371 2114 caruit
2409 2070 2597 2129 optato
2646 2060 2798 2115 exitu
2854 2070 2965 2115 tam
3010 2061 3235 2129 insignis
3283 2062 3537 2116 omnibus

1961 2150 2247 2205 charitatis
2276 2152 2520 2206 numeris
2564 2152 2810 2221 epistola.
2843 2152 3125 2207 Venerunt
3169 2169 3196 2205 a
3236 2164 3430 2221 patruo
3458 2154 3545 2206 lit-

1963 2252 2110 2307 term,
2144 2260 2239 2312 per
2260 2243 2585 2312 Gregorium
2614 2244 2836 2298 fratrem
2866 2245 3197 2313 allatae,qure
3215 2258 3268 2299 et
3298 2247 3540 2299 aniunnu

1968 2336 2034 2389 ad
2086 2337 2513 2403 componendam
2561 2337 2955 2390 dissensionem
3004 2339 3407 2406 paratissimum
3462 2338 3542 2390 si-

1960 2426 2315 2494 gniﬁcabant,
2346 2438 2509 2496 atque
2532 2429 2694 2481 etiam
2741 2427 3001 2481 Basiliam
3035 2430 3415 2494 hortabantur,
3482 2441 3543 2485 ut

1961 2518 2154 2582 fratri,
2212 2520 2296 2572 cui
2330 2520 2606 2573 subiratus
2637 2535 2758 2574 esse
2790 2522 3073 2573 videbatur
3101 2522 3170 2574 ob
3211 2523 3540 2575 commenti-

1962 2610 2064 2662 tias
2105 2608 2365 2676 epistolas
2394 2650 2409 2672 ,
2467 2610 2603 2663 iram
2640 2613 2949 2665 redonaret.
3000 2611 3148 2666 Unde
3187 2611 3421 2665 Basilius
3456 2612 3540 2684 (c)

1958 2700 2209 2767 protinus
2237 2701 2303 2753 ad
2337 2710 2589 2769 patruum
2629 2705 2958 2768 rescribens,
2998 2704 3239 2758 declarat
3267 2722 3325 2758 se
3356 2705 3543 2761 fratris

1958 2800 2253 2861 conspectu
2298 2804 2348 2847 et
2377 2802 2536 2847 antea
2572 2795 2894 2849 delectatum
2945 2797 3115 2849 fuisse
3143 2836 3158 2859 ,
3192 2808 3245 2850 et
3289 2801 3541 2865 proxime

1960 2883 2101 2937 illius
2122 2884 2355 2937 adventu
2382 2900 2449 2938 ex
2475 2886 2719 2955 corporis
2748 2886 3065 2939 inlirmitate
3099 2898 3154 2941 et
3194 2891 3360 2941 animi
3389 2891 3542 2941 dolo-

1960 2976 2110 3031 ribus
2135 2988 2465 3042 recreatum,
2495 2993 2595 3031 nec
2634 2979 2923 3047 quidquam
2956 2995 2984 3031 a
3018 2995 3077 3033 se
3106 2982 3273 3049 magis
3302 2981 3537 3035 alienum

1958 3084 2103 3134 esse,
2145 3084 2306 3139 quam
2341 3070 2656 3122 inimicitias
2675 3084 2865 3138 gerere
2893 3086 3012 3122 cum
3043 3072 3382 3139 propinquis.
3403 3072 3539 3126 Cum

278 3158 558 3227 epistolam
599 3162 833 3212 ostendit
874 3160 1117 3228 pluribus
1158 3160 1369 3223 amicis,
1408 3174 1471 3213 ac
1510 3157 1620 3212 Deo
1651 3160 1855 3227 gratias
1883 3192 1925 3247 Ο
1957 3170 2137 3215 autem
2171 3162 2236 3214 de
2279 3160 2642 3215 dissensionis
2670 3178 2833 3215 causa
2861 3162 3095 3217 obscure.
3129 3167 3338 3219 locutus
3392 3176 3541 3220 esset

278 3250 408 3317 egit.
444 3250 513 3300 At
544 3249 652 3302 cito
687 3251 1083 3317 deprehensum
1117 3260 1199 3303 est
1242 3259 1651 3313 commentum,
1687 3263 1853 3315 seque

280 3340 417 3392 hanc
457 3340 741 3406 epistolam
785 3343 1072 3409 scripsisse
1104 3340 1399 3411 Gregorius
1428 3340 1717 3409 episcopus
1758 3355 1853 3393 ne.

277 3433 442 3499 gavit.
473 3432 699 3485 Terram
728 3434 828 3486 sibi
863 3434 1145 3487 dehiscere
1176 3435 1395 3504 Optabat
1420 3432 1685 3487 Basilius:
1716 3435 1850 3487 adeo

277 3528 351 3581 illi
395 3529 497 3582 hoc
534 3530 742 3581 fraudis
789 3536 842 3581 et
884 3527 1148 3579 mendacii
1197 3526 1457 3594 probrum
1512 3525 1851 3593 displicebat.

277 3616 389 3667 Alia
444 3630 639 3669 rursus
678 3618 835 3669 allata
867 3615 1089 3685 epistola
1117 3657 1131 3683 ,
1162 3625 1219 3668 ut
1253 3615 1319 3668 ab
1359 3616 1611 3683 cpise0po
1639 3625 1849 3683 patruo,

276 3721 367 3773 per
402 3709 680 3759 Asterium
730 3707 957 3778 Nysseni
1007 3706 1287 3759 famulum.
1339 3704 1415 3759 Ne
1466 3708 1603 3758 hanc
1637 3706 1849 3773 quidem

273 3815 398 3853 vere
436 3802 661 3853 miserat
708 3802 995 3869 episcopus
1033 3841 1047 3862 ,
1094 3800 1258 3869 idque
1316 3798 1517 3852 Basilio
1566 3800 1852 3852 Anthimus

276 3889 575 3961 Tyanensis
631 3891 915 3959 episcopus
972 3890 1321 3943 renuntiavit.
1375 3888 1613 3942 Tertiam
1673 3890 1851 3942 attulit

274 3978 505 4050 Nysseni
563 3982 796 4035 famulus
852 3980 1226 4034 Adamantius.
1259 3978 1395 4033 Tum
1445 3995 1574 4035 vero
1624 3978 1853 4034 Basilius

274 4072 418 4126 inter
447 4075 582 4126 duas
618 4072 971 4142 cogitationes
1001 4072 1188 4138 haesit;
1220 4072 1505 4126 videbatur
1526 4072 1575 4127 ei
1606 4072 1767 4126 ﬁdem
1799 4083 1853 4127 et

274 4166 539 4218 honorem
593 4166 790 4220 mereri
843 4165 1069 4234 epistola
1108 4180 1204 4233 per
1250 4164 1572 4234 Gregorium
1628 4164 1850 4219 fratrem

276 4258 439 4311 missa
465 4274 479 4322 ;
509 4258 603 4311 sed
634 4259 713 4312 bis
742 4258 853 4328 jam
883 4260 1136 4327 deceptus
1167 4274 1269 4311 non
1303 4267 1514 4326 poterat
1560 4274 1664 4313 non
1715 4258 1851 4312 dil'lio

275 4351 422 4404 dere.
464 4349 665 4403 Scribit
692 4366 821 4419 ergo
844 4351 911 4404 ad
945 4350 1169 4405 fratrem
1200 4391 1214 4415 ,
1245 4352 1469 4420 ejusque
1525 4344 1852 4422 simplicita-

277 4453 382 4494 tem
438 4457 562 4496 cum
598 4458 697 4496 sua
740 4454 930 4511 sponte
984 4442 1307 4497 Christianis
1360 4460 1466 4497 non
1521 4459 1847 4512 congruere,

1956 3261 2215 3318 patruus,
2264 3257 2547 3322 respondet
2585 3253 2814 3308 Basilius
2866 3271 2925 3309 se
2965 3270 3074 3324 prce
3119 3258 3327 3310 inscitia
3364 3260 3539 3311 minus

1957 3343 2261 3414 intelligere
2293 3346 2419 3413 quid
2458 3347 2557 3399 sibi
2591 3346 2758 3400 velint
2793 3363 2912 3415 qum
2941 3359 3059 3401 acta
3087 3359 3211 3402 sunt
3239 3365 3252 3402 :
3280 3360 3536 3404 ert-terum

1956 3436 2181 3489 fratrem
2224 3452 2252 3489 a
2286 3453 2343 3490 se
2385 3449 2632 3491 coactum
2660 3454 2765 3491 non
2790 3439 2955 3493 fuisse
2973 3440 3269 3509 quidquam
3304 3444 3422 3495 viva
3449 3459 3539 3495 vo-

1956 3544 2017 3582 ce
2054 3531 2254 3591 dicere,
2276 3542 2559 3600 propterea
2594 3535 2733 3601 quod
2790 3549 2889 3587 nec
2950 3544 3106 3589 antea
3141 3535 3307 3604 ipsius
3360 3552 3539 3593 sermo

1957 3622 2207 3674 veritatis
2248 3624 2556 3676 testimonio
2598 3624 2949 3679 conﬁrmatus
2988 3625 3185 3680 fuerat.
3215 3627 3412 3682 Nescio
3441 3642 3539 3683 enr

1957 3712 2337 3767 Tillemontius
2374 3715 2456 3767 bis
2488 3714 2809 3782 Gregorium
2861 3732 2887 3768 a
2927 3728 3121 3785 patruo
3148 3758 3162 3782 ,
3198 3728 3318 3788 post
3377 3734 3536 3773 acce-

1956 3814 2100 3871 ptam
2161 3802 2347 3857 Basilii
2400 3806 2707 3871 epistolam,
2744 3808 2964 3860 missum
3011 3808 3178 3862 fuisse
3232 3811 3531 3864 existimet.

1963 3896 2055 3950 His
2088 3899 2231 3952 enim
2262 3899 2461 3961 verbis,
2503 3897 2566 3951 Et
2600 3910 2753 3951 antea
2784 3899 3004 3953 libenter
3041 3902 3276 3954 videbunt
3318 3903 3535 3970 fratrem

1954 4006 2191 4043 meum...
2226 3999 2275 4042 et
2310 4007 2447 4043 nunc
2485 3990 2662 4043 eodem
2689 3991 2882 4059 aﬂ'ectu
2918 3995 3120 4061 suscepi
3158 3994 3536 4060 advenientem,

1954 4081 2057 4134 hoc
2114 4089 2322 4133 tantum
2379 4080 2581 4132 indicat
2629 4079 2861 4133 Basilius
2912 4095 2969 4133 se
3011 4080 3196 4135 fratris
3242 4096 3535 4152 conspectu

1955 4187 2076 4225 cum
2096 4187 2307 4239 semper
2330 4170 2652 4223 delectatum
2692 4170 2883 4238 fuisse,
2921 4181 3032 4225 tum
3063 4172 3224 4226 etiam
3257 4176 3535 4243 proxime,

1954 4280 2075 4317 cum
2106 4280 2133 4314 a
2162 4271 2353 4330 patruo
2378 4262 2660 4331 epistolam
2692 4262 2929 4316 afferret.

2027 4355 2171 4409 Nihil
2201 4365 2428 4424 patruus
2463 4364 2723 4408 statuerat
2752 4356 2817 4409 de
2849 4370 3175 4422 congressus
3211 4367 3452 4425 tempore
3483 4366 3535 4410 ct

1955 4447 2094 4502 loco.
2129 4446 2469 4515 Quapropter
2499 4446 2691 4499 iterum
2728 4458 2880 4514 rogat
2918 4446 3171 4512 Basilius,
3213 4458 3270 4499 ut
3308 4449 3419 4500 haae
3448 4463 3536 4499 ar-

278 4544 391 4586 tum
419 4534 587 4587 etiam
629 4536 853 4601 tempori
892 4535 1111 4587 minimc
1129 4536 1421 4589 convenire
1450 4535 1711 4589 declarat.
1753 4534 1845 4587 Li-
1882 4528 1925 4581 ί)
1954 4539 2118 4593 bitrio
2144 4555 2244 4593 suo
2270 4539 2530 4602 deﬁniat;
2558 4538 2658 4591 sibi
2691 4540 2847 4591 enim
2886 4550 3146 4591 statutum
3179 4553 3299 4593 esse
3332 4541 3536 4593 servire

276 4630 407 4681 bere
435 4637 615 4681 mouet
636 4644 757 4681 eum
796 4629 993 4683 talibus
1032 4630 1262 4699 negotiis
1291 4644 1508 4681 manum
1543 4628 1839 4681 admovere

276 4736 383 4775 non
418 4720 689 4785 debuisse,
723 4732 814 4773 aut
841 4720 1031 4772 saltem
1074 4722 1140 4773 ad
1170 4735 1228 4774 se
1262 4722 1443 4772 venire
1470 4719 1741 4783 debuisse,
1769 4718 1850 4772 si-

276 4813 441 4879 hique
474 4825 629 4879 opem
680 4810 823 4864 ferre
867 4826 1060 4863 novam
1089 4814 1254 4864 vitam
1314 4812 1579 4879 ingresso,
1619 4825 1739 4879 quae
1794 4819 1849 4865 et

277 4919 475 4972 corpus
509 4903 741 4956 conterit
790 4913 844 4955 et
874 4904 1108 4955 animam
1156 4902 1397 4956 conﬁcit.
1430 4900 1671 4955 Tandem
1706 4901 1847 4955 idem

274 4998 324 5051 ei
360 5011 675 5064 responsum
712 4998 823 5059 dat,
864 4995 1003 5063 quod
1026 4995 1136 5062 jam
1189 4994 1439 5063 praesenti
1493 4995 1738 5057 dederat,
1774 4994 1845 5047 li-

275 5090 468 5143 benter
504 5103 563 5142 se
597 5104 717 5141 cum
749 5099 940 5158 patruo
981 5098 1033 5140 et
1069 5088 1332 5155 episcopis
1379 5101 1838 5156 congressarum,

275 5182 319 5235 si
356 5191 567 5249 tempus
601 5190 655 5234 et
684 5181 858 5234 locum
895 5178 1174 5243 deﬁniant,
1203 5194 1370 5248 seque
1403 5187 1459 5232 ut
1500 5196 1598 5249 par
1623 5190 1710 5234 est
1742 5180 1843 5232 ad-

274 5286 470 5329 vocent
502 5295 515 5329 :
549 5277 640 5329 sed
664 5278 853 5329 adesse
884 5290 941 5328 se
974 5288 1077 5328 non
1113 5288 1269 5343 posse
1291 5312 1307 5337 ,
1343 5274 1446 5327 nisi
1487 5276 1645 5328 modo
1703 5289 1836 5328 con-

278 5369 492 5436 gruenti
515 5369 826 5421 advocetur.

348 5461 435 5514 IV.
473 5460 709 5513 Tertiam
768 5459 914 5513 illam
970 5458 1250 5527 epistolam
1304 5458 1499 5512 merito
1535 5467 1841 5526 suspectam

277 5552 476 5607 Basilio
506 5552 694 5617 luisse,
720 5566 819 5607 nec
846 5552 1111 5607 veriorem
1136 5564 1298 5620 quam
1334 5552 1468 5606 duas
1500 5550 1833 5620 superiores,

344 5735 420 5805 (α)
441 5735 537 5789 Or.
563 5734 653 5789 ρο.

344 5804 418 5878 (ὁ)
450 5805 550 5876 Ep.
576 5804 665 5859 59.

1952 4629 2023 4682 illi
2052 4629 2104 4681 in
2155 4628 2418 4683 charitate
2443 4669 2456 4693 ,
2483 4630 2597 4683 sive
2627 4629 2928 4683 Caesaream
2967 4631 3150 4683 venire
3192 4629 3360 4693 velit;
3408 4632 3527 4684 sive

1954 4721 2228 4790 privatim,
2260 4720 2373 4773 sive
2412 4735 2532 4774 cum
2563 4720 2685 4774 aliis
2726 4720 3004 4785 congredi.
3040 4720 3176 4785 Quid
3212 4722 3407 4773 deinde
3430 4738 3530 4788 ge-

1959 4820 2098 4865 stum
2130 4811 2218 4873 sit,
2258 4810 2527 4863 nescimus
2560 4829 2571 4863 :
2614 4812 2707 4864 sed
2738 4812 2961 4863 minime
2992 4810 3235 4875 dubium,
3270 4812 3399 4879 quin
3432 4813 3535 4864 Ba-

1959 4902 2115 4957 silius
2137 4910 2381 4971 Optatum
2412 4918 2531 4953 cum
2562 4902 2831 4968 episcopis
2854 4915 3227 4968 congressum,
3262 4917 3419 4969 quem
3450 4920 3537 4957 sa-

1958 4994 2151 5048 nandis
2195 4995 2510 5047 vulneribus
2540 4992 2617 5064 (d)
2666 4993 3033 5047 necessarium
3062 4992 3361 5058 judicabat,
3419 5006 3535 5048 tan-

1958 5087 2078 5140 dem
2134 5097 2455 5140 consecutus
2488 5087 2594 5151 sit,
2644 5095 2696 5139 et
2746 5094 2871 5138 ante
2901 5086 3133 5138 medium
3168 5101 3368 5140 annum
3405 5088 3531 5152 ὅτι,

1959 5196 2065 5249 quo
2088 5189 2327 5248 tempore
2352 5179 2419 5232 ad
2449 5178 2877 5247 pacilieatiouem
2903 5177 3275 5231 Ecclesiarum
3310 5195 3528 5249 aggres-

1957 5288 2048 5325 sus
2082 5281 2183 5335 est,
2220 5271 2382 5324 ﬁnem
2411 5269 2705 5323 tristissimi
2737 5269 2944 5323 dissidii
2965 5271 3185 5335 viderit,
3215 5271 3366 5338 cujus
3402 5288 3527 5340 par-

1961 5363 2149 5431 ticipes
2174 5370 2332 5415 erant
2372 5369 2498 5413 tota:
2533 5360 2783 5414 civitates
2806 5370 2860 5414 et
2894 5361 3100 5431 populi,
3138 5376 3242 5414 non
3269 5363 3407 5423 quod
3456 5363 3531 5413 al-

1958 5455 2149 5506 terutri
2205 5452 2347 5522 parti
2403 5451 2687 5506 studerent
2721 5452 2923 5524 (neque
2967 5453 3110 5507 enim
3140 5451 3194 5505 id
3222 5451 3353 5505 dicit
3380 5450 3533 5504 Basi-

1957 5548 2102 5617 lius),
2139 5545 2232 5600 sed
2279 5544 2405 5613 quia
2460 5544 2703 5617 episcopi
2762 5548 2905 5605 inter
2949 5560 3008 5601 se
3056 5543 3175 5600 sine
3215 5543 3529 5615 populorum

2049 5729 2097 5798 c)
2124 5728 2218 5793 Ep.
2249 5728 2318 5781 60
2332 5767 2344 5780 .

2049 5730 2097 5798 c)
2124 5730 2218 5793 Ep.
2249 5730 2344 5781 60.

2026 5730 2102 5872 ἑά)
2136 5800 2228 5868 Ep.
2258 5800 2351 5863 59,
2382 5814 2435 5852 n.
2464 5798 2522 5851 2.
