3958 6212
379 341 547 385 LXVIII

1706 313 2242 373 PBOLEGOMENA.

381 440 678 500 offensione
745 438 990 493 lissidcre
1043 452 1148 491 non
1184 444 1410 506 possunt
1453 435 1555 508 (a).
1613 435 1946 491 Besederunt
1973 446 2020 500 Α
2052 451 2158 504 que
2211 434 2554 490 scribendum
2585 451 2704 491 esse
2733 435 2908 502 duxit,
2942 445 3002 491 ut
3050 451 3172 492 cum
3204 436 3374 493 altero
3418 435 3616 493 amici-

381 543 562 588 tamen
593 531 648 585 in
676 547 710 592 It
729 528 947 586 tnnullis
970 528 1182 583 animis
1219 527 1459 596 reliquiae
1486 527 1695 583 doloris
1723 537 1777 580 et
1808 527 1944 582 invi-

379 625 504 688 diae,
526 637 659 692 quae
678 635 819 675 anno
834 619 938 674 572
975 620 1336 674 emicuerunt.

447 715 781 771 Promiserat
835 713 1034 767 Basilio
1085 711 1162 784 (ιβ)
1202 711 1500 782 Gregorius
1550 723 1840 768 venturum
1885 726 1945 767 se

377 807 702 870 Caesaream,
735 814 1020 875 postquam
1061 805 1266 860 umbra:
1287 821 1496 871 eorum,
1521 807 1612 875 qui
1637 807 1833 862 Basilio
1864 808 1945 861 in-

376 899 740 962 sidiabantur,
770 897 1182 964 praeteriissent,
1213 906 1266 951 et
1296 896 1496 966 leprosi
1539 897 1795 952 Davidem
1827 897 1944 953 Ilie-

374 988 664 1058 rosolymis
709 987 996 1042 desiissent
1048 988 1354 1043 excludere.
1395 989 1495 1042 Vix
1542 989 1761 1044 dubium
1810 990 1940 1058 quin

374 1081 640 1151 promissa
697 1080 842 1135 circa
903 1081 1005 1134 hoc
1068 1089 1276 1147 tempus
1322 1080 1629 1150 perfecerit.
1688 1080 1942 1147 Quamvis

373 1173 518 1228 enim
537 1173 773 1227 Basilius
803 1173 854 1225 in
888 1172 1112 1241 epistola
1146 1171 1232 1237 7|,
1269 1186 1451 1226 mense
1479 1172 1784 1239 Septembri
1834 1173 1940 1227 hu-

367 1264 459 1332 jus
486 1264 612 1318 anni
643 1264 845 1332 scripta
880 1263 1182 1332 expostulet
1222 1277 1344 1318 cum
1377 1263 1640 1333 Gregorio
1661 1303 1675 1327 ,
1703 1264 1845 1332 quod
1874 1264 1939 1318 ad

373 1369 432 1409 se
475 1370 580 1409 non
612 1354 829 1420 veniat;
859 1369 965 1408 non
1003 1363 1182 1408 tamen
1228 1355 1496 1424 queritur,
1522 1358 1665 1424 quod
1701 1356 1938 1410 nondum

373 1460 434 1502 se
457 1445 722 1509 inviserit,
755 1445 848 1500 sed
874 1443 1015 1513 quod
1069 1459 1316 1515 magnam
1349 1446 1475 1499 anni
1519 1455 1724 1514 partem
1757 1461 1938 1501 secum

373 1555 481 1594 non
507 1538 757 1594 traducnt
782 1534 880 1605 (ε).
908 1533 1013 1589 Ubi
1042 1549 1226 1589 secum
1253 1534 1442 1590 habuit
1478 1535 1796 1607 Gregorium
1832 1535 1938 1591 Ba-

370 1631 552 1696 silius,
580 1632 774 1685 obtulit
807 1627 856 1683 ei
891 1625 1160 1684 cathedra:
1192 1627 1454 1682 honorem
1498 1637 1551 1682 et
1578 1629 1810 1697 primum
1857 1629 1939 1682 in-

371 1732 453 1779 ter
476 1724 824 1793 presbyteros
848 1722 1021 1775 locum
1045 1761 1060 1786 ,
1091 1719 1185 1775 sed
1215 1719 1484 1775 recusanti
1509 1728 1563 1774 et
1593 1720 1847 1774 invidiam
1875 1735 1939 1775 ac

2053 525 2183 578 tiam
2213 524 2396 588 iniret,
2420 539 2540 578 cum
2574 525 2743 579 altero
2769 535 3076 580 renovaret.
3109 527 3248 581 Sunt
3269 528 3349 582 hae
3373 529 3618 597 epistolae

2043 616 2114 672 65
2137 625 2192 670 et
2232 613 2335 682 64,
2359 631 2492 686 quas
2520 617 2719 671 idcirco
2747 618 2813 671 ad
2848 618 2991 673 hunc
3041 634 3240 673 annum
3301 619 3614 686 referimus,

2046 709 2172 777 quia
2209 709 2484 778 pertinent
2519 711 2582 763 ad
2617 709 2745 764 illud
2791 718 3004 779 tempus
3031 749 3046 775 ν
3092 726 3199 780 quo
3241 705 3471 765 Basilius
3511 727 3618 766 sae-

2043 815 2107 868 pe
2147 799 2414 870 Elpidium
2445 839 2460 866 ,
2510 801 2761 856 veniente
2808 801 3107 857 Caesaream
3151 803 3378 873 praeside
3407 843 3422 871 ,
3463 804 3616 859 vide-

2044 893 2156 944 Ital.

2113 980 2370 1036 Atarbius
2403 981 2478 1052 (g)
2510 980 2892 1050 Neoczesarete,
2917 992 2975 1037 ut
2997 982 3130 1038 infra
3151 985 3470 1053 videbimus,
3497 989 3617 1057 epi-

2041 1087 2258 1141 sc0pus,
2295 1072 2477 1127 Basilii
2512 1077 2948 1142 consanguineus
2980 1091 3043 1130 ac
3071 1077 3450 1146 :etatejunior,
3491 1079 3613 1133 lon-

2041 1182 2106 1232 go
2133 1163 2352 1218 silentio
2373 1165 2610 1220 animum
2631 1165 2832 1221 Basilio
2857 1183 2960 1222 non
2983 1169 3214 1222 amicum
3241 1170 3608 1239 signiﬁcabat.

2043 1254 2148 1308 Sed
2171 1253 2423 1320 Basilius,
2447 1256 2536 1325 qui
2575 1256 2628 1310 in
2660 1254 2899 1311 amicitia
2927 1257 3078 1312 vinci
3101 1258 3244 1313 idem
3281 1275 3400 1316 esse
3443 1262 3612 1317 duce-

2041 1345 2134 1399 bat
2179 1361 2244 1400 ac
2274 1348 2511 1412 vincere,
2547 1349 2697 1418 prior
2727 1349 2967 1405 scribere
2993 1351 3059 1404 ad
3089 1367 3210 1405 eum
3245 1369 3348 1408 non
3377 1351 3608 1423 dubitat,

2041 1456 2270 1510 cumque
2301 1443 2566 1507 hortatur,
2601 1452 2682 1511 ut,
2720 1442 2956 1514 proiecta
2985 1446 3285 1513 iracundia,
3323 1463 3482 1518 quam
3530 1451 3611 1505 si-

2043 1531 2211 1586 lentio
2239 1533 2680 1603 signiﬁcaverat,
2743 1535 3064 1590 charitatem
3110 1551 3166 1592 et
3216 1554 3402 1608 pacem
3437 1543 3610 1598 corde

2039 1622 2326 1691 concipiat,
2364 1633 2418 1676 et
2451 1639 2571 1678 cum
2600 1623 2859 1679 fratribus
2883 1625 3022 1679 idem
3053 1627 3404 1684 sentientibus
3424 1633 3604 1686 studia

2038 1723 2091 1764 et
2132 1729 2291 1769 curas
2343 1729 2440 1784 pro
2479 1710 2734 1770 Ecclesiis
2772 1713 3078 1787 conjungat.
3113 1719 3226 1772 Nisi
3269 1721 3410 1774 enim
3455 1737 3609 1777 sanat

369 1813 696 1881 arrogantiae
722 1810 1086 1879 suspicionem
1105 1807 1329 1880 fugienti
1359 1825 1462 1864 non
1493 1809 1650 1865 modo
1676 1808 1936 1864 molestus
1967 1800 2008 1853 Β
2038 1804 2294 1859 doctrina:
2351 1805 2662 1860 defensores
2694 1816 2899 1861 tantum
2955 1810 3021 1862 ad
3073 1808 3190 1877 eius
3234 1812 3602 1869 defensionem

370 1916 474 1956 non
499 1901 620 1968 fuit,
649 1904 743 1956 sed
767 1903 930 1957 etiam
959 1917 1083 1956 eum
1109 1901 1369 1969 laudavit,
1403 1902 1652 1971 quamvis
1683 1900 1937 1970 provide-

368 2005 452 2050 ret
474 2010 581 2049 non
618 1997 900 2050 defuturos
938 1995 1028 2064 qui
1061 2009 1120 2050 se
1147 1995 1517 2064 vituperarent
1541 2002 1595 2049 et
1619 1994 1671 2047 in
1699 2003 1935 2048 contem-

366 2086 442 2156 pti
467 2086 625 2140 amici
645 2086 850 2140 crimen
877 2094 1150 2141 vocarent.
1169 2084 1486 2154 Gregorium
1518 2099 1625 2138 non
1657 2084 1746 2138 diu
1773 2084 1936 2140 fuisse

367 2174 630 2230 Caesareae
658 2175 888 2244 probant
911 2173 1094 2230 Basilii
1119 2173 1353 2244 querelae
1378 2211 1395 2240 ,
1430 2187 1566 2244 quas
1601 2174 1763 2229 modo
1787 2189 1936 2229 com-

365 2267 804 2323 memoravimus.

436 2358 502 2413 V.
556 2357 767 2426 Scripta
827 2359 1042 2414 videtur
1087 2359 1312 2431 epistola
1337 2357 1427 2421 61,
1460 2366 1752 2428 antequam
1784 2356 1934 2412 Basi-

365 2449 471 2504 lius
500 2463 622 2504 cum
650 2449 952 2507 Athanasio
1001 2452 1256 2506 maximis
1283 2452 1349 2506 de
1379 2451 1541 2506 rebus
1573 2458 1780 2520 ageret.
1833 2449 1937 2503 Dn-

364 2554 481 2595 cem
507 2539 709 2611 Libyae,
747 2541 798 2595 in
823 2541 1158 2611 Cappadocia
1183 2551 1364 2594 natum
1387 2578 1402 2606 ,
1426 2541 1718 2595 crudeliter
1753 2549 1807 2594 et
1835 2537 1932 2592 lla~

365 2630 563 2700 gitiose
613 2632 889 2686 viventem
953 2633 1282 2687 Athanasius
1329 2633 1933 2696 excommunicaverat,

365 2723 525 2792 idque
547 2723 796 2778 omnibus
844 2724 1098 2780 Ecclesiis
1132 2725 1572 2780 denuntiaverat.
1616 2725 1935 2795 Respondet

363 2812 594 2868 Basilius
649 2828 710 2869 se
767 2815 911 2871 illius
961 2816 1170 2871 litteras
1225 2817 1424 2886 legisse
1479 2816 1732 2872 Ecclesia:
1785 2833 1931 2883 sum,

364 2916 423 2956 ut
461 2905 603 2959 hunc
635 2907 826 2960 ducem
883 2920 1072 2961 omnes
1123 2906 1544 2960 abominandum
1596 2907 1931 2973 existiment,

361 3009 463 3048 nec
507 2995 685 3065 ignem
744 3004 798 3050 et
853 3011 1048 3066 aquam
1105 3011 1228 3050 cum
1274 3011 1339 3049 eo
1394 3006 1488 3049 aut
1551 3005 1748 3051 tectum
1787 3011 1935 3050 com-

365 3097 526 3138 mune
558 3084 810 3138 habeant.
846 3085 1006 3139 Addit
1055 3099 1114 3138 se
1161 3085 1257 3138 has
1302 3084 1512 3138 litteras
1557 3084 1745 3138 amicis
1783 3085 1933 3139 ducis

364 3185 421 3230 et
461 3176 777 3246 propinquis
823 3185 879 3232 ct
909 3176 1214 3246 hospitibus
1243 3175 1530 3231 ostendere
1581 3193 1689 3232 non
1724 3177 1930 3232 desitu-

361 3281 500 3322 rum.

438 3359 571 3414 Cum
600 3357 974 3415 Parnassenus
992 3358 1274 3430 episcopus
1301 3360 1546 3425 obiisset,
1581 3362 1796 3415 viduam
1824 3362 1931 3417 Ec-

362 3451 581 3506 clesiam
611 3465 679 3506 ex
711 3467 861 3506 more
890 3452 1201 3507 consolatur
1234 3452 1459 3508 Basilius
1494 3453 1594 3526 (tl),
1627 3462 1788 3522 atque
1807 3455 1931 3507 hor-

362 3552 528 3608 tatur,
571 3552 630 3597 ut
675 3542 845 3598 dolori
895 3558 1002 3598 non
1058 3543 1458 3608 succumbant,
1513 3544 1606 3598 sed
1657 3553 1928 3614 pastorem

359 3647 516 3687 suum
542 3635 757 3689 beatum
795 3634 1129 3700 existiment,
1165 3643 1328 3704 atque
1350 3635 1416 3690 ad
1445 3636 1803 3692 necessariam
1837 3635 1931 3690 Ec-

358 3726 539 3781 clesiae
585 3741 770 3780 curam
812 3735 1122 3795 assurgant.
1153 3725 1368 3795 Scripta
1422 3727 1635 3781 videtur
1669 3729 1782 3781 haec
1823 3728 1928 3797 epi-

359 3818 497 3872 stola
526 3827 835 3886 antequam,
866 3815 1104 3872 Valentis
1128 3817 1384 3880 adventu,
1422 3816 1744 3870 Arianorum
1783 3817 1926 3871 vires

358 3908 678 3962 crevissent.
738 3907 906 3962 Valde
966 3907 1109 3961 enim
1171 3907 1514 3959 metuendum
1573 3906 1800 3972 fuisset,
1859 3923 1928 3961 ne

358 3999 544 4051 Ariani
580 3999 633 4052 in
661 3999 927 4054 electione
972 3998 1211 4067 episcopi
1248 3997 1574 4052 Parnasseni
1606 3999 1792 4053 turbas
1847 3997 1928 4051 fa-

358 4097 563 4152 cerent,
595 4103 696 4143 nec
743 4089 1016 4143 omisisset
1063 4088 1298 4143 Basilius
1347 4089 1572 4158 periculi
1609 4089 1927 4159 magnitudi-

362 4193 483 4232 nem
525 4177 878 4234 Parnassenis
907 4189 1035 4234 ante
1083 4180 1270 4235 oculos
1302 4195 1520 4249 ponere.
1572 4180 1709 4235 Hinc
1759 4182 1922 4235 etiam

357 4270 512 4338 copia
545 4269 646 4323 fuit
678 4270 864 4338 Optimi
916 4271 1018 4324 viri
1075 4273 1348 4340 eligendi,
1393 4286 1558 4349 ~quem
1585 4273 1766 4326 Ariani
1833 4288 1926 4326 cx-

355 4361 609 4429 pnlerunt
672 4373 815 4412 anno
893 4360 1018 4415 575.
1097 4361 1299 4431 llypsin
1363 4375 1486 4416 eum
1548 4371 1705 4415 vocat
1767 4360 1921 4413 Basi-

355 4453 461 4508 lius
492 4451 583 4523 (e).

426 4544 540 4598 Hoc
586 4558 728 4598 anno
784 4544 908 4610 571,
949 4544 1232 4614 praesidem
1299 4543 1531 4598 habebat
1584 4544 1920 4612 Cappadocia

356 4636 675 4691 Therasium
706 4676 720 4701 ,
771 4644 829 4689 ut
881 4635 1191 4706 colligimus
1251 4650 1316 4689 ex
1362 4633 1604 4702 epistolis
1642 4635 1708 4687 77
1748 4647 1804 4688 et
1830 4634 1918 4689 78.

355 4725 528 4797 Ilujus
567 4742 809 4781 assessor
835 4737 952 4781 erat
990 4724 1230 4795 Elpidius
1256 4765 1271 4788 ,
1299 4740 1423 4778 cum
1453 4725 1649 4780 Basilio
1684 4726 1918 4779 amicitia

355 4820 844 4887 cOnjunctissimns.
899 4820 1033 4873 Cum
1094 4833 1158 4872 eo
1215 4817 1442 4871 libenter
1499 4817 1905 4886 colloquebalur

355 4908 588 4962 Basilius
641 4909 734 4981 (1),
786 4910 998 4979 quoties
1050 4923 1248 4978 praeses
1291 4907 1594 4962 Caesaream
1625 4907 1915 4961 veniebat:

355 5013 591 5067 cumque
618 5015 681 5053 ex
715 5002 828 5069 ejus
854 5015 1104 5055 sermone
1136 4999 1299 5054 multa
1325 5000 1666 5069 cognovisset
1695 4999 1759 5053 de
1789 5001 1922 5052 duo-

356 5089 456 5144 bus
495 5090 708 5144 exitniis
757 5091 890 5146 viris
914 5133 928 5156 ,
955 5091 1236 5166 principali
1266 5088 1634 5145 Neocmsarcm
1664 5101 1718 5144 et
1749 5088 1920 5162 Hesy-

354 5181 501 5248 chio,
553 5196 780 5251 quorum
808 5182 1040 5252 primum
1083 5182 1225 5237 fama
1266 5190 1472 5236 tantum
1507 5190 1763 5246 noverat,
1799 5197 1922 5235 cum

355 5271 532 5327 altero
587 5281 767 5326 autem
816 5274 1123 5327 communia
1169 5273 1297 5328 olim
1355 5274 1657 5327 litterarum
1702 5273 1875 5326 studia
1904 5311 1920 5336 ,

354 5377 807 5433 communemque
845 5363 1077 5419 amicum
1115 5359 1428 5420 Terentium
1473 5363 1760 5431 habuerat,
1785 5363 1918 5418 utri-

428 5517 503 5588 (a)
532 5517 659 5573 Νη.
694 5536 775 5574 or.
800 5521 892 5576 20.

431 5590 501 5659 (ὁ)
535 5590 664 5643 Naz.
693 5605 778 5659 ep.
805 5594 891 5646 14.

432 5659 500 5731 (c)
531 5660 661 5713 ΝΜ.
683 5677 772 5731 or.
801 5663 892 5716 ‘20.

430 5730 509 5802 (tt)
537 5731 630 5802 Ep.
666 5730 752 5785 62.

2038 1896 2282 1952 laborent
2308 1936 2324 1962 ,
2362 1909 2620 1965 quantum
2674 1899 2740 1952 ad
2771 1914 2888 1953 eam
2919 1903 3329 1971 oppugnandam
3357 1907 3610 1960 adversa-

2038 1988 2124 2056 rii,
2152 1985 2285 2042 nihil
2313 1988 2735 2057 prohibiturum,
2761 1991 3052 2059 quominus
3079 1993 3281 2047 veritas
3320 1995 3386 2049 ab
3419 1995 3606 2049 inimi-

2037 2080 2115 2133 cis
2159 2092 2348 2135 eversa
2395 2089 2618 2150 pereat,
2671 2097 2736 2135 ac
2788 2084 3256 2139 condemnationis
3303 2087 3607 2156 participes

2038 2169 2263 2232 futuros.
2291 2173 2382 2241 qui
2417 2172 2484 2227 ad
2529 2171 2892 2229 Ecclesiarnm
2926 2173 3357 2245 coniunctionem
3393 2179 3610 2249 conspic

2038 2277 2159 2317 rare
2182 2261 2473 2318 noluerint.
2497 2263 2674 2334 Rogat
2701 2274 2907 2333 autem,
2941 2275 3000 2320 ut
3035 2267 3175 2322 hanc
3203 2269 3508 2336 opinionem
3534 2287 3605 2324 cx

2035 2353 2220 2408 animo
2252 2354 2524 2424 projiciat,
2547 2371 2606 2411 se
2635 2355 2864 2412 aliorum
2901 2359 3282 2414 communione
3316 2376 3420 2415 non
3454 2361 3604 2415 iudi-

2035 2457 2184 2512 gere.
2237 2443 2290 2498 Id
2321 2445 2465 2499 enim
2497 2455 2552 2500 et
2581 2448 2836 2502 charitati
2890 2449 3224 2504 contrarium
3257 2467 3395 2518 esse,
3417 2463 3472 2508 et
3501 2455 3606 2508 ho-

2037 2535 2196 2590 minis
2221 2552 2328 2590 non
2359 2539 2650 2608 cogitantis
2676 2579 2692 2605 ,
2731 2541 2851 2595 belli
2885 2542 3082 2596 malum
3112 2582 3128 2607 ,
3160 2546 3299 2612 quod
3327 2546 3381 2599 in
3420 2548 3602 2600 orbem

2035 2625 2430 2696 circumagitur,
2463 2628 2516 2682 in
2572 2628 2968 2700 Cappadociam
3027 2647 3093 2688 ac
3145 2633 3377 2690 Pontum
3430 2637 3602 2691 etiam

2036 2728 2442 2788 perventurum.

2105 2809 2317 2879 Scripta
2355 2826 2483 2882 ergo
2520 2813 2638 2868 haec
2691 2816 2930 2885 epistula
2957 2859 2972 2883 ,
3024 2827 3309 2888 antequam
3358 2821 3554 2875 bellum
3583 2864 3600 2888 ,

2035 2901 2176 2969 quod
2208 2903 2493 2968 circuibat,
2525 2903 3232 2979 Cappadociamattigisset;
3259 2926 3378 2965 cum
3405 2910 3604 2967 Valens

2029 2991 2139 3059 jam
2168 2993 2366 3049 multas
2393 2995 2618 3050 vicisset
2659 2997 2959 3064 Ecclesias,
2998 3009 3054 3054 et
3083 3000 3476 3072 Cappadociam
3506 3019 3603 3074 op-

2035 3094 2366 3152 pugnaturus
2415 3087 2707 3151 videretur,
2764 3091 2858 3144 sed
2921 3093 3156 3145 nondum
3209 3105 3599 3164 oppugnasset.

2035 3171 2308 3230 Prteterea
2337 3192 2458 3231 cum
2489 3180 2768 3234 Atarbinm
2797 3181 2996 3237 salutet
3019 3183 3268 3254 Basilius,
3293 3195 3348 3240 ut
3373 3187 3600 3242 fratrem

2037 3263 2345 3319 unanimem
2372 3277 2427 3320 et
2453 3268 2520 3322 de
2550 3271 2653 3324 ﬁde
2687 3281 2833 3326 recte
2863 3273 3185 3329 sentientem
3212 3293 3226 3340 ;
3283 3277 3602 3335 collocanda

2038 3355 2151 3411 haec
2175 3357 2398 3424 epistola
2431 3369 2556 3414 ante
2583 3375 2782 3416 annum
2811 3361 2936 3430 373,
2965 3381 3071 3434 quo
3097 3366 3302 3421 Atarbii
3332 3369 3602 3423 acerbitas

2038 3444 2089 3498 itt
2137 3443 2396 3502 Basilium
2426 3452 2626 3519 erupit,
2664 3451 2889 3522 ejusque
2931 3453 3063 3509 ﬁdes
3103 3456 3262 3512 malis
3293 3457 3602 3513 rumoribus

2034 3536 2303 3608 ﬂagravit.

2592 3651 2818 3710 CAPUT
2870 3654 3032 3709 XVII.

2034 3734 2072 3788 I.
2192 3737 2426 3814 Basilius
2458 3738 2749 3814 Ecclesium
2776 3760 2964 3810 pacare
2995 3746 3316 3814 aggreditur.
3359 3745 3421 3799 II.
3455 3746 3599 3800 Con-

2103 3809 2239 3877 fugit
2274 3811 2342 3861 ad
2372 3811 2434 3864 S.
2475 3809 2841 3880 Athanasium,
2874 3809 3316 3868 misso'DorOt/teo
3345 3817 3596 3880 diacono,

2103 3887 2157 3930 ut
2199 3880 2455 3953 auxilium
2476 3882 2539 3953 ali
2569 3879 2845 3936 Occidente
2873 3884 3195 3953 impetretur.
3225 3884 3311 3941 ΙΙΙ.
3345 3885 3407 3940 8-
3435 3879 3601 3946 Allia?

2102 3949 2280 4021 {tacitis
2303 3951 2460 4021 mittit
2488 3949 2710 4021 Petrum
2726 3949 3076 4021 presbyterum
3106 3958 3160 4006 in
3182 3955 3602 4020 Cappadociam.

2105 4015 2194 4070 IV.
2230 4017 2421 4070 Basilii
2477 4019 2665 4072 littera:
2713 4015 2780 4072 ad
2825 4015 3089 4075 M'eletium
3125 4034 3172 4075 et
3207 4015 3595 4077 utl'Dttmasum

2100 4102 2309 4154 papam.
2338 4086 2536 4140 lterum
2560 4089 2787 4142 mittitur
2815 4092 3187 4145 Alexandriam
3219 4094 3505 4147 Uorotheus
3536 4103 3596 4146 ut

2102 4158 2220 4208 inde
2246 4155 2467 4211 Romam
2495 4159 2877 4225 proficiscatur.

2099 4263 2140 4318 l.
2167 4263 2241 4334 (lt)
2262 4265 2578 4321 Domesticis
2596 4266 2755 4322 rebus
2775 4283 2839 4322 ex
2863 4269 3125 4324 sententia
3145 4248 3456 4336 compositis
3476 4283 3598 4322 ma-

2024 4353 2142 4423 jora
2177 4355 2400 4409 consilia
2426 4355 2657 4412 Basilius
2680 4359 3010 4428 aggreditur.
3045 4358 3138 4413 Vir
3163 4368 3358 4413 caetera
3403 4358 3594 4414 mode—

1955 4491 1999 4547 Β
2028 4456 2180 4502 ratus
2205 4447 2434 4502 sublime
2459 4451 2712 4518 quiddam
2739 4459 2794 4504 et
2825 4451 3145 4506 immensum
3188 4453 3372 4506 animo
3399 4451 3593 4505 conci-

2024 4537 2123 4607 pit,
2159 4554 2260 4593 nec
2303 4540 2581 4606 charitati,
2623 4555 2728 4610 qua
2754 4539 3041 4611 ﬂagrabat,
3075 4542 3208 4597 alios
3247 4557 3405 4610 quam
3441 4541 3592 4596 orbis

2024 4640 2289 4684 terrarum
2323 4632 2582 4686 terminos
2610 4632 2931 4700 praescribit.
2973 4633 3183 4688 lntimis
3227 4632 3377 4686 illum
3410 4634 3590 4687 sensi-

2023 4721 2125 4774 bus
2156 4722 2425 4790 angebant
2448 4721 2703 4776 Ecclesiae
2734 4723 3024 4777 Orientalis
3045 4723 3400 4778 calamitates.
3425 4723 3595 4778 Gras-

2022 4811 2245 4865 sabatur
2289 4813 2509 4867 haeresis
2536 4852 2551 4879 ,
2591 4814 2850 4867 saeviebat
2888 4814 3204 4882 imperator,
3249 4815 3588 4882 gravissima

2022 4913 2182 4958 erant
2206 4903 2348 4958 inter
2381 4905 2531 4974 ipsos
2556 4906 2884 4960 orthodoxos
2931 4907 3319 4969 dissensiones,
3351 4922 3413 4962 ac
3442 4907 3590 4962 velut

2023 4995 2080 5050 in
2110 5006 2371 5050 nocturna
2419 5011 2594 5066 pugna
2642 4999 2732 5051 vix
2766 4998 2948 5053 hostes
2990 5000 3057 5054 ab
3101 5001 3290 5053 amicis
3341 5000 3589 5070 dignosci

2021 5097 2290 5156 p0terant.
2319 5086 2552 5142 Basilius
2597 5089 2709 5143 haec
2764 5089 2905 5144 mala
2950 5104 3055 5144 non
3086 5091 3338 5158 precibus
3391 5089 3575 5142 solum

2024 5181 2210 5234 studet
2229 5190 2496 5244 avertere,
2527 5189 2660 5236 teste
2682 5180 2942 5251 Gregorio
2963 5181 3306 5236 Nazianzeno
3331 5181 3405 5252 (p.
3429 5180 3609 5256 7546),⁴

2020 5271 2114 5326 sed
2143 5280 2198 5325 et
2225 5271 2364 5340 piam
2387 5271 2678 5326 doctrinam
2711 5274 2900 5327 litteris
2931 5274 3223 5343 consignat,
3241 5271 3589 5327 adversarii:-

2019 5377 2118 5431 quc
2165 5361 2622 5418 colluctationibus
2663 5373 2711 5418 et
2757 5363 2954 5433 prteliis
3012 5365 3269 5434 ingentem
3313 5364 3589 5419 Itwretica-

2099 5520 2165 5591 (ι)
2190 5519 2288 5588 Ep.
2318 5521 2446 5591 237,
2478 5538 2534 5578 n.
2562 5523 2613 5577 2.

2098 5590 2164 5659 (Γ)
2197 5591 2294 5658 Ep.
2333 5590 2422 5645 77.

2097 5664 2172 5731 (g)
2202 5661 2297 5728 Ep.
2337 5659 2428 5714 65.

2097 5733 2174 5800 (tt)
2200 5731 2328 5784 Nae.
2357 5747 2437 5787 or.
2466 5732 2557 5785 9.0.
