3958 6212
1576 297 1742 351 \tTA
1782 295 1843 351 S.
1883 293 2157 349 BASILII.

3423 316 3550 360 LXIX

305 432 413 469 runt
447 418 734 467 audaciam
755 416 957 482 frangit
988 428 1051 464 ac
1077 411 1369 479 propulsat.
1395 426 1481 465 eos
1511 409 1742 478 quidem,
1779 406 1869 476 qui
1900 410 1948 466 Α
1973 406 2028 456 in
2064 413 2319 458 nocturna
2355 418 2531 472 pugna
2572 403 2771 457 nullum
2804 406 2872 459 sit
2908 406 3196 460 amicorum
3223 417 3273 461 et
3306 409 3553 464 inimico—

304 523 485 558 rnunus
512 504 750 572 conferre
780 506 901 557 ausi
933 503 1144 571 fuerant
1171 544 1187 565 ,
1229 503 1394 555 armis
1426 502 1616 569 lingua:
1640 500 1877 551 cominus

303 594 622 648 contundens
654 608 673 645 :
712 607 801 647 eos
848 602 1044 659 autem,
1092 593 1181 660 qui
1231 590 1415 657 procul
1469 592 1532 643 ab
1587 606 1647 642 eo
1696 588 1877 641 dissiti

303 696 465 747 erant,
499 684 707 752 sagittis
736 700 804 736 ea:
824 693 1118 736 atramento
1147 682 1398 750 confectis
1443 682 1656 749 feriens,
1709 678 1874 733 nihilo

304 776 551 845 inferiore
599 776 667 829 iis
714 776 929 847 litteris,
953 792 1071 845 quae
1097 776 1223 828 olim
1261 778 1315 830 in
1360 776 1553 829 tabulis
1600 777 1877 842 insculpta:

304 880 419 921 sunt
450 886 469 921 :
495 885 588 922 nec
627 871 719 922 uni
747 878 954 921 tantum
994 879 1040 921 et
1083 871 1289 935 exigua:
1332 867 1646 923 Iudaeorum
1672 866 1876 921 nationi

303 960 367 1013 de
410 959 541 1013 cibis
569 971 615 1013 et
652 960 972 1027 potionibus,
1005 971 1053 1014 et
1092 961 1306 1013 caducis
1331 960 1631 1027 sacriﬁciis,
1682 961 1880 1013 carnis-

304 1067 400 1119 que
426 1050 856 1121 purgationibus,
894 1055 983 1104 sed
1037 1053 1273 1105 omnibus
1324 1053 1619 1106 hominibus
1645 1090 1660 1117 ,
1717 1062 1874 1121 atque

306 1141 543 1194 omnibus
569 1142 709 1196 orbis
740 1141 1007 1209 partibus,
1042 1144 1104 1193 de
1130 1142 1364 1195 veritatis
1395 1142 1659 1206 doctrina,
1689 1158 1752 1195 ex
1773 1158 1879 1210 qua

304 1232 447 1284 salus
476 1240 840 1300 comparatur,
870 1232 1007 1300 leges
1054 1243 1334 1285 statuente.
1386 1231 1606 1297 Deinde,
1630 1234 1877 1300 quoniam

306 1338 447 1388 tque
480 1320 791 1388 imperfecta
829 1336 911 1375 res
935 1330 1035 1382 est,
1071 1322 1208 1374 actio
1259 1337 1499 1374 sermone
1531 1322 1877 1386 destituta,et

303 1430 471 1465 sermo
501 1412 567 1465 ab
601 1415 804 1466 actione
829 1424 1083 1477 remotus,
1114 1414 1313 1466 idcirco
1335 1414 1561 1467 actionis
1588 1415 1877 1468 subsidium

302 1505 529 1557 sermoni
564 1505 903 1574 adjungebat,
953 1506 1088 1558 alios
1119 1507 1354 1559 videlicet
1396 1508 1604 1570 adiens,
1641 1508 1710 1560 ad
1745 1508 1879 1561 alios

305 1594 623 1663 legationem
651 1596 883 1660 mittens,
918 1596 1054 1649 alios
1090 1612 1355 1649 accersens
1379 1635 1392 1658 ,
1426 1595 1715 1650 admonens
1740 1636 1756 1661 ,
1782 1614 1874 1649 ar-

303 1704 487 1757 guens,
523 1687 821 1756 increpans,
848 1689 1005 1740 minis
1033 1693 1292 1743 insectans
1312 1728 1327 1753 ,
1360 1688 1563 1756 probris
1594 1691 1875 1751 incessens,

305 1798 401 1847 pro
424 1781 686 1850 gentibus,
727 1796 823 1849 pro
854 1780 1089 1843 urbibus,
1139 1796 1230 1847 pro
1279 1780 1502 1849 singulis
1534 1782 1686 1834 etiam
1712 1782 1883 1835 Itami-

304 1872 456 1924 nibus
495 1882 760 1924 certamen
796 1872 1109 1940 suscipiens,
1141 1888 1291 1924 omne
1312 1870 1498 1925 salutis
1528 1889 1689 1940 genus
1724 1890 1881 1926 exco-

309 1968 527 2031 gitaus,
576 1962 921 2033 undecunque
981 1965 1291 2018 medicinam
1342 1965 1522 2019 morbo
1574 1966 1829 2020 adhibens
1861 1984 1880 2023 :

308 2052 547 2106 Beseleel
602 2054 695 2107 ille
723 2094 739 2120 ,
772 2053 861 2108 ille
886 2096 901 2121 ,
942 2056 1154 2124 inquam
1189 2094 1204 2118 ,
1252 2072 1391 2109 arca:
1424 2057 1617 2110 dicina:
1650 2056 1881 2125 fabrica-

306 2154 411 2207 tor,
459 2144 741 2198 materiam
788 2161 990 2199 omnem
1017 2156 1065 2200 et
1098 2155 1264 2199 artem
1290 2149 1360 2200 ad
1386 2147 1651 2216 opiﬁcium
1679 2166 1882 2203 accom-

305 2236 527 2288 modans
550 2274 566 2299 ,
593 2245 751 2306 atque
773 2238 950 2290 omnia
979 2248 1279 2302 contexens,
1303 2242 1371 2293 ad
1415 2242 1661 2294 eximiam
1699 2258 1886 2309 quam-

305 2327 431 2378 dam
491 2326 648 2382 unius
705 2328 877 2397 operis
929 2329 1372 2398 pulchritudinem
1435 2343 1483 2384 et
1556 2336 1885 2388 concinnita-

306 2425 435 2470 tem.

378 2510 662 2581 Multiplex
715 2510 804 2567 ille
850 2510 1109 2567 Ecclesia
1155 2513 1406 2583 juvanda
1454 2518 1663 2584 modus,
1726 2534 1882 2586 quem

307 2603 605 2674 Gregorius
670 2605 946 2669 describit,
1009 2620 1116 2659 non
1197 2610 1264 2661 ad
1325 2610 1495 2662 solum
1550 2612 1888 2681 episcopatus

309 2706 525 2766 tempus
582 2697 777 2754 referri
824 2698 1005 2753 debet.
1054 2700 1181 2753 Hae
1223 2700 1366 2755 enim
1430 2705 1609 2756 omnia
1660 2703 1888 2761 Basilius

308 2790 592 2859 presbyter
629 2798 924 2845 navaverat
960 2807 975 2846 :
1009 2790 1231 2860 ejusque
1280 2795 1562 2860 prudentia
1618 2795 1889 2850 enituerat

310 2879 363 2933 in
396 2881 747 2949 pacilicanda
769 2881 1029 2938 Ecclesia
1056 2884 1303 2946 consilio,
1339 2895 1397 2940 ut
1438 2900 1599 2955 supra
1632 2886 1885 2942 vidimus.

311 2970 414 3027 Sed
445 2975 512 3027 ad
543 2974 909 3042 episcopatum
937 2986 1180 3040 evectus,
1213 2989 1266 3033 et
1298 2980 1348 3032 in
1385 2981 1511 3035 sede
1545 2995 1706 3049 supra
1752 2981 1885 3035 alias

309 3063 584 3118 eminente
609 3064 927 3130 collocatus,
959 3081 1127 3121 novos
1162 3078 1387 3122 conatus
1416 3070 1745 3125 adhibendos
1768 3084 1887 3125 esse
1915 3094 1958 3150 ο

312 3154 587 3225 intelligit,
639 3164 698 3209 ut
748 3156 1054 3213 Catholicos
1104 3160 1247 3237 inter
1285 3176 1342 3215 se
1375 3161 1683 3232 conjungat,
1720 3171 1774 3217 et
1822 3164 1889 3219 ab

309 3246 531 3300 Ariauis
577 3248 805 3303 omnino
834 3249 1126 3319 disjungat.
1158 3249 1279 3305 Jam
1320 3268 1381 3307 ea
1419 3268 1506 3308 res
1538 3263 1735 3308 tentata
1770 3253 1889 3310 fue-

310 3340 602 3407 rat-paucis
632 3349 757 3394 ante
790 3342 967 3407 annis,
994 3343 1087 3397 sed
1124 3344 1324 3398 nullum
1359 3345 1619 3400 habuerat
1663 3346 1889 3411 exitum,

312 3427 653 3498 interpellato
679 3446 707 3484 a
735 3431 958 3486 Valente
992 3433 1243 3498 concilio,
1275 3436 1416 3502 quod
1454 3434 1605 3488 Tarsi
1654 3436 1888 3507 futurum

313 3522 651 3588 sperabatur.
686 3520 803 3575 Alia
837 3523 1016 3591 itaque
1062 3525 1372 3594 aggreditur
1403 3527 1513 3590 via,
1544 3536 1598 3581 et
1633 3527 1698 3579 ad
1729 3525 1889 3581 Occi-

314 3611 556 3666 dentales
584 3613 877 3683 confugere
907 3617 1118 3669 statuit.
1153 3616 1325 3672 Unam
1358 3619 1501 3672 enim
1538 3619 1676 3673 hanc
1706 3620 1893 3676 auxilii

312 3704 453 3757 viam
498 3704 578 3772 (a)
618 3706 780 3774 pandi
814 3706 1182 3762 Orientalibus
1223 3708 1477 3764 Ecclesiis
1510 3710 1890 3777 existimabat;

312 3805 416 3845 nec
454 3783 678 3871 dubium
719 3806 837 3850 erat
887 3797 1041 3865 quin,
1099 3798 1145 3850 si
1188 3794 1561 3853 Occidentales
1599 3800 1739 3854 idem
1780 3811 1893 3855 stu.

315 3882 462 3935 dium
478 3885 559 3943 ad
598 3884 834 3939 Orientis
866 3886 1235 3943 defensionem
1278 3888 1614 3955 adhiberent,
1652 3890 1792 3959 quod
1840 3892 1892 3944 in

313 3973 611 4031 Occidente
661 3978 918 4033 adversus
956 3996 1122 4033 unutn
1166 3990 1257 4033 aut
1302 3980 1528 4035 alterum
1583 3981 1892 4037 hareticum

314 4065 696 4132 adhibuerant,
754 4068 1049 4137 imperator
1100 4071 1459 4125 multitudinis
1512 4073 1890 4127 auctoritatem

315 4169 685 4221 revereretur,
725 4174 789 4213 ac
830 4160 1010 4229 p0puli
1061 4160 1205 4229 ipsos
1246 4162 1473 4215 libenter
1511 4172 1887 4231 sequerentur.

387 4244 525 4301 llud
566 4256 745 4301 autem
777 4250 973 4302 nemini
1006 4249 1225 4303 dubium
1266 4265 1386 4304 esse
1412 4252 1589 4313 debet,
1622 4253 1754 4321 quin
1796 4252 1897 4305 Ba-

318 4338 475 4392 siius
526 4337 603 4407 (b)
648 4337 787 4392 idem
835 4350 1224 4409 prosequatur,
1252 4342 1393 4409 quod
1428 4342 1719 4413 presbyter,
1751 4342 1897 4397 ince-

1981 510 2095 547 rum
2128 495 2429 549 discrimen.
2462 495 2646 565 Legati
2674 512 2701 549 a
2730 496 2937 566 synodo
2964 497 3333 567 Lampsacena
3363 502 3415 555 in
3449 500 3555 559 Oc-

1979 586 2245 641 cidentem
2271 588 2417 641 missi
2439 589 2706 644 redierant
2729 606 2850 643 cum
2875 590 3072 645 litteris
3094 592 3553 652 Occidentalium:

1978 676 2071 731 sed
2110 692 2175 732 ea
2226 692 2284 732 re
2325 692 2424 733 nec
2464 679 2706 749 mitigata
2756 682 3083 748 persecutio,
3119 697 3216 738 nec
3246 684 3557 742 domestica

1977 770 2344 825 dissensiones
2382 770 2604 825 sedata.
2658 771 2836 838 Quare
2893 776 3063 829 satius
3111 791 3231 831 esse
3273 778 3558 836 videbatur

1978 860 2199 925 Basilio,
2224 870 2282 915 ut
2306 875 2369 915 ex
2397 862 2515 930 ipso
2536 861 2825 919 Occidente
2851 868 3215 933 mitterentur,
3238 872 3332 940 qui
3360 872 3558 927 Orien-

1982 960 2086 1005 tem
2122 950 2435 1007 inviserent.
2484 952 2622 1007 Fore
2650 954 2793 1008 enim
2827 966 2906 1021 ut,
2942 959 3068 1011 dum
3103 974 3388 1018 se.omnes
3429 965 3553 1020 boni

1979 1057 2103 1098 cum
2134 1042 2240 1097 illis
2266 1043 2617 1115 conjungunt,
2647 1057 2794 1101 tanta
2834 1053 3130 1106 auctoritas
3171 1054 3345 1123 ipsum
3386 1057 3550 1110 etiam

1980 1135 2121 1191 forte
2166 1135 2545 1205 imperatorem
2589 1151 2831 1195 moveret
2872 1160 2885 1196 :
2922 1151 2973 1197 et
3004 1146 3132 1200 dum
3172 1148 3441 1205 Nicanam
3493 1152 3556 1207 ft—

1980 1227 2100 1281 dem
2129 1227 2439 1285 instaurant
2466 1228 2654 1298 legati,
2684 1232 2808 1286 dum
2843 1250 3026 1303 aquas
3055 1238 3122 1292 ad
3154 1254 3339 1309 pacem
3370 1246 3557 1299 condi-

1981 1320 2156 1375 tiones
2207 1332 2537 1391 proponunt,
2588 1324 2747 1380 facile
2797 1336 2851 1381 et
2896 1328 3099 1385 erroris
3146 1330 3456 1389 defensores
3502 1347 3556 1392 et

1981 1411 2383 1478 perturbatores
2418 1412 2566 1481 pacis
2607 1414 3073 1482 dignoscerentur.

2050 1502 2112 1555 ll.
2152 1502 2257 1557 Sed
2294 1518 2415 1558 cum
2455 1519 2611 1559 nemo
2636 1516 2783 1561 esset
2830 1510 2924 1562 toti
2965 1507 3241 1565 Occidenti
3272 1518 3552 1570 venerabi-

1981 1592 2103 1658 lior,
2128 1607 2290 1661 quam
2326 1591 2384 1647 S.
2416 1594 2761 1659 Athanasius,
2796 1613 2953 1653 nemo
2989 1604 3366 1659 communibus
3401 1607 3554 1662 malis

1980 1684 2100 1752 plus
2124 1686 2350 1751 doleret,
2384 1702 2541 1742 nemo
2578 1697 2633 1744 et
2671 1690 2722 1743 in
2753 1692 3039 1747 cernendis
3071 1695 3230 1749 rebus
3259 1699 3468 1752 acutior
3503 1710 3557 1755 et

1987 1776 2039 1830 iu
2075 1778 2415 1845 perficiendis
2436 1778 2720 1842 efﬁcacior.
2747 1783 2935 1836 scribit
2961 1786 3025 1836 ad
3049 1799 3169 1837 eum
3194 1786 3423 1842 Basilius
3452 1788 3553 1859 (ά),

1985 1881 2049 1919 ac
2080 1876 2232 1937 rogat
2260 1878 2320 1921 ut
2347 1869 2668 1935 pacificandi
2698 1871 2933 1927 Orientis
2963 1875 3242 1929 consilium
3274 1879 3553 1948 suscipiat,

1986 1968 2040 2014 et
2067 1975 2130 2014 ex
2167 1961 2403 2015 Ecclesia
2433 1977 2531 2016 sua
2564 1962 2793 2018 selectos
2817 1965 2962 2018 viros
2998 1967 3173 2020 mittat
3205 1968 3269 2020 ad
3294 1969 3556 2025 Occiden—

1989 2051 2123 2105 tales
2162 2052 2464 2122 episcopos,
2504 2056 2692 2123 eisque
2725 2064 2959 2124 exponat
2991 2056 3326 2113 calamitates
3359 2060 3554 2115 Orien-

1990 2145 2080 2208 tis,
2105 2159 2168 2198 ac
2194 2156 2445 2214 suggerat
2471 2148 2685 2201 modum
2717 2149 2835 2217 opis
2867 2149 3119 2216 ferenda,
3155 2152 3422 2221 simulque
3454 2154 3557 2210 Do-

1988 2233 2134 2288 mino
2174 2237 2427 2302 pacificas
2469 2250 2659 2304 preces
2689 2236 2898 2291 offerat.
2941 2238 3163 2294 Fatetur
3207 2244 3440 2311 reliquas
3470 2261 3556 2302 res

1987 2319 2223 2375 Orientis
2255 2322 2483 2378 fortasse
2512 2326 2580 2378 ab
2614 2341 2680 2380 eo
2726 2327 2842 2382 sine
2872 2326 3292 2385 Occidentalium
3323 2335 3559 2389 admini-

1987 2411 2109 2466 culo
2130 2416 2376 2472 componi
2412 2430 2515 2469 non
2547 2431 2705 2484 posse
2738 2436 2751 2471 :
2783 2419 2875 2473 sed
2909 2420 3336 2485 pacificationem
3372 2425 3557 2481 Eccle-

1988 2504 2081 2558 sia
2123 2504 2471 2560 Antiochena
2516 2524 2579 2561 ex
2633 2512 2746 2577 ipso
2793 2515 3027 2579 pendere
3069 2517 3366 2581 contendit,
3402 2534 3465 2571 ac
3502 2520 3557 2574 in

1988 2598 2158 2668 ipsius
2207 2608 2473 2667 potestate
2519 2602 2681 2654 situm
2735 2616 2876 2663 esse,
2936 2605 3065 2656 utin
3111 2606 3246 2660 alios
3294 2617 3559 2676 tempera-

1989 2699 2171 2744 mento
2220 2698 2419 2756 utatur,
2469 2689 2603 2744 alios
2640 2700 2969 2760 compescat,
3014 2694 3360 2761 praefecturas
3395 2702 3561 2768 parti-

1989 2776 2202 2831 culares
2231 2780 2481 2846 abroget,
2520 2794 2583 2834 ac
2608 2783 2883 2850 antiquum
2912 2781 3167 2838 Ecclesia
3207 2788 3374 2841 robur
3402 2792 3560 2843 resti-

1992 2877 2124 2923 tuat.
2166 2867 2341 2938 Rogat
2370 2886 2499 2941 ergo
2529 2888 2649 2925 eum
2672 2912 2686 2937 ,
2729 2882 2787 2926 ut
2818 2874 3119 2930 Antiochia
3149 2878 3301 2933 malis
3345 2896 3561 2936 movea-

1993 2969 2111 3026 tur,
2157 2970 2211 3014 et
2235 2961 2401 3016 instar
2428 2964 2582 3032 periti
2611 2966 2799 3019 medici
2825 2968 2892 3020 ah
2919 2968 3077 3037 hujus
3106 2968 3361 3027 Ecclesia
3394 2990 3519 3028 cura
3541 3012 3559 3041 ,

1991 3050 2074 3104 cui
2117 3050 2247 3103 nihil
2299 3050 2688 3121 praferendum
2742 3054 2796 3109 in
2835 3056 2966 3112 orbe
3012 3066 3312 3127 terrarum,
3349 3063 3559 3118 initium

1992 3142 2173 3199 ducat.

2064 3232 2187 3290 llac
2217 3236 2436 3305 epistola
2482 3236 2747 3292 Dorotheo
2782 3238 3033 3295 Ecclesia
3063 3241 3412 3298 Antiochenre
3448 3244 3566 3298 dia-

1993 3342 2129 3383 cono
2156 3330 2442 3382 commissa
2471 3337 2554 3383 est
2587 3330 2898 3397 perferenda
2937 3350 2950 3385 :
2985 3332 3077 3385 sed
3110 3349 3229 3387 cum
3260 3336 3310 3387 ei
3347 3336 3562 3390 videre-

1992 3426 2080 3471 tur
2107 3415 2333 3473 Basilius
2372 3434 2475 3472 non
2507 3420 2641 3474 satis
2675 3429 2857 3489 aperte
2890 3421 3211 3489 declarasse,
3246 3439 3331 3479 res
3370 3424 3563 3481 Antio-

1994 3512 2195 3563 chenas
2225 3509 2302 3563 sic
2332 3510 2581 3579 componi
2609 3510 2828 3574 debere,
2858 3522 2915 3565 ut
2945 3513 3154 3569 Meletio
3180 3517 3562 3586 adjungantur,

1994 3613 2114 3667 qua
2137 3598 2341 3653 divulsa
2376 3608 2535 3665 sunt;
2568 3600 2728 3654 aliam
2771 3600 2887 3668 ejus
2926 3613 3111 3670 rogatu
3147 3605 3429 3673 epistolam
3465 3608 3565 3660 ad-

1995 3691 2129 3744 didit
2176 3689 2407 3745 Basilius
2448 3690 2537 3761 (e),
2589 3692 2641 3745 in
2688 3706 2791 3761 qua
2832 3697 3106 3763 conceptis
3134 3698 3313 3750 verbis
3346 3700 3565 3752 demon-

2002 3791 2141 3835 strat
2169 3792 2224 3835 et
2252 3781 2349 3836 sibi
2376 3794 2429 3835 et
2461 3784 2552 3836 toti
2579 3781 2787 3837 Orienti
2817 3785 2867 3837 in
2902 3785 3042 3839 votis
3061 3800 3202 3853 esse,
3236 3798 3291 3840 ut
3322 3787 3567 3843 Meletius

1996 3873 2349 3927 Autiochena
2374 3872 2629 3927 Ecclesia
2654 3874 3019 3943 gubernacula
3051 3883 3248 3940 teneat,
3275 3878 3358 3930 vir
3379 3886 3433 3931 et
3464 3877 3567 3932 fide

1999 3962 2321 4033 inculpatus,
2349 3972 2404 4018 et
2443 3972 2554 4018 tum
2604 3966 2727 4018 vita
2760 3966 3046 4052 sanctitate
3084 3967 3241 4037 longe
3274 3966 3393 4020 aliis
3430 3980 3567 4035 pra-

1997 4055 2272 4121 ferendus,
2299 4065 2408 4110 tum
2434 4057 2577 4126 quod
2614 4058 2867 4112 universo
2894 4058 3147 4113 Ecclesia
3174 4061 3387 4129 corpori
3424 4073 3567 4127 pra-

1996 4149 2086 4211 sit,
2122 4146 2215 4201 alii
2247 4162 2373 4203 vero
2413 4150 2653 4217 partibus
2685 4159 2914 4206 tantum.
2960 4151 3321 4216 Quamobrem
3355 4166 3565 4220 aquum

1997 4251 2139 4301 esse,
2178 4246 2237 4292 ut
2278 4238 2328 4291 ei
2367 4238 2456 4292 alii
2497 4240 2878 4310 adjungantur,
2912 4243 3057 4296 velut
3090 4242 3299 4311 magnis
3336 4242 3569 4297 flumini-

1997 4327 2099 4383 bus
2142 4328 2353 4384 minora
2395 4330 2612 4399 :=idque
2653 4332 2727 4385 ita
2752 4332 2926 4385 visum
2961 4347 3080 4387 esse
3109 4332 3568 4399 Occidentalibus,

318 4439 511 4499 peni;
553 4443 615 4483 ac
654 4429 720 4483 de
752 4429 939 4484 iisdem
968 4432 1254 4501 episcopis,
1292 4431 1588 4500 iisdemque
1624 4433 1691 4487 de
1734 4434 1893 4488 rebus
1924 4430 1968 4485 Ι)
1999 4428 2059 4474 ιιι
2111 4420 2303 4475 littera
2350 4436 2445 4490 per
2486 4423 2703 4477 beatum
2754 4424 3026 4477 Silvanum
3067 4426 3241 4479 allata
3281 4435 3566 4479 testantur.

320 4528 467 4587 agat.
505 4516 804 4573 Verebatur
844 4534 910 4573 ne
948 4522 1182 4590 suspecti
1225 4529 1407 4575 essent
1452 4522 1750 4577 Athanasio
1785 4524 1899 4593 epi-

320 4610 471 4677 tropi
520 4610 595 4663 illi
625 4610 687 4663 ob
721 4611 1024 4664 memoriam
1058 4614 1463 4679 prateritorum,
1493 4613 1620 4681 quia
1650 4613 1901 4668 videlicet

320 4717 512 4757 eorum
556 4716 663 4756 non
702 4702 855 4770 pauci
897 4702 1168 4768 conjuncti
1210 4704 1337 4757 olim
1370 4718 1493 4757 cum
1524 4704 1743 4759 Arianis
1784 4704 1903 4759 fue-

320 4802 469 4849 rant.
509 4794 676 4850 lidem
723 4810 851 4863 ergo
891 4804 1059 4859 sunt,
1102 4811 1165 4850 ac
1216 4796 1306 4865 qui
1344 4811 1485 4850 anno
1510 4796 1636 4861 564,
1670 4796 1902 4852 concilio

321 4882 699 4955 Lampsaceuo
743 4886 1120 4942 interfuerant.
1161 4888 1312 4954 Quod
1352 4888 1404 4941 in
1442 4888 1544 4943 hoc
1588 4888 1817 4942 concilio
1843 4896 1899 4943 et

321 4977 569 5046 pluribus
594 4977 714 5032 aliis
746 4987 1006 5031 tentatum
1039 4976 1237 5041 fuerat,
1276 4986 1333 5031 ut
1374 4977 1465 5046 qui
1510 4978 1649 5032 idem
1696 4979 1897 5032 sentie-

323 5068 480 5130 bant,
511 5083 619 5122 una
659 5067 1112 5137 coniungerentur
1148 5070 1548 5131 communione,
1584 5067 1637 5121 id
1672 5068 1899 5122 Basilius

324 5155 385 5207 in
429 5154 670 5223 epistolis
711 5157 815 5210 hoc
843 5164 896 5211 et
942 5156 1186 5225 sequenti
1221 5171 1361 5213 anno
1399 5158 1614 5226 scriptis
1642 5158 1901 5227 perlicere

325 5254 598 5298 conatur:
631 5247 787 5315 eique
814 5248 1147 5316 propositum
1173 5256 1256 5302 est
1296 5247 1368 5318 (c)
1395 5257 1472 5312 ut,
1506 5250 1595 5318 qui
1633 5250 1772 5301 circa
1810 5265 1895 5303 ue-

326 5350 444 5387 ram
503 5336 662 5402 [idem
718 5336 1060 5402 claudicant,
1112 5338 1380 5406 manifesti
1432 5340 1671 5393 omnibus
1728 5339 1893 5407 ﬁant,

326 5440 682 5494 agnoscantur
718 5440 889 5485 autem
923 5431 1012 5499 qui
1050 5441 1183 5486 recte
1211 5431 1459 5496 sentiunt,
1492 5446 1583 5486 nec
1611 5431 1727 5501 jam
1761 5432 1897 5486 velut

426 5564 478 5635 α)
518 5566 616 5630 Ep.
658 5565 747 5620 66.

404 5567 476 5706 Σὺ)
518 5637 615 5706 Ερ-
657 5636 747 5706 82-

428 5641 476 5705 b)
518 5637 615 5703 Ep.
657 5636 748 5690 82.

516 5698 614 5776 Ep.
658 5705 748 5767 69,
788 5724 841 5761 η.
880 5698 937 5764 ἵ.

655 5801 927 5863 ΡΑτιιοι..
958 5801 1075 5864 Gn.
1116 5803 1348 5863 XXIX.

2069 4509 2157 4567 Ill.
2197 4510 2313 4566 Non
2348 4521 2561 4582 poterat
2595 4516 2921 4570 Athanasius
2957 4531 3219 4570 summam
3259 4515 3401 4569 illam
3440 4516 3572 4569 cha-

2002 4603 2238 4666 ritatem,
2278 4620 2401 4674 qua
2456 4619 2671 4673 semper
2725 4606 2975 4661 omnibus
3028 4608 3265 4675 patebat,
3322 4608 3571 4677 episcOpo

1999 4693 2318 4751 Casariensi
2366 4697 2419 4749 in
2473 4712 2531 4751 re
2575 4698 2707 4750 tanti
2752 4700 3009 4751 momenti
3050 4699 3319 4752 claudere.
3356 4697 3568 4753 Nullam

2001 4803 2207 4843 moram
2245 4789 2369 4844 huic
2406 4790 2605 4844 eximio
2637 4791 2785 4859 operi
2822 4789 3268 4859 interponendam
3299 4790 3473 4856 duxit,
3515 4801 3573 4845 et

2006 4882 2244 4949 acceptis
2270 4880 2450 4935 Basilii
2482 4881 2671 4936 litteris
2698 4884 2880 4935 statim
2905 4882 2951 4935 ei
2982 4882 3278 4951 rescripsit,
3309 4896 3371 4936 ac
3406 4882 3573 4935 Doro-

2002 4973 2130 5027 theo
2155 4973 2405 5026 comitem
2443 4972 2687 5039 adjunxit
2720 4971 2960 5037 Petrum,
3010 4988 3115 5026 non
3170 4973 3317 5026 illum
3356 4973 3573 5042 quidem

2000 5065 2094 5133 qui
2128 5063 2179 5118 el
2213 5064 2478 5118 successit
2519 5063 2685 5135 (hunc
2722 5064 2863 5118 enim
2899 5064 3131 5118 nondum
3174 5065 3385 5117 viderat
3415 5063 3570 5117 Basi-

2000 5155 2104 5209 lius
2129 5154 2194 5225 (f)
2222 5169 2368 5209 anno
2398 5154 2545 5222 575),
2580 5158 2673 5209 sed
2708 5156 2874 5208 alium
2916 5156 3166 5210 Ecclesia
3194 5155 3574 5210 Alexandrina

2001 5246 2403 5313 presbyterum.
2442 5243 2487 5297 Is
2525 5259 2553 5297 a
2606 5244 2806 5298 Basilio
2833 5246 3067 5299 maxima
3096 5262 3217 5299 cum
3248 5248 3432 5301 latitia
3475 5260 3573 5299 ex-

2002 5343 2191 5403 ceptus
2223 5343 2326 5399 est,
2364 5333 2588 5402 ejusque
2620 5334 3060 5403 approbationem
3101 5344 3154 5389 et
3205 5334 3413 5389 laudem
3460 5348 3575 5386 mc-

2010 5433 2136 5496 ruit,
2183 5432 2312 5485 dum
2356 5428 2639 5484 Athanasii
2671 5431 2921 5485 mandata
2957 5442 3174 5485 strenue
3216 5429 3576 5499 persequitur,

2075 5568 2154 5702 ξύ)
2195 5568 2363 5635 Epist.
2405 5568 2494 5625 66.

2098 5638 2144 5702 ς)
2188 5640 2353 5702 Epist.
2394 5639 2483 5691 67.

2098 5656 2124 5705 _e
2188 5640 2353 5704 Epist.
2394 5639 2483 5691 67.

2098 5638 2144 5780 [ἶ
2182 5708 2278 5776 Ep.
2322 5708 2443 5763 153.

2076 5698 2140 5779 (1)
2182 5698 2278 5776 ait.
2322 5708 2443 5763 153.
