3958 6212
305 387 414 431 ιιι

1604 356 2137 417 PBOLEGOMENA.

308 487 605 544 concilians
652 483 959 547 contraria,
1009 495 1075 535 ac
1124 477 1330 535 divulsa
1390 474 1721 547 coniungens
1773 473 1872 546 (a).
1904 479 1951 535 Α
1980 471 2304 535 videbimus,
2341 481 2660 538 responsum
2702 464 2802 521 soli
2846 464 3027 520 attulit
3067 463 3286 533 Basilio,
3322 468 3412 538 qui
3448 483 3551 525 suo

311 580 540 635 Dubium
584 577 800 646 quidem
851 588 956 628 non
1003 579 1089 628 est
1132 569 1541 638 quin'Basilio,
1582 576 1873 636 antequam

310 671 579 727 scriberet
614 667 1019 727 Alexandriam,
1053 664 1205 717 multi
1243 677 1308 717 ex
1347 661 1567 731 collegis
1603 660 1763 714 ﬁdem
1794 658 1879 714 de-

259 830 263 834 _
310 762 516 815 dissent
558 773 617 812 se
655 758 886 811 libenter
922 753 1221 810 Athanasio
1259 761 1313 807 et
1347 751 1784 807 Occidentalibus
1808 750 1875 803 ad

314 848 682 907 defensionem
738 846 862 902 ﬁdei
915 846 1142 901 ducibus
1192 857 1385 898 usuros
1428 857 1444 895 :
1487 850 1545 895 at
1583 840 1733 895 multi
1786 839 1876 893 alii

311 946 651 1008 supererant,
680 937 734 991 in
778 935 973 1005 quibus
1007 934 1285 989 flectendis
1322 931 1706 986 elaborandum
1756 928 1876 983 fuit.

313 1029 576 1098 Sperabat
604 1028 817 1097 quidem
845 1025 1072 1082 Basilius
1107 1033 1252 1096 (pag.
1290 1021 1437 1090 l63),
1462 1021 1577 1076 fore
1609 1029 1879 1075 ut-omnes

313 1120 635 1182 Athanasio,
679 1133 798 1188 quae
827 1117 894 1173 ad
930 1131 1116 1187 pacem
1147 1114 1512 1170 Ecclesiarum
1546 1107 1880 1167 constituen-

315 1213 436 1268 dam
470 1212 763 1280 pertinent,
796 1209 1007 1263 tandem
1045 1206 1468 1262 committerent.
1493 1201 1606 1258 Sed
1626 1202 1882 1256 videntur

314 1301 579 1366 nonnulli,
608 1301 732 1355 dum
760 1299 979 1354 Arianis
1000 1297 1209 1353 occulte
1238 1295 1440 1361 favent,
1471 1308 1534 1348 ac
1565 1302 1642 1348 tot
1672 1292 1881 1363 episco-

314 1407 505 1463 porum
556 1392 814 1446 adversus
861 1390 1106 1445 haeresim
1159 1385 1757 1457 coniunctioniaperte
1781 1385 1882 1440 ob-

317 1495 465 1539 stare
495 1498 599 1538 non
629 1482 847 1545 audent,
884 1489 1061 1537 astute
1100 1495 1280 1535 moras
1324 1478 1598 1533 innectere
1627 1475 1879 1531 voluisse.

317 1571 476 1629 Tales
511 1573 766 1629 exstitere
794 1571 935 1641 (pag.
970 1569 1116 1641 l62),
1142 1573 1231 1639 qui
1263 1569 1612 1638 requirebant
1642 1567 1886 1623 ut’Occi-

318 1664 557 1719 dentales
584 1663 895 1717 nominatim
930 1659 1239 1715 Marcellum
1275 1659 1616 1723 damnarent,
1658 1672 1723 1712 ac
1754 1671 1887 1727 que-

318 1756 577 1809 rebantur
633 1754 775 1822 quod
810 1752 1089 1806 hactenus
1131 1751 1182 1804 in
1227 1749 1400 1805 solum
1447 1748 1637 1803 Arium
1688 1749 1886 1804 invecti

1981 560 2195 616 nomine
2222 560 2456 614 Damaso
2488 554 2799 623 scripserat.
2847 552 2962 607 Non
3000 553 3143 609 enirn
3176 555 3395 610 dubium
3427 571 3555 612 esse

1977 659 2173 722 potest,
2200 651 2331 719 quin
2371 646 2595 716 epistola
2628 644 2715 710 70,
2744 644 2846 699 etsi
2891 644 3241 714 inscriptione
3272 656 3440 713 caret,
3480 649 3553 701 ad

1978 743 2268 797 Damasum
2309 740 2513 809 scripta
2549 738 2640 794 sit.
2690 734 2824 790 Huic
2858 735 3088 790 Basilius
3105 735 3359 791 ’Orieutis
3404 737 3546 791 mala

1978 842 2103 888 ante
2146 832 2334 889 oculos
2377 831 2551 901 ponit,
2603 844 2668 885 ac
2714 836 2870 899 r0gat
2916 827 3225 895 ut—legatos
3264 829 3453 883 mittat
3498 830 3556 883 in

1978 925 2280 990 Orientem,
2337 924 2599 991 majorum
2656 934 2875 977 suorum
2927 918 3194 988 exemplo,
3248 919 3302 973 in
3358 920 3557 989 primis

1981 1010 2243 1080 Dionysii,
2291 1011 2380 1077 qui
2434 1010 2562 1065 olim
2611 1008 2666 1062 in
2723 1005 3120 1076 Cappadociam
3172 1007 3410 1073 miserat,
3458 1009 3556 1077 qui

1980 1101 2219 1169 captivos
2262 1099 2611 1154 redimereut.
2657 1095 2811 1152 Nunc
2853 1104 3028 1150 autem
3075 1097 3352 1166 graviores
3383 1099 3559 1152 multo

1982 1203 2175 1244 causas
2207 1188 2458 1252 subesse;
2487 1202 2591 1242 non
2626 1188 2769 1241 enim
2799 1188 2993 1243 aedium
3030 1185 3428 1242 demolitionem
3464 1186 3554 1240 lu-

1983 1278 2115 1347 geri,
2142 1278 2236 1333 sed
2261 1277 2528 1332 excidium
2548 1275 2909 1330 Ecclesiarum
2927 1275 3403 1342 ;*nec~servitutem
3432 1288 3562 1330 cor-

1983 1382 2195 1441 porum,
2227 1369 2323 1423 sed
2363 1368 2663 1422 animarum
2703 1367 3085 1436 captivitatem.

2028 1458 2188 1513 -Cum
2228 1458 2329 1514 hac
2358 1456 2585 1527 epistola
2621 1456 2947 1511 Dorotheum
2983 1454 3210 1510 Basilius
3238 1454 3458 1518 comite,
3494 1464 3557 1509 ut

1984 1550 2274 1605 verisimile
2317 1559 2423 1614 est,
2470 1549 2633 1604 Petro
2680 1546 3044 1602 Alexandrino
3085 1549 3153 1601 ad
3195 1544 3559 1600 Athanasium

1986 1643 2233 1708 remittit,
2276 1640 2541 1709 adiunctis
2583 1639 2702 1695 aliis
2731 1637 2813 1711 (ά)
2858 1637 2926 1692 ad
2953 1637 3306 1692 Athanasium
3322 1634 3555 1695 ditteris,

1987 1747 2053 1786 ex
2104 1733 2298 1801 quibus
2346 1731 2576 1802 perspici
2618 1736 2817 1799 potest,
2860 1738 3062 1797 quanto
3116 1728 3331 1781 arderet
3376 1725 3559 1781 studio

306 1843 567 1906 fuissent,
600 1816 853 1896 Marcello
885 1840 1028 1895 nulla
1057 1855 1284 1911 prorsus
1309 1840 1576 1894 sententia
1606 1840 1881 1902 damnato,

1996 1824 2220 1881 Basilius
2261 1824 2337 1879 rei
2374 1822 2734 1892 perﬁciendae.
2769 1821 2899 1874 Mira
2927 1821 3069 1874 enim
3098 1817 3374 1887 diligentia
3404 1816 3560 1886 sigil-

319 1949 477 2002 quem
508 1932 668 1987 etiam
706 1931 760 1983 in
797 1929 1232 1984 communionem
1257 1936 1589 1997 receperant.
1622 1926 1770 1983 Satis
1802 1928 1886 1982 in-

320 2025 464 2079 dicat
495 2023 724 2078 Basilius
763 2022 866 2076 hoc
905 2020 1191 2077 consilium
1231 2036 1261 2075 a
1308 2035 1368 2075 se
1402 2030 1582 2074 ortum
1624 2035 1728 2075 non
1766 2034 1888 2076 esse

320 2116 680 2188 (Eustathium
718 2115 895 2186 potius
929 2113 1152 2184 ejusque
1186 2113 1390 2170 similes
1429 2112 1753 2168 crediderim
1796 2127 1889 2166 au-

321 2218 499 2261 ctores
534 2204 744 2273 fuisse),
778 2202 870 2258 sed
898 2210 1074 2256 tamen
1114 2201 1243 2256 illud
1277 2201 1378 2256 sibi
1406 2200 1603 2255 fatetur
1639 2199 1885 2268 probari:

322 2297 710 2368 ac.petendum
767 2295 1033 2365 putateab
1072 2292 1508 2349 Occidentalibus
1553 2300 1610 2346 ut
1652 2290 1888 2347 Marcelli

324 2390 651 2445 mentionem
690 2386 913 2451 faciant,
951 2392 1011 2441 ut
1050 2385 1195 2440 nulla
1233 2399 1460 2455 prorsus
1484 2385 1773 2441 occasione
1803 2383 1888 2439 his

323 2483 415 2551 qui
458 2482 799 2537 occasionem
840 2486 1087 2547 quaerunt
1126 2476 1308 2531 relicta
1350 2475 1511 2531 facile
1551 2484 1733 2545 pateat
1770 2473 1890 2544 qui-

325 2588 447 2628 nam
480 2571 594 2627 sani
628 2571 757 2635 sint,
786 2569 947 2639 quive
984 2568 1288 2623 claudicent
1320 2567 1373 2622 in
1414 2567 1535 2626 ﬁde.
1619 2608 1623 2619 ι

395 2663 529 2718 Dum
566 2662 766 2718 Petrus
800 2660 1176 2716 Alexandrina:
1219 2660 1470 2716 Ecclesiae
1512 2661 1794 2734 presbyter
1834 2660 1890 2717 in

324 2756 661 2827 Cappadocia
684 2762 965 2816 moratur,
1000 2768 1065 2808 ac
1097 2752 1306 2809 Basilio
1346 2767 1567 2823 operam
1601 2762 1763 2810 navat
1791 2753 1887 2827 (ὁ),

329 2848 492 2904 multa
526 2847 656 2903 inita
690 2854 812 2901 sunt
843 2846 1091 2911 consilia,
1122 2860 1186 2901 ac
1215 2845 1482 2915 placuisse
1503 2845 1778 2902 nonnullis
1809 2847 1890 2901 vi-

328 2942 504 3006 detur,
556 2948 616 2993 nt
664 2938 956 3007 imperator
979 2937 1222 2991 adiretur
1254 2945 1310 2992 et
1330 2951 1494 3007 opera
1551 2950 1886 2991 summorum

326 3032 585 3095 virorum,
621 3030 712 3101 qui
748 3029 1036 3100 plurimum
1070 3029 1364 3099 apud-*eum
1398 3038 1666 3099 poterant,
1706 3037 1762 3084 et
1799 3043 1892 3084 ca-

328 3124 538 3215 tholica:
564 3122 697 3215 ﬁdei
711 3130 869 3215 erant
893 3119 1351 3215 studiosi,q_uales
1388 3120 1538 3215 fuere
1561 3121 1886 3215 Arintbmus,
1918 3156 1961 3215 ο

332 3213 516 3269 Victor
554 3225 609 3266 et
652 3209 961 3274 Terentius,
1003 3209 1362 3280 patrocinium
1417 3210 1633 3281 aliquod
1682 3211 1894 3269 afﬂictis

330 3300 587 3357 Ecclesiis
635 3297 1036 3353 conciliaretur.
1071 3296 1323 3354 Fortasse
1358 3297 1463 3352 hoc
1493 3296 1775 3354 consilium
1811 3298 1898 3353 in-

330 3391 398 3447 de
432 3401 633 3455 ortum,
667 3388 808 3460 quod
842 3388 897 3443 in
923 3387 1208 3443 Athanasii
1254 3388 1516 3458 sapientia
1540 3388 1785 3458 plerique
1812 3404 1900 3443 sa-

330 3485 402 3538 tis
448 3481 684 3551 prtesidii
732 3493 853 3536 esse
899 3480 1156 3535 ducerent
1188 3479 1256 3536 ad
1298 3478 1654 3536 res-Orientis
1679 3495 1902 3550 compo-

331 3573 579 3628 nendas:
615 3572 682 3628 ad
726 3573 1119 3643 impetrandam
1170 3583 1350 3627 autem
1391 3572 1778 3643 persecutionis
1811 3585 1900 3625 re-

334 3665 642 3719 missionem
680 3664 817 3734 plus
871 3677 1031 3734 posse
1077 3663 1391 3719 viderentur
1444 3664 1624 3733 magni
1673 3662 1746 3717 illi
1800 3663 1901 3717 viri

334 3768 469 3824 quos
501 3753 752 3819 diximus,
781 3767 944 3822 quam
990 3752 1148 3822 legati
1180 3768 1248 3808 ex
1293 3751 1607 3807 Occidente.
1641 3750 1747 3807 Sed
1780 3766 1900 3806 cum

335 3844 799 3899 animadvertisset
838 3842 1073 3899 Basilius
1118 3842 1263 3898 viros
1303 3842 1423 3899 illos
1460 3857 1561 3898 nec
1599 3856 1755 3912 posse
1803 3856 1904 3897 nec

335 3937 473 3990 velle
516 3938 584 3990 de
615 3935 885 3991 exsulibus
918 3935 1084 4004 loqui,
1117 3945 1279 4004 atque
1304 3934 1466 3989 etiam
1499 3933 1639 4002 quod
1679 3946 1767 3986 res
1810 3946 1904 3999 pe-

330 4027 419 4097 jus
448 4040 553 4080 non
590 4026 750 4093 irent,
776 4039 875 4094 pro
903 4025 1052 4080 lucro
1076 4026 1310 4085 ducere;
1341 4025 1456 4080 haec
1483 4024 1611 4080 vicit
1637 4023 1906 4079 sententia

339 4126 398 4170 ut
442 4115 739 4170 Dorotheus
786 4114 1014 4170 Romam
1060 4116 1383 4180 mitteretur,
1431 4129 1495 4170 ac
1535 4112 1659 4168 inde
1695 4112 1907 4183 aliquos

336 4206 619 4271 excitaret,
666 4206 758 4276 qui
804 4205 1080 4262 Orientem
1129 4207 1441 4276 inviserent,
1488 4203 1623 4260 mari
1666 4212 1903 4271 utentes,

338 4314 407 4354 ne
437 4299 556 4367 quis
584 4312 678 4354 eos
712 4297 1099 4366 interpellaret.

411 4386 498 4443 IV.
542 4386 828 4456 Postquam
861 4387 912 4442 id
943 4396 1201 4443 statutum
1218 4388 1414 4443 habuit
1449 4386 1700 4453 Basilius,
1739 4386 1906 4442 Doro-

1986 1918 2134 1970 latim
2163 1915 2339 1971 omnia
2369 1914 2730 1984 persequitur.
2756 1911 2973 1968 Gratias
3002 1910 3110 1981 agit
3133 1910 3202 1964 ob
3232 1909 3452 1963 missum
3488 1909 3559 1961 ad

1985 2007 2288 2064 se-Petrum
2315 2006 2707 2077 presbyterum,
2744 2018 2775 2058 a
2807 2016 2914 2072 quo
2942 2000 3223 2071 perutilem
3250 1999 3351 2055 sibi
3388 2013 3561 2052 nava-

1989 2107 2096 2153 tam
2143 2112 2264 2154 esse
2304 2112 2527 2166 operam
2573 2104 2819 2151 testatur.
2864 2092 3220 2147 Athanasium
3272 2099 3445 2161 rogat,
3494 2097 3562 2144 ut

1990 2190 2316 2245 Dorotheum
2362 2189 2616 2259 precibus
2644 2188 2759 2243 suis
2785 2202 2850 2253 ac
2874 2184 3111 2242 consiliis
3141 2182 3348 2238 muniat
3376 2196 3439 2237 ac
3463 2181 3561 2236 lit-

1988 2291 2227 2337 terarum
2275 2281 2501 2347 viatico;
2532 2288 2589 2334 et
2616 2278 2887 2334 nonnullis
2918 2293 2949 2333 e
2978 2291 3077 2332 suo
3111 2275 3256 2330 clero
3284 2272 3562 2342 adiunctis

1986 2374 2382 2445 quamprimum
2421 2373 2677 2428 dimittat.
2729 2370 2822 2426 His
2859 2383 2980 2440 qua!
3023 2370 3090 2423 ab
3118 2364 3561 2422 Occidentalibus

1987 2465 2215 2536 petenda
2247 2463 2613 2531 existimabat,
2648 2463 2777 2518 illud
2820 2462 2985 2518 etiam
3032 2459 3289 2530 adiungit,
3318 2466 3379 2512 ut
3416 2456 3561 2512 Mar-

1989 2555 2183 2610 cellum
2221 2554 2539 2609 nominatim
2574 2553 2849 2616 damnent,
2882 2565 2948 2605 ne
2984 2564 3091 2620 qua
3116 2546 3347 2603 occasio
3388 2545 3556 2601 relin-

1989 2653 2188 2714 quatur
2225 2644 2566 2699 occasionem
2613 2641 2995 2709 quaerentibus.
3040 2638 3226 2695 Monet
3262 2637 3447 2702 etiam,
3498 2645 3565 2692 ut

1990 2749 2112 2790 cum
2151 2734 2310 2805 legati
2348 2734 2660 2790 advenerint
2688 2730 3032 2802 (Alexandria
3053 2730 3196 2786 enim
3226 2730 3555 2784 transituros

1991 2841 2097 2881 non
2140 2824 2438 2893 dubitabat)
2481 2824 2697 2879 modum
2747 2823 2827 2878 eis
2873 2821 3186 2892 praescribat
3231 2819 3565 2875 Athanasius

1993 2919 2125 2973 tanti
2164 2917 2402 2973 muneris
2445 2917 2604 2986 digne
2647 2914 2899 2971 obeundi.
2931 2915 3020 2967 Ait
3061 2928 3121 2970 se
3165 2912 3448 2981 scripsisse
3491 2913 3567 2968 ad
3592 2955 3605 2964 .

1992 3011 2302 3081 episcOpum
2328 3008 2537 3074 Romae,
2560 3009 2653 3064 sed
2680 3006 2933 3062 nonnulla
2959 3014 3147 3061 narrat
3170 3020 3230 3060 se
3254 3004 3565 3074 scripsisse,

1993 3117 2114 3173 quae
2138 3118 2260 3160 cum
2285 3102 2338 3156 in
2363 3100 2587 3170 epistola
2618 3100 2684 3153 ad
2716 3098 3003 3154 Damasum
3036 3112 3141 3153 non
3175 3098 3443 3165 legantur,
3471 3104 3568 3150 aut

1996 3196 2209 3252 arcanis
2241 3193 2507 3248 mandatis
2540 3202 2633 3246 aut
2661 3190 2921 3261 peculiari
2950 3188 3339 3245 commentario
3371 3188 3566 3242 viden-

2001 3297 2086 3342 tur
2127 3285 2294 3341 fuisse
2332 3284 2646 3340 commissa.
2676 3281 2789 3337 Non
2817 3281 2959 3336 enim
2994 3288 3150 3350 rogat
3184 3280 3473 3334 Damasum
3507 3278 3566 3332 in

1997 3397 2062 3437 ea
2105 3396 2265 3453 quam
2310 3380 2567 3435 habemus
2603 3378 2849 3448 epistola,
2884 3387 2943 3432 ut
2980 3376 3142 3448 legati
3174 3384 3395 3430 utantur
3425 3374 3564 3428 mari

1999 3483 2054 3527 et
2082 3487 2281 3533 .seeum
2325 3470 2554 3525 afferant
2582 3485 2701 3541 quas
2736 3479 2927 3526 contra
2955 3469 3217 3538 synodum
3261 3465 3573 3521 Ariminen-

2001 3579 2114 3619 sem
2150 3574 2272 3618 acta
2312 3561 2545 3617 fuerant.

2072 3655 2153 3709 Ab
2198 3654 2349 3709 initio
2380 3655 2722 3723 episcopatus
2745 3651 2919 3707 sancti
2951 3650 3132 3706 Basilii
3164 3665 3335 3720 usque
3363 3650 3431 3705 ad
3471 3666 3566 3706 se-

2003 3748 2229 3802 cundam
2291 3746 2434 3799 hanc
2487 3743 2739 3798 Dorothei
2786 3742 3169 3813 profectionem
3217 3743 3350 3798 satis
3399 3742 3572 3799 multa

2004 3840 2446 3902 intercesserunt,
2490 3846 2549 3890 ut
2592 3851 2712 3890 eum
2753 3849 2937 3891 mense
2985 3836 3312 3905 Septembri,
3349 3850 3454 3891 non
3489 3837 3575 3891 ci-

2006 3933 2131 3997 tius,
2174 3929 2553 3986 Alexandriam
2584 3928 2955 3984 existimemus
2987 3930 3233 3984 rediisse.
3269 3929 3570 3984 Ordinatus

2003 4023 2234 4079 Basilius
2276 4036 2460 4077 mense
2509 4020 2809 4090 Septembri
2858 4020 2940 4076 vel
2977 4021 3154 4091 potius
3180 4020 3402 4076 Octobri
3441 4020 3573 4076 anni

2003 4117 2127 4182 570,
2162 4131 2267 4172 non
2297 4129 2486 4186 parum
2526 4114 2815 4183 insumpsit
2848 4115 3105 4184 temporis
3149 4114 3203 4168 in
3237 4114 3574 4169 constituen-

2005 4209 2088 4264 dis
2110 4208 2488 4264 ecclesiasticis
2507 4208 2717 4278 legibus
2745 4216 2798 4263 et
2822 4207 3153 4278 paciﬁcauda
3190 4205 3531 4274 Cappadocia
3555 4224 3571 4272 ;

2006 4315 2105 4355 nec
2135 4299 2410 4371 probabile
2446 4308 2530 4355 est
2563 4300 2785 4355 missum
2830 4299 2898 4354 ab
2934 4313 3000 4354 eo
3038 4297 3202 4352 fuisse
3242 4297 3573 4352 Dorotheum

2008 4401 2133 4446 ante
2154 4388 2361 4445 Pascha
2391 4390 2547 4460 hujus
2576 4390 2701 4444 anni
2728 4389 2852 4443 5⁸71.
2878 4387 3168 4456 Postquam
3192 4385 3577 4439 Alexandriam

338 4481 523 4534 tlteum
560 4479 866 4545 diaconum,
896 4493 1053 4549 quem
1101 4480 1365 4535 hactenus
1406 4481 1718 4544 retinuerat,
1758 4479 1905 4534 misit
1937 4491 1983 4563 ο
2009 4483 2156 4537 venit
2202 4480 2500 4536 Dorotheus
2541 4491 2596 4536 et
2632 4496 2694 4536 ea
2733 4480 3002 4551 exposuit,
3034 4493 3260 4548 quorum
3292 4492 3457 4532 causa
3486 4491 3578 4531 ve-

341 4571 408 4623 ad
435 4570 725 4634 llleletium,
761 4578 819 4624 ut
850 4571 900 4624 ei
936 4579 1182 4625 narraret
1222 4564 1455 4641 singula,
1487 4579 1543 4625 et
1576 4579 1908 4626 commenta-
2011 4579 2199 4634 ruerat;
2250 4581 2467 4625 sanctus
2503 4572 2847 4636 Athanasius,
2892 4570 2999 4626 etsi
3038 4568 3327 4639 plurimum
3376 4566 3580 4622 Basilio

345 4663 482 4715 rium
511 4660 839 4728 ostenderet,
864 4676 972 4731 quo
1002 4658 1229 4717 Romam
1261 4662 1420 4716 eundi
1451 4650 1745 4716 necessitas
1777 4674 1905 4729 pro-
2016 4660 2307 4723 tribuebat,
2344 4659 2514 4713 noluit
2556 4666 2735 4715 tamen
2780 4673 2895 4714 rem
2937 4660 3118 4713 statim
3161 4656 3401 4727 aggredi,
3434 4650 3505 4712 et
3546 4669 3581 4710 e

343 4751 588 4807 babatur.
634 4749 805 4821 Rogat
839 4750 1109 4806 Meletium
1149 4751 1377 4806 Basilius
1412 4750 1506 4820 (ο),
1549 4759 1608 4806 ιιι
1648 4751 1693 4806 si
1736 4764 1823 4806 res
1861 4750 1909 4806 ei
2012 4751 2158 4806 clero
2185 4765 2306 4813 suo,
2340 4759 2398 4804 ut
2436 4759 2717 4820 rogaverat
2758 4750 3011 4813 Basilius,
3046 4752 3277 4806 Romam
3306 4749 3527 4803 mittere
3560 4766 3578 4802 :

345 4841 565 4905 arridet,
595 4856 712 4896 eam
746 4841 813 4896 ad
834 4856 970 4911 opus
993 4851 1147 4897 curet
1182 4841 1424 4912 perduci,
1451 4855 1515 4896 ac
1554 4841 1762 4897 litteras
1786 4832 1927 4901 exa-é
2015 4844 2107 4897 sed
2149 4856 2256 4912 quo
2298 4842 2416 4898 loco
2446 4844 2496 4898 in
2526 4844 2859 4913 Cappadocia
2898 4852 2953 4898 et
2985 4844 3228 4898 ﬁnitimis
3265 4841 3581 4911 regionibus

348 4941 429 4987 ret
451 4946 513 4987 ac
551 4934 995 4988 commentarium
1018 4934 1203 4998 dictet,
1231 4933 1428 5002 quibus
1462 4937 1527 4987 de
1558 4933 1717 4988 rebus
1752 4941 1806 4988 et
1841 4914 1928 5004 ad}
2014 4942 2196 4988 essent
2242 4950 2330 4990 res
2378 4935 2756 4990 ecclesiasticae
2798 4950 2892 5002 per
2941 4935 3156 4989 Petrum
3204 4937 3580 5005 presbyterum

346 5040 481 5092 quos
511 5023 832 5079 Dorotheum
860 5024 1007 5095 loqui
1035 5034 1315 5096 oporteat;
1348 5035 1510 5094 atque
1537 5035 1595 5079 ut
1614 5023 1922 5103 auctorita-g

349 5127 454 5169 tem
477 5115 712 5169 habeant
744 5114 955 5182 litteras,
986 5132 1111 5195 suos
1135 5116 1298 5173 etiam
1330 5116 1611 5171 unanimes
1636 5116 1913 5185 adiungat,

348 5206 560 5260 etiamsi
599 5205 795 5260 absint.

418 5295 533 5350 Non
562 5295 806 5349 videntur
838 5295 904 5349 ad
939 5296 1141 5352 exitum
1179 5298 1437 5367 perducta
1463 5309 1585 5352 esse
1615 5310 1735 5365 qua:
1767 5294 1916 5351 Basi-

351 5387 453 5441 lius
496 5402 527 5440 a
569 5386 778 5441 Meletio
804 5387 1017 5456 petebat
1048 5406 1062 5443 :
1095 5404 1195 5443 nec
1221 5403 1533 5444 communes
1560 5387 1913 5443 Orientalium

351 5478 559 5534 litteras
594 5476 819 5533 Romam
862 5480 1084 5549 pertulit
1118 5481 1443 5538 Dorotheus.
1484 5480 1639 5550 Nam,
1673 5490 1737 5537 ut
1773 5479 1915 5536 infra

423 5681 499 5753 (α)
538 5682 633 5753 Ep.
671 5680 760 5746 69,
801 5699 853 5738 n.
891 5682 941 5737 1.

422 5752 499 5823 (ιο)
540 5752 638 5822 Ep.
677 5752 764 5808 es.

2014 5040 2337 5095 cognoscere
2387 5027 2577 5082 voluit.
2624 5028 2673 5083 ls
2715 5028 2766 5081 in
2815 5027 3151 5096 Cappadocia
3202 5026 3294 5080 diu
3339 5034 3584 5080 moratus

2008 5125 2112 5179 est,
2145 5116 2432 5169 concilians
2459 5117 2729 5170 contraria
2761 5133 2823 5169 ac
2856 5117 3063 5170 divulsa
3095 5116 3434 5184 conjungens.
3468 5114 3586 5169 Un-

2012 5206 2078 5261 de
2103 5204 2302 5260 fatetur
2330 5206 2557 5261 Basilius
2577 5206 2631 5260 in
2669 5206 2829 5276 epist.
2856 5206 2940 5277 λ69
2970 5208 3047 5278 (ιι.
3077 5205 3156 5277 1),
3188 5207 3277 5260 diu
3313 5215 3582 5260 retentum

2016 5313 2046 5352 a
2068 5312 2126 5353 se
2146 5312 2267 5353 esse
2293 5297 2636 5352 Dorotheum.
2666 5296 2904 5352 Tandem
2935 5296 3082 5351 illum
3114 5295 3258 5353 misit
3285 5297 3352 5349 ad
3388 5293 3447 5350 S.
3474 5293 3585 5350 Me-

2015 5388 2227 5452 letium,
2262 5390 2400 5457 apud
2430 5402 2587 5457 quem
2617 5386 2925 5457 aliquandiu
2956 5388 3168 5443 videtur
3192 5395 3581 5443 commoratus.

2019 5479 2252 5551 Tempus
2277 5480 2422 5539 enim
2448 5482 2732 5538 extrahere
2750 5479 3049 5537 debuerunt
3072 5487 3128 5535 et
3159 5492 3347 5535 earum
3381 5492 3587 5545 rerum,

2094 5680 2165 5752 lc)
2201 5679 2335 5741 ibid.

2090 5753 2168 5823 (ιι)
2208 5752 2304 5822 Ep.
2346 5749 2412 5809 69
