3958 6212
1573 379 1733 437 VITA
1770 380 1827 436 S.
1867 380 2134 435 BASILII.

3414 400 3541 440 ιιιιι

289 520 395 574 qua:
425 518 453 556 a
486 512 675 557 sancto
712 501 916 556 Basilio
945 502 1405 572 proponebantur,
1443 502 1782 568 deliberatio,
1810 513 1864 558 et
1892 516 1939 570 Α
1969 503 2240 572 spiciones
2267 502 2427 571 hujus
2454 503 2676 557 haeresis
2717 503 3191 571 deprehendimus.
3250 504 3384 560 Nam
3428 511 3542 562 tr'es

290 602 598 656 iusumenda
636 615 802 670 Opera
837 608 898 652 ut
927 600 1305 654 communibus
1350 598 1544 653 litteris
1578 600 1861 654 unanimes

290 695 479 764 quique
525 693 955 747 subscriberent.
1000 692 1138 758 Quin
1170 693 1334 746 etiam
1364 702 1650 760 antequam
1685 693 1859 747 Doro-

290 785 437 837 theus
469 783 536 835 ad
568 782 629 836 S.
664 781 936 835 Meletium
983 785 1324 849 mitteretur;
1371 781 1482 849 jam
1522 782 1711 835 Ariani
1744 783 1863 852 epi-

288 868 448 937 sc0pi-
465 869 661 937 partim
690 880 972 932 venerant,
1006 870 1200 938 partim
1226 871 1700 939 exspectabantur,
1727 886 1863 939 quos

289 962 503 1031 quidem
547 975 732 1017 mense
783 960 1090 1032 Septembri
1136 966 1354 1020 ineunte
1384 964 1670 1020 advenisse
1702 967 1861 1021 modo

288 1054 607 1108 videbimus.
654 1055 996 1124 Quapropter
1035 1071 1157 1109 cum
1211 1057 1510 1111 Dorotheus
1550 1057 1862 1126 aliquandiu

288 1146 422 1214 apud
455 1144 517 1200 S.
554 1145 825 1200 Meletium
862 1158 1105 1201 moratus
1139 1149 1229 1209 sit.
1268 1163 1374 1202 non
1416 1150 1589 1218 potuit
1627 1150 1862 1205 Alexan-

286 1237 457 1290 driam
506 1238 670 1303 mitti,
710 1238 811 1291 nisi
847 1240 1037 1293 eodem
1070 1254 1255 1293 mense
1290 1240 1594 1309 Septembri
1633 1242 1860 1298 multum

286 1337 539 1396 provecto
574 1350 585 1381 :
622 1329 747 1382 hinc
779 1328 839 1383 S.
878 1329 1237 1383 Athanasium
1287 1341 1443 1398 rogat
1494 1331 1720 1386 Basilius
1759 1335 1859 1404 (a),

285 1430 340 1472 ut
378 1419 703 1474 Dorotheum
744 1421 927 1475 statim
971 1424 1039 1476 ad
1072 1423 1302 1490 primam
1344 1423 1740 1491 navigationem
1780 1426 1863 1479 di-

283 1521 478 1566 mittat.

846 1627 1074 1683 CAPUT
1113 1629 1297 1686 XVIII.

280 1720 320 1775 I.
366 1718 484 1784 Quo
516 1727 745 1793 tempore
780 1717 1253 1793 Pneumatomachi
1291 1724 1467 1791 palam
1509 1725 1720 1793 prodire
1761 1742 1860 1780 cae-

346 1790 897 1865 perunt._ll:__Concio
941 1792 1003 1845 S.
1036 1790 1235 1865 Basilii
1260 1790 1344 1847 die
1382 1790 1518 1862 {esto
1554 1796 1614 1847 S.
1650 1798 1861 1865 Eupsy-

348 1856 473 1913 chii.
517 1860 601 1914 Ill.
647 1858 988 1930 Vituperatur
1017 1862 1155 1926 quod
1198 1856 1455 1930 Spiritum
1484 1856 1857 1920 sanctum'non
1888 1856 1932 1914 Β

346 1930 683 2004 appellaverit
703 1930 901 2004 _I)_eum.
934 1929 1245 2004 Defenditur
1276 1952 1308 2004 ιι
1338 1934 1590 2004 Gregorio
1620 1933 1856 1991 Nazian-

352 2016 516 2073 z‘eno.‘
548 1999 637 2053 IV.
674 2000 1012 2073 iLitterteea
1054 2003 1120 2073 de
1170 2019 1223 2054 re
1267 1999 1575 2073 Gregorium
1622 2007 1760 2058 inter
1806 2017 1853 2060 et

351 2068 629 2123 Basiliam.
673 2072 738 2127 ν.
778 2071 990 2125 Laudat
1042 2070 1099 2126 S.
1150 2068 1471 2128 Athanasius
1515 2077 1855 2130 aconomiam

350 2139 407 2195 S.
449 2139 663 2195 Basilii.

347 2256 392 2309 Ι.
431 2254 756 2309 iamdudum
815 2254 1053 2323 Spiritus
1108 2256 1278 2311 sancti
1336 2258 1673 2313 divinitatem
1723 2276 1858 2315 non-

279 2345 407 2400 nulli
450 2360 769 2415 Oppugnare
808 2356 1089 2413 cceperant
1130 2366 1145 2400 :
1183 2348 1276 2401 sed
1312 2348 1560 2403 videntur
1599 2353 1731 2407 satis
1768 2354 1857 2406 diu

278 2438 500 2492 latebris
530 2452 589 2492 se
632 2437 945 2503 involvisse,
976 2452 1041 2492 ac
1074 2453 1177 2493 non
1217 2440 1388 2494 multo
1424 2450 1549 2496 ante
1580 2444 1860 2514 episcopa-

279 2541 390 2583 tum
424 2528 601 2583 sancti
638 2527 823 2583 Basilii
860 2529 1146 2598 prodiisse.
1180 2530 1315 2585 (Sum
1358 2533 1574 2587 Arianis
1615 2544 1859 2589 sanctam

280 2620 603 2674 Trinitatem
639 2620 854 2688 penitus
888 2620 1198 2676 tollentibus
1241 2639 1345 2676 non
1383 2624 1612 2693 plurima
1645 2636 1762 2681 erat
1795 2629 1861 2681 de

276 2720 469 2768 sancto
503 2712 710 2781 Spiritu
744 2716 1149 2779 controversia;
1194 2714 1315 2769 Filii
1356 2718 1693 2784 potissimum
1724 2720 1861 2773 divi-

277 2806 420 2861 nitas
456 2805 875 2870 defendebatur,
905 2820 1009 2874 qua
1044 2807 1208 2861 semel
1250 2808 1487 2862 stabilita
1518 2810 1858 2865 divinitatem

278 2899 450 2953 sancti
484 2899 723 2969 Spiritus
751 2897 910 2953 simul
933 2898 1166 2953 stabiliri
1202 2914 1306 2953 non
1353 2902 1622 2969 negabant
1651 2900 1857 2955 Ariani.

280 2987 384 3045 Sed
402 3006 469 3045 ex
495 2992 564 3044 iis
580 2991 676 3061 qui
698 2989 994 3045 abArianis
1009 2990 1327 3057 discessere,
1343 3008 1445 3047 non
1464 2993 1621 3060 pauci
1638 2992 1861 3048 alteram

278 3086 579 3155 impietatis
610 3095 821 3155 partem
840 3088 1199 3150 retinuerunt,
1217 3095 1408 3140 etcum
1428 3085 1759 3138 divinitatem
1780 3083 1865 3139 Fi-

276 3178 332 3231 lii
347 3188 537 3232 contra
552 3177 785 3233 Arianos
802 3186 1101 3240 tuerentur,
1116 3178 1180 3231 de
1194 3175 1427 3244 Spiritus
1440 3176 1719 3230 divinitate
1734 3190 1859 3229 cum
1889 3210 1930 3268 Ο

276 3270 577 3326 Catholicis
602 3278 933 3340 pugnarunt.
972 3268 1231 3336 Serapion
1266 3271 1552 3338 episc0pus
1579 3268 1862 3324 Tbmuita-

279 3378 379 3417 nus
410 3362 486 3433 (b)
524 3378 667 3416 anno
695 3362 802 3417 560
824 3372 917 3415 aut
946 3361 1071 3427 561,
1101 3360 1159 3415 S.
1193 3362 1548 3416 Athanasium
1577 3363 1861 3417 certiorem

277 3454 738 3518 fecitnonnullos,
761 3470 882 3509 cum
914 3455 983 3509 ab
1020 3455 1237 3508 Arianis
1272 3454 1340 3508 ob
1361 3469 1547 3508 eorum
1582 3454 1632 3507 in
1663 3454 1861 3508 Filium

277 3547 615 3615 impietatem
663 3546 1063 3610 discessissent,
1107 3544 1245 3600 male
1272 3544 1340 3599 de
1375 3544 1577 3613 Spiritu
1634 3546 1861 3611 sentire,

275 3654 514 3707 eumque
547 3653 655 3692 non
683 3639 841 3693 modo
873 3647 1179 3693 creaturam
1210 3651 1350 3704 esse,
1389 3638 1482 3691 sed
1512 3636 1675 3690 etiam
1696 3652 1860 3691 unum

276 3746 343 3784 ex
377 3732 652 3784 ministris
685 3729 969 3799 spiritibus
1013 3728 1211 3793 dicere,
1244 3744 1308 3783 ac
1341 3728 1508 3798 gradu
1537 3737 1744 3782 tantum
1794 3728 1862 3783 ab

277 3824 485 3894 angelis
518 3822 756 3879 differre.
798 3821 1191 3877 Permolestum
1227 3821 1281 3875 id
1340 3820 1541 3875 accidit
1566 3820 1862 3874 Athanasio

276 3931 344 3970 ac
376 3926 694 3970 nascentem
756 3914 1006 3969 haeresim
1041 3923 1271 3983 quatuor
1304 3913 1739 3982 praeclarissimis
1792 3914 1859 3965 ad

276 4007 643 4075 Serapionem
699 4006 944 4074 epistolis
1018 4003 1322 4074 proﬂigavit
1378 4004 1474 4073 (c).
1556 4005 1856 4058 Testantur

275 4101 446 4156 etiam
476 4099 732 4153 Socrates
762 4098 838 4169 (ά)
863 4108 916 4152 et
946 4097 1283 4152 Sozomenus
1312 4096 1705 4161 Macedoniam,
1737 4112 1859 4150 cum

276 4209 427 4247 anno
452 4192 561 4248 360
583 4193 859 4261 depositus
885 4193 1073 4247 fuisset
1103 4193 1156 4246 in
1197 4192 1435 4247 concilio
1468 4189 1857 4246 Constantino-

273 4287 548 4356 politano,
596 4299 790 4338 novam
829 4285 973 4339 hanc
1006 4284 1279 4347 haeresim,
1336 4298 1457 4353 qua:
1487 4283 1555 4337 ab
1616 4283 1732 4353 ipso
1764 4299 1860 4337 uo-

276 4393 407 4431 men
436 4377 672 4444 accepit,
703 4386 918 4431 struere
965 4376 1219 4445 ccepisse.
1255 4374 1363 4430 Sed
1412 4383 1591 4428 tamen
1634 4387 1859 4427 necesse

276 4479 367 4524 est
399 4484 594 4523 novam
624 4469 765 4523 hanc
797 4475 996 4522 sectam
1050 4467 1362 4537 aliquandiu
1392 4468 1444 4520 in
1479 4465 1713 4520 tenebris
1738 4480 1858 4519 cre-

1963 596 2196 666 episcopi
2227 612 2293 651 ex
2325 596 2791 651 Semiarianorum
2819 612 3045 652 numero
3099 597 3327 652 Romam
3361 600 3538 663 missi,

1961 688 2121 758 plene
2175 698 2230 744 et
2256 690 2527 745 cumulate
2557 689 2716 744 ﬁdem
2747 706 2899 744 suam
2964 704 3265 763 purgarunt
3322 703 3538 762 recepta

1962 779 2067 834 ﬁde
2117 779 2361 846 Nicaena,
2396 795 2495 835 nec
2527 782 2823 850 quidquam
2858 783 3089 851 amplius
3123 784 3190 837 ab
3225 785 3305 838 eis
3354 796 3543 853 posm-

1963 872 2129 925 latum
2162 873 2218 927 in
2252 874 2483 928 concilio
2507 872 2801 942 Tyanensi.
2837 874 2987 929 Tunc
3012 876 3150 931 forte
3181 877 3398 945 prodire
3425 892 3537 932 cce-

1962 967 2041 1036 pit
2063 967 2309 1033 haeresis,
2341 980 2464 1020 cum
2497 981 2685 1035 pacem
2717 981 2853 1036 pene
2889 968 2953 1020 ad
2984 969 3187 1022 exitum
3221 970 3536 1037 perductam

1964 1073 2106 1113 anno
2140 1058 2240 1113 567
2274 1059 2492 1127 triginta
2530 1068 2764 1128 quatuor
2790 1060 3051 1128 episcopi,
3093 1069 3151 1114 ut
3198 1076 3357 1129 supra
3400 1062 3538 1114 vidi-

1966 1166 2108 1217 mus,
2159 1152 2568 1220 perturbarunt.
2634 1151 2936 1205 Confirmat
2984 1153 3122 1207 hanc
3171 1152 3537 1221 conjecturam

1962 1242 2190 1311 epistola
2220 1241 2290 1296 25
2335 1242 2393 1296 S.
2423 1241 2631 1307 Basilii,
2694 1259 2815 1313 quae
2864 1258 2986 1297 cum
3020 1245 3197 1299 serius
3253 1260 3398 1299 anno
3432 1245 3537 1300 568

1963 1335 2125 1387 scribi
2168 1349 2272 1387 non
2329 1335 2565 1401 potuerit
2599 1335 2726 1403 (hoc
2758 1335 2902 1388 enim
2959 1346 3193 1389 exeunte
3229 1350 3394 1401 anno,
3444 1350 3539 1391 aut

1964 1425 2184 1478 ineunte
2243 1424 2348 1479 ’569
2395 1434 2639 1479 mortuus
2706 1426 3040 1481 Athanasius
3102 1428 3420 1498 Ancyranus
3471 1432 3539 1483 ad

1963 1530 2122 1584 quem
2163 1517 2361 1585 scripta
2387 1516 2515 1586 est),
2556 1515 2895 1571 manifestam
2944 1519 3107 1572 habet
3136 1520 3537 1575 distinctionem

1963 1607 2582 1662 Pneutnalomachorum
2632 1608 2700 1661 ab
2735 1609 3034 1664 Anomteis.
3073 1610 3163 1664 Sic
3193 1613 3335 1664 enim
3368 1613 3540 1681 loqui-

1964 1712 2051 1756 tur
2084 1701 2313 1756 Basilius
2350 1701 2418 1771 (f)
2452 1720 2463 1754 :
2501 1702 2574 1754 Οὐ
2624 1703 2732 1771 γὰρ
2759 1702 2823 1771 δὴ
2850 1706 2961 1765 τοῖς
3008 1704 3416 1776 γεγραμμένοις
3451 1707 3540 1774 ὑφ’

1961 1795 2119 1866 ἡμῶν
2147 1795 2282 1865 πρὸς
2308 1797 2432 1856 τοὺς
2484 1794 2733 1864 ἀνόμοιον
2767 1798 2887 1847 κατ’
2937 1796 3122 1848 οὐσίαν
3154 1797 3534 1868 τολμήσαντας

1960 1890 2134 1940 εἰπεῖν
2159 1889 2247 1939 τὸν
2270 1886 2398 1939 Υἰὸν
2428 1888 2520 1939 καὶ
2540 1886 2671 1939 Θεὸν
2711 1888 2786 1957 τῷ
2814 1887 2933 1957 Θεῷ
2958 1890 3051 1941 καὶ
3092 1889 3287 1959 Πατρὶ,
3313 1890 3345 1960 ἦ
3396 1891 3533 1960 πρὸς

1958 1981 2084 2043 τοὺς
2123 1978 2325 2049 κτίσμα
2350 1979 2445 2032 καὶ
2483 1979 2693 2049 ποίημα
2734 1975 2873 2033 εἶναι
2906 1980 2965 2033 τὸ
2998 1980 3219 2051 Πνεῦμα
3276 1981 3335 2033 τὸ
3385 1980 3539 2050 ἅγιον

1961 2074 2476 2144 βλασφημήσαντας,
2495 2071 2696 2143 ταύτην
2725 2072 2789 2125 ἂν
2818 2060 3141 2141 ἐπενεγκεῖν
3160 2074 3257 2143 τὴν
3276 2074 3539 2146 λοιδορίαν

1959 2167 2208 2237 ἠνέσχου,
2245 2169 2272 2218 ὁ
2310 2167 2435 2228 τοὺς
2469 2164 2736 2236 μεγάλους
2766 2165 2958 2229 ἄθλους
2993 2166 3232 2229 ἐκείνους
3258 2169 3351 2219 καὶ
3380 2184 3540 2238 περι-

1962 2258 2185 2329 βοήτους
2216 2257 2355 2329 ὑπὲρ
2380 2259 2475 2327 τῆς
2496 2257 2803 2327 ὀρθοδοξίας
2829 2257 3137 2326 διενεγκών.
3161 2257 3285 2311 Non
3313 2261 3447 2311 enim
3474 2260 3539 2312 iis

1960 2364 2077 2417 qua:
2112 2366 2143 2401 a
2174 2347 2319 2401 nobis
2343 2349 2539 2416 scripta
2566 2358 2685 2400 sunt
2718 2350 2966 2401 adversus
3000 2364 3107 2409 eos,
3139 2350 3228 2418 qui
3262 2347 3459 2401 Filium
3491 2361 3541 2402 et

1966 2441 2130 2494 Deum
2163 2441 2271 2495 Deo
2304 2452 2349 2494 et
2397 2439 2554 2494 Patri
2609 2441 2888 2493 secundum
2923 2442 3200 2494 essentiam
3229 2442 3539 2495 dissimilem

1963 2534 2134 2587 dicere
2163 2534 2279 2586 ausi
2310 2542 2451 2597 sunt,
2499 2542 2589 2586 aut
2622 2534 2869 2585 adversus
2900 2548 2987 2585 eos
3021 2534 3109 2601 qui
3137 2531 3393 2602 Spiritum
3416 2552 3541 2588 san-

1964 2638 2103 2682 ctum
2144 2637 2443 2681 creaturam
2476 2636 2523 2680 et
2567 2626 2833 2693 opiﬁcium
2860 2642 2971 2678 esse
2996 2624 3289 2694 blaspheme
3321 2643 3409 2679 ore
3441 2630 3539 2681 do-

1964 2730 2200 2783 cuerunt,
2235 2717 2602 2771 contumeliam
2641 2717 2774 2768 hanc
2805 2715 2976 2783 facere
3003 2718 3273 2781 voluisses,
3306 2720 3393 2787 qui
3422 2735 3541 2771 ma-

1964 2828 2065 2881 gna
2094 2811 2189 2863 illa
2222 2827 2282 2863 ac
2317 2808 2539 2862 celebria
2593 2808 2882 2860 certamina
2930 2824 3024 2876 pro
3062 2818 3199 2861 recta
3230 2809 3332 2876 ﬁde
3353 2819 3537 2875 pertu-

1965 2902 2090 2958 listi.
2120 2901 2400 2955 Probabile
2429 2913 2558 2970 ergo
2617 2907 2699 2952 est
2734 2900 2873 2954 hanc
2935 2900 3187 2954 haeresim
3221 2915 3326 2954 non
3366 2900 3533 2953 multo

1966 3003 2091 3048 ante
2129 2994 2491 3063 episcopatum
2522 2991 2581 3050 S.
2606 2991 2786 3046 Basilii
2821 2992 3111 3062 prodiisse.

2039 3174 2292 3229 Testatur
2323 3174 2655 3244 Epiphanius
2695 3173 2768 3246 lg)
2809 3189 2875 3229 ex
2914 3173 2998 3227 his
3030 3173 3542 3228 Pneumatomacbis

1968 3268 2105 3321 alios
2136 3267 2204 3321 de
2254 3266 2393 3321 Filio
2428 3276 2574 3319 recte
2630 3266 2891 3331 sensisse,
2923 3266 3057 3319 alios
3094 3281 3160 3319 ne
3190 3265 3244 3318 in
3276 3266 3376 3319 hoc
3405 3268 3542 3335 qui—

1967 3358 2085 3412 dem
2114 3357 2180 3410 ab
2208 3358 2408 3410 Ariana
2434 3358 2710 3426 impietate
2735 3356 3069 3411 discessisse.
3104 3358 3159 3411 In
3197 3358 3297 3411 hoc
3333 3369 3542 3428 postre-

1968 3467 2055 3504 mo
2125 3464 2323 3520 genere
2388 3451 2755 3505 recensendus
2814 3450 3126 3505 Eustathius
3187 3449 3540 3506 Sebastenus.

1965 3542 2119 3598 Hunc
2152 3543 2389 3612 episcopi
2438 3540 2747 3595 Orientales
2809 3549 3081 3595 testantur
3135 3543 3189 3596 in
3244 3542 3403 3612 epist.
3436 3543 3543 3598 263

1968 3651 2021 3688 ιι.
2050 3634 2105 3699 5,
2137 3648 2258 3688 cum
2287 3633 2353 3686 iis
2379 3632 2725 3699 coniunctum
2763 3646 2902 3699 esse,
2959 3634 3049 3703 qui
3081 3635 3545 3689 consubstantiale

1966 3723 2457 3785 anathematizant,
2528 3737 2593 3776 ac
2654 3721 2844 3775 dticem
2900 3736 2958 3777 se
3020 3723 3260 3791 pmbere
3320 3724 3544 3778 heresis

1965 3814 2604 3870 Pneumatomachorum.
2642 3810 2901 3877 Quamvis
2936 3821 3113 3865 autem
3144 3812 3459 3867 Eustathius
3488 3823 3545 3867 et

1964 3906 2077 3969 alii,
2134 3914 2192 3958 ut
2246 3903 2527 3970 probabile
2579 3913 2697 3967 est,
2761 3902 3250 3959 Pneumatomachi
3306 3905 3540 3971 gratiam

1966 3999 2289 4053 Arianorum
2340 3996 2615 4049 ambirent
2661 4005 2715 4051 et
2747 3994 3062 4050 Calholicos
3091 4004 3393 4061 vexarent;
3434 4011 3542 4049 non

1961 4102 2143 4146 tamen
2176 4106 2204 4144 a
2242 4090 2524 4145 catholicis
2558 4088 2815 4143 Ecclesiis
2840 4088 3063 4142 omnino
3101 4084 3322 4141 abscissi
3362 4098 3539 4152 erant,

1963 4183 2055 4238 sed
2088 4183 2176 4237 diu
2213 4182 2333 4236 ovis
2382 4180 2578 4251 pellem
2618 4181 2977 4244 retinuerunt,
3039 4188 3097 4231 ut
3152 4188 3300 4247 patet
3330 4194 3397 4232 ex
3460 4179 3545 4233 his

1961 4275 2143 4330 verbis
2166 4274 2402 4344 ejusdem
2417 4272 2657 4343 epistola:
2682 4272 2809 4335 265,
2843 4287 2988 4325 num.
3025 4271 3060 4323 2
3084 4290 3096 4324 :
3123 4270 3313 4324 Audax
3334 4271 3545 4339 quidem

1961 4366 2075 4431 illa,
2112 4365 2637 4435 inquiuntepiscopi,
2678 4380 2739 4415 ac
2780 4362 3052 4429 impudens
3091 4363 3408 4413 Arianorum
3441 4362 3546 4411 hev-

1962 4460 2089 4513 resis
2116 4459 2293 4524 palam
2316 4458 2550 4510 abscissa
2597 4472 2630 4508 a
2673 4471 2888 4523 corpore
2944 4451 3231 4515 Ecclesiw,
3281 4461 3451 4502 manet
3487 4451 3544 4503 in

275 4565 449 4626 visse,
485 4575 587 4615 nec
620 4570 730 4614 tam
765 4560 874 4614 cito
901 4559 1162 4613 verticem
1196 4558 1495 4613 sustulisse.
1520 4555 1654 4609 Nam
1687 4555 1859 4608 tribus
1890 4554 1935 4610 D
1964 4568 2059 4604 suo
2105 4551 2267 4619 ipsius
2294 4565 2488 4609 errore,
2520 4548 2769 4615 nobisque
2810 4563 2912 4597 non
2941 4546 3163 4596 multum
3199 4550 3382 4603 nocet,
3413 4541 3543 4609 quia

276 4657 440 4709 annis
480 4664 604 4723 post
648 4655 947 4723 depositum
985 4652 1379 4715 Macedoniam,
1420 4649 1655 4703 Basilius
1681 4647 1860 4702 Euno-

275 4748 475 4809 niium,
506 4746 597 4813 qui
634 4745 894 4813 Spiritum
921 4750 1168 4797 sanctum
1209 4749 1515 4795 creaturam
1552 4736 1860 4805 appellave-

278 4849 393 4904 rat,
428 4848 487 4890 ut
518 4851 670 4891 novae
700 4845 754 4889 et
776 4836 1039 4888 hactenus
1066 4832 1321 4888 inaudita:
1352 4830 1647 4898 impietatis
1675 4839 1860 4881 aucto-

276 4953 399 4993 rem
437 4937 759 4989 insectatur.
789 4932 1007 4986 Primus
1030 4948 1173 5001 ergo,
1204 4930 1378 4999 inquit
1411 4928 1503 4999 (e),
1542 4926 1861 4995 illorumqui

274 5031 551 5083 ceritatem
577 5027 751 5079 adorti
785 5034 930 5088 sunt,
965 5040 1029 5077 ex
1055 5039 1157 5093 quo
1192 5022 1402 5092 pietatis
1427 5019 1734 5087 prtedicatio
1775 5017 1859 5069 di-

275 5122 494 5189 rulgata
525 5128 622 5181 est,
643 5120 776 5171 hanc
804 5119 867 5170 de
886 5115 1087 5185 Spiritu
1112 5131 1284 5169 vocem
1308 5114 1540 5167 emittere
1571 5127 1733 5164 ausus
1765 5122 1860 5163 est.

276 5213 498 5267 Etenim
530 5213 618 5282 qui
660 5192 922 5279 Spiritum
964 5219 1204 5262 sanctum
1234 5216 1529 5260 creaturam
1563 5204 1859 5272 appellarit,

276 5307 588 5359 audivimus
639 5304 895 5356 neminem
938 5302 1006 5353 ad
1038 5301 1349 5352 hodiernum
1380 5313 1541 5365 usque
1583 5298 1741 5359 diem,
1781 5312 1863 5347 ne-

274 5412 383 5466 que
426 5396 482 5448 in
516 5394 582 5447 iis
607 5409 735 5463 quos
780 5390 1037 5459 reliquere
1095 5387 1243 5440 libris
1276 5385 1409 5439 hanc
1458 5383 1860 5452 appellationem

276 5488 601 5543 invenimus.
631 5483 956 5552 Quinetiam
989 5479 1148 5535 annis
1178 5478 1281 5533 566
1308 5489 1363 5534 et
1397 5474 1521 5539 567,
1559 5475 1734 5530 nullas
1763 5488 1860 5529 su-

358 5664 437 5736 (ιι)
476 5663 577 5736 Ep.
617 5660 708 5717 69.

355 5727 432 5803 ('bj
473 5727 672 5787 Aiban.
715 5730 809 5800 Ep.
853 5731 927 5803 1,Δ
952 5729 1019 5785 ad
1058 5727 1246 5798 Serap.

353 5801 424 5877 (ε)
458 5804 579 5877 Lib.
616 5818 679 5868 ιι,
704 5817 824 5870 cap.
860 5801 954 5877 es:

353 5871 433 5949 (α’)
468 5875 587 5931 Lib.
629 5890 703 5940 tv,
738 5887 857 5942 cap.
888 5871 961 5925 27

1967 4642 2203 4694 omnibus
2228 4648 2408 4707 aperta
2441 4638 2675 4705 ipsorum
2710 4636 2971 4703 impietas.
3008 4632 3111 4697 Qui
3145 4640 3317 4683 autem
3358 4630 3542 4699 pellent

1968 4735 2173 4787 auinam
2223 4731 2397 4783 induti
2455 4740 2597 4795 sunt,
2650 4744 2712 4780 ac
2746 4726 2964 4794 speciem
3028 4723 3276 4775 blandam
3326 4738 3434 4789 pra:
3489 4738 3544 4774 se

1966 4825 2143 4893 ferunt
2170 4839 2231 4876 ac
2261 4822 2446 4887 lenem,
2477 4821 2619 4873 intus
2644 4835 2759 4873 vero
2794 4818 3056 4870 dilaniant
3083 4814 3361 4866 crudeliter
3389 4812 3545 4865 Chri-

1966 4916 2032 4969 sti
2063 4930 2291 4984 gregem,
2336 4922 2384 4965 et
2430 4920 2706 4980 propterea
2744 4907 2880 4977 quod
2913 4921 2977 4958 ex
3025 4904 3170 4956 nobis
3204 4904 3372 4956 exorti
3402 4916 3544 4970 sunt,

1968 5008 2122 5077 facile
2148 5006 2426 5075 perniciem
2455 5004 2685 5070 inferunt
2726 4998 3153 5059 simplicioribus,
3195 4997 3248 5048 Ιιὶ
3288 5008 3432 5060 sunt,
3460 4998 3548 5067 qui

1969 5099 2257 5154 molestiam
2289 5096 2554 5161 exhibent,
2586 5109 2648 5146 ac
2687 5108 2822 5161 wgre
2852 5089 3009 5142 vitari
3048 5098 3285 5157 possunt.
3325 5086 3436 5140 llos
3469 5104 3547 5139 ro-

1965 5208 2149 5263 gamus
2180 5199 2236 5243 ut
2284 5199 2451 5242 vestra
2487 5185 2760 5253 diligentia
2803 5183 3040 5235 omnibus
3102 5179 3331 5233 Orientis
3366 5179 3547 5231 Eccle-

1964 5286 2055 5337 siis
2076 5283 2341 5335 denuntiet
2370 5324 2383 5345 ,
2416 5290 2469 5331 ut
2510 5285 2601 5330 aut
2637 5284 2830 5328 rectam
2884 5276 3018 5328 viam
3053 5271 3293 5340 ingressi,
3349 5271 3547 5324 sincere

1964 5387 2234 5428 versentur
2268 5372 2571 5434 nobiscum;
2612 5377 2700 5419 aut
2743 5366 2787 5419 si
2822 5366 2876 5418 in
2914 5382 3009 5418 sua
3042 5371 3383 5431 permaneant
3430 5378 3548 5430 per-

1963 5469 2225 5530 versitate,
2258 5465 2509 5517 damnum
2531 5462 2671 5513 intra
2704 5475 2758 5511 se
2787 5458 2922 5511 solos
2950 5456 3270 5520 contineant,
3308 5468 3396 5506 nec
3426 5469 3548 5519 pos—

2070 5645 2115 5711 e)
2151 5644 2265 5698 Lib.
2294 5658 2353 5705 ιι,
2390 5640 2641 5707 Eunom.,
2673 5656 2724 5711 p.
2764 5638 2892 5697 270.,

2070 5648 2115 5711 ε)
2151 5648 2265 5698 Lib.
2294 5658 2353 5705 ιι,
2390 5648 2537 5693 Euno

2047 5648 2117 5787 in
2154 5716 2246 5787 Ep.
2278 5714 2537 5787 25.3.2.

2050 5781 2122 5856 (g)
2152 5786 2350 5839 “mres.
2387 5782 2477 5848 74,
2511 5799 2563 5835 ιι,
2595 5781 2647 5834 1,
