3958 6212
371 371 520 414 LXXII

1654 344 2189 404 PBOLEGOMENA.

369 480 476 534 sint
517 492 581 532 ex
632 475 847 528 incauta
907 471 1267 526 communione
1319 471 1557 524 morbum
1615 485 1769 522 suum
1824 486 1940 523 cum
1972 475 2019 533 Α
2052 467 2369 523 Proferehat
2421 465 2552 520 illud
2607 462 2853 534 Gregorii
2889 461 3089 516 dictum
3121 474 3183 514 es
3239 461 3468 530 quadam
3498 475 3626 517 ora-

368 568 620 638 proximis
647 564 970 619 communica
985 579 1057 616 re.

440 659 503 713 ll.
534 658 669 712 Cum
706 658 962 710 invictam
993 655 1160 709 animi
1212 655 1584 709 fortitudinem
1619 669 1830 708 summa
1861 654 1941 707 le-

371 749 590 804 nitasin
620 746 823 802 Basilio
876 753 1227 814 temperaret,
1294 745 1346 798 in
1399 753 1630 813 utroque
1680 742 1946 798 mirabilis

369 848 507 902 erat,
539 848 595 891 et
624 838 675 890 in
711 835 972 891 adeundis
1027 850 1124 906 pro
1153 834 1388 890 veritate
1435 835 1774 904 gravissimis
1801 834 1944 903 peri-

368 931 525 994 culis,
559 930 688 985 etin
711 928 1100 999 persequendis
1130 928 1387 982 omnibus
1412 928 1560 994 pacis
1591 925 1947 981 conciliandae

372 1023 563 1077 modis.
588 1021 772 1092 Itaque
801 1035 924 1075 cum
951 1019 1134 1074 Ariani
1161 1019 1226 1072 ad
1254 1019 1666 1089 Oppugnandam
1708 1017 1948 1086 Spiritus

370 1112 541 1166 sancti
574 1111 914 1166 divinitatem
958 1123 1151 1164 omnes
1180 1109 1324 1163 vires
1347 1123 1472 1164 suas
1504 1108 1901 1164 convertissent
1927 1125 1943 1173 ;

369 1205 547 1275 palam
573 1212 626 1258 et
649 1213 836 1274 aperte
859 1204 961 1258 hoc
989 1202 1181 1271 dogma
1207 1201 1549 1266 defendebat,
1575 1211 1629 1255 et
1657 1199 1949 1271 Scriptum

371 1294 696 1349 testimoniis
727 1291 1132 1346 acnccessariis
1163 1291 1466 1344 rationibus
1501 1291 1582 1344 sic
1608 1290 1950 1352 constringe-

369 1384 465 1438 bat
505 1382 864 1444 adversarios,
888 1388 946 1434 ut
975 1394 1200 1447 prorsus
1220 1377 1454 1450 ell'ugere
1484 1394 1589 1433 non
1609 1379 1946 1450 possent(a).

373 1473 478 1529 Sed
514 1488 636 1527 cum
686 1472 853 1526 sciret
889 1471 1105 1524 Arianis
1139 1479 1396 1524 statutum
1430 1483 1551 1525 esse
1600 1484 1722 1523 eum
1751 1469 1933 1537 expel-

370 1563 505 1629 lere,
539 1564 583 1618 si
617 1564 876 1632 Spiritum
909 1564 1071 1618 verbo
1105 1562 1270 1616 Deum
1317 1561 1634 1630 appellaret,
1662 1575 1725 1615 ac
1758 1560 1941 1615 Cresa-

373 1657 607 1710 rieusem
641 1655 937 1710 Ecclesiam
975 1668 1265 1722 occupare,
1317 1663 1372 1707 et
1398 1653 1522 1708 inde
1548 1653 1692 1708 velut
1722 1668 1790 1708 ex
1821 1668 1950 1708 arce

371 1749 600 1817 quadam
631 1748 813 1800 omnia
843 1744 1123 1816 populari;
1157 1744 1416 1798 abstinuit
1437 1744 1540 1798 hac
1566 1757 1698 1798 voce
1722 1744 1788 1798 ad
1817 1751 1944 1797 tem-

371 1853 496 1908 pus,
537 1852 760 1892 necesse
787 1852 891 1889 non
917 1847 1113 1906 putans
1129 1850 1249 1889 eam
1276 1849 1488 1905 semper
1509 1836 1563 1889 in
1587 1850 1682 1889 ore
1714 1835 1940 1901 habere,
1981 1818 2024 1872 Β

371 1931 533 1984 modo
562 1929 614 1982 in
647 1937 764 1982 tuto
802 1939 950 1982 esset
993 1927 1262 1981 sententia
1317 1927 1436 1982 voci
1500 1927 1766 1996 subjecta.
1823 1926 1938 1981 lloc

376 2021 629 2091 prudenti
666 2018 897 2073 consilio
924 2016 1112 2087 effugit
1148 2016 1524 2070 haereticorum
1561 2014 1786 2070 insidias
1823 2031 1835 2069 :
1896 2025 1953 2068 at

375 2112 694 2167 calidiorum
725 2109 1127 2165 Catholicorum
1166 2105 1417 2177 querelas
1469 2115 1523 2162 et
1552 2106 1820 2178 vituperia
1846 2121 1950 2160 non

376 2203 584 2273 effugit.
620 2204 817 2274 [Atque
872 2201 923 2255 id
970 2200 1210 2254 maxime
1256 2199 1553 2254 declaravit
1607 2199 1722 2254 dies
1783 2198 1953 2254 festus

379 2294 439 2354 S.
471 2295 782 2366 Eupsychii,
818 2293 909 2365 qui
937 2293 989 2346 in
1023 2293 1162 2347 diem
1192 2294 1478 2362 septimum
1506 2289 1842 2361 Septembris
1871 2291 1953 2344 in-

377 2383 612 2436 cidebat.
639 2382 943 2435 lntererant
968 2379 1152 2450 Basilii
1183 2381 1455 2447 concioni,
1485 2381 1701 2450 ‘Euippii
1727 2390 1780 2435 et
1815 2380 1952 2434 alio-

377 2489 499 2528 rum
533 2474 885 2537 Arianorum,
908 2473 998 2543 qui
1022 2472 1135 2543 jam
1177 2475 1546 2538 advenerant,
1597 2471 1868 2528 emissarii
1895 2481 1956 2526 ut

378 2575 619 2636 patet.ex
657 2566 836 2621 verbis
858 2564 1103 2636 Gregorii
1140 2565 1241 2636 (b),
1280 2566 1371 2635 qui
1401 2565 1590 2634 paucis
1633 2572 1754 2634 post
1811 2563 1952 2619 diem

382 2658 581 2712 festum
615 2656 803 2712 diebus
851 2657 1051 2723 aiebat,
1083 2658 1276 2727 ingens
1304 2658 1454 2712 circa
1498 2653 1759 2710 Basilium
1785 2657 1953 2710 exsti-

383 2747 512 2801 tisse
540 2746 763 2812 bellum,
794 2760 916 2801 cum
947 2754 1210 2815 cuperent
1256 2746 1494 2800 haeretici
1531 2745 1731 2800 nudam
1765 2759 1951 2798 vocem

379 2851 446 2892 ex
474 2853 539 2892 eo
567 2838 831 2907 arripere,
861 2847 919 2892 ut
944 2837 1060 2906 ipse
1093 2850 1162 2890 ex
1200 2836 1444 2890 Ecclesia
1492 2835 1809 2906 pelleretur.
1860 2836 1953 2906 qui

381 2931 528 2985 solus
559 2945 693 2999 pene
720 2928 985 2998 igniculus
1032 2928 1280 2983 veritatis
1306 2927 1547 2982 restabat
1577 2936 1632 2983 et
1660 2928 1840 2983 vitalis
1870 2928 1954 2982 fa-

378 3021 576 3085 cultas,
607 3021 799 3074 vicinis
845 3020 1096 3075 omnibus
1143 3021 1314 3089 captis
1341 3035 1406 3074 ac
1452 3017 1774 3088 subjugatis.
1837 3019 1951 3087 Ad-

381 3121 540 3165 erant
570 3111 731 3165 etiam
765 3109 1081 3165 fervidiores
1110 3110 1182 3164 illi
1210 3107 1652 3164 Catholici.Usus
1673 3118 1768 3164 test
1791 3109 1946 3164 Basi-
1975 3149 2018 3207 C

379 3199 484 3254 lius
513 3214 578 3253 eo
614 3200 756 3269 quod
784 3199 1019 3255 diximus
1061 3209 1506 3270 temperamento.

457 3292 542 3346 Ill.
575 3293 645 3362 (ε)
678 3291 871 3347 Paucis
896 3302 1016 3360 post
1058 3290 1258 3346 festum
1284 3291 1474 3348 diebus
1501 3293 1806 3348 convivium
1832 3301 1951 3348 erat

387 3382 672 3447 Nazianzi,
705 3382 758 3437 in
790 3398 897 3452 quo
919 3380 1212 3452 Gregorius
1263 3392 1319 3438 et
1348 3385 1502 3438 mttlti
1563 3386 1804 3456 insignes
1846 3385 1948 3439 viri

381 3473 794 3542 accumbebant,
824 3475 1022 3531 Basilio
1052 3476 1392 3546 etGregorio
1420 3475 1604 3542 amici,
1635 3477 1687 3530 in
1719 3477 1804 3530 his
1838 3491 1952 3530 mo-

381 3564 586 3619 nachus
609 3565 846 3633 quidam,
880 3566 968 3634 qui
995 3566 1084 3621 'die
1107 3565 1245 3622 festo
1266 3567 1441 3621 sancti
1476 3567 1766 3638 Eupsychii
1796 3565 1950 3620 Basi-

380 3656 514 3713 lium
568 3658 833 3714 audierat.
867 3655 1116 3712 Nondum
1173 3667 1392 3713 ventum
1430 3670 1550 3713 erat
1605 3660 1673 3714 ad
1731 3659 1947 3729 pocula,

376 3751 600 3822 jamque
666 3765 846 3805 sermo
905 3750 1173 3804 inciderat
1229 3751 1296 3805 de
1328 3749 1527 3805 Basilio
1575 3748 1946 3820 etGregorio,

382 3841 524 3908 quo‘d
553 3839 770 3907 quidem
804 3838 939 3893 satis
966 3838 1208 3893 solemne
1229 3848 1350 3892 erat
1381 3840 1433 3891 in
1457 3838 1718 3892 conviviis
1752 3855 1764 3890 :
1801 3853 1948 3891 cum-

381 3942 484 3995 que
514 3928 770 3983 Basilium
832 3944 1024 3983 omnes
1059 3929 1217 3997 plena
1251 3943 1416 3983 manu
1448 3928 1753 3994 laudarent,
1794 3930 1952 3999 eique

380 4016 700 4087 Gregorium
731 4018 1110 4087 adjungerent,
1137 4026 1248 4071 tum
1286 4019 1583 4073 monachus
1617 4033 1814 4088 magno
1847 4020 1954 4074 cla-

379 4125 532 4164 more
561 4110 844 4164 mendaces
868 4120 923 4165 et
953 4110 1263 4165 adulatores
1312 4111 1544 4180 appellat
1573 4114 1849 4181 convivas,
1887 4130 1952 4170 ac

378 4202 578 4257 Basilio
606 4211 663 4256 et
692 4201 975 4272 Gregorio,
1018 4211 1076 4256 ut
1107 4202 1160 4255 in
1197 4203 1411 4256 caeteris
1453 4201 1613 4256 rebus
1659 4202 1948 4258 laudentur

378 4294 667 4361 concedit;
708 4295 850 4364 quod
878 4303 1057 4349 autem
1090 4294 1387 4348 maximum
1415 4301 1499 4348 est
1529 4309 1635 4349 non
1672 4294 1947 4361 concedit,

377 4395 438 4440 ut
459 4383 793 4440 orthodoxiaz
842 4384 1062 4439 nomine
1116 4383 1430 4450 laudentur,
1471 4398 1593 4436 cum
1621 4382 1780 4438 fidem
1813 4383 1950 4438 alter

2049 561 2214 618 ti0ne.
2269 556 2549 624 Quousque
2593 555 2856 606 lucernam
2893 551 2984 605 sub
3017 551 3191 604 modio
3223 550 3621 606 abscondemus.

2120 652 2417 721 Respondit
2473 651 2766 719 Gregorius
2815 663 3068 717 magnum
3102 663 3225 702 esse
3275 649 3415 701 inter
3462 663 3521 702 se
3567 658 3626 702 et

2053 745 2314 800 Basiliam
2349 743 2663 808 discrimen,
2722 741 2864 808 quod
2923 740 3066 793 dicta
3119 753 3239 797 sua.
3275 747 3332 790 ut
3383 739 3622 792 hominis

2052 836 2298 898 obscuri,
2331 850 2438 888 non
2483 833 2660 902 magni
2695 834 2801 887 sint
2855 831 3156 885 momenti:
3208 830 3390 884 Basilii
3441 843 3622 884 autem

2051 925 2389 995 amplissimo
2411 923 2464 976 in
2497 923 2618 976 loco
2645 920 2882 977 sedentis
2909 919 3112 974 nullum
3142 919 3310 987 possit
3330 921 3623 972 obscurum

2050 1031 2174 1072 esse
2197 1017 2398 1070 dictum
2434 1031 2448 1081 ;
2479 1023 2534 1069 et
2584 1028 2710 1070 cum
2771 1011 3011 1065 haeretici
3068 1011 3318 1066 sitienter
3365 1019 3626 1080 appetant

2053 1124 2120 1162 ex
2161 1106 2277 1175 ejus
2308 1121 2403 1162 ore
2453 1105 2649 1160 nudam
2684 1117 2871 1158 vocem
2921 1101 3186 1170 arripere,
3235 1109 3291 1154 ut
3324 1116 3388 1166 eo
3444 1101 3624 1167 ejecto

2051 1199 2354 1255 Ecclesiam
2393 1205 2681 1266 occupent,
2726 1203 2783 1248 et
2840 1192 2986 1258 inde,
3041 1201 3098 1246 ut
3124 1208 3190 1246 ex
3236 1193 3468 1262 quodam
3500 1206 3630 1260 pro-

2050 1290 2379 1360 pugnaculo,
2411 1299 2637 1344 exteras
2664 1285 3023 1356 populentur;
3056 1283 3226 1339 multo
3257 1284 3429 1338 satius
3457 1284 3628 1338 fuisse

2051 1395 2213 1434 uuam
2247 1393 2456 1443 vocem,
2498 1379 2767 1434 sententia
2820 1377 2872 1430 in
2913 1384 3026 1430 tuto
3070 1377 3264 1444 posita,
3300 1376 3628 1443 praetermit-

2053 1481 2187 1535 tere,
2215 1486 2378 1540 quam
2411 1471 2710 1526 Ecelesiam
2764 1478 2914 1522 tanto
2947 1468 3186 1538 periculo
3213 1468 3467 1537 obiicere.
3506 1465 3630 1522 Non

2051 1563 2258 1632 placuit
2292 1563 2404 1616 haec
2457 1561 2633 1616 oratio
2671 1560 3040 1622 audientibus,
3081 1573 3312 1627 eamque
3358 1571 3418 1612 ut
3468 1559 3630 1629 longe

2054 1656 2274 1724 petitam
2319 1661 2373 1706 et
2404 1651 2745 1707 cavillantem
2790 1649 3116 1718 rejecerunt,
3175 1649 3462 1720 ipsumque
3489 1649 3632 1706 Gre-

2054 1746 2260 1815 gorium
2288 1743 2618 1798 clamoribus
2651 1741 2899 1797 insectati
2929 1748 3072 1804 sunt,
3107 1751 3164 1795 ut
3186 1742 3414 1811 ignavia:
3447 1741 3621 1811 magis

2054 1854 2214 1908 quam
2245 1853 2392 1892 Sanan
2429 1835 2690 1891 doctrina!
2713 1835 3118 1890 consulentem.‘
3161 1833 3343 1903 Longe
3365 1833 3510 1888 enim
3541 1849 3632 1888 sa-

2054 1931 2161 1985 tius
2184 1945 2304 1984 esse
2329 1928 2640 1982 Catholicos
2662 1928 2889 1981 veritate
2909 1927 3248 1995 praedicanda
3275 1927 3440 1991 tueri,
3461 1941 3629 1995 quam

2053 2037 2147 2076 eos
2172 2022 2274 2076 hoc
2300 2030 2723 2091 temperamento
2761 2019 3046 2073 debilitare
3068 2057 3082 2083 ,
3111 2033 3210 2072 nec
3243 2018 3458 2072 interim
3489 2019 3629 2074 alie-

2052 2128 2151 2168 llOS
2175 2127 2474 2168 assumere.

2126 2203 2213 2259 IV.
2253 2204 2392 2271 Quid
2433 2202 2628 2258 deinde
2653 2202 2854 2256 dixerit
2891 2209 2946 2255 et
2977 2201 3208 2254 audierit
3231 2201 3548 2270 Gregorius,
3572 2210 3634 2256 et

2052 2295 2327 2366 quomodo
2379 2303 2576 2364 prmter
2611 2292 2826 2346 modum
2858 2305 2917 2345 ac
2965 2300 3160 2360 praeter
3205 2291 3422 2345 solitum
3479 2292 3658 2346 indi--

2054 2396 2250 2456 gnatus
2281 2385 2374 2451 sit,
2403 2394 2461 2439 ut
2488 2383 2700 2453 longius
2721 2395 2784 2436 ac
2810 2381 2955 2436 dictu
2991 2396 3096 2436 non
3123 2381 3520 2444 necessarium,
3548 2382 3631 2436 si-

2054 2478 2150 2532 let.
2183 2477 2294 2530 lloc
2335 2486 2541 2530 tantum
2574 2473 2725 2527 addit
2761 2472 2954 2526 missos
2994 2485 3024 2525 a
3053 2485 3112 2525 se
3151 2472 3399 2527 homines
3450 2470 3630 2527 factos

2053 2585 2192 2624 esse.
2235 2567 2342 2622 Sed
2377 2583 2407 2620 a
2432 2566 2631 2620 Basilio
2660 2564 2814 2634 petit,
2865 2573 2924 2616 ut
2950 2563 3139 2619 doceat
3165 2579 3223 2618 se
3245 2579 3526 2634 quousque
3561 2566 3622 2619 in

2054 2657 2422 2728 disputatione
2448 2657 2513 2710 de
2566 2653 2802 2722 Spiritus
2833 2652 3004 2706 sancti
3038 2651 3319 2706 divinitate
3350 2654 3629 2723 progredi,

2053 2763 2297 2820 quasque
2327 2762 2484 2801 voces
2519 2753 2860 2814 usurpare,et
2885 2756 3168 2812 quousque
3198 2746 3498 2799 meounmia
3541 2745 3623 2799 uti

2054 2842 2363 2897 conveniat.
2394 2841 2572 2909 Atque
2601 2839 2652 2893 id
2697 2837 2910 2906 quidem
2962 2836 3116 2904 petit,
3145 2851 3249 2890 non
3306 2853 3400 2891 sua
3434 2853 3626 2902 causa,

2053 2949 2214 3002 quem
2250 2933 2490 2986 omnium
2547 2930 2912 2986 miserrimum
2958 2927 3073 2981 fore
3113 2939 3167 2982 et
3219 2929 3632 2984 stolidissimum

2053 3025 2281 3091 fatetur,
2307 3026 2350 3080 si
2387 3025 2594 3079 dubitet
2621 3023 2747 3092 quid
2776 3020 3008 3075 Basilius
3054 3021 3286 3087 sentiat;
3334 3023 3426 3077 sed
3457 3031 3514 3076 ut
3535 3036 3634 3076 re-

2054 3118 2314 3187 spondeat
2336 3115 2853 3170 contradicentibus.

2124 3208 2382 3275 Quamvis
2411 3205 2701 3276 Gregorius
2737 3209 2898 3278 hujus
2946 3210 3207 3268 molestia:
3234 3207 3481 3262 nuntium
3510 3220 3626 3262 non

2052 3300 2170 3355 sine
2198 3314 2390 3370 magna
2419 3298 2704 3362 cautione,
2737 3301 3055 3370 magnisque
3109 3301 3309 3355 amoris
3356 3296 3637 3366 significa-

2054 3391 2291 3445 tionibus
2317 3388 2619 3460 perscribat
2648 3405 2663 3454 ;
2701 3403 2786 3442 res
2819 3400 2998 3446 tamen
3037 3390 3234 3446 accidit
3269 3389 3467 3444 Basilio
3496 3403 3632 3456 pcr-

2055 3480 2302 3536 molesta.
2336 3478 2519 3535 Mirari
2555 3495 2612 3534 se
2639 3479 2711 3534 ait
2743 3478 2846 3550 (d),
2879 3497 2982 3536 non
3015 3484 3156 3551 quod
3185 3481 3477 3534 monachus
3510 3479 3634 3533 haec

2053 3573 2304 3638 dixisset,
2356 3571 2448 3626 sed
2492 3571 2634 3641 quod
2680 3573 3128 3641 germanissimus
3183 3573 3381 3627 fratres
3415 3586 3543 3626 suos
3571 3579 3635 3626 et

2053 3665 2266 3720 amicos
2305 3662 2582 3718 habuisset
2627 3663 2922 3730 auditores,
2970 3662 3055 3717 vel
3110 3663 3287 3731 potius
3314 3661 3637 3731 discipulos.

2054 3754 2151 3810 His
2198 3754 2526 3824 respondere
2581 3768 2807 3824 prorsus
2835 3754 3023 3808 inutile
3056 3755 3372 3820 arbitratur,
3419 3763 3635 3807 etcum

2054 3846 2170 3917 ipso
2199 3844 2461 3914 Gregorio
2512 3843 2822 3913 expostulat
2848 3845 2990 3914 quod
3047 3847 3112 3900 ad
3144 3860 3202 3900 se
3248 3861 3353 3900 non
3395 3845 3624 3909 veniat;

2053 3937 2256 3992 aditum
2290 3937 2432 3990 enim
2461 3949 2564 3988 non
2607 3935 2885 3990 habituras
2915 3936 3232 3996 calumnias.
3279 3937 3324 3990 si
3361 3949 3616 4002 magnam

2053 4028 2179 4080 anni
2205 4036 2412 4095 partem
2447 4026 2607 4080 simul
2641 4027 3002 4081 traducerent.
3037 4027 3227 4095 llogal,
3267 4035 3323 4081 ut
3345 4029 3532 4080 saltem
3566 4041 3637 4083 se

2054 4119 2106 4172 in
2132 4119 2404 4188 proposito
2433 4119 2735 4174 certamine
2776 4119 3018 4187 adjuvet,
3051 4129 3106 4173 et
3134 4119 3206 4177 ei.
3239 4120 3328 4188 qui
3360 4129 3484 4172 tunc
3512 4117 3628 4172 hel-

2054 4209 2161 4263 lqu
2194 4209 2476 4272 inferebat,
2520 4225 2702 4265 secum
2733 4221 3008 4266 occurrat.
3063 4209 3260 4276 Sperat
3306 4224 3366 4264 se
3394 4209 3636 4276 eiectum

2053 4300 2121 4353 iri
2142 4309 2234 4354 aut
2259 4299 2460 4368 aliquid
2493 4303 2712 4370 gravius
2745 4317 3056 4371 passurum,
3111 4303 3295 4370 sicque
3318 4301 3634 4356 calumnias

2053 4407 2274 4459 operum
2311 4393 2623 4446 testimonio
2650 4393 3031 4447 refutaturum.
3059 4391 3332 4458 Quantum
3357 4391 3628 4462 Gregorio

377 4477 570 4548 prodat
609 4477 951 4541 disserendo,
1003 4474 1139 4529 alter
1163 4475 1524 4530 connivendo.
1567 4473 1702 4527 Tum
1737 4473 1946 4544 Grego-

2058 4486 2333 4548 trihueret,
2367 4485 2690 4553 perspicitur
2715 4500 2777 4540 ex
2807 4485 3205 4555 perhonorifica
3243 4484 3504 4538 invitandi
3534 4501 3625 4539 ra-

377 4572 526 4624 rius:
560 4568 710 4623 Unde
731 4570 848 4634 Itoc,
877 4585 906 4623 ο
936 4585 1067 4623 unus
1103 4567 1283 4636 homo,
1324 4580 1373 4623 et
1403 4569 1706 4640 arrogantia
1733 4568 1948 4623 Dathan

375 4669 422 4713 et
448 4661 689 4714 Abiron?
718 4661 855 4714 unde
906 4661 1052 4713 nobis
1105 4660 1412 4730 dogmatum
1457 4657 1821 4729 promulgator
1859 4676 1946 4713 ve-

376 4752 494 4804 nis?
525 4751 733 4806 Siccine
763 4763 1029 4806 tantarum
1058 4767 1232 4806 rerum
1254 4751 1488 4820 judicem
1511 4753 1730 4820 teipsum
1755 4750 1949 4820 efﬁcis?

375 4843 450 4895 lbi
487 4845 780 4897 monachus
812 4844 1068 4899 advenire
1093 4859 1152 4899 se
1184 4843 1319 4898 dixit
1340 4857 1406 4896 ex
1432 4851 1699 4896 conventu
1728 4840 1787 4896 S.
1836 4842 1950 4897 Eu-

376 4932 606 5003 psychii,
635 4949 698 4988 ac
719 4925 994 4990 audivisse
1015 4951 1137 4990 cum
1165 4934 1398 4989 Basilius
1420 4934 1488 4988 de
1519 4933 1680 4988 Patre
1721 4934 1940 5002 quidem

373 5031 425 5078 et
451 5023 589 5078 Filio
619 5024 848 5079 mirifice
870 5026 1181 5091 dissereret,
1201 5034 1256 5078 at
1285 5025 1545 5094 Spiritum
1575 5039 1631 5079 sa
1645 5035 1826 5078 nctum
1858 5024 1948 5079 de-

373 5120 668 5180 torqueret.
702 5110 756 5165 ln
787 5128 893 5182 quo
917 5098 1175 5169 Basiliam
1208 5114 1562 5183 comparabat
1603 5128 1724 5167 cum
1758 5111 1942 5169 fluviis

371 5209 558 5270 petras
621 5205 1072 5271 praetereuntibus
1127 5213 1182 5258 et
1243 5218 1464 5257 arenam
1525 5205 1942 5258 excavantibus.

374 5291 515 5358 Quin
554 5293 716 5347 etiam
746 5296 1021 5364 quaerebat
1043 5310 1111 5350 ex
1137 5295 1426 5366 Gregorio,
1454 5311 1553 5352 cur
1582 5297 1698 5366 ipse
1726 5297 1944 5365 quidem

375 5381 549 5449 palam
588 5393 642 5437 et
666 5396 848 5453 aperte
873 5383 1132 5457 Spiritum
1164 5388 1462 5458 appellaret
1492 5388 1684 5453 Deum,
1710 5388 1948 5445 Basilius

374 5487 506 5528 vero
529 5475 742 5544 politice
771 5478 942 5548 magis
977 5492 1134 5549 quam
1165 5481 1250 5551 pic
1280 5481 1566 5538 veritatem
1591 5480 1948 5551 praedicaret?

447 5616 523 5684 (α)
558 5614 702 5688 _Naz.
738 5632 824 5688 cp.
847 5616 939 5672 26.

448 5688 520 5828 l3
553 5685 683 5812 illi:

2054 4576 2217 4630 tione.
2259 4575 2321 4630 Si
2350 4577 2486 4629 enim
2515 4586 2720 4650 tantum
2751 4593 3029 4644 apparens,
3064 4576 3235 4644 inquit
3265 4575 3342 4645 (ιι.
3376 4576 3452 4643 2).
3500 4591 3632 4644 sup-

2050 4669 2245 4735 primes
2301 4670 2460 4736 ipsius
2500 4669 2772 4737 impetum,
2826 4685 3013 4738 eosque
3055 4669 3144 4737 qui
3186 4668 3253 4720 ad
3293 4669 3482 4735 patria:
3541 4684 3626 4721 res
3671 4650 3681 4656 ’

2052 4760 2351 4813 evertendas
2381 4760 2703 4827 conspirant,
2764 4759 3066 4828 dissipabis,
3121 4761 3211 4813 ubi
3260 4759 3388 4828 ipsis
3443 4769 3630 4811 notum

2052 4851 2236 4918 feceris
2269 4861 2338 4917 te,
2371 4849 2466 4904 Dei
2492 4851 2688 4920 gratia,
2721 4852 2886 4904 nostri
2919 4860 3079 4904 coetus
3107 4850 3292 4903 ducem
3322 4864 3453 4913 esse,
3485 4859 3588 4903 etc.

2126 4941 2426 5012 [legaverat
2452 4941 2747 5012 Gregorius
2773 4951 2828 4994 ut
2857 4942 3017 4996 simul
3040 4943 3420 5009 convenirent;
3453 4957 3632 5010 quan.

2055 5047 2215 5101 quam
2250 5032 2299 5086 id
2329 5033 2542 5101 quidem
2579 5034 2629 5086 in
2660 5032 2905 5101 epistola,
2930 5048 3092 5102 quam
3125 5033 3283 5088 modo
3314 5033 3629 5100 retulimus,

2059 5138 2161 5176 non
2195 5133 2345 5192 rogat
2377 5141 2393 5189 ;
2423 5123 2514 5178 sed
2545 5122 2682 5179 forte
2708 5125 2758 5179 id
2785 5123 2966 5194 bajulo
2984 5124 3226 5194 epistolae
3261 5125 3312 5178 in
3345 5126 3625 5190 mandatis

2057 5215 2302 5269 dederat.
2344 5213 2608 5270 Libenter
2641 5217 2833 5271 annuit
2881 5216 3136 5282 Basilius,
3183 5216 3322 5271 side
3369 5217 3628 5274 Ecclesiis

2052 5303 2456 5358 deliberandum
2489 5307 2558 5358 sit
2588 5321 2604 5371 ;
2640 5321 2798 5361 secus
2840 5320 2992 5370 vero,
3027 5307 3072 5358 si
3101 5305 3386 5359 calumniae
3406 5303 3630 5357 diluet)-

2058 5393 2157 5445 die.
2215 5393 2462 5447 Dolorem
2497 5392 2684 5448 Basilii
2721 5395 2897 5450 sensit
2943 5394 3241 5466 Gregorius
3265 5393 3355 5464 (ε),
3388 5407 3633 5461 eumque

2053 5500 2159 5540 non
2213 5487 2331 5540 sine
2402 5485 2574 5540 amica
2628 5487 3050 5557 reprehensione
3116 5485 3395 5542 admonuit
3454 5484 3633 5542 satius

2127 5623 2202 5691 (ά)
2238 5625 2407 5689 Epist.
2437 5623 2528 5678 7|.

2128 5697 2197 5763 te)
2237 5693 2368 5752 Naz.
2400 5709 2483 5764 cp.
2516 5694 2608 5748 27.
