3958 6212
1594 358 1755 411 νιτΑ
1793 358 1849 412 S.
1890 355 2153 411 BASiLll.

3380 376 3548 424 ιιιιιι

298 467 464 522 fuisse
515 465 876 518 incommodis
919 466 1145 528 mederi,
1176 482 1340 535 quam
1394 467 1680 522 consilium
1729 466 1876 519 danti
1911 474 1952 526 Α
1985 482 2091 535 quo
2118 475 2264 534 patet
2308 466 2610 523 Palladium
2646 472 2865 525 minime
2918 487 2984 526 ex
3021 489 3247 529 numero
3282 476 3555 533 obtrecta.

296 570 640 613 succensere.
675 555 944 609 Caeterum
975 566 1256 610 venturum
1291 572 1350 610 se
1385 558 1650 626 promittit
1684 567 1736 611 et
1774 555 1877 608 Ba-

296 651 419 705 silio
446 650 583 702 duce
619 647 851 701 libenter
895 647 1298 701 dimicaturum.
1325 648 1471 714 Quos
1494 647 1726 702 Basilius
1754 663 1877 717 ger-

296 741 649 795 manissimus
698 737 898 792 fratres
946 749 1000 792 et
1043 740 1245 795 amicos
1300 750 1475 807 vocat,
1518 741 1571 795 hi
1623 740 1877 794 videntur

298 833 549 888 monachi
582 832 913 886 Nazianzeni
944 831 1146 896 fuisse;
1178 831 1339 899 idque
1371 841 1518 900 patet
1544 847 1609 885 ex
1640 832 1724 886 his
1757 845 1875 884 ver-

303 927 390 981 bis
420 946 431 979 :
469 925 579 992 Ego
609 924 803 991 igitur,
847 924 892 976 si
932 923 1151 976 necdum
1201 924 1354 976 istius
1386 923 1639 992 fratribus
1665 938 1791 975 mea:
1813 921 1875 974 de

299 1019 411 1073 Deo
446 1016 720 1069 sententia:
752 1015 1161 1081 experimentum
1205 1016 1347 1082 dedi,
1393 1030 1455 1069 ne
1500 1029 1636 1067 nunc
1670 1013 1874 1084 quidem

297 1108 464 1161 habeo
498 1109 639 1175 quod
674 1106 1039 1174 respondeam.

369 1198 623 1267 Gregorii
656 1198 819 1251 verba
853 1198 904 1249 in
952 1195 1199 1250 convivio
1251 1195 1413 1249 citata
1451 1195 1874 1265 reperiunturin

299 1292 549 1344 oratione
577 1298 791 1355 octava,
828 1302 990 1355 quam
1036 1288 1402 1356 pronuntiavit
1434 1302 1577 1340 anno
1604 1286 1709 1340 572
1753 1302 1873 1341 cum

299 1382 529 1451 ahjectis
562 1380 790 1434 Sasimis
818 1380 1215 1435 Nazianzenam
1252 1378 1549 1433 Ecclesiam
1586 1380 1685 1432 sub
1722 1388 1877 1447 patre

300 1474 594 1542 regendam
627 1472 888 1541 suscepit.
948 1472 1053 1525 Sed
1081 1479 1257 1523 tamen
1300 1484 1367 1523 ex
1400 1469 1577 1535 aliqua
1616 1468 1718 1520 alia
1756 1482 1877 1521 ora-

305 1566 454 1618 tione
487 1564 771 1631 desumpta
804 1578 943 1626 esse,
1004 1561 1197 1614 merito
1249 1560 1441 1613 statuit
1475 1558 1875 1611 Tillemontius.

302 1655 415 1709 Non
442 1657 589 1709 enim
615 1656 813 1707 mirum
850 1662 946 1706 aut
976 1652 1372 1705 incommodum
1420 1649 1594 1702 videri
1621 1650 1803 1713 debet,
1831 1647 1874 1701 si

300 1747 550 1802 eamdem
575 1748 897 1801 sententiam
933 1759 1038 1798 non
1078 1742 1241 1797 semel
1287 1742 1632 1810 usurpaverit
1674 1740 1877 1809 Grego-

1993 565 2164 609 torum
2220 555 2402 610 Basilii
2466 556 2654 611 fuisse.
2706 558 2847 611 Idem
2896 560 3180 613 dicendum
3214 562 3280 616 de
3338 561 3550 630 Diania,

1987 648 2142 717 cujus
2198 662 2263 701 ex
2299 661 2551 701 sermone
2604 660 2932 717 cognoverat
2979 651 3304 709 Athanasius
3354 654 3554 711 frustra

1986 740 2278 793 monachos
2312 738 2674 795 Caesarienses
2726 742 2953 795 turbari.
3012 741 3252 797 Notanda
3309 743 3555 811 ejusdem

1986 832 2223 900 epistolze
2252 832 2365 884 haec
2395 831 2558 884 verba
2592 850 2603 883 :
2638 831 2808 895 Αὐτὸς
2836 834 2933 902 μὲν
2963 836 3092 903 γὰρ,
3121 834 3196 897 ὡς
3216 835 3553 907 τεθάρῤηκα,

1987 927 2100 986 τοῖς
2126 923 2441 975 ἀσθενοῦσιν
2476 924 2707 993 ἀσθενὴς
2736 924 2965 991 γίνεται,
3008 926 3094 977 ἴνα
3141 926 3267 989 τοὺς
3313 928 3556 990 ἀσθενεῖς

1988 1015 2247 1086 κερδήσῃ*
2271 1018 2317 1068 οἱ
2344 1016 2399 1067 δὲ
2426 1016 2699 1084 ἀγαπητοὶ
2733 1015 2887 1086 ἡμῶν
2924 1017 3316 1082 ἀποϐλέποντες
3353 1022 3431 1082 εἰς
3469 1020 3557 1072 τὸν

1986 1108 2189 1162 σκοπὸν
2218 1108 2315 1177 τῆς
2340 1088 2598 1178 ἀλήθείας
2624 1106 2807 1171 αὐτοῦ,
2866 1109 2959 1159 καὶ
2983 1109 3080 1179 τὴν
3108 1110 3437 1180 οἰκονομίαν,
3470 1111 3556 1163 δο-

1989 1198 2300 1265 ξαζέτωσαν
2321 1199 2412 1251 τὸν
2447 1197 2650 1269 Κύριον
2670 1198 2758 1251 τὸν
2784 1198 3049 1251 δεδωκότα
3085 1203 3150 1270 τῇ
3196 1201 3559 1273 Καππαδοκίᾳ

1985 1290 2222 1343 τοιοῦτον
2287 1288 2599 1354 ἐπίσκοπον,
2656 1285 2767 1341 οἷον
2832 1290 2926 1342 καὶ
2957 1290 3161 1359 ἑκάστη
3210 1290 3364 1360 χώρα
3418 1290 3559 1362 ἔχειν

1988 1382 2227 1453 εὔχεται.
2257 1381 2377 1449 Ipse
2411 1382 2547 1433 enim
2584 1381 2878 1452 (Basilius).
2915 1391 2971 1433 ut
3004 1383 3228 1449 con/ida,
3258 1399 3374 1435 cum
3406 1384 3558 1449 inﬁr-

1986 1476 2082 1526 mis
2112 1472 2440 1539 in/irmatur,
2479 1481 2533 1523 ut
2565 1472 2805 1539 inﬁrmos
2828 1472 3145 1538 lucrifaciat.
3176 1472 3361 1525 Dilecti
3385 1483 3560 1526 autem

1990 1562 2156 1615 nostri
2200 1561 2530 1629 respicientes
2578 1561 2646 1612 ad
2692 1562 3017 1627 propositum
3057 1563 3292 1614 veritatis
3338 1561 3480 1614 illius
3512 1572 3560 1614 et

1987 1653 2351 1715 oeconomiam,
2394 1652 2688 1721 gloriﬁcent
2730 1652 3032 1717 Dominum,
3073 1652 3161 1720 qui
3202 1652 3359 1704 talem
3417 1651 3559 1705 dedit

1986 1742 2330 1813 Cappadocia:
2354 1744 2671 1810 episcopum,
2702 1741 2907 1811 qualem
2940 1758 3262 1811 uitaqquue
3303 1743 3440 1809 regio
3469 1759 3559 1795 cu-

310 1842 446 1903 rius,
473 1855 597 1894 cum
623 1839 923 1909 praesertim
982 1846 1148 1889 totam
1180 1836 1321 1888 hanc
1365 1834 1672 1895 historiam,
1722 1846 1883 1900 quam
1919 1826 1959 1881 Β
1989 1838 2059 1905 pit
2094 1836 2301 1889 habere.
2360 1834 2416 1888 In
2472 1837 2717 1889 eamdem
2757 1836 3082 1889 sententiam
3143 1836 3200 1889 S.
3232 1835 3560 1889 Athanasius

305 1932 467 1985 modo
497 1932 866 1993 narravimus,
908 1930 1033 1982 huic
1066 1943 1206 1981 anno
1233 1928 1331 1981 571
1359 1929 1683 1982 necessaria:
1720 1926 1885 1979 ratio-

306 2038 403 2077 nes
458 2023 738 2077 addicant.
783 2021 996 2075 Nullum
1027 2022 1168 2075 enim
1204 2019 1345 2072 aliud
1378 2028 1588 2088 tempus
1614 2020 1878 2083 occurrit,

309 2116 366 2169 in
404 2129 513 2183 quo
538 2116 828 2168 instantem
883 2114 1094 2168 hostem
1119 2113 1511 2179 exspcctaverit
1545 2109 1798 2173 Basilius,
1833 2122 1886 2165 et

305 2207 555 2261 exsilium
582 2219 676 2259 aut
707 2206 907 2275 aliquid
957 2206 1174 2271 gravius
1223 2221 1287 2259 ex
1326 2204 1509 2275 pradio
1560 2204 1881 2272 Speraverit.

302 2303 843 2371 ApprOpinquantein
891 2298 1133 2352 Valentis
1158 2298 1445 2350 adventum
1480 2294 1885 2365 designatGre-

304 2396 488 2465 gorius
516 2394 619 2461 (a),
650 2408 769 2446 cum
802 2392 879 2445 ait
928 2392 978 2444 in
1027 2390 1295 2453 convivio,
1349 2390 1529 2459 ingens
1563 2389 1701 2441 circa
1733 2387 1886 2441 Basi—

304 2488 433 2541 liam
459 2503 573 2540 esse
595 2484 809 2546 bellum,
840 2483 1022 2536 uicinis
1052 2484 1291 2536 omnibus
1336 2482 1501 2547 captis
1546 2493 1592 2533 et
1629 2480 1883 2548 subjuga-

304 2579 391 2631 tis.
415 2576 709 2639 Praeterea,
754 2576 797 2627 si
820 2574 931 2641 jam
980 2573 1213 2627 Basilius
1253 2589 1374 2626 cum
1404 2570 1625 2625 Valente
1665 2570 1886 2639 ejusque

309 2666 578 2720 ministris
633 2672 967 2735 pugnasset,
1023 2678 1148 2715 num
1193 2662 1421 2732 ignavia:
1460 2661 1668 2714 crimen
1718 2660 1884 2713 futuri

307 2756 475 2826 prailii
522 2754 894 2825 promissione
939 2752 1270 2823 repelleret?
1317 2751 1525 2818 Quibus
1566 2752 1711 2805 enim
1742 2750 1887 2803 illius

311 2850 469 2903 ﬁdem
499 2848 777 2916 praeterita
809 2846 1111 2900 certamina
1138 2860 1245 2899 non
1271 2846 1685 2912 approbassent,
1716 2841 1884 2894 multo

314 2943 492 2995 minus
522 2944 761 2995 nondum
796 2941 1086 2995 commissa
1120 2939 1502 3008 approbarent.
1531 2937 1708 2990 Aliam
1739 2936 1885 2988 addit

316 3032 577 3085 rationem
611 3030 994 3084 Tillemontius
1023 3048 1035 3081 :
1065 3028 1273 3082 scilicet
1303 3028 1559 3080 Basilium
1587 3036 1707 3096 post
1739 3025 1888 3078 Sasi-

1988 1926 2225 1994 loquitur
2275 1927 2326 1979 in
2387 1926 2616 1995 epistola
2668 1928 2733 1981 ad
2786 1924 3048 1981 Joannem
3097 1934 3150 1980 et
3191 1927 3557 1981 Antiochum:

1988 2020 2136 2071 Πάνυ
2170 2018 2227 2071 δὲ
2254 2019 2574 2090 τεθαύμακα
2604 2019 2701 2090 τὴν
2732 2018 3044 2091 θρασύτητα
3088 2020 3195 2073 τῶν
3243 2018 3559 2090 τολμώντων

1986 2113 2165 2165 λαλεῖν
2194 2115 2333 2166 κατά
2365 2112 2457 2164 τοῦ
2485 2112 2769 2183 ἀγαπητοῦ
2810 2112 2986 2183 ἡμῶν,
3019 2111 3112 2165 τοῦ
3160 2111 3370 2182 ἀληθῶς
3426 2110 3560 2165 Θεοῦ

1986 2203 2197 2266 δούλου,
2226 2203 2501 2257 Βασιλείου
2524 2204 2616 2257 τοῦ
2639 2205 2957 2258 ἐπισκόπουσ
2988 2207 3049 2258 ἐκ
3067 2205 3174 2275 γὰρ
3197 2206 3292 2275 τῆς
3309 2206 3564 2274 τοιαύτης

1988 2295 2252 2366 φλυαρίας
2276 2296 2591 2365 ἐλέγχεσθαι
2620 2296 2959 2367 δυνήσονται,
2980 2296 3056 2360 ὡς
3088 2297 3206 2350 οὐδὲ
3240 2296 3348 2350 τῶν
3383 2296 3559 2351 Πατέ-

1992 2405 2098 2457 ρων
2115 2386 2433 2455 ἀγαπῶντες
2462 2388 2561 2458 τὴν
2574 2388 2882 2458 ὁμολογίαν.
2901 2387 3128 2441 Omnino
3160 2390 3323 2440 miror
3349 2388 3561 2441 temeri—

1988 2490 2142 2532 tatem
2167 2496 2365 2543 eorum,
2393 2481 2480 2544 qui
2524 2480 2711 2531 dilecto
2759 2489 2959 2540 nostro,
3033 2495 3149 2531 vero
3187 2478 3280 2531 Dei
3335 2476 3561 2545 famulo,

1990 2570 2193 2624 Basilio
2230 2573 2469 2639 episcopo
2497 2573 2784 2623 obtrectare
2828 2570 3023 2623 audent
3052 2587 3068 2622 :
3114 2586 3178 2622 ea:
3205 2568 3397 2621 talibus
3424 2568 3563 2622 enim

1990 2663 2139 2729 nugis
2165 2664 2317 2731 argui
2356 2671 2623 2729 poterunt,
2680 2662 2817 2731 quod
2849 2678 2910 2713 ne
2940 2660 3163 2713 Patrum
3206 2661 3411 2729 quidem
3438 2658 3563 2714 dili-

1988 2765 2113 2823 gant
2157 2754 2559 2822 confessionem.

2061 2845 2355 2899 Palladium
2397 2845 2671 2899 existimat
2719 2843 3096 2897 Tillcmontius
3148 2859 3268 2897 eum
3308 2858 3427 2897 esse
3472 2843 3566 2910 qui

1989 2939 2207 3006 scripsit
2262 2936 2435 2989 Vitam
2489 2938 2663 2991 sancti
2695 2936 2915 2993 Joannis
2941 2936 3329 3005 Chrysostomi.
3368 2936 3413 2989 Is
3443 2950 3565 2988 cum

1988 3028 2298 3083 Innocentio
2338 3027 2468 3081 Italo
2489 3028 2782 3081 solitariam
2808 3029 2968 3079 vitam
3002 3027 3211 3096 agebat.
3252 3027 3329 3079 Ad
3358 3035 3566 3079 utrum-

314 3140 533 3179 menses
572 3122 852 3177 molestias
902 3122 1084 3175 dicere
1132 3136 1236 3175 non
1279 3121 1543 3189 potuisse,
1603 3136 1657 3172 se
1690 3119 1884 3171 nullius
1917 3163 1959 3219 ϐ
1992 3137 2097 3191 que
2124 3131 2302 3174 exstat
2342 3121 2527 3175 Basilii
2560 3123 2787 3190 epistola
2839 3121 2964 3177 259.
2998 3121 3328 3175 Antiochum
3382 3128 3564 3174 autem

313 3210 415 3265 sibi
455 3212 509 3263 in
546 3207 860 3278 Gregorium
894 3225 1054 3277 neque
1083 3210 1227 3277 parvi
1274 3226 1435 3279 neque
1462 3209 1682 3277 majoris
1713 3209 1887 3261 delicti

316 3320 427 3355 esse
460 3302 751 3355 conscium.
815 3301 919 3353 Sed
979 3316 1085 3363 non
1120 3300 1273 3353 video
1322 3316 1417 3352 cur
1462 3300 1694 3353 Basilius
1727 3300 1889 3351 etiam

317 3407 455 3465 post.
496 3397 685 3448 turbas
737 3394 1077 3447 Sasimenses
1128 3395 1266 3447 hanc
1326 3393 1581 3447 amicitia:
1615 3407 1888 3461 nunquam

320 3490 533 3543 violatae
567 3489 782 3540 laudem
836 3487 937 3540 sibi
982 3487 1262 3539 vindicare
1302 3500 1408 3539 non
1451 3485 1709 3553 potuerit,
1767 3500 1889 3538 cum

316 3582 617 3650 praesertim
658 3578 773 3647 ipse
812 3577 1105 3646 Gregorius
1159 3578 1400 3645 pluribus
1458 3577 1591 3630 locis
1631 3575 1709 3647 (ὁ)
1748 3576 1892 3629 dit-at

316 3670 613 3723 amicitiam
676 3669 779 3723 hac
838 3669 890 3722 in
952 3683 1011 3722 re
1067 3666 1324 3722 Basiliam
1396 3666 1619 3736 Spiritui
1672 3666 1884 3732 postha—

314 3760 522 3816 buisse.
1807 3810 1814 3820 ,

394 3850 454 3905 ν.
517 3851 904 3905 Monachorum
963 3851 1028 3921 de
1082 3848 1283 3904 Basilio
1316 3848 1549 3917 querelae
1602 3847 1669 3902 ad
1720 3847 1891 3901 sancti

321 3943 609 3995 Athanasii
642 3957 801 3995 aures
838 3950 1222 4009 pervenerunt,
1251 3940 1407 4008 eique
1435 3940 1775 3994 occasionem
1805 3938 1895 3993 de-

321 4033 521 4085 derunt
547 4030 730 4084 Basilii
772 4030 1110 4084 defendendi.
1134 4028 1267 4083 Nam
1300 4045 1421 4082 cum
1445 4030 1492 4084 ei
1524 4028 1745 4082 Dianius
1772 4029 1894 4097 qui—

321 4125 448 4178 dam
479 4122 707 4176 dixisset
743 4120 1038 4175 monachos
1083 4120 1445 4175 Caesarienscs
1477 4134 1796 4175 succensere
1843 4128 1897 4172 et

320 4215 590 4268 obluctari
626 4213 846 4277 Basilio,
875 4212 1099 4281 scripsit
1132 4212 1213 4267 eis
1262 4212 1609 4275 Athanasius,
1646 4220 1701 4264 ut
1754 4209 1894 4278 patri

325 4308 615 4362 obedirent
648 4317 899 4374 tanquam
960 4305 1077 4369 lilii,
1129 4318 1228 4358 nec
1261 4304 1765 4374 eLobluctarentur
1795 4302 1894 4355 do-

323 4402 492 4455 centi.
534 4399 590 4453 Si
618 4400 762 4453 enim
793 4409 1076 4468 suspectus
1132 4405 1281 4450 esset
1310 4397 1548 4451 Basilius
1600 4396 1653 4449 in
1681 4397 1746 4450 iis
1779 4410 1898 4463 quae

1996 3214 2286 3269 verisimile
2306 3224 2390 3268 est
2414 3215 2587 3268 sancti
2614 3215 2829 3267 Eusebii
2863 3215 3263 3268 Samosatensis
3291 3214 3474 3267 fratris
3504 3212 3567 3268 iis

1993 3307 2122 3359 lium
2152 3322 2291 3370 esse,
2316 3309 2381 3359 de
2398 3322 2504 3374 quo
2527 3306 2663 3360 alius
2687 3316 2935 3361 occurret
2959 3307 3171 3359 dicendi
3199 3307 3369 3361 locus.

2064 3398 2211 3466 Quos
2247 3399 2579 3453 Athanasius
2613 3407 2771 3452 vocat
2816 3398 3181 3451 C;esarienses
3228 3396 3523 3451 monachos
3550 3437 3563 3461 ,

1996 3494 2155 3548 valde
2190 3492 2375 3546 dubito
2406 3502 2588 3545 utrum
2620 3508 2686 3547 ex
2721 3492 3041 3546 Caesariensi
3087 3492 3419 3545 monasterio
3446 3489 3565 3544 fueo

1997 3588 2125 3651 rint,
2154 3602 2222 3639 an
2250 3602 2315 3639 ex
2347 3586 2468 3639 aliis
2498 3586 2847 3653 (lappadocize
2879 3586 3243 3639 monasteriis.
3282 3584 3416 3637 Nam
3451 3584 3568 3638 Cae-

1994 3679 2264 3731 sarienses
2309 3689 2504 3731 ascetze
2549 3678 2799 3730 videntur
2848 3675 3048 3729 Basilio
3094 3690 3309 3744 semper
3350 3676 3568 3728 amicis-

1905 3826 1909 3831 ,
1996 3772 2119 3825 simi
2152 3770 2356 3836 fuisse;
2392 3782 2591 3824 etcum
2626 3770 2822 3823 factam
2853 3770 2901 3823 ei
2930 3770 2997 3822 ab
3023 3768 3256 3822 Eusebio
3300 3769 3558 3836 episcopo

2000 3862 2248 3931 injuriam
2282 3861 2417 3915 ultra
2438 3864 2602 3931 legem
2624 3873 2677 3915 et
2709 3861 2924 3915 modum
2947 3859 3308 3923 defenderint,
3337 3874 3556 3913 eorum-

2002 3970 2112 4023 que
2142 3956 2383 4009 studium
2416 3954 2672 4007 enituerit
2694 3953 2746 4007 in
2781 3952 3139 4020 promovenda
3174 3953 3315 4005 illius
3336 3951 3562 4005 electio-

2000 4061 2100 4110 ue;
2134 4045 2428 4098 verisimile
2454 4060 2557 4097 non
2589 4054 2671 4097 est
2703 4053 2811 4096 tam
2835 4043 2942 4095 cito
2963 4057 3056 4097 eos
3075 4045 3141 4096 ab
3169 4042 3260 4096 illo
3288 4041 3568 4096 abaliena-

2001 4147 2084 4188 tos
2126 4135 2312 4195 fuisse,
2358 4145 2413 4187 et
2463 4135 2688 4203 ignaviae
2735 4134 2940 4187 crimen
2991 4133 3258 4198 intulisse,
3293 4144 3404 4185 tum
3448 4146 3573 4189 cunt

2000 4240 2058 4279 se
2095 4224 2163 4277 ad
2195 4224 2573 4293 gravissimum
2600 4232 2874 4277 certamen
2912 4222 3127 4277 fortiter
3152 4231 3388 4291 pararet.

2075 4315 2276 4370 Praeter
2299 4317 2395 4369 hos
2426 4316 2871 4384 reprehensores,
2894 4314 2983 4368 alii
3015 4316 3176 4369 etiam
3207 4317 3345 4370 inter
3372 4316 3572 4371 Catho-

2005 4408 2137 4463 licos
2166 4409 2449 4471 exstitere,
2482 4408 2573 4477 qui
2599 4418 2651 4461 et
2700 4408 2958 4462 Basilium
2987 4417 3043 4461 et
3086 4408 3403 4478 Gregorium
3458 4424 3566 4462 non

325 4494 394 4546 ad
428 4492 712 4545 veritatem
754 4500 1021 4559 spectant,
1053 4489 1376 4544 laudabilem
1405 4488 1521 4541 fore
1550 4502 1735 4541 eorum
1767 4501 1897 4540 con-
1931 4500 1975 4556 ι)
2004 4500 2329 4563 εξηιίάίιλιίε,
2373 4500 2466 4553 εει]
2510 4499 2805 4567 impietatis
2857 4510 3218 4563 accusarem,
3265 4515 3327 4553 ac
3373 4514 3441 4553 ne
3482 4500 3581 4569 ρει,

326 4584 647 4637 tentionem.
682 4582 787 4635 Sed
809 4582 854 4636 si
881 4581 1158 4635 confidunt
1197 4580 1459 4649 (eamdem
1485 4579 1585 4633 sibi
1638 4578 1892 4631 fiduciam

324 4690 451 4729 esse
476 4675 573 4742 ait)
601 4687 725 4727 eum
747 4688 867 4727 esse
893 4675 1056 4726 decus
1107 4680 1161 4726 et
1209 4682 1588 4724 ornamentum
1644 4666 1897 4722 Ecclesia:

326 4780 390 4818 ac
437 4765 608 4833 magis
636 4777 735 4833 pro
768 4764 997 4815 veritate
1044 4770 1276 4825 certare,
1325 4769 1379 4812 et
1412 4774 1505 4813 eos
1527 4757 1619 4822 qui
1644 4755 1886 4810 doctrina

330 4857 577 4926 indigent
639 4858 906 4921 edocere;
959 4867 1296 4924 nequaquam
1347 4865 1469 4904 cum
1502 4850 1590 4902 tali
1643 4849 1761 4910 viro
1806 4862 1904 4915 pu-.

328 4949 605 5021 gnandum
633 4962 775 5011 esse,
828 4947 919 5001 sed
972 4948 1148 5014 potius
1180 4945 1376 4998 bonam
1432 4940 1574 4995 illius
1610 4939 1897 4993 conscien-

330 5044 461 5095 tiam
496 5040 918 5110 approhandam.
959 5037 1074 5091 Non
1110 5044 1286 5090 exstat
1322 5036 1436 5089 haec
1472 5032 1751 5085 Athanasii
1788 5029 1902 5099 epi—

330 5131 468 5185 stola
507 5131 573 5184 ad
608 5131 904 5183 monachos
932 5127 1313 5188 Ctesarienses,
1362 5123 1454 5177 sed
1503 5123 1617 5175 haec
1660 5122 1903 5174 eruimus

331 5242 399 5279 ex
432 5224 552 5278 aliis
584 5226 649 5277 ad
697 5222 996 5276 Palladium
1038 5222 1413 5290 presbyterum
1468 5216 1687 5282 litteris,
1744 5231 1900 5283 quem

332 5318 679 5380 Athanasius,
709 5314 948 5382 acceptis
994 5316 1061 5366 ab
1121 5313 1210 5365 illo
1245 5312 1435 5365 eadem
1471 5311 1536 5363 dc
1566 5324 1625 5362 re
1682 5307 1902 5368 litteris,

336 5418 512 5478 rogat,
546 5418 603 5461 ut
631 5409 745 5476 ipse
807 5407 972 5459 etiam
1004 5404 1209 5458 scribat
1266 5405 1329 5457 ad
1373 5401 1667 5455 monachos
1726 5399 1905 5453 Caesa-

338 5505 565 5564 ricnses,
601 5514 665 5553 ac
700 5498 803 5552 sibi
866 5498 919 5550 in
961 5497 1039 5550 eis
1064 5495 1341 5550 flectendis
1368 5510 1586 5563 operam
1612 5506 1790 5548 navet.
1825 5494 1901 5547 Ex

403 5676 481 5745 (αὶ
510 5675 638 5730 Naz.
664 5691 752 5744 cp.
780 5675 871 5728 26.

407 5742 480 5817 (ὁ)
514 5752 604 5802 Ur.
637 5742 773 5811 ii,vet
799 5760 882 5797 0r.
924 5742 1011 5795 αθ.

2010 4591 2227 4661 quidem
2292 4591 2435 4659 loqui
2479 4591 2893 4655 existimarent;
2941 4607 3047 4644 non
3116 4592 3257 4659 quod
3308 4590 3573 4643 divinita-

2010 4695 2114 4735 tem
2180 4682 2354 4735 sancti
2409 4678 2647 4748 Spiritus
2700 4681 2767 4733 ab
2829 4681 2908 4734 eis
2961 4681 3182 4747 negari,
3244 4680 3336 4733 sed
3395 4680 3574 4747 potius

2003 4769 2146 4838 quod
2211 4784 2306 4823 eos
2366 4771 2421 4822 in
2479 4770 2581 4823 hoc
2640 4770 2889 4838 dogmate
2953 4768 3294 4837 praedicando
3360 4767 3572 4837 longius

2008 4862 2134 4915 ferri
2188 4864 2491 4916 crederent.
2548 4860 2700 4916 Unde
2756 4861 3051 4933 Gregorius
3095 4860 3165 4930 (ο)
3216 4870 3369 4929 rogat
3417 4862 3573 4915 Basi‘

2007 4956 2134 5008 lium
2169 4963 2225 5007 ut
2250 4968 2307 5007 se
2337 4955 2551 5018 doceat,
2576 4969 2845 5023 quousque
2878 4955 2934 5007 in
2975 4954 3314 5021 pra'dicanda
3345 4953 3576 5023 Spiritus

2007 5045 2175 5097 sancti
2206 5044 2478 5096 divinitate
2518 5045 2783 5111 progredi,
2838 5058 3070 5112 quasque
3117 5058 3264 5095 voces
3294 5058 3573 5110 usurpare,

2009 5148 2055 5189 et
2081 5151 2345 5204 quousque
2378 5136 2664 5188 oeconomia
2698 5136 2773 5187 uti
2813 5134 3081 5186 conveniat
3105 5172 3120 5196 ,
3153 5132 3405 5186 nimirum
3440 5142 3497 5183 ut
3522 5141 3577 5184 et

2009 5228 2074 5280 iis
2109 5227 2425 5290 satistieret,
2458 5226 2547 5293 qui
2591 5226 2813 5278 nimium
2834 5224 3019 5293 jejune
3038 5223 3376 5277 divinitatem
3401 5222 3574 5277 sancti

2011 5319 2245 5385 Spiritus
2283 5318 2589 5386 praedicari,
2627 5328 2681 5371 et
2715 5317 2780 5370 iis
2829 5318 2919 5384 qui
2967 5316 3084 5385 plus
3119 5332 3273 5385 aequo
3302 5315 3451 5369 illum
3476 5330 3571 5368 ex-

2015 5407 2131 5461 tolli
2161 5408 2551 5474 querebantur.
2609 5407 2861 5461 Nonnulli
2915 5408 3001 5460 his
3055 5407 3385 5473 temporibus
3432 5405 3578 5459 fere-

2011 5504 2207 5553 bantur
2273 5499 2533 5566 Spiritum
2592 5510 2836 5551 sauctum
2894 5497 3036 5551 Patri
3094 5506 3147 5550 et
3188 5496 3324 5549 Filio
3373 5510 3580 5565 praepo-

2091 5674 2159 5741 te)
2194 5670 2324 5725 Naz.
2357 5686 2440 5739 ep.
2467 5669 2556 5724 26.
2632 5690 2635 5691 '
