3958 6212
385 377 542 419 ιικιν

1686 369 2226 433 PROLEGOMENA.‘

385 501 539 585 nere,
568 496 654 585 ut.
681 495 826 556 patet
873 502 937 541 ex
970 486 1158 541 Basilii
1209 488 1435 558 epistola
1467 489 1555 553 52,
1589 505 1763 562 neque
1821 495 1960 549 hanc
1987 503 2035 558 Α
2065 498 2206 566 piam
2243 500 2525 570 reliquisse
2556 503 2783 574 Nyssam
2809 510 3160 565 conveniendi
3187 525 3308 565 cum
3325 513 3630 585 episcOpis;

384 576 817 632 criminationem
851 579 964 646 ipse
1008 580 1238 634 Basilius
1267 580 1472 650 effugit.
1518 581 1798 639 Neminem
1827 601 1958 640 sane

389 667 494 722 hoc
523 668 816 722 insaniisse
842 685 1031 723 errore
1061 673 1383 727 crediderim
1407 691 1421 737 ;
1460 676 1554 729 sed
1590 675 1688 730 hos
1713 693 1956 734 rumores

381 760 708 828 spargebant
731 758 1238 829 Pneumatomachi,
1271 763 1460 831 sicque
1485 764 1661 818 fucum
1695 765 1948 822 infirmio-

385 851 538 906 ribus
577 852 774 906 animis
804 852 1096 910 faciebant.
1121 853 1301 920 Quare
1330 855 1647 910 adhibendze
1673 859 1952 914 cautiones

378 950 556 1011 erant,
589 959 693 998 non
737 944 910 998 solum
947 959 1012 998 ne
1055 961 1159 1013 qua
1192 946 1420 999 daretur
1450 961 1580 1000 ansa
1630 947 1953 1005 Pnenmato-

377 1035 608 1101 machis,
630 1036 721 1090 sed
756 1039 918 1090 etiam
945 1046 1006 1090 ut
1029 1036 1258 1090 infirmis
1281 1035 1675 1092 consuleretur.
1701 1038 1758 1092 S.
1783 1039 1953 1094 Atha-

377 1127 584 1192 nasius,
621 1129 711 1198 qui
775 1129 955 1184 resin
1013 1127 1350 1196 Cappadocia
1419 1136 1597 1195 gestas
1648 1145 1713 1183 ex
1763 1131 1950 1186 auditu

372 1228 623 1282 noverat,
652 1221 866 1274 videtur
903 1219 1249 1274 existimasse
1301 1217 1560 1274 Basilium
1608 1221 1947 1276 infirmorum

371 1326 534 1366 causa
564 1313 798 1366 studium
819 1312 1166 1366 defendenda
1190 1312 1421 1380 Spiritus
1444 1312 1616 1366 sancti
1650 1314 1948 1370 divinitatis

377 1413 732 1472 temperasse.
767 1405 855 1458 Ait
877 1405 1023 1458 enim
1057 1405 1121 1458 de
1160 1404 1359 1459 Basilio
1396 1424 1409 1459 :
1440 1404 1572 1459 Cum
1603 1405 1830 1474 inﬁrmis
1860 1408 1944 1462 in-

368 1497 636 1564 ﬁrmatur,
670 1507 723 1550 ut
759 1497 996 1565 inﬁrmos
1017 1497 1338 1564 lucrifaciat.

949 1612 1176 1667 CAPUT
1218 1612 1358 1667 XIX.

365 1701 405 1756 Ι.
431 1705 587 1758 Circa
628 1706 724 1758 hoc
745 1714 944 1770 tempus
983 1703 1175 1774 Nyssa:
1198 1705 1474 1758 ordinatur
1503 1707 1773 1774 episcopus
1807 1707 1938 1761 Gre-

433 1777 618 1843 gorius
652 1774 842 1827 Basilii
866 1776 1052 1841 frater.
1089 1775 1151 1830 ll.
1194 1775 1440 1846 Basilius
1473 1775 1762 1846 _Eusiocltio
1801 1778 1942 1846 ejus-

2062 593 2423 650 ordinationis
2467 603 2678 666 tempus
2723 598 2864 651 intra
2907 602 3246 669 angustiores
3279 604 3454 658 adhuc
3496 605 3636 660 fines

2060 685 2404 740 contrahitur
2425 730 2438 755 ,
2466 703 2565 743 nec
2596 691 2772 744 serius
2802 692 3016 747 videtur
3043 695 3334 764 contigisse
3371 708 3634 752 autumno

2058 775 2184 827 anni
2208 775 2332 828 57L

2128 865 2190 919 ll.
2227 866 2490 921 Videntur
2515 869 2730 938 scripta:
2761 881 2886 925 ante
2919 872 3273 943 Cappadociaa
3303 876 3625 933 divisionem

2056 957 2298 1024 epistola:
2338 960 2404 1012 72
2432 970 2486 1014 et
2519 961 2607 1026 75,
2643 963 2708 1015 ad
2760 963 3086 1035 Hesychium
3137 976 3191 1020 et
3220 967 3624 1025 Callisthenem.

2057 1046 2238 1103 Laesus
2263 1050 2330 1104 ab
2363 1049 2639 1106 Eustochii
2671 1055 2841 1108 servis
2869 1055 3223 1111 Callisthenes
3242 1099 3257 1120 ,
3285 1060 3370 1111 vir
3411 1072 3628 1128 potens,

2051 1148 2234 1207 atque,
2264 1147 2323 1192 ut
2359 1141 2651 1195 verisimile
2680 1151 2781 1207 est,
2833 1145 2885 1197 in
2927 1161 3121 1216 magna
3153 1147 3328 1218 aliqua
3360 1149 3629 1218 dignitate

2051 1232 2396 1296 constitutus,
2421 1246 2612 1300 ptenas
2650 1249 2678 1286 a
2714 1234 2928 1290 famulis
2977 1246 3031 1290 et
3064 1237 3211 1291 heris
3256 1250 3494 1304 repetere
3527 1255 3628 1295 vo-

2050 1321 2168 1374 luit.
2196 1321 2341 1376 Misit
2387 1323 2636 1388 militem,
2673 1339 2779 1392 qno
2828 1325 2880 1379 in
2913 1328 3072 1382 domo
3105 1327 3380 1383 Eustochii
3414 1330 3622 1384 nullutn

2048 1413 2386 1467 contumelia:
2415 1430 2588 1484 genus
2618 1417 2926 1473 omittebat.
2963 1417 3160 1474 Servos
3189 1421 3242 1474 in
3278 1435 3399 1474 eum
3441 1422 3624 1477 locum

2046 1503 2235 1557 adduci
2257 1503 2488 1571 volebat,
2517 1505 2608 1560 ubi
2648 1506 2898 1575 injuriam
2932 1509 3194 1574 fecerant,
3233 1520 3291 1564 ut
3325 1512 3396 1566 ibi
3429 1528 3627 1582 poenas

2049 1594 2439 1662 persolverent.
2472 1597 2624 1651 Servi
2652 1600 2716 1651 ad
2739 1597 2996 1652 Basilium
3027 1600 3346 1670 confugiunt
3372 1605 3461 1672 qui
3499 1614 3623 1658 sla-

2046 1688 2140 1740 tim
2189 1687 2381 1742 scribit
2427 1687 2762 1744 Callistheni.
2796 1687 2846 1746 Is
2881 1691 3277 1760 perhonorifica
3308 1695 3619 1762 respondet,

2045 1795 2108 1834 ac
2135 1781 2299 1835 totius
2333 1781 2408 1835 rei
2435 1782 2722 1836 arbitrium
2753 1781 2954 1837 Basilio
2985 1784 3292 1848 committit,
3319 1785 3398 1839 sic
3437 1795 3618 1840 tamen

433 1841 1092 1937 que.servistatrocininpt
1121 1845 1391 1937 ittthtethdii.
1426 1844 1509 1898 Ill.
1540 1845 1704 1937 Defor
1725 1841 1841 1937 ejus
1879 1860 1928 1927 ἐκ

2045 1876 2103 1920 ut
2133 1883 2345 1937 paenam
2381 1886 2484 1924 non
2515 1871 2840 1935 remitteret,
2877 1873 2972 1928 sed
2994 1889 3114 1926 eam
3145 1873 3331 1928 Basilii
3369 1878 3617 1930 auctori-

434 1916 647 1981 scripla.’
678 1915 742 1984 ab
774 1933 832 1968 eo
871 1916 1104 1984 epistola:
1137 1918 1196 1967 ob
1239 1915 1545 1967 divisionem
1593 1915 1940 1984 Cappadocia:

437 2001 578 2054 anno
608 1982 705 2038 571
746 1983 1089 2054 exeunteJV.
1131 1983 1412 2037 Tlterusius
1437 1985 1532 2037 hoc
1553 1982 1939 2054 anuo‘regebat

433 2050 849 2121 Cappadociam.
887 2055 950 2108 V.
981 2052 1230 2122 Elpidius
1264 2055 1379 2123 ejus
1403 2071 1652 2108 assessor.
1685 2050 1940 2110 VL'TIte-

433 2124 578 2178 rasio
605 2123 838 2193 dignitas
866 2125 1176 2193 abrogatur,
1198 2124 1274 2178 vel
1305 2140 1420 2178 eam
1440 2136 1617 2192 sponte
1654 2126 1862 2195 abjicit.

427 2236 471 2291 ι.
524 2236 829 2291 Referenda
881 2237 947 2291 ad
1005 2238 1106 2291 hoc
1137 2246 1349 2305 tempus
1398 2235 1611 2292 videtur
1665 2240 1937 2296 ordinatio

359 2326 415 2382 S.
449 2326 697 2399 Gregorii
735 2327 986 2399 Nysseni,
1023 2331 1074 2381 in
1113 2343 1220 2397 qua
1249 2344 1355 2382 non
1387 2327 1560 2383 solum
1591 2344 1834 2386 summus
1861 2331 1933 2403 (a)

355 2421 572 2476 exstitit
625 2434 922 2474 consensus
970 2419 1350 2488 episcoporum
1387 2418 1780 2488 Cappadociae,
1839 2425 1933 2478 sed

353 2511 520 2566 etiam
561 2526 772 2567 summa
833 2511 1139 2566 constantia
1190 2511 1242 2565 in
1293 2511 1618 2580 imponenda
1671 2511 1934 2583 Gregorio

353 2604 517 2674 hujus
565 2604 751 2659 oneris
807 2603 1131 2674 suscipiendi
1177 2603 1523 2658 necessitate.
1575 2601 1681 2658 Sed
1740 2620 1933 2675 quam-

352 2696 436 2751 vis
492 2695 627 2750 nihil
671 2695 930 2751 omissum
989 2702 1140 2750 esset
1207 2709 1384 2763 neque
1436 2709 1704 2764 parvum,
1754 2711 1931 2765 neque

353 2803 636 2857 magnum,
668 2788 813 2857 quod
860 2787 1076 2857 quidem
1111 2786 1177 2840 ad
1221 2799 1460 2840 canones
1494 2787 1782 2853 attineret;
1825 2803 1928 2842 non

351 2890 530 2934 tamen
563 2881 943 2936 haereticorum
968 2879 1379 2936 criminationes
1406 2877 1926 2950 eﬂ‘ugitGregorius.

349 2969 573 3042 Negotia
602 2971 651 3026 ei
685 2972 1053 3026 exhibuerunt
1074 2971 1148 3041 (ὁ)
1181 2983 1323 3024 anno
1357 2969 1483 3036 574,
1515 2981 1769 3041 tanquam
1793 2986 1930 3040 pra)-

349 3073 437 3118 ter
463 3078 703 3118 canones
735 3063 1024 3124 ordinatio,
1064 3072 1230 3132 atque
1282 3061 1423 3116 hanc
1469 3063 1616 3119 illius
1673 3063 1923 3131 ejiciendi

2044 1969 2151 2016 tate
2177 1963 2520 2032 comprobari
2550 1963 2732 2019 vellet.
2773 1964 2989 2019 Gratias
3017 1967 3064 2020 ei
3096 1968 3205 2036 agit
3234 1967 3461 2023 Basilius
3507 1970 3612 2041 (g),

2042 2069 2106 2108 ac
2139 2069 2324 2108 servos
2346 2070 2410 2108 eo
2441 2055 2828 2110 adductum'iri
2875 2057 3163 2126 promittit,
3208 2059 3296 2112 ubi
3355 2060 3616 2128 injuriam

2039 2146 2308 2211 fecerant,
2337 2147 2380 2201 si
2414 2147 2462 2200 id
2493 2147 2846 2202 Callisthenis
2902 2149 3087 2203 animo
3127 2149 3294 2203 ﬁxum
3327 2159 3379 2204 et
3416 2150 3616 2205 imum-

2040 2247 2152 2290 tum
2186 2237 2394 2292 sedeat.
2432 2237 2538 2291 Sed
2571 2252 2692 2292 cum
2735 2253 2796 2292 ea
2850 2253 2938 2292 res
2989 2240 3200 2308 magnis
3255 2241 3620 2295 incommodis

2037 2328 2272 2384 obnoxia
2324 2329 2414 2392 sit,
2465 2338 2622 2399 rogat
2652 2341 2710 2383 ut
2744 2329 2956 2384 Sasima
3004 2331 3286 2397 sistantur,
3318 2347 3489 2400 eoque
3521 2348 3620 2387 ve-

2037 2421 2194 2475 niens
2243 2420 2600 2476 Callisthenes
2631 2421 2926 2490 potentiam
2977 2438 3127 2476 suam
3168 2423 3327 2477 simul
3374 2433 3429 2477 et
3470 2424 3614 2477 leui-

2038 2520 2199 2566 tatem
2237 2512 2511 2576 ostendat,
2561 2512 2859 2566 incolumes
2897 2513 3240 2568 dimittendo.
3288 2515 3615 2584 Quanquam

2034 2619 2104 2660 ne
2129 2605 2179 2658 id
2206 2604 2422 2674 quidem
2454 2605 2700 2659 concedit
2725 2603 3061 2671 Callistheni,
3087 2607 3347 2676 nisiquod
3379 2619 3607 2676 metuat,

2034 2711 2103 2750 ne
2126 2696 2252 2766 quid
2277 2696 2569 2750 iracundiae
2595 2696 2646 2749 in
2682 2695 2799 2765 ejus
2821 2699 2984 2751 corde
3025 2699 3200 2753 minus
3222 2709 3434 2754 coctum
3475 2702 3615 2755 resi-

2033 2789 2176 2842 deat.
2209 2787 2376 2842 Multo
2397 2787 2540 2842 enim
2575 2789 2886 2858 praeclarius
2918 2790 3206 2854 facturum,
3233 2793 3276 2846 si
3311 2792 3611 2847 vindictam

2033 2879 2134 2934 sibi
2165 2879 2465 2948 permittat.
2499 2879 2724 2934 Etiamsi
2755 2881 2898 2934 enim
2927 2881 3163 2951 iurasset
3207 2897 3266 2936 se
3319 2899 3504 2939 servos
3539 2886 3610 2939 ad

2033 2985 2246 3040 pinnam
2273 2971 2597 3025 traditurum
2630 2973 2923 3026 secmidum
2967 2972 3143 3043 leges;
3190 2975 3414 3044 periurii
3448 2991 3606 3030 reum

2033 3079 2138 3118 non
2174 3063 2440 3130 futurum,
2477 3065 2521 3118 si
2549 3079 2614 3118 ex
2661 3065 2868 3132 legibus
2915 3066 3316 3130 ecclesiasticis,
3346 3083 3465 3136 qua:
3499 3082 3608 3122 non

349 3171 538 3210 ansam
568 3156 914 3224 arripuerunt
937 3154 1006 3226 (c)
1035 3170 1177 3209 anno
1203 3157 1328 3212 575.
1374 3156 1526 3212 Unde
1562 3155 1793 3209 Basilius
1846 3153 1925 3224 (ιι)
1955 3183 2000 3245 c
2036 3157 2262 3210 minoris
2325 3165 2448 3210 sunt
2492 3157 2651 3224 pretii
2709 3172 2868 3225 qnam
2929 3158 3149 3222 civiles,
3214 3161 3507 3226 puniantur
3553 3169 3612 3214 et

349 3256 412 3302 ut
440 3247 660 3300 fratrem
691 3246 966 3312 defendat,
999 3246 1077 3301 sic
1095 3245 1334 3316 loquitur
1367 3247 1608 3302 omnium
1641 3248 1924 3317 Cappado-

346 3340 448 3392 cize
493 3339 872 3408 episcoporum
908 3339 1128 3393 nomine
1162 3356 1174 3394 :
1233 3338 1474 3393 Venimus
1521 3355 1700 3392 omnes
1735 3339 1926 3406 ampli-

347 3431 522 3485 tudini
545 3441 650 3484 tute
683 3431 1009 3500 supplices...
1050 3433 1132 3486 sin
1181 3443 1356 3487 autem
1410 3443 1484 3486 est
1525 3432 1726 3502 aliquid
1777 3432 1926 3486 aliud

345 3521 684 3584 cano‘nicum,
711 3523 848 3591 quod
877 3523 1118 3593 examine
1157 3523 1412 3594 indigeat,
1462 3525 1619 3594 idque
1648 3525 1925 3593 magnani-

343 3613 502 3666 mitas
534 3622 624 3666 tua
647 3614 834 3667 audire
855 3631 915 3667 ac
937 3615 1183 3682 judicare
1228 3614 1359 3681 vult,
1391 3632 1485 3670 nos
1533 3632 1709 3670 omnes
1744 3616 1925 3669 adesse

343 3719 551 3758 necesse
579 3713 679 3768 est,
708 3705 836 3775 quia
863 3705 907 3757 si
930 3705 1056 3773 quid
1089 3704 1264 3773 tle/icit
1292 3721 1470 3758 eorum
1508 3720 1625 3775 qua:
1654 3693 1732 3756 ad.
1763 3720 1923 3756 cano-

344 3813 435 3851 nes
462 3806 732 3865 spectant;
765 3797 974 3866 culpam
1002 3798 1258 3851 sustinent
1277 3797 1368 3868 qui
1400 3797 1726 3862 ordinavere,
1758 3813 1858 3849 non
1879 3798 1922 3852 is

339 3891 434 3962 qui
465 3893 818 3946 ministerium
854 3893 1118 3960 suscipere
1163 3894 1470 3945 necessitate
1515 3892 1655 3944 omni
1685 3899 1919 3944 coactus.

411 3983 664 4038 Nondum
695 3985 984 4055 episcopus
1016 3995 1134 4038 crat
1171 3985 1490 4053 Gregorius.
1523 4000 1643 4038 cum
1683 4000 1802 4038 sese
1835 3984 1920 4037 in-

340 4076 628 4145 terposuit,
659 4085 718 4129 ut
743 4091 930 4146 pacem
955 4078 1097 4130 inter
1121 4076 1344 4130 fratrem
1380 4085 1434 4129 et
1464 4085 1716 4144 patruum
1753 4076 1920 4130 alios-

337 4181 446 4236 que
471 4165 827 4237 Cappadociae
857 4168 1138 4236 episcopos
1156 4166 1471 4222 conciliaret
1489 4164 1580 4235 (ε).
1602 4164 1753 4220 Tunc
1773 4166 1916 4219 enim

337 4259 576 4315 Basilius
608 4275 730 4313 cum
764 4275 851 4321 eo,
876 4268 935 4314 ut
963 4275 1086 4314 cum
1135 4258 1352 4312 homine
1380 4259 1613 4326 negotiis
1648 4273 1820 4312 vacuo
1862 4265 1920 4312 et

339 4352 545 4414 soluto,
570 4351 970 4420 expostulabat,
986 4349 1128 4420 quod
1149 4349 1334 4404 nonad
1358 4365 1416 4404 se
1434 4363 1626 4403 novam
1647 4351 1809 4402 vitam
1838 4351 1917 4402 in-

334 4459 582 4515 gressum
615 4444 732 4512 opis
764 4442 1001 4498 ferendae
1043 4456 1205 4497 eausa
1252 4441 1484 4496 veniret.
1533 4440 1738 4495 Deinde
1785 4455 1915 4494 vero

333 4541 480 4592 inter
500 4538 880 4607 episcoporum
906 4535 1260 4606 Cappadocize
1285 4533 1651 4590 dissensiones
1688 4533 1912 4588 minime
1944 4540 1988 4594 Β

329 4628 646 4684 collocanda
685 4628 979 4690 ordinatio,
1015 4641 1135 4695 qua:
1170 4641 1382 4680 summo
1411 4634 1495 4679 est
1538 4631 1755 4694 peracta
1785 4639 1909 4679 con-

331 4733 516 4772 sensu.
556 4717 634 4772 Ad
677 4718 818 4771 hanc
859 4725 1038 4772 autem
1075 4717 1394 4785 dignitatem
1429 4715 1537 4785 jam
1585 4726 1910 4784 pervenerat

331 4809 656 4879 Gregorius,
705 4826 826 4865 cum
878 4810 1256 4880 cognominem
1292 4823 1488 4872 suum,
1537 4808 1924 4864 Sasimensem-

331 4902 645 4971 episcopum
701 4918 894 4958 recens
943 4903 1275 4967 ordinatmn,
1312 4902 1498 4957 invisit
1542 4911 1666 4957 ante
1695 4902 1906 4958 Pascha

327 4992 456 5044 anni
488 4991 594 5046 572
619 4991 709 5060 (ι’).
764 4992 944 5059 Quare
973 4993 1114 5047 intra
1167 4992 1294 5046 illud
1326 5001 1559 5061 tempus,
1586 4994 1726 5062 quod
1756 5009 1784 5046 a
1816 5007 1906 5060 pa-

328 5083 638 5138 cificatione
661 5083 1018 5153 Cappadocia:
1047 5100 1222 5153 usque
1259 5085 1325 5138 ad
1355 5083 1721 5138 Sasimensem
1759 5084 1907 5139 ordi-

328 5175 603 5229 nationem
624 5174 848 5237 ef'fluxit,
882 5171 1121 5244 NysSena
1150 5175 1422 5230 ordinatio
1445 5175 1777 5231 collocanda.
1798 5175 1905 5230 Sed

328 5283 451 5320 cum
479 5267 788 5322 dominatus
812 5267 1136 5321 Arianorum
1167 5282 1260 5338 per
1287 5278 1453 5322 totam
1483 5267 1738 5328 hiemem,
1768 5281 1902 5335 pra:-

327 5355 503 5410 sentia
535 5357 900 5424 imperatoris,
920 5373 982 5412 ac
1005 5359 1198 5413 deinde
1219 5367 1522 5414 consecuta!
1547 5372 1610 5412 ex
1638 5357 1902 5411 divisione

325 5448 689 5518 Cappadociae
731 5450 1093 5507 dissensiones
1129 5465 1234 5506 non
1266 5452 1553 5508 videantur
1580 5449 1776 5507 Basilio
1806 5465 1900 5504 co—

395 5615 472 5679 (a)
503 5618 600 5682 Ep.
628 5615 753 5671 99.5.

394 5686 471 5754 (ι’)
506 5687 598 5751 Ep.
635 5687 754 5738 190.

400 5756 609 5822 (ε)ιὴι
641 5757 766 5810 esu.

393 5829 472 5897 id)
517 5829 591 5898 up
634 5826 758 5882 225.

2031 3249 2409 3302 emendentur.
2438 3247 2664 3301 Videtur
2690 3250 2803 3302 haec
2833 3249 3058 3318 epistola
3092 3265 3188 3319 per
3210 3251 3455 3305 eumdem
3496 3253 3612 3306 dia-

2028 3354 2223 3394 conum
2268 3339 2451 3401 missa,
2487 3353 2584 3407 per
2609 3353 2767 3407 quem
2813 3351 2866 3394 et
2918 3341 3141 3410 epistola
3175 3341 3240 3394 ad
3274 3341 3606 3411 Hesychinln

2032 3431 2198 3485 missa
2239 3439 2342 3484 est.
2379 3427 2533 3483 Hunc
2566 3439 2720 3499 rogat
2749 3429 2997 3494 Basilius,
3023 3440 3082 3484 ut
3108 3431 3208 3484 sibi
3245 3430 3297 3483 in
3336 3430 3604 3500 placando

2027 3522 2373 3588 Callisthene,
2392 3521 2477 3574 vel
2506 3536 2601 3589 per
2622 3536 2681 3575 se
2705 3520 2785 3575 vel
2814 3535 2912 3588 per
2935 3521 3137 3576 amicos
3167 3535 3387 3590 operam
3418 3532 3603 3577 navet.

2029 3612 2141 3666 Sibi
2167 3613 2311 3666 enim
2345 3613 2787 3667 molestissimum
2833 3613 3096 3678 futurum,
3135 3615 3179 3667 si
3209 3593 3273 3668 iis
3311 3614 3402 3684 qui
3431 3618 3497 3668 ad
3545 3631 3608 3669 se

2033 3703 2393 3775 confugerunt
2421 3705 2681 3774 prodesse
2718 3719 2825 3759 non
2875 3705 3065 3774 possit.
3103 3705 3229 3760 llazc
3261 3715 3438 3760 autem
3473 3716 3606 3760 ante

2025 3797 2345 3850 divisionem
2367 3796 2728 3864 Cappadocia:
2749 3797 2996 3853 evenisse
3022 3799 3274 3867 conjicio,
3307 3807 3598 3868 propterea

2025 3887 2167 3956 quod
2200 3888 2334 3955 petit
2360 3887 2615 3955 Basilius,
2645 3896 2706 3940 ut
2749 3888 2913 3954 servi,
2969 3903 3105 3956 quos
3154 3888 3207 3943 in
3254 3890 3412 3943 fidem
3443 3905 3602 3944 suam

2025 3987 2321 4048 receperat,
2365 3978 2575 4034 Sasima
2607 3993 2777 4046 usque
2814 3979 3102 4034 sistantur.
3138 3980 3192 4032 Id
3235 3980 3378 4034 enim
3430 3996 3600 4049 argu-

2023 4080 2208 4125 mento
2238 4079 2321 4124 est
2351 4071 2590 4124 nondum
2622 4071 2723 4126 hoc
2748 4073 3001 4140 oppidum
3038 4073 3090 4127 in
3124 4073 3299 4127 aliena
3326 4073 3447 4141 jura
3479 4090 3604 4130 ces-

2023 4165 2161 4217 sisse
2191 4180 2206 4216 :
2239 4177 2339 4216 nec
2359 4162 2611 4232 profecto
2644 4163 2927 4218 charitatis
2969 4165 3147 4220 Basilii
3177 4175 3231 4219 et
3266 4166 3430 4219 animi
3488 4167 3600 4222 for-

2024 4256 2276 4309 titudinis
2294 4256 2506 4318 fuisset,
2545 4256 2806 4325 ejusmodi
2840 4258 3086 4311 homines
3119 4258 3390 4319 deserere,
3430 4266 3600 4325 atque

2021 4346 2074 4398 in
2105 4346 2289 4416 gratiae
2320 4356 2373 4400 et
2395 4346 2640 4401 beneficii
2681 4347 2798 4401 loco
2833 4355 3037 4416 petere,
3071 4355 3302 4401 ntextra
3331 4348 3597 4403 ditionem

2019 4447 2074 4491 et
2101 4437 2462 4504 patrocinium
2491 4453 2647 4490 suum
2671 4439 3034 4494 abducantur.

2091 4529 2178 4583 lll.
2207 4529 2340 4583 Cum
2388 4543 2615 4599 peregre
2661 4540 2809 4584 esset
2856 4531 3086 4586 Basilius
3138 4544 3324 4587 mense
3371 4530 3596 4586 Octobri

2018 4631 2251 4676 exeunte
2298 4631 2390 4674 aut
2437 4623 2655 4676 ineunte
2707 4622 3022 4688 Novembri,
3053 4639 3117 4678 ac
3164 4625 3426 4679 ecclesias
3467 4639 3600 4680 suas

2019 4715 2286 4777 visitaret,
2341 4715 2425 4770 vel
2469 4714 2655 4786 Nyssa:
2710 4716 3018 4785 episcopum
3074 4718 3388 4779 ordinaret,
3435 4718 3594 4772 scri-

2017 4821 2175 4875 psere
2203 4805 2281 4877 (Ii)
2309 4808 2372 4859 ad
2392 4822 2514 4860 eum
2536 4805 2920 4872 Cresaricuscs,
2945 4817 2998 4861 et
3023 4808 3089 4862 ad
3125 4823 3280 4876 opem
3313 4809 3412 4862 sibi
3446 4810 3593 4862 cele-

2017 4901 2151 4953 riter
2192 4899 2468 4953 ferendam
2506 4899 2677 4968 patria
2709 4900 3002 4954 revocavit.
3035 4900 3212 4954 Rediit
3243 4900 3451 4965 statim,
3482 4915 3591 4953 non

2015 5007 2110 5060 spe
2140 4993 2327 5045 auxilii
2373 4991 2604 5055 ferendi,
2643 4990 2735 5046 sed
2785 5008 2851 5045 ne
2887 4991 3133 5046 desertos
3163 5006 3221 5046 se
3251 4993 3318 5045 ab
3347 5007 3413 5046 eo
3443 4992 3596 5046 cives

2014 5091 2390 5152 quererentur.
2416 5080 2618 5136 Luctus
2647 5097 2836 5136 eorum
2861 5091 2917 5136 et
2949 5081 3153 5136 doloris
3181 5097 3368 5144 causa,
3393 5081 3594 5135 divisio

2012 5176 2384 5245 Cappadociae,
2418 5190 2484 5228 ex
2519 5190 2623 5240 qua
2658 5175 2791 5230 duas
2821 5175 3128 5244 provincias
3160 5173 3338 5229 effecit
3367 5172 3592 5237 Valens,

2011 5271 2157 5322 velut
2188 5267 2230 5321 si
2259 5267 2379 5336 quis
2406 5283 2602 5337 equum
2631 5277 2724 5320 aut
2769 5265 2958 5322 bovem
2990 5282 3145 5319 suum
3175 5266 3309 5320 duas
3333 5266 3384 5318 iu
3405 5277 3593 5334 partes

2010 5361 2278 5422 dividens,
2325 5358 2463 5413 duos
2506 5376 2603 5430 pro
2626 5375 2733 5414 uno
2769 5359 2869 5414 sibi
2917 5358 3117 5413 habere
3149 5358 3418 5412 videatur.
3451 5358 3592 5411 Cum

2009 5451 2246 5505 edictum
2297 5460 2443 5504 esset
2494 5459 2552 5504 ut
2601 5450 2837 5505 maxima
2887 5465 3013 5520 pars
3055 5449 3219 5504 curi'x
3272 5448 3592 5503 Podandum

2081 5622 2150 5686 (ρ)
2183 5623 2276 5690 ΕΡ.
2308 5623 2396 5676 58.

2083 5692 2148 5757 (Γ)
2179 5693 2305 5745 Naz.
2336 5710 2416 5747 0r.
2450 5691 2500 5745 5.

2085 5762 2162 5829 (ρ)
2193 5765 2356 5825 Epist.
2393 5763 2482 5816 73.

2085 5833 2160 5903 (ἢ)
2194 5834 2286 5903 Ep.
2319 5834 2408 5888 'L’s.
