3958 6212
1612 361 1773 416 Vl'l'A
1815 364 1871 419 S.
1913 365 2189 430 BA‘SILII‘.‘

332 466 739 535 transferretur,
764 483 927 539 quem
971 471 1146 527 locum
1184 487 1465 545 comparat
1503 476 1732 535 Basilius
1781 497 1902 536 cum
1932 491 1979 544 Α
2010 484 2112 540 Tot
2144 490 2289 544 enim
2327 492 2520 547 littera:
2548 494 2603 547 in
2632 494 2807 549 aulam
2843 499 3039 563 missae,
3089 500 3324 556 nondum
3350 505 3568 560 venisse

331 560 505 614 Ceade
526 559 822 630 Laconico,
877 572 967 616 aut
1022 563 1289 620 barathris
1337 566 1441 621 illis
1485 583 1603 637 quae
1629 570 1901 627 Charonia

330 652 676 713 dicebantur,
710 661 822 706 tum
852 668 984 709 vero
1024 670 1150 724 pars
1201 667 1423 713 senatus
1465 676 1568 714 non
1619 661 1905 731 ignobilior

330 742 511 812 fugam
534 746 678 811 cepit
701 758 826 798 cum
864 746 1121 799 uxoribus
1155 754 1209 799 et
1239 746 1397 814 focis,
1419 760 1736 819 perpetuum
1765 754 1906 807 exsi-

330 834 455 888 lium
484 835 609 890 huic
636 835 754 890 loco
792 835 1087 904 praeferens
1108 836 1226 907 (al:
1277 838 1365 892 alii
1397 842 1611 895 abducti
1642 858 1707 898 eo
1752 843 1904 899 fuere

330 937 387 978 ut
414 928 639 995 captivi,
675 928 1044 982 miserandum
1073 928 1325 982 omnibus
1371 934 1736 997 spectaculum
1764 945 1905 989 :ter-

332 1018 407 1070 tia
446 1034 576 1086 pars
606 1019 661 1072 in
724 1020 857 1073 urbe
893 1019 1079 1074 relicta
1106 1030 1211 1085 est,
1265 1022 1638 1077 miserabiliter
1682 1038 1904 1093 gemens

331 1108 662 1177 collegarum
686 1109 952 1174 discessu,
981 1126 1043 1165 ac
1058 1114 1371 1167 sustinendo
1398 1116 1733 1185 negetiorum
1751 1120 1901 1171 oneri

331 1216 561 1269 prorsus
599 1201 791 1271 impar.
820 1202 1010 1257 Civilis
1034 1214 1207 1260 coetus
1233 1206 1301 1260 ob
1332 1221 1392 1260 ea
1427 1223 1546 1276 qua:
1570 1208 1903 1275 magistrati-

331 1295 436 1348 bus
469 1295 807 1359 acciderant,
854 1298 1038 1351 animo
1082 1298 1394 1362 concidens,
1439 1298 1646 1353 relictis
1679 1301 1904 1357 urbanis

335 1389 563 1454 aedibus,
606 1404 704 1459 per
734 1406 893 1459 agros
924 1402 976 1446 et
1008 1408 1129 1446 rura
1159 1393 1478 1461 vagabatur.
1509 1393 1694 1462 Itaque
1725 1394 1906 1450 Caesa-

328 1496 422 1536 rea
458 1483 510 1536 in
545 1484 752 1537 tristem
784 1484 1127 1539 solitudinem
1158 1485 1372 1538 redacta
1422 1493 1574 1551 erat,
1609 1486 1764 1541 nullte
1792 1486 1901 1553 jam

329 1583 615 1630 nocturnae
641 1575 909 1639 lucernae,
962 1577 1106 1631 nulla
1147 1575 1478 1631 eruditorum
1525 1577 1801 1631 hominum
1849 1578 1900 1630 in

331 1662 449 1719 foro
470 1664 762 1734 colloquia,
787 1666 1005 1723 occlusa
1041 1666 1316 1737 gymnasia
1342 1706 1358 1730 ,
1382 1666 1529 1720 nulla
1565 1668 1901 1722 necessaria-

326 1769 451 1808 rum
484 1770 667 1808 rerum
707 1756 945 1823 provisio
974 1772 1037 1809 ac
1070 1755 1350 1823 dispositio
1372 1795 1388 1821 ,
1413 1756 1507 1811 sed
1544 1770 1647 1809 una
1683 1771 1787 1810 vox
1812 1772 1901 1810 au-

2008 577 2290 635 Valentem
2332 585 2580 652 probant.
2635 587 2753 641 .lam
2790 589 2965 643 hiems
3016 593 3293 660 inceperat
3335 602 3427 648 aut
3455 596 3566 649 sal-

2008 678 2113 725 tem
2148 673 2487 741 imminebat,
2529 694 2649 731 cum
2680 681 2849 736 tristis
2877 684 3097 738 nuntius
3126 683 3323 740 Basilio
3348 687 3564 742 allatus.

2005 760 2156 828 Quod
2183 765 2325 818 enim
2366 770 2558 821 metuit
2585 768 2818 827 Basilius
2842 772 2921 841 (ά)
2964 790 3031 830 ηε
3064 777 3445 833 Martinianum
3470 780 3569 833 de-

2008 859 2209 905 terreat
2233 862 2525 922 tempestas
2560 858 2685 911 anni
2713 868 2802 911 aut
2824 870 2975 927 aetas,
3003 867 3289 932 quominus
3312 869 3364 922 in
3390 869 3565 923 aulam

2005 943 2417 1011 proﬁciscatur;
2452 947 2502 1000 id
2544 949 2611 1002 de
2641 960 2828 1005 aestate
2871 953 3074 1009 homini
3121 966 3280 1012 :etate
3311 971 3568 1028 provecto

2006 1032 2206 1087 dictum
2257 1050 2361 1090 non
2407 1038 2642 1094 videtur.
2685 1040 2789 1095 Sed
2827 1051 3001 1097 tamen
3049 1062 3154 1101 non
3189 1050 3412 1105 multum
3446 1067 3571 1120 pro-

2006 1136 2245 1181 cesserat
2300 1127 2512 1195 hiems,
2567 1131 2836 1199 siquidem
2884 1135 3116 1192 Basilius
3164 1147 3289 1195 tunc
3342 1157 3570 1212 peregre

2004 1227 2142 1271 erat.
2172 1218 2369 1273 Eadem
2411 1220 2461 1273 in
2494 1222 2765 1279 Ecclesias
2795 1225 3151 1296 Cappadociae
3209 1233 3427 1287 inducta
3464 1236 3567 1287 im-

2005 1310 2236 1364 mutatio
2267 1326 2410 1365 anno
2448 1313 2551 1366 572
2583 1316 2825 1382 ineunte,
2863 1326 2921 1372 ut
2968 1318 3107 1372 infra
3138 1320 3456 1377 videbimus.
3501 1326 3572 1379 At

2004 1398 2181 1455 civilis
2211 1403 2404 1458 divisio
2453 1405 2874 1462 ecclesiasticam
2914 1412 3227 1477 antecessit,
3273 1422 3411 1469 teste
3438 1413 3571 1469 Gre—

2004 1490 2157 1558 gorio
2191 1491 2532 1549 Nazianzeno
2556 1494 2648 1567 (e).

2086 1581 2173 1636 IV.
2202 1581 2313 1638 lloc
2336 1600 2479 1640 anno
2523 1587 2661 1652 371‘,
2692 1596 2975 1644 rectorem
3003 1591 3357 1661 Cappadocia:
3407 1595 3571 1651 fuisse

2005 1668 2327 1724 Therasium
2353 1675 2727 1742 cognoscimus
2754 1692 2819 1730 ex
2845 1679 3073 1747 epistola
3117 1681 3203 1745 77,
3246 1682 3297 1735 in
3331 1698 3435 1750 qua
3456 1686 3572 1754 ejus

2006 1776 2336 1817 assessorem
2392 1773 2542 1835 rogat
2566 1765 2815 1835 Basilius,
2838 1780 2895 1821 ut
2916 1787 3019 1824 non
3050 1772 3290 1827 discedat
3315 1775 3380 1827 ab
3406 1776 3573 1828 admi-

328 1844 608 1906 diebatur,
640 1854 950 1900 exactorum
982 1857 1035 1899 et
1065 1860 1252 1899 eorum
1280 1862 1308 1899 a
1341 1846 1902 1916 quibusexigebatur,
1937 1836 1977 1893 Β
2010 1852 2179 1905 rando
2235 1853 2516 1917 Therasio,
2548 1855 2761 1925 sibique
2818 1859 3070 1913 decorum
3124 1876 3245 1916 esse
3299 1865 3574 1919 existimet
3608 1902 3611 1903 ν

332 1936 535 2005 quique
564 1933 794 2006 ﬂagellis
818 1935 1183 1991 cadebantur.

406 2026 679 2093 Quantum
715 2026 916 2081 Basilio
969 2027 1224 2081 inusserit
1262 2026 1484 2090 doloris,
1538 2029 1726 2097 patria:
1762 2028 1908 2082 cala-

335 2120 531 2183 mitas,
563 2119 796 2189 perSpici
821 2127 995 2188 potest
1026 2134 1090 2171 ex
1111 2120 1285 2173 tribus
1322 2118 1520 2173 litteris
1554 2118 1628 2189 (ὁ)
1666 2133 1728 2173 ea
1756 2120 1823 2173 de
1852 2135 1910 2173 re

337 2211 574 2280 scriptis.
606 2210 912 2278 Antequam
948 2210 1148 2264 rediret
1172 2208 1499 2276 Caesaream,
1524 2209 1743 2279 scripsit
1772 2209 1910 2263 Mar-

338 2302 566 2357 tiniano.
599 2300 710 2355 Hac
743 2301 891 2355 enim
920 2300 1271 2355 excusatione
1294 2302 1481 2367 utitur,
1514 2315 1733 2355 curuou
1759 2300 1909 2353 illum

339 2392 523 2455 adeat,
559 2391 703 2459 quod
736 2390 927 2460 patria:
955 2405 1085 2445 voee
1115 2402 1451 2444 accersatur.
1492 2389 1646 2457 Quod
1690 2394 1908 2457 quidem

337 2493 657 2552 argumento
678 2491 761 2536 est
790 2482 1169 2536 Martinianum
1199 2500 1304 2539 non
1339 2484 1498 2553 longe
1528 2484 1803 2537 habitasse
1842 2483 1912 2536 ab

338 2588 415 2629 eo.
435 2574 577 2638 loco,
612 2575 701 2627 ubi
738 2582 865 2627 tunc
890 2575 1210 2629 versabatur
1261 2575 1513 2633 Basilius.
1558 2576 1687 2631 Erat
1716 2575 1803 2629 ille
1834 2576 1913 2629 vir

339 2666 487 2721 omni
520 2667 842 2722 eruditionis
867 2667 1025 2723 laude
1051 2668 1448 2733 cumulatus,et
1478 2685 1597 2723 cum
1627 2670 1911 2737 plurimum

339 2765 523 2827 posset
559 2759 701 2825 apud
735 2758 1115 2827 imperatorem
1140 2802 1155 2827 ,
1201 2760 1363 2814 flebili
1404 2760 1665 2815 malorum
1714 2761 1916 2815 descri-

339 2848 522 2915 ptione
551 2856 782 2901 conatur
811 2849 860 2901 ei
891 2849 1210 2917 persuadere
1242 2849 1493 2913 Basilius,
1529 2859 1586 2901 ut
1623 2849 1704 2903 vel
1745 2851 1914 2918 impe-

340 2948 577 2992 ratorem
615 2939 795 3004 adeat,
825 2941 964 3007 quod
985 2942 1201 3009 quidem
1220 2942 1719 2995 commmlissimum
1752 2942 1912 3009 foret,

342 3045 403 3085 ac
443 3030 751 3084 Martiniani
793 3031 1051 3101 praeclaro
1086 3033 1209 3088 vitze
1252 3034 1501 3087 insututo
1544 3035 1779 3089 maxime
1828 3035 1917 3089 de-

340 3135 550 3185 corum,
578 3121 664 3174 vel
698 3121 914 3187 saltem,
943 3124 988 3176 si
1033 3122 1086 3176 id
1139 3122 1187 3178 ei
1222 3138 1386 3193 grave
1418 3124 1489 3176 sit
1535 3131 1646 3177 tum
1692 3135 1913 3193 propter

342 3218 471 3271 anni
508 3224 911 3286 tempestatem,
947 3228 1055 3271 tum
1080 3229 1299 3287 propter
1326 3226 1561 3279 aetatem,
1586 3218 1774 3286 patriae
1804 3232 1914 3271 sate

342 3308 652 3363 litterarum
711 3311 1024 3379 pra-sidium
1084 3312 1395 3380 impertiat,
1449 3325 1512 3364 ac
1566 3326 1698 3364 voce
1737 3325 1830 3363 sua
1860 3319 1914 3364 et

338 3400 484 3469 justa
525 3400 615 3453 illa
646 3401 860 3455 dicendi
895 3402 1177 3467 libertate,
1219 3416 1377 3469 quam
1422 3416 1514 3455 sua
1562 3401 1639 3453 illi
1670 3401 1776 3453 vita
1814 3400 1915 3452 da-

343 3490 457 3555 bat,
488 3493 745 3546 omnibus
772 3493 1030 3555 declaret,
1059 3500 1188 3561 quot
1217 3501 1272 3546 et
1303 3503 1502 3561 quanta
1550 3492 1686 3545 mala
1713 3508 1781 3545 ex
1817 3493 1916 3545 hoc

346 3584 651 3638 dividendae
684 3585 1034 3652 Cappadocia:
1055 3584 1282 3638 consilio
1313 3584 1581 3637 oriantur.

412 3673 591 3728 Probe
620 3674 835 3728 videbat
876 3674 1105 3728 Basilius
1157 3675 1239 3728 his
1280 3674 1466 3742 patrite
1518 3672 1916 3727 calamitatibus

346 3764 724 3819 necessitatem
754 3764 854 3818 sibi
882 3764 1080 3833 imponi
1109 3764 1160 3817 iu
1191 3764 1367 3817 aulam
1402 3763 1811 3832 proﬁciscendi,
1846 3777 1910 3815 ac

345 3855 655 3923 potentibus
687 3855 875 3909 amicis
899 3854 1106 3922 singula
1142 3854 1420 3908 narrandi.
1457 3852 1564 3906 Sed
1596 3868 1717 3907 cum
1760 3853 1908 3907 illum

348 3946 597 4014 corporis
646 3944 858 3999 inﬁrma
914 3945 1187 4011 valetudo,
1226 3960 1288 3999 ac
1358 3943 1725 3997 Ecclesiarum
1783 3958 1913 3995 cura

351 4039 639 4100 detineret,
674 4039 863 4092 scribit
895 4040 961 4092 ad
1015 4039 1148 4093 duos
1203 4039 1255 4091 in
1312 4037 1430 4089 aula
1463 4044 1710 4105 potentes
1740 4035 1913 4098 viros,

349 4128 649 4198 Aburgium
696 4138 750 4182 et
798 4129 1161 4198 Sophronium
1208 4126 1525 4195 Magistrum
1576 4124 1913 4186 ofﬁciorum;

350 4232 558 4287 eosque
613 4220 933 4284 obtestatur,
993 4226 1050 4271 ut
1102 4218 1372 4271 communi
1432 4216 1621 4283 patria:
1670 4218 1917 4285 (uterque

351 4311 498 4364 enim
557 4310 840 4379 Cappadox
901 4309 1038 4379 erat)
1101 4309 1411 4363 tristissimo
1461 4308 1629 4361 exitio
1675 4306 1921 4375 collapsa:

352 4416 510 4470 opem
547 4400 743 4455 ferant.
1820 4386 1905 4394 ῌ

2007 1957 2127 1995 cum
2159 1956 2222 1997 eo
2253 1953 2432 1997 tantas
2464 1961 2620 2001 cura:
2666 1950 2882 2015 partiri.
2911 1950 3117 2014 Quibus
3162 1954 3341 2008 verbis
3370 1955 3574 2008 indica-

2008 2042 2095 2085 tur
2124 2035 2471 2102 gravissimas
2526 2039 2788 2105 quasdam
2832 2056 2896 2094 ac
2952 2043 3176 2098 minime
3226 2045 3573 2111 quotidianas

2006 2124 2344 2180 diﬂicultates
2363 2128 2575 2195 praesidi
2602 2130 2874 2186 incidisse.
2903 2133 3172 2188 Praeterea
3203 2152 3323 2190 cum
3361 2138 3574 2208 Cappa-

2010 2213 2181 2269 docia:
2216 2214 2485 2270 divisione
2516 2220 2719 2286 optime
2740 2233 3043 2290 congruunt
3067 2235 3121 2279 et
3155 2236 3363 2294 tempus
3393 2227 3574 2283 biber-

2014 2319 2164 2370 num,
2205 2320 2312 2374 quo
2332 2306 2444 2361 hzec
2474 2309 2677 2378 scripta
2710 2319 2793 2364 est
2826 2312 3149 2380 epistola,et
3182 2331 3301 2382 qua:
3329 2318 3576 2386 leguntur

2010 2394 2064 2448 in
2093 2397 2216 2451 line.
2271 2396 2402 2450 Nam
2437 2413 2556 2452 cum
2594 2400 2759 2454 multa
2814 2404 3043 2459 Basilius
3076 2405 3302 2461 haberet
3349 2409 3576 2463 dicenda

2011 2495 2066 2541 et
2089 2486 2155 2541 de
2193 2488 2395 2553 multis,
2434 2503 2496 2543 ea
2526 2490 2577 2543 in
2611 2506 2961 2561 congressum
2993 2495 3224 2564 distulit,
3259 2513 3365 2553 non
3402 2507 3575 2553 tutum

2012 2592 2133 2633 esse
2185 2579 2505 2635 existimans
2554 2582 2795 2651 epistolis
2842 2600 2929 2640 res
2989 2587 3258 2656 ejusmodi
3317 2592 3579 2646 commit-

2013 2677 2148 2724 tere.

2083 2759 2212 2826 Quae
2244 2760 2295 2814 in
2330 2761 2430 2815 hac
2455 2764 2678 2832 epistola
2719 2766 2784 2820 de
2820 2769 3199 2824 communibus
3228 2771 3587 2839 Cappadociae

2013 2851 2275 2905 molestiis
2303 2852 2633 2920 iudicantur,
2670 2870 2731 2910 ea
2770 2860 2947 2913 minus
2982 2862 3262 2915 commode
3294 2861 3581 2919 Tillemona

2015 2941 2118 2995 tius
2158 2944 2224 2995 de
2270 2946 2506 3012 propriis
2563 2946 2810 3001 Therasii
2870 2951 3111 3020 negotiis.
3161 2953 3577 3022 interpretatur,

2015 3046 2173 3099 quem
2213 3041 2266 3086 et
2296 3034 2616 3102 przefeetura
2668 3037 2958 3104 dejectum,
3004 3056 3127 3095 cum
3161 3042 3273 3096 haec
3315 3045 3584 3099 scribere-

2018 3130 2105 3175 tur
2132 3122 2378 3191 epistola,
2411 3133 2466 3177 et
2495 3127 2547 3178 in
2596 3126 2863 3195 judicium
2911 3140 3161 3185 vocatum
3214 3133 3379 3188 fuisse
3405 3144 3581 3204 putat.

2022 3212 2170 3268 Unde
2202 3214 2363 3268 etiam
2404 3213 2547 3269 illius
2573 3219 2937 3286 patrocinium
2964 3236 2992 3274 a
3020 3206 3218 3275 Basilio
3258 3222 3309 3275 in
3355 3224 3580 3292 epistola

2015 3301 2084 3357 96
2109 3305 2308 3372 suscipi
2339 3304 2639 3359 existimat.
2667 3306 2771 3361 Sed
2802 3308 2996 3373 Eliam,
3024 3325 3128 3364 non
3166 3310 3485 3365 Therasium
3528 3314 3584 3365 in

2017 3395 2109 3449 illa
2132 3396 2359 3464 epistola
2386 3397 2454 3452 96
2484 3400 2852 3453 commendari
2899 3399 3040 3452 infra
3074 3400 3397 3455 videbimus.
3432 3401 3585 3455 Nunc

2016 3497 2198 3540 autem
2229 3488 2363 3541 satis
2385 3497 2468 3542 est
2499 3490 2793 3543 observare
2826 3504 3163 3558 nequaquam
3199 3493 3409 3559 praesidi
3436 3495 3586 3546 abro-

2016 3589 2196 3647 gatam
2226 3580 2392 3633 fuisse
2420 3581 2822 3650 prtel’ecturam,
2853 3598 2975 3635 cum
3020 3580 3252 3638 Basilius
3290 3585 3428 3638 hanc
3468 3586 3584 3654 epiv
3638 3596 3650 3606 '

2018 3669 2215 3723 stolam
2245 3669 2310 3722 77
2348 3671 2629 3725 scriberet.
2661 3670 2919 3727 Hortatur
2951 3671 3093 3725 enim
3144 3687 3494 3736 assessorem,
3530 3683 3589 3726 ut

2026 3779 2148 3817 cum
2171 3763 2440 3819 Therasio
2492 3774 2674 3820 tantas
2725 3778 2888 3819 curas
2936 3766 3218 3833 partiatur,
3265 3781 3327 3819 ac
3360 3765 3589 3819 libenter

2023 3856 2288 3925 ejusmodi
2318 3858 2658 3912 occasionem
2704 3857 2985 3925 suscipiat,
3040 3872 3107 3910 ex
3159 3872 3266 3926 qua
3298 3866 3352 3910 et
3382 3858 3589 3911 amicos

2023 3948 2210 4001 videre
2233 3955 2287 4001 et
2322 3948 2389 4001 ab
2424 3948 2503 4001 eis
2537 3948 2709 4001 videri
2761 3947 2940 4003 liceat.
2984 3946 3142 4003 Initio
3184 3948 3395 4002 dixerat
3434 3963 3492 4002 se
3521 3963 3585 4002 ex

2019 4037 2205 4107 magni
2236 4037 2485 4092 Therasii
2536 4036 2855 4105 praefectura
2914 4036 3041 4089 illud
3088 4037 3353 4090 commodi
3400 4052 3588 4106 perce-

2021 4130 2180 4197 pisse,
2218 4136 2276 4181 ut
2305 4143 2443 4196 szepe
2471 4128 2612 4182 hunc
2643 4142 2972 4181 assessorem
3002 4128 3211 4182 videret
3236 4143 3250 4181 :
3285 4127 3475 4182 Verum
3494 4129 3591 4181 hoc

2019 4221 2189 4289 ipsum
2228 4221 2519 4287 amisimus,
2541 4219 2743 4288 inquit,
2762 4220 2985 4287 prwside
3004 4219 3214 4287 privati.
3236 4219 3436 4273 Aberat
3461 4233 3592 4287 ergo

2023 4311 2091 4365 ad
2123 4320 2331 4378 tempus
2356 4327 2579 4380 praeses,
2606 4326 2706 4365 nec
2728 4311 2947 4365 dubium
2968 4322 3082 4365 erat
3108 4309 3323 4373 Basilio,
3351 4310 3475 4378 quin
3504 4324 3591 4361 re-

2027 4401 2233 4454 diturus
2263 4409 2409 4455 esset
2442 4401 2781 4465 Caesaream;
2804 4403 2946 4455 unde
2969 4416 3301 4455 assessorem
3322 4401 3592 4460 hortatur,

429 4491 546 4546 Non
575 4503 783 4545 tantum
810 4490 985 4559 gratia
1031 4498 1084 4543 et
1121 4491 1443 4545 auctoritate
1470 4489 1641 4543 valuit
1667 4486 1916 4549 Basilius,
1951 4512 1996 4566 ι)
2029 4503 2089 4544 ut
2118 4492 2186 4545 ab
2231 4505 2295 4545 eo
2328 4508 2432 4544 non
2484 4492 2751 4555 discedat,
2783 4507 2847 4545 ac
2903 4492 3130 4547 libenter
3178 4493 3227 4543 in
3279 4506 3342 4544 co
3393 4498 3598 4558 perstet

357 4594 419 4637 ut
442 4582 808 4635 calamitatem
842 4582 981 4635 hanc
1007 4597 1034 4634 a
1063 4583 1231 4652 patria
1268 4590 1539 4636 averteret
1576 4598 1589 4634 :
1618 4581 1711 4635 sed
1744 4590 1919 4633 tamen

356 4673 600 4741 aliquam
636 4672 758 4725 mali
792 4670 1111 4727 levationem
1159 4672 1371 4725 videtur
1407 4680 1750 4727 consecutus.
1786 4669 1921 4727 Nam

362 4780 507 4818 unus
530 4778 596 4818 ex
627 4764 936 4833 potentibus
958 4764 1146 4816 amicis
1171 4764 1235 4817 ad
1262 4778 1398 4832 quos
1429 4760 1755 4832 scripsit(c),
1778 4760 1911 4817 forti

361 4856 655 4925 Aburgius,
694 4854 948 4924 prazfecto
998 4855 1351 4909 humanitatis
1374 4855 1721 4910 ostendendae
1770 4870 1927 4908 occa-

362 4947 574 5001 sionem
609 4945 1062 4999 subministravit.
1090 4946 1251 5002 Forte
1282 4948 1395 5001 bazc
1438 4946 1750 5003 humanitas
1782 4948 1835 4999 in
1860 4962 1925 5002 eo

360 5039 539 5108 posita
571 5037 693 5102 fuit,
720 5039 864 5106 quod
895 5040 1129 5093 secunda
1160 5039 1477 5109 metropolis
1521 5052 1625 5091 non
1663 5036 1927 5101 Podandi,

360 5139 420 5183 ut
449 5129 629 5198 primo
658 5128 927 5181 sancitum
959 5128 1157 5194 fuerat,
1182 5129 1277 5183 sed
1314 5127 1521 5182 meliori
1550 5128 1601 5181 in
1633 5127 1771 5190 loco,
1790 5129 1929 5199 Tya—

359 5222 445 5274 nis
478 5220 797 5273 constituta.

434 5309 560 5365 llzec
592 5324 771 5364 autem
808 5326 950 5365 anno
1001 5310 1098 5364 5η
1150 5318 1299 5381 gesta
1332 5324 1472 5373 esse,
1505 5322 1791 5380 antequam
1825 5310 1931 5364 Va-

360 5400 478 5455 lens
506 5400 811 5455 Cmsaream
842 5405 1073 5466 veniret,
1103 5402 1237 5457 satis
1262 5416 1331 5455 ex
1369 5401 1526 5457 dictis
1579 5401 1921 5470 perspicitur.

434 5602 509 5669 (η)
535 5599 630 5668 Ep.
661 5599 746 5653 '75.

435 5674 509 5737 (ὁ)
532 5670 704 5735 Epist.
744 5670 832 5736 74,
865 5672 953 5739 75,
986 5672 1093 5726 76.,

437 5742 508 5811 (ο)
536 5741 638 5809 ΕΡ.
677 5740 767 5795 78.

2028 4594 2285 4641 munere,
2337 4594 2403 4632 ex
2466 4594 2574 4646 quo
2626 4580 2980 4633 videndorum
3038 4580 3331 4633 amicorum
3380 4576 3594 4630 occasio

2028 4682 2300 4726 nascatur.

2098 4760 2164 4815 ν.
2196 4761 2346 4818 Hunc
2383 4770 2559 4815 autem
2609 4775 2935 4815 assessorem
2982 4760 3243 4829 Elpidium
3270 4758 3452 4824 fuisse,
3493 4772 3597 4813 non

2030 4854 2273 4908 obscuris
2321 4853 2451 4907 mibi
2496 4854 2682 4907 videor
2711 4852 2983 4920 conjicere
3024 4851 3343 4906 rationibus.
3376 4849 3506 4903 Nam
3527 4850 3594 4919 (f)

2032 4944 2273 5013 Elpidius
2298 4948 2349 4997 in
2368 4942 2706 5012 Cappadocia
2732 4960 2980 5012 magnum
3007 4943 3219 5013 aliquod
3243 4958 3436 4997 munus
3467 4943 3603 5013 abjir

2031 5050 2156 5089 cere
2184 5045 2237 5088 et
2265 5034 2601 5103 Cappadocia
2630 5037 2919 5090 abscedere
2945 5033 3178 5098 volebat,
3207 5050 3313 5103 quo
3365 5046 3605 5102 tempore

2033 5125 2279 5179 infaustae
2310 5141 2395 5179 res
2438 5136 2596 5179 erant
2630 5124 3025 5194 Cappadocum,
3057 5139 3120 5179 ac
3148 5125 3305 5193 paulo
3343 5132 3463 5193 post
3507 5124 3609 5177 hu-

2034 5220 2345 5272 mauitatem
2385 5218 2616 5286 aliquam
2653 5219 2704 5271 in
2741 5216 3085 5286 Cappadoces
3114 5233 3141 5269 a
3173 5216 3421 5286 praefecto
3460 5215 3610 5268 exhi-

2034 5311 2222 5371 bitam,
2256 5310 2305 5364 id
2341 5319 2442 5374 est,
2463 5320 2520 5361 ut
2554 5309 2889 5378 conjicimus,
2913 5323 3190 5378 postquam
3220 5307 3503 5376 praefectus
3523 5321 3606 5359 se-

2034 5401 2264 5454 cundam
2317 5399 2671 5467 metropolim,
2728 5416 2846 5470 quae
2895 5398 3135 5455 Podandi
3182 5397 3351 5451 locata
3410 5397 3622 5458 fuerat,

2123 5601 2198 5671 (ά)
2228 5600 2331 5671 Ep.
2362 5600 2449 5664 74,
2482 5618 2533 5671 n.
2578 5602 2630 5655 ’5.

2138 5674 2184 5738 e)
2222 5670 2349 5723 Naz.
2381 5686 2462 5723 or.
2484 5670 2572 5727 ‘20.

2113 5672 2184 5809 li}
2211 5672 2425 5811 EH1
