  <div class='ocr_page' id='page_1' title='image "/cluster/home/n/w/nwhite01/storage/ocr_20150623/29/mdp.39015012934371/085.png"; bbox 0 0 3958 6212; ppageno 0'>
   <div class='ocr_carea' id='block_1_1' title="bbox 316 378 476 417">
    <p class='ocr_par' dir='ltr' id='par_1_1' title="bbox 316 378 476 417">
     <span class='ocr_line' id='line_1_1' title="bbox 316 378 476 417; baseline -0.013 0"><span class='ocrx_word' id='word_1_1' title='bbox 316 378 476 417; x_wconf 66' lang='lat' dir='ltr'><strong>LXXVI</strong></span> 
     </span>
    </p>
   </div>
   <div class='ocr_carea' id='block_1_2' title="bbox 319 478 1961 552">
    <p class='ocr_par' dir='ltr' id='par_1_2' title="bbox 319 478 1961 552">
     <span class='ocr_line' id='line_1_2' title="bbox 319 478 1961 552; baseline -0.002 -17"><span class='ocrx_word' id='word_1_2' title='bbox 319 480 560 552; x_wconf 82' lang='lat' dir='ltr'><strong>Thyauis</strong></span> <span class='ocrx_word' id='word_1_3' title='bbox 589 479 887 536; x_wconf 92' lang='lat' dir='ltr'><strong>constituit.</strong></span> <span class='ocrx_word' id='word_1_4' title='bbox 922 478 1045 534; x_wconf 82' lang='lat' dir='ltr'><strong>Haec</strong></span> <span class='ocrx_word' id='word_1_5' title='bbox 1087 485 1268 533; x_wconf 85' lang='lat' dir='ltr'><strong>autem</strong></span> <span class='ocrx_word' id='word_1_6' title='bbox 1311 478 1539 534; x_wconf 73' lang='lat' dir='ltr'><strong>mirifice</strong></span> <span class='ocrx_word' id='word_1_7' title='bbox 1563 479 1890 533; x_wconf 89' lang='lat' dir='ltr'><strong>conveniunt</strong></span> <span class='ocrx_word' id='word_1_8' title='bbox 1916 485 1961 540; x_wconf 70' lang='grc' dir='ltr'><strong>Α</strong></span> 
     </span>
    </p>
   </div>
   <div class='ocr_carea' id='block_1_3' title="bbox 318 570 1892 642">
    <p class='ocr_par' dir='ltr' id='par_1_3' title="bbox 318 570 1892 642">
     <span class='ocr_line' id='line_1_3' title="bbox 318 570 1892 642; baseline 0 -16"><span class='ocrx_word' id='word_1_9' title='bbox 318 574 372 626; x_wconf 91' lang='lat' dir='ltr'><strong>iu</strong></span> <span class='ocrx_word' id='word_1_10' title='bbox 405 571 553 626; x_wconf 85' lang='lat' dir='ltr'><strong>illum</strong></span> <span class='ocrx_word' id='word_1_11' title='bbox 591 583 941 634; x_wconf 88' lang='lat' dir='ltr'><strong>assessorem,</strong></span> <span class='ocrx_word' id='word_1_12' title='bbox 980 586 1140 642; x_wconf 85' lang='lat' dir='ltr'><strong>quem</strong></span> <span class='ocrx_word' id='word_1_13' title='bbox 1176 585 1207 625; x_wconf 91' lang='lat' dir='ltr'><strong>e</strong></span> <span class='ocrx_word' id='word_1_14' title='bbox 1239 570 1577 641; x_wconf 82' lang='lat' dir='ltr'><strong>Cappadocia</strong></span> <span class='ocrx_word' id='word_1_15' title='bbox 1601 571 1892 626; x_wconf 74' lang='lat' dir='ltr'><strong>abscedere</strong></span> 
     </span>
    </p>
   </div>
   <div class='ocr_carea' id='block_1_4' title="bbox 318 658 1892 729">
    <p class='ocr_par' dir='ltr' id='par_1_4' title="bbox 318 658 1892 729">
     <span class='ocr_line' id='line_1_4' title="bbox 318 658 1892 729; baseline 0.001 -13"><span class='ocrx_word' id='word_1_16' title='bbox 318 661 698 717; x_wconf 86' lang='lat' dir='ltr'><strong>molestissimo</strong></span> <span class='ocrx_word' id='word_1_17' title='bbox 735 670 974 729; x_wconf 88' lang='lat' dir='ltr'><strong>tempore</strong></span> <span class='ocrx_word' id='word_1_18' title='bbox 1027 661 1375 716; x_wconf 74' lang='lat' dir='ltr'><strong>meditantem</strong></span> <span class='ocrx_word' id='word_1_19' title='bbox 1425 658 1656 715; x_wconf 86' lang='lat' dir='ltr'><strong>Basilius</strong></span> <span class='ocrx_word' id='word_1_20' title='bbox 1693 661 1762 715; x_wconf 89' lang='lat' dir='ltr'><strong>ab</strong></span> <span class='ocrx_word' id='word_1_21' title='bbox 1790 661 1892 717; x_wconf 89' lang='lat' dir='ltr'><strong>hoc</strong></span> 
     </span>
    </p>
   </div>
   <div class='ocr_carea' id='block_1_5' title="bbox 316 750 1893 823">
    <p class='ocr_par' dir='ltr' id='par_1_5' title="bbox 316 750 1893 823">
     <span class='ocr_line' id='line_1_5' title="bbox 316 750 1893 823; baseline -0.001 -13"><span class='ocrx_word' id='word_1_22' title='bbox 316 752 543 810; x_wconf 89' lang='lat' dir='ltr'><strong>consilio</strong></span> <span class='ocrx_word' id='word_1_23' title='bbox 571 752 624 807; x_wconf 89' lang='lat' dir='ltr'><strong>in</strong></span> <span class='ocrx_word' id='word_1_24' title='bbox 651 753 811 821; x_wconf 88' lang='lat' dir='ltr'><strong>epist.</strong></span> <span class='ocrx_word' id='word_1_25' title='bbox 842 753 912 806; x_wconf 88' lang='lat'><strong>77</strong></span> <span class='ocrx_word' id='word_1_26' title='bbox 948 753 1284 808; x_wconf 82' lang='lat' dir='ltr'><strong>dehortatur.</strong></span> <span class='ocrx_word' id='word_1_27' title='bbox 1315 750 1373 806; x_wconf 89' lang='lat' dir='ltr'><strong>ln</strong></span> <span class='ocrx_word' id='word_1_28' title='bbox 1400 766 1629 823; x_wconf 88' lang='lat' dir='ltr'><strong>utraque</strong></span> <span class='ocrx_word' id='word_1_29' title='bbox 1666 750 1893 821; x_wconf 91' lang='lat' dir='ltr'><strong>epistola</strong></span> 
     </span>
    </p>
   </div>
   <div class='ocr_carea' id='block_1_6' title="bbox 318 846 1892 917">
    <p class='ocr_par' dir='ltr' id='par_1_6' title="bbox 318 846 1892 917">
     <span class='ocr_line' id='line_1_6' title="bbox 318 846 1892 917; baseline 0 -17"><span class='ocrx_word' id='word_1_30' title='bbox 318 846 747 917; x_wconf 86' lang='lat' dir='ltr'><strong>praestantissimi</strong></span> <span class='ocrx_word' id='word_1_31' title='bbox 775 846 873 901; x_wconf 88' lang='lat' dir='ltr'><strong>viri</strong></span> <span class='ocrx_word' id='word_1_32' title='bbox 914 862 999 902; x_wconf 91' lang='lat' dir='ltr'><strong>res</strong></span> <span class='ocrx_word' id='word_1_33' title='bbox 1036 847 1213 917; x_wconf 88' lang='lat' dir='ltr'><strong>agitur</strong></span> <span class='ocrx_word' id='word_1_34' title='bbox 1241 854 1295 903; x_wconf 91' lang='lat' dir='ltr'><strong>et</strong></span> <span class='ocrx_word' id='word_1_35' title='bbox 1332 846 1525 902; x_wconf 90' lang='lat' dir='ltr'><strong>Basilio</strong></span> <span class='ocrx_word' id='word_1_36' title='bbox 1555 847 1710 902; x_wconf 87' lang='lat' dir='ltr'><strong>amici</strong></span> <span class='ocrx_word' id='word_1_37' title='bbox 1738 855 1793 902; x_wconf 91' lang='lat' dir='ltr'><strong>et</strong></span> <span class='ocrx_word' id='word_1_38' title='bbox 1825 847 1892 901; x_wconf 87' lang='lat' dir='ltr'><strong>ad</strong></span> 
     </span>
    </p>
   </div>
   <div class='ocr_carea' id='block_1_7' title="bbox 319 936 1893 1008">
    <p class='ocr_par' dir='ltr' id='par_1_7' title="bbox 319 936 1893 1008">
     <span class='ocr_line' id='line_1_7' title="bbox 319 936 1893 1008; baseline 0.001 -16"><span class='ocrx_word' id='word_1_39' title='bbox 319 936 698 992; x_wconf 85' lang='lat' dir='ltr'><strong>sublevandam</strong></span> <span class='ocrx_word' id='word_1_40' title='bbox 728 937 1116 1008; x_wconf 85' lang='lat' dir='ltr'><strong>Cappadociam</strong></span> <span class='ocrx_word' id='word_1_41' title='bbox 1163 938 1396 993; x_wconf 77' lang='lat' dir='ltr'><strong>maxime</strong></span> <span class='ocrx_word' id='word_1_42' title='bbox 1426 937 1627 995; x_wconf 91' lang='lat' dir='ltr'><strong>idonei.</strong></span> <span class='ocrx_word' id='word_1_43' title='bbox 1655 937 1893 1007; x_wconf 84' lang='lat' dir='ltr'><strong>Tempus</strong></span> 
     </span>
    </p>
   </div>
   <div class='ocr_carea' id='block_1_8' title="bbox 319 1028 1893 1100">
    <p class='ocr_par' dir='ltr' id='par_1_8' title="bbox 319 1028 1893 1100">
     <span class='ocr_line' id='line_1_8' title="bbox 319 1028 1893 1100; baseline -0.001 -16"><span class='ocrx_word' id='word_1_44' title='bbox 319 1029 459 1084; x_wconf 91' lang='lat' dir='ltr'><strong>idem</strong></span> <span class='ocrx_word' id='word_1_45' title='bbox 481 1028 760 1098; x_wconf 87' lang='lat' dir='ltr'><strong>utriusque</strong></span> <span class='ocrx_word' id='word_1_46' title='bbox 791 1030 1051 1100; x_wconf 78' lang='lat' dir='ltr'><strong>epistolae,</strong></span> <span class='ocrx_word' id='word_1_47' title='bbox 1081 1045 1274 1100; x_wconf 88' lang='lat' dir='ltr'><strong>magna</strong></span> <span class='ocrx_word' id='word_1_48' title='bbox 1308 1029 1541 1098; x_wconf 89' lang='lat' dir='ltr'><strong>quadam</strong></span> <span class='ocrx_word' id='word_1_49' title='bbox 1583 1028 1893 1083; x_wconf 83' lang='lat' dir='ltr'><strong>calamitate</strong></span> 
     </span>
    </p>
   </div>
   <div class='ocr_carea' id='block_1_9' title="bbox 320 1121 1894 1193">
    <p class='ocr_par' dir='ltr' id='par_1_9' title="bbox 320 1121 1894 1193">
     <span class='ocr_line' id='line_1_9' title="bbox 320 1121 1894 1193; baseline 0.001 -17"><span class='ocrx_word' id='word_1_50' title='bbox 320 1136 511 1178; x_wconf 84' lang='lat' dir='ltr'><strong>recens</strong></span> <span class='ocrx_word' id='word_1_51' title='bbox 549 1122 604 1176; x_wconf 94' lang='lat' dir='ltr'><strong>in</strong></span> <span class='ocrx_word' id='word_1_52' title='bbox 655 1122 1047 1192; x_wconf 83' lang='lat' dir='ltr'><strong>Cappadociam</strong></span> <span class='ocrx_word' id='word_1_53' title='bbox 1103 1123 1332 1178; x_wconf 88' lang='lat' dir='ltr'><strong>invecta.</strong></span> <span class='ocrx_word' id='word_1_54' title='bbox 1389 1121 1529 1177; x_wconf 90' lang='lat' dir='ltr'><strong>ldem</strong></span> <span class='ocrx_word' id='word_1_55' title='bbox 1582 1122 1633 1176; x_wconf 91' lang='lat' dir='ltr'><strong>in</strong></span> <span class='ocrx_word' id='word_1_56' title='bbox 1667 1133 1894 1193; x_wconf 87' lang='lat' dir='ltr'><strong>utraque</strong></span> 
     </span>
    </p>
   </div>
   <div class='ocr_carea' id='block_1_10' title="bbox 210 1198 1895 1284">
    <p class='ocr_par' dir='ltr' id='par_1_10' title="bbox 210 1198 1895 1284">
     <span class='ocr_line' id='line_1_10' title="bbox 210 1198 1895 1284; baseline 0.001 -17"><span class='ocrx_word' id='word_1_57' title='bbox 210 1198 217 1203; x_wconf 64' lang='grc'><em>’</em></span> <span class='ocrx_word' id='word_1_58' title='bbox 319 1210 545 1281; x_wconf 88' lang='lat' dir='ltr'><strong>epistola</strong></span> <span class='ocrx_word' id='word_1_59' title='bbox 588 1213 879 1267; x_wconf 87' lang='lat' dir='ltr'><strong>assessoris</strong></span> <span class='ocrx_word' id='word_1_60' title='bbox 928 1227 1145 1269; x_wconf 88' lang='lat' dir='ltr'><strong>munus.</strong></span> <span class='ocrx_word' id='word_1_61' title='bbox 1194 1212 1369 1284; x_wconf 82' lang='lat' dir='ltr'><strong>Rogat</strong></span> <span class='ocrx_word' id='word_1_62' title='bbox 1404 1212 1636 1267; x_wconf 91' lang='lat' dir='ltr'><strong>amicum</strong></span> <span class='ocrx_word' id='word_1_63' title='bbox 1665 1212 1895 1269; x_wconf 75' lang='lat' dir='ltr'><strong>Basilius</strong></span> 
     </span>
    </p>
   </div>
   <div class='ocr_carea' id='block_1_11' title="bbox 321 1305 1894 1376">
    <p class='ocr_par' dir='ltr' id='par_1_11' title="bbox 321 1305 1894 1376">
     <span class='ocr_line' id='line_1_11' title="bbox 321 1305 1894 1376; baseline -0.001 -16"><span class='ocrx_word' id='word_1_64' title='bbox 321 1306 376 1360; x_wconf 88' lang='lat' dir='ltr'><strong>in</strong></span> <span class='ocrx_word' id='word_1_65' title='bbox 409 1307 806 1376; x_wconf 85' lang='lat' dir='ltr'><strong>septuagesima</strong></span> <span class='ocrx_word' id='word_1_66' title='bbox 837 1306 1063 1375; x_wconf 88' lang='lat' dir='ltr'><strong>septima</strong></span> <span class='ocrx_word' id='word_1_67' title='bbox 1092 1315 1150 1361; x_wconf 93' lang='lat' dir='ltr'><strong>ut</strong></span> <span class='ocrx_word' id='word_1_68' title='bbox 1193 1321 1297 1361; x_wconf 91' lang='lat' dir='ltr'><strong>non</strong></span> <span class='ocrx_word' id='word_1_69' title='bbox 1343 1306 1583 1361; x_wconf 86' lang='lat' dir='ltr'><strong>discedat</strong></span> <span class='ocrx_word' id='word_1_70' title='bbox 1623 1305 1692 1361; x_wconf 89' lang='lat' dir='ltr'><strong>ab</strong></span> <span class='ocrx_word' id='word_1_71' title='bbox 1724 1306 1894 1361; x_wconf 88' lang='lat' dir='ltr'><strong>admi-</strong></span> 
     </span>
    </p>
   </div>
   <div class='ocr_carea' id='block_1_12' title="bbox 322 1397 1889 1467">
    <p class='ocr_par' dir='ltr' id='par_1_12' title="bbox 322 1397 1889 1467">
     <span class='ocr_line' id='line_1_12' title="bbox 322 1397 1889 1467; baseline 0.002 -17"><span class='ocrx_word' id='word_1_72' title='bbox 322 1397 494 1453; x_wconf 88' lang='lat' dir='ltr'><strong>rando</strong></span> <span class='ocrx_word' id='word_1_73' title='bbox 521 1397 805 1461; x_wconf 89' lang='lat' dir='ltr'><strong>Therasio,</strong></span> <span class='ocrx_word' id='word_1_74' title='bbox 836 1399 932 1452; x_wconf 90' lang='lat' dir='ltr'><strong>sed</strong></span> <span class='ocrx_word' id='word_1_75' title='bbox 966 1413 1088 1454; x_wconf 90' lang='lat' dir='ltr'><strong>cum</strong></span> <span class='ocrx_word' id='word_1_76' title='bbox 1127 1412 1191 1452; x_wconf 90' lang='lat' dir='ltr'><strong>eo</strong></span> <span class='ocrx_word' id='word_1_77' title='bbox 1214 1407 1390 1452; x_wconf 90' lang='lat' dir='ltr'><strong>tantas</strong></span> <span class='ocrx_word' id='word_1_78' title='bbox 1415 1412 1576 1451; x_wconf 89' lang='lat' dir='ltr'><strong>curas</strong></span> <span class='ocrx_word' id='word_1_79' title='bbox 1604 1398 1889 1467; x_wconf 85' lang='lat' dir='ltr'><strong>partiatur.</strong></span> 
     </span>
    </p>
   </div>
   <div class='ocr_carea' id='block_1_13' title="bbox 321 1488 1892 1559">
    <p class='ocr_par' dir='ltr' id='par_1_13' title="bbox 321 1488 1892 1559">
     <span class='ocr_line' id='line_1_13' title="bbox 321 1488 1892 1559; baseline 0 -16"><span class='ocrx_word' id='word_1_80' title='bbox 321 1488 379 1543; x_wconf 90' lang='lat' dir='ltr'><strong>In</strong></span> <span class='ocrx_word' id='word_1_81' title='bbox 426 1491 816 1559; x_wconf 85' lang='lat' dir='ltr'><strong>septuagesima</strong></span> <span class='ocrx_word' id='word_1_82' title='bbox 855 1502 1033 1545; x_wconf 87' lang='lat' dir='ltr'><strong>autem</strong></span> <span class='ocrx_word' id='word_1_83' title='bbox 1065 1502 1251 1545; x_wconf 89' lang='lat' dir='ltr'><strong>octava</strong></span> <span class='ocrx_word' id='word_1_84' title='bbox 1284 1491 1334 1544; x_wconf 89' lang='lat' dir='ltr'><strong>id</strong></span> <span class='ocrx_word' id='word_1_85' title='bbox 1368 1490 1499 1557; x_wconf 82' lang='lat' dir='ltr'><strong>agit,</strong></span> <span class='ocrx_word' id='word_1_86' title='bbox 1534 1498 1591 1543; x_wconf 91' lang='lat' dir='ltr'><strong>ttt</strong></span> <span class='ocrx_word' id='word_1_87' title='bbox 1632 1490 1892 1558; x_wconf 84' lang='lat' dir='ltr'><strong>Elpidius,</strong></span> 
     </span>
    </p>
   </div>
   <div class='ocr_carea' id='block_1_14' title="bbox 322 1578 1894 1649">
    <p class='ocr_par' dir='ltr' id='par_1_14' title="bbox 322 1578 1894 1649">
     <span class='ocr_line' id='line_1_14' title="bbox 322 1578 1894 1649; baseline 0 -16"><span class='ocrx_word' id='word_1_88' title='bbox 322 1595 387 1633; x_wconf 83' lang='lat' dir='ltr'><strong>ea:</strong></span> <span class='ocrx_word' id='word_1_89' title='bbox 403 1596 505 1649; x_wconf 80' lang='lat' dir='ltr'><strong>quo</strong></span> <span class='ocrx_word' id='word_1_90' title='bbox 534 1587 643 1634; x_wconf 87' lang='lat' dir='ltr'><strong>tota</strong></span> <span class='ocrx_word' id='word_1_91' title='bbox 671 1594 799 1648; x_wconf 84' lang='lat' dir='ltr'><strong>pene</strong></span> <span class='ocrx_word' id='word_1_92' title='bbox 844 1579 1168 1647; x_wconf 81' lang='lat' dir='ltr'><strong>publicarunt</strong></span> <span class='ocrx_word' id='word_1_93' title='bbox 1204 1581 1527 1649; x_wconf 77' lang='lat' dir='ltr'><strong>negotiorum</strong></span> <span class='ocrx_word' id='word_1_94' title='bbox 1555 1595 1683 1631; x_wconf 88' lang='lat' dir='ltr'><strong>cura</strong></span> <span class='ocrx_word' id='word_1_95' title='bbox 1707 1578 1894 1647; x_wconf 83' lang='lat' dir='ltr'><strong>depen-</strong></span> 
     </span>
    </p>
   </div>
   <div class='ocr_carea' id='block_1_15' title="bbox 322 1668 1895 1742">
    <p class='ocr_par' dir='ltr' id='par_1_15' title="bbox 322 1668 1895 1742">
     <span class='ocr_line' id='line_1_15' title="bbox 322 1668 1895 1742; baseline -0.001 -17"><span class='ocrx_word' id='word_1_96' title='bbox 322 1673 431 1735; x_wconf 79' lang='lat' dir='ltr'><strong>det,</strong></span> <span class='ocrx_word' id='word_1_97' title='bbox 459 1672 644 1742; x_wconf 78' lang='lat' dir='ltr'><strong>patriae</strong></span> <span class='ocrx_word' id='word_1_98' title='bbox 686 1670 1013 1740; x_wconf 73' lang='lat' dir='ltr'><strong>praeﬁciatur</strong></span> <span class='ocrx_word' id='word_1_99' title='bbox 1062 1679 1117 1725; x_wconf 90' lang='lat' dir='ltr'><strong>et</strong></span> <span class='ocrx_word' id='word_1_100' title='bbox 1174 1670 1227 1725; x_wconf 89' lang='lat' dir='ltr'><strong>in</strong></span> <span class='ocrx_word' id='word_1_101' title='bbox 1262 1668 1601 1741; x_wconf 82' lang='lat' dir='ltr'><strong>Cappadocia</strong></span> <span class='ocrx_word' id='word_1_102' title='bbox 1644 1669 1895 1741; x_wconf 74' lang='lat' dir='ltr'><strong>iubeatur</strong></span> 
     </span>
    </p>
   </div>
   <div class='ocr_carea' id='block_1_16' title="bbox 323 1778 623 1818">
    <p class='ocr_par' dir='ltr' id='par_1_16' title="bbox 323 1778 623 1818">
     <span class='ocr_line' id='line_1_16' title="bbox 323 1778 623 1818; baseline -0.007 0"><span class='ocrx_word' id='word_1_103' title='bbox 323 1778 623 1818; x_wconf 83' lang='lat' dir='ltr'><strong>remanere.</strong></span> 
     </span>
    </p>
   </div>
   <div class='ocr_carea' id='block_1_17' title="bbox 396 1851 1894 1924">
    <p class='ocr_par' dir='ltr' id='par_1_17' title="bbox 396 1851 1894 1924">
     <span class='ocr_line' id='line_1_17' title="bbox 396 1851 1894 1924; baseline 0.003 -19"><span class='ocrx_word' id='word_1_104' title='bbox 396 1853 551 1922; x_wconf 71' lang='lat' dir='ltr'><strong>Quod</strong></span> <span class='ocrx_word' id='word_1_105' title='bbox 581 1863 759 1907; x_wconf 88' lang='lat' dir='ltr'><strong>autem</strong></span> <span class='ocrx_word' id='word_1_106' title='bbox 800 1862 950 1923; x_wconf 87' lang='lat' dir='ltr'><strong>rogat</strong></span> <span class='ocrx_word' id='word_1_107' title='bbox 977 1852 1227 1918; x_wconf 83' lang='lat' dir='ltr'><strong>Basilius,</strong></span> <span class='ocrx_word' id='word_1_108' title='bbox 1254 1862 1311 1909; x_wconf 90' lang='lat' dir='ltr'><strong>ut</strong></span> <span class='ocrx_word' id='word_1_109' title='bbox 1345 1852 1582 1924; x_wconf 81' lang='lat' dir='ltr'><strong>Elpidius</strong></span> <span class='ocrx_word' id='word_1_110' title='bbox 1613 1851 1894 1923; x_wconf 84' lang='lat' dir='ltr'><strong>Cappado-</strong></span> 
     </span>
    </p>
   </div>
   <div class='ocr_carea' id='block_1_18' title="bbox 326 1945 1901 2016">
    <p class='ocr_par' dir='ltr' id='par_1_18' title="bbox 326 1945 1901 2016">
     <span class='ocr_line' id='line_1_18' title="bbox 326 1945 1901 2016; baseline -0.001 -15"><span class='ocrx_word' id='word_1_111' title='bbox 326 1945 423 2002; x_wconf 62' lang='grc' dir='ltr'><strong>εἰςιν</strong></span> <span class='ocrx_word' id='word_1_112' title='bbox 455 1946 798 2016; x_wconf 61' lang='lat' dir='ltr'><strong>praeﬁciatur,</strong></span> <span class='ocrx_word' id='word_1_113' title='bbox 832 1962 937 2000; x_wconf 90' lang='lat' dir='ltr'><strong>non</strong></span> <span class='ocrx_word' id='word_1_114' title='bbox 973 1946 1097 2001; x_wconf 90' lang='lat' dir='ltr'><strong>inde</strong></span> <span class='ocrx_word' id='word_1_115' title='bbox 1129 1947 1371 2014; x_wconf 83' lang='lat' dir='ltr'><strong>sequitur</strong></span> <span class='ocrx_word' id='word_1_116' title='bbox 1397 1962 1518 2002; x_wconf 90' lang='lat' dir='ltr'><strong>eum</strong></span> <span class='ocrx_word' id='word_1_117' title='bbox 1543 1947 1822 2015; x_wconf 80' lang='lat' dir='ltr'><strong>praesidem</strong></span> <span class='ocrx_word' id='word_1_118' title='bbox 1847 1952 1901 2001; x_wconf 90' lang='lat' dir='ltr'><strong>et</strong></span> 
     </span>
    </p>
   </div>
   <div class='ocr_carea' id='block_1_19' title="bbox 327 2034 1897 2108">
    <p class='ocr_par' dir='ltr' id='par_1_19' title="bbox 327 2034 1897 2108">
     <span class='ocr_line' id='line_1_19' title="bbox 327 2034 1897 2108; baseline 0.001 -18"><span class='ocrx_word' id='word_1_119' title='bbox 327 2046 592 2093; x_wconf 86' lang='lat' dir='ltr'><strong>rectorem</strong></span> <span class='ocrx_word' id='word_1_120' title='bbox 628 2037 806 2108; x_wconf 86' lang='lat' dir='ltr'><strong>potius</strong></span> <span class='ocrx_word' id='word_1_121' title='bbox 853 2053 1015 2106; x_wconf 87' lang='lat' dir='ltr'><strong>quam</strong></span> <span class='ocrx_word' id='word_1_122' title='bbox 1059 2052 1389 2093; x_wconf 88' lang='lat' dir='ltr'><strong>assessorem</strong></span> <span class='ocrx_word' id='word_1_123' title='bbox 1439 2036 1684 2104; x_wconf 89' lang='lat' dir='ltr'><strong>praesidis</strong></span> <span class='ocrx_word' id='word_1_124' title='bbox 1712 2034 1897 2092; x_wconf 85' lang='lat' dir='ltr'><strong>fuisse.</strong></span> 
     </span>
    </p>
   </div>
   <div class='ocr_carea' id='block_1_20' title="bbox 326 2111 1900 2199">
    <p class='ocr_par' dir='ltr' id='par_1_20' title="bbox 326 2111 1900 2199">
     <span class='ocr_line' id='line_1_20' title="bbox 326 2111 1900 2199; baseline -0.001 -15"><span class='ocrx_word' id='word_1_125' title='bbox 326 2128 462 2184; x_wconf 84' lang='lat' dir='ltr'><strong>Nam</strong></span> <span class='ocrx_word' id='word_1_126' title='bbox 493 2142 826 2183; x_wconf 86' lang='lat' dir='ltr'><strong>assessorum</strong></span> <span class='ocrx_word' id='word_1_127' title='bbox 854 2143 1048 2199; x_wconf 83' lang='lat' dir='ltr'><strong>magna</strong></span> <span class='ocrx_word' id='word_1_128' title='bbox 1080 2111 1200 2182; x_wconf 79' lang='lat' dir='ltr'><strong>erat</strong></span> <span class='ocrx_word' id='word_1_129' title='bbox 1239 2129 1555 2184; x_wconf 87' lang='lat' dir='ltr'><strong>auctoritas.</strong></span> <span class='ocrx_word' id='word_1_130' title='bbox 1599 2127 1737 2181; x_wconf 89' lang='lat' dir='ltr'><strong>Hinc</strong></span> <span class='ocrx_word' id='word_1_131' title='bbox 1763 2126 1900 2182; x_wconf 88' lang='lat' dir='ltr'><strong>Gre-</strong></span> 
     </span>
    </p>
   </div>
   <div class='ocr_carea' id='block_1_21' title="bbox 327 2219 1902 2292">
    <p class='ocr_par' dir='ltr' id='par_1_21' title="bbox 327 2219 1902 2292">
     <span class='ocr_line' id='line_1_21' title="bbox 327 2219 1902 2292; baseline -0.002 -16"><span class='ocrx_word' id='word_1_132' title='bbox 327 2222 510 2292; x_wconf 81' lang='lat' dir='ltr'><strong>gorius</strong></span> <span class='ocrx_word' id='word_1_133' title='bbox 555 2220 929 2277; x_wconf 77' lang='lat' dir='ltr'><strong>Nazianzenus</strong></span> <span class='ocrx_word' id='word_1_134' title='bbox 975 2235 1304 2276; x_wconf 84' lang='lat' dir='ltr'><strong>assessorem</strong></span> <span class='ocrx_word' id='word_1_135' title='bbox 1335 2228 1491 2275; x_wconf 85' lang='lat' dir='ltr'><strong>vocat</strong></span> <span class='ocrx_word' id='word_1_136' title='bbox 1513 2219 1686 2292; x_wconf 83' lang='grc' dir='ltr'><strong>ἀρχῆς</strong></span> <span class='ocrx_word' id='word_1_137' title='bbox 1714 2236 1902 2273; x_wconf 84' lang='grc' dir='ltr'><strong>κοινω-</strong></span> 
     </span>
    </p>
   </div>
   <div class='ocr_carea' id='block_1_22' title="bbox 328 2311 1904 2384">
    <p class='ocr_par' dir='ltr' id='par_1_22' title="bbox 328 2311 1904 2384">
     <span class='ocr_line' id='line_1_22' title="bbox 328 2311 1904 2384; baseline 0 -18"><span class='ocrx_word' id='word_1_138' title='bbox 328 2311 419 2366; x_wconf 81' lang='grc' dir='ltr'><strong>νόν</strong></span> <span class='ocrx_word' id='word_1_139' title='bbox 442 2313 494 2367; x_wconf 91' lang='lat' dir='ltr'><strong>in</strong></span> <span class='ocrx_word' id='word_1_140' title='bbox 531 2311 753 2381; x_wconf 84' lang='lat' dir='ltr'><strong>epistola</strong></span> <span class='ocrx_word' id='word_1_141' title='bbox 780 2312 872 2374; x_wconf 74' lang='lat'><strong>48,</strong></span> <span class='ocrx_word' id='word_1_142' title='bbox 905 2312 1241 2384; x_wconf 81' lang='grc' dir='ltr'><strong>συνάρχοντα</strong></span> <span class='ocrx_word' id='word_1_143' title='bbox 1266 2312 1318 2367; x_wconf 93' lang='lat' dir='ltr'><strong>in</strong></span> <span class='ocrx_word' id='word_1_144' title='bbox 1350 2312 1510 2383; x_wconf 89' lang='lat' dir='ltr'><strong>epist.</strong></span> <span class='ocrx_word' id='word_1_145' title='bbox 1543 2311 1645 2367; x_wconf 78' lang='lat' dir='ltr'><strong>l26</strong></span> <span class='ocrx_word' id='word_1_146' title='bbox 1673 2324 1904 2380; x_wconf 86' lang='lat' dir='ltr'><strong>eumque</strong></span> 
     </span>
    </p>
   </div>
   <div class='ocr_carea' id='block_1_23' title="bbox 328 2402 1907 2473">
    <p class='ocr_par' dir='ltr' id='par_1_23' title="bbox 328 2402 1907 2473">
     <span class='ocr_line' id='line_1_23' title="bbox 328 2402 1907 2473; baseline -0.001 -14"><span class='ocrx_word' id='word_1_147' title='bbox 328 2419 452 2459; x_wconf 89' lang='lat' dir='ltr'><strong>cum</strong></span> <span class='ocrx_word' id='word_1_148' title='bbox 480 2403 707 2473; x_wconf 68' lang='lat' dir='ltr'><strong>praeside</strong></span> <span class='ocrx_word' id='word_1_149' title='bbox 731 2402 1009 2473; x_wconf 73' lang='lat' dir='ltr'><strong>coniungit</strong></span> <span class='ocrx_word' id='word_1_150' title='bbox 1042 2412 1098 2458; x_wconf 91' lang='lat' dir='ltr'><strong>ut</strong></span> <span class='ocrx_word' id='word_1_151' title='bbox 1122 2402 1332 2458; x_wconf 84' lang='lat' dir='ltr'><strong>Jolaum</strong></span> <span class='ocrx_word' id='word_1_152' title='bbox 1367 2417 1489 2458; x_wconf 91' lang='lat' dir='ltr'><strong>cum</strong></span> <span class='ocrx_word' id='word_1_153' title='bbox 1520 2402 1762 2465; x_wconf 87' lang='lat' dir='ltr'><strong>Hercule,</strong></span> <span class='ocrx_word' id='word_1_154' title='bbox 1781 2403 1907 2457; x_wconf 89' lang='lat' dir='ltr'><strong>Pro-</strong></span> 
     </span>
    </p>
   </div>
   <div class='ocr_carea' id='block_1_24' title="bbox 331 2492 1905 2565">
    <p class='ocr_par' dir='ltr' id='par_1_24' title="bbox 331 2492 1905 2565">
     <span class='ocr_line' id='line_1_24' title="bbox 331 2492 1905 2565; baseline 0 -18"><span class='ocrx_word' id='word_1_155' title='bbox 331 2503 505 2550; x_wconf 91' lang='lat' dir='ltr'><strong>retam</strong></span> <span class='ocrx_word' id='word_1_156' title='bbox 528 2509 649 2548; x_wconf 91' lang='lat' dir='ltr'><strong>cum</strong></span> <span class='ocrx_word' id='word_1_157' title='bbox 690 2493 1072 2562; x_wconf 77' lang='lat' dir='ltr'><strong>gubernatore,</strong></span> <span class='ocrx_word' id='word_1_158' title='bbox 1107 2495 1264 2565; x_wconf 90' lang='lat' dir='ltr'><strong>epist.</strong></span> <span class='ocrx_word' id='word_1_159' title='bbox 1300 2492 1421 2547; x_wconf 71' lang='lat'><strong>127.</strong></span> <span class='ocrx_word' id='word_1_160' title='bbox 1458 2494 1596 2560; x_wconf 85' lang='lat' dir='ltr'><strong>Quin</strong></span> <span class='ocrx_word' id='word_1_161' title='bbox 1623 2493 1785 2547; x_wconf 87' lang='lat' dir='ltr'><strong>etiam</strong></span> <span class='ocrx_word' id='word_1_162' title='bbox 1818 2507 1905 2548; x_wconf 87' lang='lat' dir='ltr'><strong>as-</strong></span> 
     </span>
    </p>
   </div>
   <div class='ocr_carea' id='block_1_25' title="bbox 330 2582 1907 2654">
    <p class='ocr_par' dir='ltr' id='par_1_25' title="bbox 330 2582 1907 2654">
     <span class='ocr_line' id='line_1_25' title="bbox 330 2582 1907 2654; baseline -0.003 -14"><span class='ocrx_word' id='word_1_163' title='bbox 330 2599 596 2641; x_wconf 87' lang='lat' dir='ltr'><strong>sessorem</strong></span> <span class='ocrx_word' id='word_1_164' title='bbox 644 2585 911 2654; x_wconf 91' lang='lat' dir='ltr'><strong>Elpidium</strong></span> <span class='ocrx_word' id='word_1_165' title='bbox 942 2584 1127 2650; x_wconf 83' lang='lat' dir='ltr'><strong>fuisse,</strong></span> <span class='ocrx_word' id='word_1_166' title='bbox 1168 2600 1273 2640; x_wconf 91' lang='lat' dir='ltr'><strong>non</strong></span> <span class='ocrx_word' id='word_1_167' title='bbox 1305 2584 1588 2654; x_wconf 76' lang='lat' dir='ltr'><strong>praesidem</strong></span> <span class='ocrx_word' id='word_1_168' title='bbox 1622 2582 1907 2639; x_wconf 80' lang='lat' dir='ltr'><strong>conﬁrmat</strong></span> 
     </span>
    </p>
   </div>
   <div class='ocr_carea' id='block_1_26' title="bbox 331 2675 1906 2747">
    <p class='ocr_par' dir='ltr' id='par_1_26' title="bbox 331 2675 1906 2747">
     <span class='ocr_line' id='line_1_26' title="bbox 331 2675 1906 2747; baseline -0.006 -10"><span class='ocrx_word' id='word_1_169' title='bbox 331 2679 580 2744; x_wconf 86' lang='lat' dir='ltr'><strong>Basilius,</strong></span> <span class='ocrx_word' id='word_1_170' title='bbox 612 2679 736 2734; x_wconf 91' lang='lat' dir='ltr'><strong>dum</strong></span> <span class='ocrx_word' id='word_1_171' title='bbox 768 2678 845 2734; x_wconf 88' lang='lat' dir='ltr'><strong>ait</strong></span> <span class='ocrx_word' id='word_1_172' title='bbox 883 2688 1046 2733; x_wconf 90' lang='lat' dir='ltr'><strong>totam</strong></span> <span class='ocrx_word' id='word_1_173' title='bbox 1070 2691 1208 2747; x_wconf 87' lang='lat' dir='ltr'><strong>pene</strong></span> <span class='ocrx_word' id='word_1_174' title='bbox 1237 2692 1415 2732; x_wconf 89' lang='lat' dir='ltr'><strong>rerum</strong></span> <span class='ocrx_word' id='word_1_175' title='bbox 1446 2675 1780 2745; x_wconf 87' lang='lat' dir='ltr'><strong>publicarum</strong></span> <span class='ocrx_word' id='word_1_176' title='bbox 1807 2689 1906 2730; x_wconf 80' lang='lat' dir='ltr'><strong>cu-</strong></span> 
     </span>
    </p>
   </div>
   <div class='ocr_carea' id='block_1_27' title="bbox 331 2766 1939 2842">
    <p class='ocr_par' dir='ltr' id='par_1_27' title="bbox 331 2766 1939 2842">
     <span class='ocr_line' id='line_1_27' title="bbox 331 2766 1939 2842; baseline -0.006 -14"><span class='ocrx_word' id='word_1_177' title='bbox 331 2787 450 2828; x_wconf 86' lang='lat' dir='ltr'><strong>ram</strong></span> <span class='ocrx_word' id='word_1_178' title='bbox 472 2785 540 2826; x_wconf 79' lang='lat' dir='ltr'><strong>ex</strong></span> <span class='ocrx_word' id='word_1_179' title='bbox 562 2786 628 2827; x_wconf 90' lang='lat' dir='ltr'><strong>eo</strong></span> <span class='ocrx_word' id='word_1_180' title='bbox 648 2770 903 2842; x_wconf 90' lang='lat' dir='ltr'><strong>pendere.</strong></span> <span class='ocrx_word' id='word_1_181' title='bbox 942 2769 1000 2824; x_wconf 85' lang='lat' dir='ltr'><strong>Id</strong></span> <span class='ocrx_word' id='word_1_182' title='bbox 1023 2770 1166 2824; x_wconf 88' lang='lat' dir='ltr'><strong>enim</strong></span> <span class='ocrx_word' id='word_1_183' title='bbox 1212 2769 1279 2823; x_wconf 90' lang='lat' dir='ltr'><strong>de</strong></span> <span class='ocrx_word' id='word_1_184' title='bbox 1308 2780 1586 2823; x_wconf 88' lang='lat' dir='ltr'><strong>assessore</strong></span> <span class='ocrx_word' id='word_1_185' title='bbox 1630 2766 1761 2820; x_wconf 84' lang='lat' dir='ltr'><strong>satis</strong></span> <span class='ocrx_word' id='word_1_186' title='bbox 1786 2775 1906 2834; x_wconf 89' lang='lat' dir='ltr'><strong>apte</strong></span> <span class='ocrx_word' id='word_1_187' title='bbox 1933 2814 1939 2819; x_wconf 85' lang='lat'><strong>.</strong></span> 
     </span>
    </p>
   </div>
   <div class='ocr_carea' id='block_1_28' title="bbox 336 2850 1957 2932">
    <p class='ocr_par' dir='ltr' id='par_1_28' title="bbox 336 2850 1957 2932">
     <span class='ocr_line' id='line_1_28' title="bbox 336 2850 1957 2932; baseline -0.006 -13"><span class='ocrx_word' id='word_1_188' title='bbox 336 2864 556 2930; x_wconf 84' lang='lat' dir='ltr'><strong>dicitur,</strong></span> <span class='ocrx_word' id='word_1_189' title='bbox 585 2877 706 2918; x_wconf 91' lang='lat' dir='ltr'><strong>cum</strong></span> <span class='ocrx_word' id='word_1_190' title='bbox 742 2877 839 2932; x_wconf 90' lang='lat' dir='ltr'><strong>pro</strong></span> <span class='ocrx_word' id='word_1_191' title='bbox 868 2877 965 2917; x_wconf 90' lang='lat' dir='ltr'><strong>sua</strong></span> <span class='ocrx_word' id='word_1_192' title='bbox 990 2860 1321 2930; x_wconf 79' lang='lat' dir='ltr'><strong>experientia</strong></span> <span class='ocrx_word' id='word_1_193' title='bbox 1354 2873 1419 2915; x_wconf 90' lang='lat' dir='ltr'><strong>ae</strong></span> <span class='ocrx_word' id='word_1_194' title='bbox 1442 2856 1714 2928; x_wconf 76' lang='lat' dir='ltr'><strong>diligentia</strong></span> <span class='ocrx_word' id='word_1_195' title='bbox 1748 2856 1908 2926; x_wconf 79' lang='lat' dir='ltr'><strong>pluri-</strong></span> <span class='ocrx_word' id='word_1_196' title='bbox 1953 2850 1957 2853; x_wconf 77' lang='grc'><em>’</em></span> 
     </span>
    </p>
   </div>
   <div class='ocr_carea' id='block_1_29' title="bbox 333 2949 1903 3023">
    <p class='ocr_par' dir='ltr' id='par_1_29' title="bbox 333 2949 1903 3023">
     <span class='ocr_line' id='line_1_29' title="bbox 333 2949 1903 3023; baseline -0.004 -13"><span class='ocrx_word' id='word_1_197' title='bbox 333 2971 451 3011; x_wconf 86' lang='lat' dir='ltr'><strong>mas</strong></span> <span class='ocrx_word' id='word_1_198' title='bbox 478 2953 965 3010; x_wconf 87' lang='lat' dir='ltr'><strong>administrationis</strong></span> <span class='ocrx_word' id='word_1_199' title='bbox 987 2961 1168 3023; x_wconf 87' lang='lat' dir='ltr'><strong>partes</strong></span> <span class='ocrx_word' id='word_1_200' title='bbox 1196 2951 1459 3006; x_wconf 77' lang='lat' dir='ltr'><strong>sustinet:</strong></span> <span class='ocrx_word' id='word_1_201' title='bbox 1483 2957 1538 3003; x_wconf 85' lang='lat' dir='ltr'><strong>at</strong></span> <span class='ocrx_word' id='word_1_202' title='bbox 1559 2952 1624 3003; x_wconf 91' lang='lat' dir='ltr'><strong>de</strong></span> <span class='ocrx_word' id='word_1_203' title='bbox 1647 2949 1903 3018; x_wconf 81' lang='lat' dir='ltr'><strong>praeside,</strong></span> 
     </span>
    </p>
   </div>
   <div class='ocr_carea' id='block_1_30' title="bbox 332 3039 1905 3118">
    <p class='ocr_par' dir='ltr' id='par_1_30' title="bbox 332 3039 1905 3118">
     <span class='ocr_line' id='line_1_30' title="bbox 332 3039 1905 3118; baseline -0.006 -16"><span class='ocrx_word' id='word_1_204' title='bbox 332 3046 399 3102; x_wconf 83' lang='lat' dir='ltr'><strong>ad</strong></span> <span class='ocrx_word' id='word_1_205' title='bbox 429 3062 589 3118; x_wconf 89' lang='lat' dir='ltr'><strong>quem</strong></span> <span class='ocrx_word' id='word_1_206' title='bbox 617 3060 826 3101; x_wconf 88' lang='lat' dir='ltr'><strong>summa</strong></span> <span class='ocrx_word' id='word_1_207' title='bbox 867 3044 1007 3099; x_wconf 80' lang='lat' dir='ltr'><strong>redit</strong></span> <span class='ocrx_word' id='word_1_208' title='bbox 1047 3042 1212 3097; x_wconf 85' lang='lat' dir='ltr'><strong>totius</strong></span> <span class='ocrx_word' id='word_1_209' title='bbox 1245 3041 1489 3111; x_wconf 75' lang='lat' dir='ltr'><strong>regenda:</strong></span> <span class='ocrx_word' id='word_1_210' title='bbox 1513 3040 1835 3112; x_wconf 84' lang='lat' dir='ltr'><strong>provinciae,</strong></span> <span class='ocrx_word' id='word_1_211' title='bbox 1854 3039 1905 3094; x_wconf 89' lang='lat' dir='ltr'><strong>id</strong></span> 
     </span>
    </p>
   </div>
   <div class='ocr_carea' id='block_1_31' title="bbox 332 3136 1289 3195">
    <p class='ocr_par' dir='ltr' id='par_1_31' title="bbox 332 3136 1289 3195">
     <span class='ocr_line' id='line_1_31' title="bbox 332 3136 1289 3195; baseline -0.007 0"><span class='ocrx_word' id='word_1_212' title='bbox 332 3153 465 3195; x_wconf 86' lang='lat' dir='ltr'><strong>sane</strong></span> <span class='ocrx_word' id='word_1_213' title='bbox 496 3138 671 3193; x_wconf 86' lang='lat' dir='ltr'><strong>minus</strong></span> <span class='ocrx_word' id='word_1_214' title='bbox 690 3136 970 3193; x_wconf 88' lang='lat' dir='ltr'><strong>commode</strong></span> <span class='ocrx_word' id='word_1_215' title='bbox 1001 3136 1289 3190; x_wconf 84' lang='lat' dir='ltr'><strong>diceretur.</strong></span> 
     </span>
    </p>
   </div>
   <div class='ocr_carea' id='block_1_32' title="bbox 406 3224 1903 3295">
    <p class='ocr_par' dir='ltr' id='par_1_32' title="bbox 406 3224 1903 3295">
     <span class='ocr_line' id='line_1_32' title="bbox 406 3224 1903 3295; baseline -0.004 -10"><span class='ocrx_word' id='word_1_216' title='bbox 406 3228 492 3285; x_wconf 78' lang='lat' dir='ltr'><strong>Vl.</strong></span> <span class='ocrx_word' id='word_1_217' title='bbox 518 3227 710 3285; x_wconf 84' lang='lat' dir='ltr'><strong>Utrum</strong></span> <span class='ocrx_word' id='word_1_218' title='bbox 749 3226 978 3281; x_wconf 86' lang='lat' dir='ltr'><strong>Basilius</strong></span> <span class='ocrx_word' id='word_1_219' title='bbox 1008 3227 1076 3281; x_wconf 90' lang='lat' dir='ltr'><strong>ab</strong></span> <span class='ocrx_word' id='word_1_220' title='bbox 1117 3225 1325 3295; x_wconf 83' lang='lat' dir='ltr'><strong>Elpidio</strong></span> <span class='ocrx_word' id='word_1_221' title='bbox 1347 3224 1735 3294; x_wconf 80' lang='lat' dir='ltr'><strong>impetraverit,</strong></span> <span class='ocrx_word' id='word_1_222' title='bbox 1765 3234 1823 3279; x_wconf 92' lang='lat' dir='ltr'><strong>ut</strong></span> <span class='ocrx_word' id='word_1_223' title='bbox 1850 3224 1903 3279; x_wconf 89' lang='lat' dir='ltr'><strong>in</strong></span> 
     </span>
    </p>
   </div>
   <div class='ocr_carea' id='block_1_33' title="bbox 332 3312 1905 3387">
    <p class='ocr_par' dir='ltr' id='par_1_33' title="bbox 332 3312 1905 3387">
     <span class='ocr_line' id='line_1_33' title="bbox 332 3312 1905 3387; baseline -0.003 -15"><span class='ocrx_word' id='word_1_224' title='bbox 332 3315 667 3387; x_wconf 83' lang='lat' dir='ltr'><strong>Cappadocia</strong></span> <span class='ocrx_word' id='word_1_225' title='bbox 697 3323 1027 3381; x_wconf 89' lang='lat' dir='ltr'><strong>remaneret,</strong></span> <span class='ocrx_word' id='word_1_226' title='bbox 1073 3324 1164 3368; x_wconf 89' lang='lat' dir='ltr'><strong>aut</strong></span> <span class='ocrx_word' id='word_1_227' title='bbox 1188 3329 1218 3367; x_wconf 92' lang='lat' dir='ltr'><strong>a</strong></span> <span class='ocrx_word' id='word_1_228' title='bbox 1249 3312 1523 3383; x_wconf 81' lang='lat' dir='ltr'><strong>praefecto,</strong></span> <span class='ocrx_word' id='word_1_229' title='bbox 1559 3322 1617 3368; x_wconf 92' lang='lat' dir='ltr'><strong>ut</strong></span> <span class='ocrx_word' id='word_1_230' title='bbox 1644 3313 1905 3383; x_wconf 87' lang='lat' dir='ltr'><strong>Elpidium</strong></span> 
     </span>
    </p>
   </div>
   <div class='ocr_carea' id='block_1_34' title="bbox 328 3404 1910 3480">
    <p class='ocr_par' dir='ltr' id='par_1_34' title="bbox 328 3404 1910 3480">
     <span class='ocr_line' id='line_1_34' title="bbox 328 3404 1910 3480; baseline -0.003 -18"><span class='ocrx_word' id='word_1_231' title='bbox 328 3409 544 3480; x_wconf 86' lang='lat' dir='ltr'><strong>juberet</strong></span> <span class='ocrx_word' id='word_1_232' title='bbox 568 3420 848 3463; x_wconf 86' lang='lat' dir='ltr'><strong>remanere</strong></span> <span class='ocrx_word' id='word_1_233' title='bbox 868 3447 884 3472; x_wconf 91' lang='lat'><strong>,</strong></span> <span class='ocrx_word' id='word_1_234' title='bbox 915 3416 1154 3461; x_wconf 89' lang='lat' dir='ltr'><strong>statuere</strong></span> <span class='ocrx_word' id='word_1_235' title='bbox 1186 3420 1289 3460; x_wconf 91' lang='lat' dir='ltr'><strong>non</strong></span> <span class='ocrx_word' id='word_1_236' title='bbox 1321 3420 1625 3475; x_wconf 87' lang='lat' dir='ltr'><strong>possumus.</strong></span> <span class='ocrx_word' id='word_1_237' title='bbox 1645 3404 1776 3461; x_wconf 86' lang='lat' dir='ltr'><strong>Illud</strong></span> <span class='ocrx_word' id='word_1_238' title='bbox 1797 3419 1910 3459; x_wconf 90' lang='lat' dir='ltr'><strong>cer-</strong></span> 
     </span>
    </p>
   </div>
   <div class='ocr_carea' id='block_1_35' title="bbox 337 3497 1907 3571">
    <p class='ocr_par' dir='ltr' id='par_1_35' title="bbox 337 3497 1907 3571">
     <span class='ocr_line' id='line_1_35' title="bbox 337 3497 1907 3571; baseline -0.003 -15"><span class='ocrx_word' id='word_1_239' title='bbox 337 3511 450 3556; x_wconf 90' lang='lat' dir='ltr'><strong>tum</strong></span> <span class='ocrx_word' id='word_1_240' title='bbox 481 3509 536 3556; x_wconf 92' lang='lat' dir='ltr'><strong>et</strong></span> <span class='ocrx_word' id='word_1_241' title='bbox 565 3501 904 3571; x_wconf 90' lang='lat' dir='ltr'><strong>perspicuum</strong></span> <span class='ocrx_word' id='word_1_242' title='bbox 938 3508 1037 3561; x_wconf 89' lang='lat' dir='ltr'><strong>est,</strong></span> <span class='ocrx_word' id='word_1_243' title='bbox 1065 3498 1386 3553; x_wconf 86' lang='lat' dir='ltr'><strong>Therasium</strong></span> <span class='ocrx_word' id='word_1_244' title='bbox 1429 3497 1778 3568; x_wconf 72' lang='lat' dir='ltr'><strong>Cappadocia:</strong></span> <span class='ocrx_word' id='word_1_245' title='bbox 1810 3497 1907 3551; x_wconf 90' lang='lat' dir='ltr'><strong>ad-</strong></span> 
     </span>
    </p>
   </div>
   <div class='ocr_carea' id='block_1_36' title="bbox 338 3589 1911 3660">
    <p class='ocr_par' dir='ltr' id='par_1_36' title="bbox 338 3589 1911 3660">
     <span class='ocr_line' id='line_1_36' title="bbox 338 3589 1911 3660; baseline -0.004 -10"><span class='ocrx_word' id='word_1_246' title='bbox 338 3593 791 3650; x_wconf 87' lang='lat' dir='ltr'><strong>ministrationem</strong></span> <span class='ocrx_word' id='word_1_247' title='bbox 820 3599 912 3645; x_wconf 84' lang='lat' dir='ltr'><strong>aut</strong></span> <span class='ocrx_word' id='word_1_248' title='bbox 941 3600 1131 3660; x_wconf 88' lang='lat' dir='ltr'><strong>sponte</strong></span> <span class='ocrx_word' id='word_1_249' title='bbox 1152 3589 1434 3659; x_wconf 74' lang='lat' dir='ltr'><strong>abiecisse,</strong></span> <span class='ocrx_word' id='word_1_250' title='bbox 1461 3601 1554 3645; x_wconf 90' lang='lat' dir='ltr'><strong>aut</strong></span> <span class='ocrx_word' id='word_1_251' title='bbox 1592 3592 1729 3645; x_wconf 90' lang='lat' dir='ltr'><strong>hanc</strong></span> <span class='ocrx_word' id='word_1_252' title='bbox 1754 3589 1802 3643; x_wconf 90' lang='lat' dir='ltr'><strong>ei</strong></span> <span class='ocrx_word' id='word_1_253' title='bbox 1832 3589 1911 3644; x_wconf 83' lang='lat' dir='ltr'><strong>dl-</strong></span> 
     </span>
    </p>
   </div>
   <div class='ocr_carea' id='block_1_37' title="bbox 337 3682 1909 3755">
    <p class='ocr_par' dir='ltr' id='par_1_37' title="bbox 337 3682 1909 3755">
     <span class='ocr_line' id='line_1_37' title="bbox 337 3682 1909 3755; baseline -0.003 -15"><span class='ocrx_word' id='word_1_254' title='bbox 337 3685 599 3754; x_wconf 81' lang='lat' dir='ltr'><strong>guitatem</strong></span> <span class='ocrx_word' id='word_1_255' title='bbox 651 3685 962 3755; x_wconf 84' lang='lat' dir='ltr'><strong>abrogatam</strong></span> <span class='ocrx_word' id='word_1_256' title='bbox 1015 3684 1181 3739; x_wconf 82' lang='lat' dir='ltr'><strong>fuisse</strong></span> <span class='ocrx_word' id='word_1_257' title='bbox 1234 3697 1379 3738; x_wconf 89' lang='lat' dir='ltr'><strong>anno</strong></span> <span class='ocrx_word' id='word_1_258' title='bbox 1413 3682 1512 3737; x_wconf 78' lang='grc'><strong>371</strong></span> <span class='ocrx_word' id='word_1_259' title='bbox 1559 3693 1788 3737; x_wconf 84' lang='lat' dir='ltr'><strong>exeunte</strong></span> <span class='ocrx_word' id='word_1_260' title='bbox 1819 3690 1909 3736; x_wconf 88' lang='lat' dir='ltr'><strong>aut</strong></span> 
     </span>
    </p>
   </div>
   <div class='ocr_carea' id='block_1_38' title="bbox 340 3772 1912 3846">
    <p class='ocr_par' dir='ltr' id='par_1_38' title="bbox 340 3772 1912 3846">
     <span class='ocr_line' id='line_1_38' title="bbox 340 3772 1912 3846; baseline -0.003 -14"><span class='ocrx_word' id='word_1_261' title='bbox 340 3779 557 3833; x_wconf 90' lang='lat' dir='ltr'><strong>ineunte</strong></span> <span class='ocrx_word' id='word_1_262' title='bbox 579 3777 705 3832; x_wconf 65' lang='lat'><strong>“512.</strong></span> <span class='ocrx_word' id='word_1_263' title='bbox 729 3774 863 3831; x_wconf 88' lang='lat' dir='ltr'><strong>Nam</strong></span> <span class='ocrx_word' id='word_1_264' title='bbox 902 3772 1128 3846; x_wconf 86' lang='lat' dir='ltr'><strong>epistola</strong></span> <span class='ocrx_word' id='word_1_265' title='bbox 1173 3775 1264 3840; x_wconf 71' lang='grc'><strong>94,</strong></span> <span class='ocrx_word' id='word_1_266' title='bbox 1296 3789 1438 3829; x_wconf 89' lang='lat' dir='ltr'><strong>anno</strong></span> <span class='ocrx_word' id='word_1_267' title='bbox 1466 3773 1572 3830; x_wconf 76' lang='grc'><strong>572</strong></span> <span class='ocrx_word' id='word_1_268' title='bbox 1602 3789 1707 3828; x_wconf 92' lang='lat' dir='ltr'><strong>non</strong></span> <span class='ocrx_word' id='word_1_269' title='bbox 1746 3772 1912 3827; x_wconf 90' lang='lat' dir='ltr'><strong>multo</strong></span> 
     </span>
    </p>
   </div>
   <div class='ocr_carea' id='block_1_39' title="bbox 339 3865 1913 3938">
    <p class='ocr_par' dir='ltr' id='par_1_39' title="bbox 339 3865 1913 3938">
     <span class='ocr_line' id='line_1_39' title="bbox 339 3865 1913 3938; baseline -0.004 -14"><span class='ocrx_word' id='word_1_270' title='bbox 339 3876 458 3938; x_wconf 81' lang='lat' dir='ltr'><strong>post</strong></span> <span class='ocrx_word' id='word_1_271' title='bbox 489 3867 730 3925; x_wconf 79' lang='lat' dir='ltr'><strong>Valentis</strong></span> <span class='ocrx_word' id='word_1_272' title='bbox 751 3883 782 3922; x_wconf 93' lang='lat' dir='ltr'><strong>e</strong></span> <span class='ocrx_word' id='word_1_273' title='bbox 807 3866 1146 3936; x_wconf 83' lang='lat' dir='ltr'><strong>Cappadocia</strong></span> <span class='ocrx_word' id='word_1_274' title='bbox 1178 3866 1478 3922; x_wconf 88' lang='lat' dir='ltr'><strong>discessum</strong></span> <span class='ocrx_word' id='word_1_275' title='bbox 1501 3866 1703 3934; x_wconf 89' lang='lat' dir='ltr'><strong>scripta</strong></span> <span class='ocrx_word' id='word_1_276' title='bbox 1734 3872 1816 3918; x_wconf 91' lang='lat' dir='ltr'><strong>est</strong></span> <span class='ocrx_word' id='word_1_277' title='bbox 1845 3865 1913 3918; x_wconf 91' lang='lat' dir='ltr'><strong>ad</strong></span> 
     </span>
    </p>
   </div>
   <div class='ocr_carea' id='block_1_40' title="bbox 341 3954 1930 4029">
    <p class='ocr_par' dir='ltr' id='par_1_40' title="bbox 341 3954 1930 4029">
     <span class='ocr_line' id='line_1_40' title="bbox 341 3954 1930 4029; baseline -0.004 -15"><span class='ocrx_word' id='word_1_278' title='bbox 341 3958 512 4015; x_wconf 87' lang='lat' dir='ltr'><strong>Eliam</strong></span> <span class='ocrx_word' id='word_1_279' title='bbox 550 3958 901 4029; x_wconf 71' lang='lat' dir='ltr'><strong>Cappadociae</strong></span> <span class='ocrx_word' id='word_1_280' title='bbox 941 3966 1228 4024; x_wconf 89' lang='lat' dir='ltr'><strong>rectorem,</strong></span> <span class='ocrx_word' id='word_1_281' title='bbox 1263 3957 1357 4027; x_wconf 87' lang='lat' dir='ltr'><strong>qui</strong></span> <span class='ocrx_word' id='word_1_282' title='bbox 1390 3956 1457 4010; x_wconf 89' lang='lat' dir='ltr'><strong>ad</strong></span> <span class='ocrx_word' id='word_1_283' title='bbox 1489 3955 1753 4027; x_wconf 81' lang='lat' dir='ltr'><strong>regendos</strong></span> <span class='ocrx_word' id='word_1_284' title='bbox 1777 3954 1930 4024; x_wconf 51' lang='lat' dir='ltr'><strong>Capt</strong></span> 
     </span>
    </p>
   </div>
   <div class='ocr_carea' id='block_1_41' title="bbox 339 4046 1912 4124">
    <p class='ocr_par' dir='ltr' id='par_1_41' title="bbox 339 4046 1912 4124">
     <span class='ocr_line' id='line_1_41' title="bbox 339 4046 1912 4124; baseline -0.003 -18"><span class='ocrx_word' id='word_1_285' title='bbox 339 4052 594 4124; x_wconf 82' lang='lat' dir='ltr'><strong>padoces,</strong></span> <span class='ocrx_word' id='word_1_286' title='bbox 653 4051 782 4106; x_wconf 89' lang='lat' dir='ltr'><strong>licet</strong></span> <span class='ocrx_word' id='word_1_287' title='bbox 828 4050 1063 4115; x_wconf 91' lang='lat' dir='ltr'><strong>invitus,</strong></span> <span class='ocrx_word' id='word_1_288' title='bbox 1095 4048 1359 4103; x_wconf 88' lang='lat' dir='ltr'><strong>adductus</strong></span> <span class='ocrx_word' id='word_1_289' title='bbox 1413 4046 1615 4112; x_wconf 81' lang='lat' dir='ltr'><strong>fuerat,</strong></span> <span class='ocrx_word' id='word_1_290' title='bbox 1647 4054 1704 4098; x_wconf 90' lang='lat' dir='ltr'><strong>ut</strong></span> <span class='ocrx_word' id='word_1_291' title='bbox 1748 4060 1912 4115; x_wconf 88' lang='lat' dir='ltr'><strong>opera</strong></span> 
     </span>
    </p>
   </div>
   <div class='ocr_carea' id='block_1_42' title="bbox 342 4139 1917 4212">
    <p class='ocr_par' dir='ltr' id='par_1_42' title="bbox 342 4139 1917 4212">
     <span class='ocr_line' id='line_1_42' title="bbox 342 4139 1917 4212; baseline -0.004 -14"><span class='ocrx_word' id='word_1_292' title='bbox 342 4142 578 4212; x_wconf 85' lang='lat' dir='ltr'><strong>collapsa</strong></span> <span class='ocrx_word' id='word_1_293' title='bbox 606 4142 958 4205; x_wconf 88' lang='lat' dir='ltr'><strong>instauraret,</strong></span> <span class='ocrx_word' id='word_1_294' title='bbox 985 4141 1103 4195; x_wconf 89' lang='lat' dir='ltr'><strong>loca</strong></span> <span class='ocrx_word' id='word_1_295' title='bbox 1128 4156 1235 4195; x_wconf 91' lang='lat' dir='ltr'><strong>non</strong></span> <span class='ocrx_word' id='word_1_296' title='bbox 1269 4140 1509 4196; x_wconf 82' lang='lat' dir='ltr'><strong>habitata</strong></span> <span class='ocrx_word' id='word_1_297' title='bbox 1548 4139 1737 4194; x_wconf 88' lang='lat' dir='ltr'><strong>incolis</strong></span> <span class='ocrx_word' id='word_1_298' title='bbox 1769 4153 1917 4193; x_wconf 91' lang='lat' dir='ltr'><strong>com-</strong></span> 
     </span>
    </p>
   </div>
   <div class='ocr_carea' id='block_1_43' title="bbox 343 4229 1913 4303">
    <p class='ocr_par' dir='ltr' id='par_1_43' title="bbox 343 4229 1913 4303">
     <span class='ocr_line' id='line_1_43' title="bbox 343 4229 1913 4303; baseline -0.004 -15"><span class='ocrx_word' id='word_1_299' title='bbox 343 4233 538 4303; x_wconf 88' lang='lat' dir='ltr'><strong>pleret.</strong></span> <span class='ocrx_word' id='word_1_300' title='bbox 574 4247 681 4287; x_wconf 92' lang='lat' dir='ltr'><strong>uno</strong></span> <span class='ocrx_word' id='word_1_301' title='bbox 724 4233 890 4287; x_wconf 91' lang='lat' dir='ltr'><strong>verbo</strong></span> <span class='ocrx_word' id='word_1_302' title='bbox 910 4231 1226 4287; x_wconf 90' lang='lat' dir='ltr'><strong>solitudines</strong></span> <span class='ocrx_word' id='word_1_303' title='bbox 1265 4231 1318 4286; x_wconf 90' lang='lat' dir='ltr'><strong>in</strong></span> <span class='ocrx_word' id='word_1_304' title='bbox 1358 4232 1521 4285; x_wconf 88' lang='lat' dir='ltr'><strong>urbes</strong></span> <span class='ocrx_word' id='word_1_305' title='bbox 1559 4229 1913 4285; x_wconf 83' lang='lat' dir='ltr'><strong>transforma-</strong></span> 
     </span>
    </p>
   </div>
   <div class='ocr_carea' id='block_1_44' title="bbox 344 4322 1913 4395">
    <p class='ocr_par' dir='ltr' id='par_1_44' title="bbox 344 4322 1913 4395">
     <span class='ocr_line' id='line_1_44' title="bbox 344 4322 1913 4395; baseline -0.002 -14"><span class='ocrx_word' id='word_1_306' title='bbox 344 4335 450 4381; x_wconf 85' lang='lat' dir='ltr'><strong>ret.</strong></span> <span class='ocrx_word' id='word_1_307' title='bbox 477 4323 593 4380; x_wconf 88' lang='lat' dir='ltr'><strong>Non</strong></span> <span class='ocrx_word' id='word_1_308' title='bbox 623 4324 734 4395; x_wconf 86' lang='lat' dir='ltr'><strong>jam</strong></span> <span class='ocrx_word' id='word_1_309' title='bbox 757 4338 886 4393; x_wconf 85' lang='lat' dir='ltr'><strong>ergo</strong></span> <span class='ocrx_word' id='word_1_310' title='bbox 918 4322 1316 4392; x_wconf 89' lang='lat' dir='ltr'><strong>Cappadociam</strong></span> <span class='ocrx_word' id='word_1_311' title='bbox 1346 4325 1569 4394; x_wconf 88' lang='lat' dir='ltr'><strong>regebat</strong></span> <span class='ocrx_word' id='word_1_312' title='bbox 1600 4322 1913 4391; x_wconf 85' lang='lat' dir='ltr'><strong>Therasius,</strong></span> 
     </span>
    </p>
   </div>
   <div class='ocr_carea' id='block_1_45' title="bbox 345 4414 1913 4486">
    <p class='ocr_par' dir='ltr' id='par_1_45' title="bbox 345 4414 1913 4486">
     <span class='ocr_line' id='line_1_45' title="bbox 345 4414 1913 4486; baseline -0.003 -12"><span class='ocrx_word' id='word_1_313' title='bbox 345 4418 441 4474; x_wconf 82' lang='lat' dir='ltr'><strong>sed</strong></span> <span class='ocrx_word' id='word_1_314' title='bbox 467 4416 756 4472; x_wconf 88' lang='lat' dir='ltr'><strong>commissa</strong></span> <span class='ocrx_word' id='word_1_315' title='bbox 787 4414 966 4471; x_wconf 82' lang='lat' dir='ltr'><strong>fuerat</strong></span> <span class='ocrx_word' id='word_1_316' title='bbox 997 4415 1148 4479; x_wconf 67' lang='lat' dir='ltr'><strong>Elite,</strong></span> <span class='ocrx_word' id='word_1_317' title='bbox 1181 4415 1273 4486; x_wconf 88' lang='lat' dir='ltr'><strong>qui</strong></span> <span class='ocrx_word' id='word_1_318' title='bbox 1305 4429 1424 4469; x_wconf 88' lang='lat' dir='ltr'><strong>eam</strong></span> <span class='ocrx_word' id='word_1_319' title='bbox 1466 4414 1832 4470; x_wconf 85' lang='lat' dir='ltr'><strong>tristissimum</strong></span> <span class='ocrx_word' id='word_1_320' title='bbox 1859 4415 1913 4469; x_wconf 94' lang='lat' dir='ltr'><strong>in</strong></span> 
     </span>
    </p>
   </div>
   <div class='ocr_carea' id='block_1_46' title="bbox 1604 357 2140 416">
    <p class='ocr_par' dir='ltr' id='par_1_46' title="bbox 1604 357 2140 416">
     <span class='ocr_line' id='line_1_46' title="bbox 1604 357 2140 416; baseline 0.004 -2"><span class='ocrx_word' id='word_1_321' title='bbox 1604 357 2140 416; x_wconf 76' lang='lat' dir='ltr'><strong>PROLEGOMENA.</strong></span> 
     </span>
    </p>
   </div>
   <div class='ocr_carea' id='block_1_47' title="bbox 2589 475 2965 534">
    <p class='ocr_par' dir='ltr' id='par_1_47' title="bbox 2589 475 2965 534">
     <span class='ocr_line' id='line_1_47' title="bbox 2589 475 2965 534; baseline -0.003 0"><span class='ocrx_word' id='word_1_322' title='bbox 2589 475 2817 534; x_wconf 79' lang='lat' dir='ltr'><strong>CAPUT</strong></span> <span class='ocrx_word' id='word_1_323' title='bbox 2847 475 2965 533; x_wconf 80' lang='lat' dir='ltr'><strong>XX.</strong></span> 
     </span>
    </p>
   </div>
   <div class='ocr_carea' id='block_1_48' title="bbox 1994 567 3540 640">
    <p class='ocr_par' dir='ltr' id='par_1_48' title="bbox 1994 567 3540 640">
     <span class='ocr_line' id='line_1_48' title="bbox 1994 567 3540 640; baseline -0.002 -15"><span class='ocrx_word' id='word_1_324' title='bbox 1994 570 2036 627; x_wconf 93' lang='lat' dir='ltr'><strong>I.</strong></span> <span class='ocrx_word' id='word_1_325' title='bbox 2076 572 2293 626; x_wconf 86' lang='lat' dir='ltr'><strong>Initium</strong></span> <span class='ocrx_word' id='word_1_326' title='bbox 2311 572 2680 640; x_wconf 81' lang='lat' dir='ltr'><strong>persecutionis</strong></span> <span class='ocrx_word' id='word_1_327' title='bbox 2709 573 2773 625; x_wconf 85' lang='lat' dir='ltr'><strong>ab</strong></span> <span class='ocrx_word' id='word_1_328' title='bbox 2797 572 3019 624; x_wconf 77' lang='lat' dir='ltr'><strong>adventu</strong></span> <span class='ocrx_word' id='word_1_329' title='bbox 3037 570 3373 624; x_wconf 76' lang='lat' dir='ltr'><strong>Arianorum.</strong></span> <span class='ocrx_word' id='word_1_330' title='bbox 3400 567 3540 639; x_wconf 83' lang='lat' dir='ltr'><strong>Euip</strong></span> 
     </span>
    </p>
   </div>
   <div class='ocr_carea' id='block_1_49' title="bbox 2063 640 3554 710">
    <p class='ocr_par' dir='ltr' id='par_1_49' title="bbox 2063 640 3554 710">
     <span class='ocr_line' id='line_1_49' title="bbox 2063 640 3554 710; baseline -0.002 -15"><span class='ocrx_word' id='word_1_331' title='bbox 2063 643 2147 708; x_wconf 86' lang='lat' dir='ltr'><strong>pio</strong></span> <span class='ocrx_word' id='word_1_332' title='bbox 2179 643 2590 695; x_wconf 82' lang='lat' dir='ltr'><strong>communionem</strong></span> <span class='ocrx_word' id='word_1_333' title='bbox 2617 643 2835 710; x_wconf 74' lang='lat' dir='ltr'><strong>denegat</strong></span> <span class='ocrx_word' id='word_1_334' title='bbox 2860 641 3115 694; x_wconf 79' lang='lat' dir='ltr'><strong>Basilius.</strong></span> <span class='ocrx_word' id='word_1_335' title='bbox 3144 640 3205 694; x_wconf 91' lang='lat' dir='ltr'><strong>ll.</strong></span> <span class='ocrx_word' id='word_1_336' title='bbox 3240 640 3426 694; x_wconf 76' lang='lat' dir='ltr'><strong>Basilii</strong></span> <span class='ocrx_word' id='word_1_337' title='bbox 3452 656 3554 693; x_wconf 87' lang='lat' dir='ltr'><strong>cer-</strong></span> 
     </span>
    </p>
   </div>
   <div class='ocr_carea' id='block_1_50' title="bbox 2062 710 3560 780">
    <p class='ocr_par' dir='ltr' id='par_1_50' title="bbox 2062 710 3560 780">
     <span class='ocr_line' id='line_1_50' title="bbox 2062 710 3560 780; baseline -0.001 -16"><span class='ocrx_word' id='word_1_338' title='bbox 2062 722 2234 765; x_wconf 80' lang='lat' dir='ltr'><strong>tamen</strong></span> <span class='ocrx_word' id='word_1_339' title='bbox 2263 727 2397 780; x_wconf 15' lang='lat' dir='ltr'><strong>cum,</strong></span> <span class='ocrx_word' id='word_1_340' title='bbox 2421 711 2664 780; x_wconf 64' lang='lat' dir='ltr'><strong>prmfecto</strong></span> <span class='ocrx_word' id='word_1_341' title='bbox 2692 728 2752 763; x_wconf 88' lang='lat' dir='ltr'><strong>ac</strong></span> <span class='ocrx_word' id='word_1_342' title='bbox 2784 712 2975 764; x_wconf 85' lang='lat' dir='ltr'><strong>deinde</strong></span> <span class='ocrx_word' id='word_1_343' title='bbox 3018 726 3132 763; x_wconf 85' lang='lat' dir='ltr'><strong>cum</strong></span> <span class='ocrx_word' id='word_1_344' title='bbox 3166 710 3443 780; x_wconf 60' lang='lat' dir='ltr'><strong>prteposito</strong></span> <span class='ocrx_word' id='word_1_345' title='bbox 3472 725 3560 780; x_wconf 74' lang='lat' dir='ltr'><strong>co-</strong></span> 
     </span>
    </p>
   </div>
   <div class='ocr_carea' id='block_1_51' title="bbox 2061 777 3563 846">
    <p class='ocr_par' dir='ltr' id='par_1_51' title="bbox 2061 777 3563 846">
     <span class='ocr_line' id='line_1_51' title="bbox 2061 777 3563 846; baseline 0.002 -16"><span class='ocrx_word' id='word_1_346' title='bbox 2061 797 2302 844; x_wconf 86' lang='lat' dir='ltr'><strong>qnorum.</strong></span> <span class='ocrx_word' id='word_1_347' title='bbox 2338 779 2425 833; x_wconf 86' lang='lat' dir='ltr'><strong>Ill.</strong></span> <span class='ocrx_word' id='word_1_348' title='bbox 2458 777 2581 834; x_wconf 82' lang='lat' dir='ltr'><strong>Non</strong></span> <span class='ocrx_word' id='word_1_349' title='bbox 2613 781 2847 846; x_wconf 77' lang='lat' dir='ltr'><strong>interfuit</strong></span> <span class='ocrx_word' id='word_1_350' title='bbox 2882 780 2963 833; x_wconf 85' lang='lat' dir='ltr'><strong>Itis</strong></span> <span class='ocrx_word' id='word_1_351' title='bbox 2994 777 3192 844; x_wconf 73' lang='lat' dir='ltr'><strong>pra&#39;liis</strong></span> <span class='ocrx_word' id='word_1_352' title='bbox 3233 777 3446 834; x_wconf 80' lang='lat' dir='ltr'><strong>Valens.</strong></span> <span class='ocrx_word' id='word_1_353' title='bbox 3474 777 3563 833; x_wconf 78' lang='lat' dir='ltr'><strong>IV.</strong></span> 
     </span>
    </p>
   </div>
   <div class='ocr_carea' id='block_1_52' title="bbox 2064 846 3564 917">
    <p class='ocr_par' dir='ltr' id='par_1_52' title="bbox 2064 846 3564 917">
     <span class='ocr_line' id='line_1_52' title="bbox 2064 846 3564 917; baseline -0.003 -12"><span class='ocrx_word' id='word_1_354' title='bbox 2064 848 2286 917; x_wconf 73' lang='lat' dir='ltr'><strong>Scripta:</strong></span> <span class='ocrx_word' id='word_1_355' title='bbox 2322 851 2373 903; x_wconf 90' lang='lat' dir='ltr'><strong>in</strong></span> <span class='ocrx_word' id='word_1_356' title='bbox 2408 851 2505 902; x_wconf 83' lang='lat' dir='ltr'><strong>hac</strong></span> <span class='ocrx_word' id='word_1_357' title='bbox 2542 851 2899 913; x_wconf 77' lang='lat' dir='ltr'><strong>persecutione</strong></span> <span class='ocrx_word' id='word_1_358' title='bbox 2926 850 3157 909; x_wconf 79' lang='lat' dir='ltr'><strong>epistola:</strong></span> <span class='ocrx_word' id='word_1_359' title='bbox 3192 848 3258 903; x_wconf 89' lang='lat'><strong>79</strong></span> <span class='ocrx_word' id='word_1_360' title='bbox 3286 861 3336 902; x_wconf 85' lang='lat' dir='ltr'><strong>et</strong></span> <span class='ocrx_word' id='word_1_361' title='bbox 3374 848 3462 902; x_wconf 89' lang='lat'><strong>80.</strong></span> <span class='ocrx_word' id='word_1_362' title='bbox 3484 846 3564 917; x_wconf 15' lang='lat' dir='ltr'><strong>AV.</strong></span> 
     </span>
    </p>
   </div>
   <div class='ocr_carea' id='block_1_53' title="bbox 2079 915 3568 984">
    <p class='ocr_par' dir='ltr' id='par_1_53' title="bbox 2079 915 3568 984">
     <span class='ocr_line' id='line_1_53' title="bbox 2079 915 3568 984; baseline -0.002 -12"><span class='ocrx_word' id='word_1_363' title='bbox 2079 915 2261 973; x_wconf 79' lang='lat' dir='ltr'><strong>Valens</strong></span> <span class='ocrx_word' id='word_1_364' title='bbox 2289 921 2443 973; x_wconf 87' lang='lat' dir='ltr'><strong>semel</strong></span> <span class='ocrx_word' id='word_1_365' title='bbox 2477 929 2525 972; x_wconf 90' lang='lat' dir='ltr'><strong>et</strong></span> <span class='ocrx_word' id='word_1_366' title='bbox 2564 921 2750 972; x_wconf 80' lang='lat' dir='ltr'><strong>iterum</strong></span> <span class='ocrx_word' id='word_1_367' title='bbox 2780 920 2913 972; x_wconf 72' lang='lat' dir='ltr'><strong>venit</strong></span> <span class='ocrx_word' id='word_1_368' title='bbox 2947 921 3002 971; x_wconf 91' lang='lat' dir='ltr'><strong>in</strong></span> <span class='ocrx_word' id='word_1_369' title='bbox 3038 921 3304 972; x_wconf 79' lang='lat' dir='ltr'><strong>ecclesiam</strong></span> <span class='ocrx_word' id='word_1_370' title='bbox 3325 959 3340 984; x_wconf 96' lang='lat'><strong>,</strong></span> <span class='ocrx_word' id='word_1_371' title='bbox 3372 927 3429 970; x_wconf 87' lang='lat' dir='ltr'><strong>ut</strong></span> <span class='ocrx_word' id='word_1_372' title='bbox 3458 915 3568 970; x_wconf 85' lang='lat' dir='ltr'><strong>Ba-</strong></span> 
     </span>
    </p>
   </div>
   <div class='ocr_carea' id='block_1_54' title="bbox 2062 987 3568 1058">
    <p class='ocr_par' dir='ltr' id='par_1_54' title="bbox 2062 987 3568 1058">
     <span class='ocr_line' id='line_1_54' title="bbox 2062 987 3568 1058; baseline -0.002 -15"><span class='ocrx_word' id='word_1_373' title='bbox 2062 990 2182 1043; x_wconf 87' lang='lat' dir='ltr'><strong>silio</strong></span> <span class='ocrx_word' id='word_1_374' title='bbox 2214 990 2421 1058; x_wconf 69' lang='lat' dir='ltr'><strong>factam</strong></span> <span class='ocrx_word' id='word_1_375' title='bbox 2463 988 2718 1057; x_wconf 75' lang='lat' dir='ltr'><strong>injuriam</strong></span> <span class='ocrx_word' id='word_1_376' title='bbox 2762 991 2977 1058; x_wconf 83' lang='lat' dir='ltr'><strong>sarciat.</strong></span> <span class='ocrx_word' id='word_1_377' title='bbox 3022 987 3104 1040; x_wconf 83' lang='lat' dir='ltr'><strong>Vl.</strong></span> <span class='ocrx_word' id='word_1_378' title='bbox 3146 988 3348 1042; x_wconf 77' lang='lat' dir='ltr'><strong>Basilio</strong></span> <span class='ocrx_word' id='word_1_379' title='bbox 3385 998 3568 1058; x_wconf 72' lang='lat' dir='ltr'><strong>postea</strong></span> 
     </span>
    </p>
   </div>
   <div class='ocr_carea' id='block_1_55' title="bbox 2060 1056 3587 1130">
    <p class='ocr_par' dir='ltr' id='par_1_55' title="bbox 2060 1056 3587 1130">
     <span class='ocr_line' id='line_1_55' title="bbox 2060 1056 3587 1130; baseline -0.003 -17"><span class='ocrx_word' id='word_1_380' title='bbox 2060 1056 2263 1130; x_wconf 68' lang='lat' dir='ltr'><strong>pinnam</strong></span> <span class='ocrx_word' id='word_1_381' title='bbox 2312 1058 2483 1130; x_wconf 79' lang='lat' dir='ltr'><strong>exsilii</strong></span> <span class='ocrx_word' id='word_1_382' title='bbox 2507 1056 2726 1130; x_wconf 43' lang='lat' dir='ltr'><strong>:inﬂigit</strong></span> <span class='ocrx_word' id='word_1_383' title='bbox 2769 1057 2834 1110; x_wconf 87' lang='lat' dir='ltr'><strong>ab</strong></span> <span class='ocrx_word' id='word_1_384' title='bbox 2885 1057 3099 1113; x_wconf 81' lang='lat' dir='ltr'><strong>Arionis</strong></span> <span class='ocrx_word' id='word_1_385' title='bbox 3160 1056 3587 1130; x_wconf 71' lang='lat' dir='ltr'><strong>intpulsus,_s_e_d</strong></span> 
     </span>
    </p>
   </div>
   <div class='ocr_carea' id='block_1_56' title="bbox 2064 1124 3567 1199">
    <p class='ocr_par' dir='ltr' id='par_1_56' title="bbox 2064 1124 3567 1199">
     <span class='ocr_line' id='line_1_56' title="bbox 2064 1124 3567 1199; baseline 0.001 -20"><span class='ocrx_word' id='word_1_386' title='bbox 2064 1124 2207 1199; x_wconf 65' lang='lat' dir='ltr'><strong>&#39;graui</strong></span> <span class='ocrx_word' id='word_1_387' title='bbox 2261 1129 2439 1183; x_wconf 88' lang='lat' dir='ltr'><strong>morbo</strong></span> <span class='ocrx_word' id='word_1_388' title='bbox 2487 1124 2815 1199; x_wconf 37' lang='lat' dir='ltr'><strong>filii-cogitur</strong></span> <span class='ocrx_word' id='word_1_389' title='bbox 2846 1130 3158 1199; x_wconf 74' lang='lat' dir='ltr'><strong>sententiam</strong></span> <span class='ocrx_word' id='word_1_390' title='bbox 3190 1124 3412 1199; x_wconf 79' lang='lat' dir='ltr'><strong>mutare.</strong></span> <span class='ocrx_word' id='word_1_391' title='bbox 3450 1124 3567 1199; x_wconf 86' lang='lat' dir='ltr'><strong>Vl_|.</strong></span> 
     </span>
    </p>
   </div>
   <div class='ocr_carea' id='block_1_57' title="bbox 2070 1196 3569 1264">
    <p class='ocr_par' dir='ltr' id='par_1_57' title="bbox 2070 1196 3569 1264">
     <span class='ocr_line' id='line_1_57' title="bbox 2070 1196 3569 1264; baseline -0.003 -12"><span class='ocrx_word' id='word_1_392' title='bbox 2070 1196 2274 1252; x_wconf 79' lang='lat' dir='ltr'><strong>Rursus</strong></span> <span class='ocrx_word' id='word_1_393' title='bbox 2299 1199 2479 1251; x_wconf 82' lang='lat' dir='ltr'><strong>statuit</strong></span> <span class='ocrx_word' id='word_1_394' title='bbox 2519 1196 2701 1264; x_wconf 86' lang='lat' dir='ltr'><strong>ejicere</strong></span> <span class='ocrx_word' id='word_1_395' title='bbox 2728 1196 3011 1258; x_wconf 81' lang='lat' dir='ltr'><strong>Basiliam,</strong></span> <span class='ocrx_word' id='word_1_396' title='bbox 3045 1200 3134 1251; x_wconf 82' lang='lat' dir='ltr'><strong>sed</strong></span> <span class='ocrx_word' id='word_1_397' title='bbox 3155 1197 3388 1250; x_wconf 86' lang='lat' dir='ltr'><strong>calamus</strong></span> <span class='ocrx_word' id='word_1_398' title='bbox 3411 1197 3569 1249; x_wconf 84' lang='lat' dir='ltr'><strong>tertia</strong></span> 
     </span>
    </p>
   </div>
   <div class='ocr_carea' id='block_1_58' title="bbox 2061 1264 3568 1335">
    <p class='ocr_par' dir='ltr' id='par_1_58' title="bbox 2061 1264 3568 1335">
     <span class='ocr_line' id='line_1_58' title="bbox 2061 1264 3568 1335; baseline -0.003 -14"><span class='ocrx_word' id='word_1_399' title='bbox 2061 1272 2369 1321; x_wconf 83' lang='lat' dir='ltr'><strong>conteritur.</strong></span> <span class='ocrx_word' id='word_1_400' title='bbox 2408 1266 2540 1321; x_wconf 86' lang='lat' dir='ltr'><strong>Vlll.</strong></span> <span class='ocrx_word' id='word_1_401' title='bbox 2563 1264 2795 1335; x_wconf 82' lang='lat' dir='ltr'><strong>Insignis</strong></span> <span class='ocrx_word' id='word_1_402' title='bbox 2822 1264 3055 1332; x_wconf 84' lang='lat' dir='ltr'><strong>Gregorii</strong></span> <span class='ocrx_word' id='word_1_403' title='bbox 3081 1268 3223 1320; x_wconf 87' lang='lat' dir='ltr'><strong>locus</strong></span> <span class='ocrx_word' id='word_1_404' title='bbox 3251 1266 3568 1334; x_wconf 72' lang='lat' dir='ltr'><strong>explicatur,</strong></span> 
     </span>
    </p>
   </div>
   <div class='ocr_carea' id='block_1_59' title="bbox 2066 1336 3571 1404">
    <p class='ocr_par' dir='ltr' id='par_1_59' title="bbox 2066 1336 3571 1404">
     <span class='ocr_line' id='line_1_59' title="bbox 2066 1336 3571 1404; baseline -0.002 -14"><span class='ocrx_word' id='word_1_405' title='bbox 2066 1355 2128 1391; x_wconf 89' lang='lat' dir='ltr'><strong>ac</strong></span> <span class='ocrx_word' id='word_1_406' title='bbox 2184 1337 2447 1391; x_wconf 78' lang='lat' dir='ltr'><strong>Valentem</strong></span> <span class='ocrx_word' id='word_1_407' title='bbox 2478 1338 2890 1404; x_wconf 10' lang='lat' dir='ltr'><strong>iterumrvenisse</strong></span> <span class='ocrx_word' id='word_1_408' title='bbox 2925 1336 2980 1388; x_wconf 89' lang='lat' dir='ltr'><strong>in</strong></span> <span class='ocrx_word' id='word_1_409' title='bbox 3006 1337 3275 1389; x_wconf 80' lang='lat' dir='ltr'><strong>ecclesiam</strong></span> <span class='ocrx_word' id='word_1_410' title='bbox 3318 1336 3571 1404; x_wconf 84' lang='lat' dir='ltr'><strong>probatur</strong></span> 
     </span>
    </p>
   </div>
   <div class='ocr_carea' id='block_1_60' title="bbox 2063 1403 3563 1471">
    <p class='ocr_par' dir='ltr' id='par_1_60' title="bbox 2063 1403 3563 1471">
     <span class='ocr_line' id='line_1_60' title="bbox 2063 1403 3563 1471; baseline -0.002 -12"><span class='ocrx_word' id='word_1_411' title='bbox 2063 1419 2184 1460; x_wconf 88' lang='lat' dir='ltr'><strong>ante</strong></span> <span class='ocrx_word' id='word_1_412' title='bbox 2217 1418 2436 1461; x_wconf 87' lang='lat' dir='ltr'><strong>mortem</strong></span> <span class='ocrx_word' id='word_1_413' title='bbox 2466 1406 2588 1471; x_wconf 74' lang='lat' dir='ltr'><strong>lilii.</strong></span> <span class='ocrx_word' id='word_1_414' title='bbox 2625 1403 2715 1459; x_wconf 76' lang='grc' dir='ltr'><strong>ιχ.</strong></span> <span class='ocrx_word' id='word_1_415' title='bbox 2753 1404 3072 1458; x_wconf 77' lang='lat' dir='ltr'><strong>Miraculum</strong></span> <span class='ocrx_word' id='word_1_416' title='bbox 3096 1406 3422 1459; x_wconf 88' lang='lat' dir='ltr'><strong>calamorum</strong></span> <span class='ocrx_word' id='word_1_417' title='bbox 3445 1403 3563 1457; x_wconf 66' lang='lat' dir='ltr'><strong>Ca?-</strong></span> 
     </span>
    </p>
   </div>
   <div class='ocr_carea' id='block_1_61' title="bbox 2064 1472 3574 1617">
    <p class='ocr_par' dir='ltr' id='par_1_61' title="bbox 2064 1472 3574 1617">
     <span class='ocr_line' id='line_1_61' title="bbox 2064 1472 3574 1545; baseline -0.002 -15"><span class='ocrx_word' id='word_1_418' title='bbox 2064 1493 2231 1530; x_wconf 77' lang='lat' dir='ltr'><strong>sarete</strong></span> <span class='ocrx_word' id='word_1_419' title='bbox 2262 1476 2480 1545; x_wconf 77' lang='lat' dir='ltr'><strong>factum.</strong></span> <span class='ocrx_word' id='word_1_420' title='bbox 2527 1474 2596 1530; x_wconf 84' lang='lat' dir='ltr'><strong>X.</strong></span> <span class='ocrx_word' id='word_1_421' title='bbox 2638 1473 2768 1530; x_wconf 61' lang='lat' dir='ltr'><strong>Haec</strong></span> <span class='ocrx_word' id='word_1_422' title='bbox 2811 1477 3099 1544; x_wconf 85' lang='lat' dir='ltr'><strong>persecutio</strong></span> <span class='ocrx_word' id='word_1_423' title='bbox 3143 1474 3211 1529; x_wconf 81' lang='lat' dir='ltr'><strong>ad</strong></span> <span class='ocrx_word' id='word_1_424' title='bbox 3239 1490 3431 1528; x_wconf 88' lang='lat' dir='ltr'><strong>annum</strong></span> <span class='ocrx_word' id='word_1_425' title='bbox 3463 1472 3574 1530; x_wconf 74' lang='lat'><strong>372</strong></span> 
     </span>
     <span class='ocr_line' id='line_1_62' title="bbox 2065 1547 2359 1617; baseline 0.003 -19"><span class='ocrx_word' id='word_1_426' title='bbox 2065 1547 2359 1617; x_wconf 76' lang='lat' dir='ltr'><strong>referenda.</strong></span> 
     </span>
    </p>
   </div>
   <div class='ocr_carea' id='block_1_62' title="bbox 2065 1562 2359 1601">
    <p class='ocr_par' dir='ltr' id='par_1_62' title="bbox 2065 1562 2359 1601">
     <span class='ocr_line' id='line_1_63' title="bbox 2065 1562 2359 1601; baseline 0.003 -3"><span class='ocrx_word' id='word_1_427' title='bbox 2065 1562 2359 1601; x_wconf 80' lang='lat' dir='ltr'><strong>reterenaa.</strong></span> 
     </span>
    </p>
   </div>
   <div class='ocr_carea' id='block_1_63' title="bbox 2070 1676 3573 1749">
    <p class='ocr_par' dir='ltr' id='par_1_63' title="bbox 2070 1676 3573 1749">
     <span class='ocr_line' id='line_1_64' title="bbox 2070 1676 3573 1749; baseline -0.004 -14"><span class='ocrx_word' id='word_1_428' title='bbox 2070 1682 2109 1735; x_wconf 92' lang='grc' dir='ltr'><strong>Ι.</strong></span> <span class='ocrx_word' id='word_1_429' title='bbox 2136 1679 2403 1735; x_wconf 84' lang='lat' dir='ltr'><strong>Hactenus</strong></span> <span class='ocrx_word' id='word_1_430' title='bbox 2440 1680 2494 1734; x_wconf 92' lang='lat' dir='ltr'><strong>in</strong></span> <span class='ocrx_word' id='word_1_431' title='bbox 2537 1678 2596 1734; x_wconf 93' lang='lat' dir='ltr'><strong>S.</strong></span> <span class='ocrx_word' id='word_1_432' title='bbox 2625 1678 2808 1734; x_wconf 88' lang='lat' dir='ltr'><strong>Basilii</strong></span> <span class='ocrx_word' id='word_1_433' title='bbox 2850 1679 3159 1749; x_wconf 88' lang='lat' dir='ltr'><strong>episcopatu</strong></span> <span class='ocrx_word' id='word_1_434' title='bbox 3202 1676 3404 1732; x_wconf 92' lang='lat' dir='ltr'><strong>nullum</strong></span> <span class='ocrx_word' id='word_1_435' title='bbox 3434 1685 3573 1729; x_wconf 87' lang='lat' dir='ltr'><strong>tem-</strong></span> 
     </span>
    </p>
   </div>
   <div class='ocr_carea' id='block_1_64' title="bbox 1924 1768 3575 1873">
    <p class='ocr_par' dir='ltr' id='par_1_64' title="bbox 1924 1768 3575 1873">
     <span class='ocr_line' id='line_1_65' title="bbox 1924 1768 3575 1873; baseline -0.004 -46"><span class='ocrx_word' id='word_1_436' title='bbox 1924 1817 1967 1873; x_wconf 76' lang='grc' dir='ltr'><strong>Β</strong></span> <span class='ocrx_word' id='word_1_437' title='bbox 1995 1788 2094 1843; x_wconf 89' lang='lat' dir='ltr'><strong>pus</strong></span> <span class='ocrx_word' id='word_1_438' title='bbox 2125 1772 2383 1835; x_wconf 86' lang='lat' dir='ltr'><strong>vidimus,</strong></span> <span class='ocrx_word' id='word_1_439' title='bbox 2412 1773 2553 1841; x_wconf 91' lang='lat' dir='ltr'><strong>quod</strong></span> <span class='ocrx_word' id='word_1_440' title='bbox 2594 1785 2624 1825; x_wconf 91' lang='lat' dir='ltr'><strong>a</strong></span> <span class='ocrx_word' id='word_1_441' title='bbox 2659 1771 2866 1839; x_wconf 81' lang='lat' dir='ltr'><strong>magnis</strong></span> <span class='ocrx_word' id='word_1_442' title='bbox 2907 1773 3066 1827; x_wconf 87' lang='lat' dir='ltr'><strong>rebus</strong></span> <span class='ocrx_word' id='word_1_443' title='bbox 3117 1769 3364 1835; x_wconf 75' lang='lat' dir='ltr'><strong>gerendis</strong></span> <span class='ocrx_word' id='word_1_444' title='bbox 3403 1768 3575 1822; x_wconf 86' lang='lat' dir='ltr'><strong>inter—</strong></span> 
     </span>
    </p>
   </div>
   <div class='ocr_carea' id='block_1_65' title="bbox 1999 1858 3574 1931">
    <p class='ocr_par' dir='ltr' id='par_1_65' title="bbox 1999 1858 3574 1931">
     <span class='ocr_line' id='line_1_66' title="bbox 1999 1858 3574 1931; baseline -0.005 -12"><span class='ocrx_word' id='word_1_445' title='bbox 1999 1864 2311 1919; x_wconf 88' lang='lat' dir='ltr'><strong>missionem</strong></span> <span class='ocrx_word' id='word_1_446' title='bbox 2344 1862 2615 1919; x_wconf 85' lang='lat' dir='ltr'><strong>habuerit.</strong></span> <span class='ocrx_word' id='word_1_447' title='bbox 2652 1860 2758 1917; x_wconf 89' lang='lat' dir='ltr'><strong>Sed</strong></span> <span class='ocrx_word' id='word_1_448' title='bbox 2793 1877 2934 1916; x_wconf 89' lang='lat' dir='ltr'><strong>nunc</strong></span> <span class='ocrx_word' id='word_1_449' title='bbox 2965 1860 3292 1931; x_wconf 89' lang='lat' dir='ltr'><strong>splendidius</strong></span> <span class='ocrx_word' id='word_1_450' title='bbox 3316 1858 3574 1929; x_wconf 87' lang='lat' dir='ltr'><strong>quiddam</strong></span> 
     </span>
    </p>
   </div>
   <div class='ocr_carea' id='block_1_66' title="bbox 1998 1951 3574 2022">
    <p class='ocr_par' dir='ltr' id='par_1_66' title="bbox 1998 1951 3574 2022">
     <span class='ocr_line' id='line_1_67' title="bbox 1998 1951 3574 2022; baseline -0.004 -10"><span class='ocrx_word' id='word_1_451' title='bbox 1998 1966 2053 2012; x_wconf 94' lang='lat' dir='ltr'><strong>et</strong></span> <span class='ocrx_word' id='word_1_452' title='bbox 2084 1956 2346 2011; x_wconf 84' lang='lat' dir='ltr'><strong>illustrius</strong></span> <span class='ocrx_word' id='word_1_453' title='bbox 2376 1955 2735 2011; x_wconf 87' lang='lat' dir='ltr'><strong>enarrandum</strong></span> <span class='ocrx_word' id='word_1_454' title='bbox 2787 1953 3048 2018; x_wconf 88' lang='lat' dir='ltr'><strong>occurrit,</strong></span> <span class='ocrx_word' id='word_1_455' title='bbox 3099 1962 3377 2022; x_wconf 90' lang='lat' dir='ltr'><strong>propterea</strong></span> <span class='ocrx_word' id='word_1_456' title='bbox 3427 1951 3574 2021; x_wconf 89' lang='lat' dir='ltr'><strong>quod</strong></span> 
     </span>
    </p>
   </div>
   <div class='ocr_carea' id='block_1_67' title="bbox 2000 2043 3576 2119">
    <p class='ocr_par' dir='ltr' id='par_1_67' title="bbox 2000 2043 3576 2119">
     <span class='ocr_line' id='line_1_68' title="bbox 2000 2043 3576 2119; baseline -0.004 -14"><span class='ocrx_word' id='word_1_457' title='bbox 2000 2048 2204 2119; x_wconf 80' lang='lat' dir='ltr'><strong>majore</strong></span> <span class='ocrx_word' id='word_1_458' title='bbox 2235 2049 2412 2105; x_wconf 89' lang='lat' dir='ltr'><strong>sonitu</strong></span> <span class='ocrx_word' id='word_1_459' title='bbox 2439 2048 2718 2119; x_wconf 68' lang='lat' dir='ltr'><strong>praadicari</strong></span> <span class='ocrx_word' id='word_1_460' title='bbox 2748 2047 2940 2111; x_wconf 88' lang='lat' dir='ltr'><strong>solent,</strong></span> <span class='ocrx_word' id='word_1_461' title='bbox 2963 2061 3081 2116; x_wconf 74' lang='lat' dir='ltr'><strong>quae</strong></span> <span class='ocrx_word' id='word_1_462' title='bbox 3110 2060 3206 2116; x_wconf 88' lang='lat' dir='ltr'><strong>pro</strong></span> <span class='ocrx_word' id='word_1_463' title='bbox 3234 2044 3434 2101; x_wconf 88' lang='lat' dir='ltr'><strong>Christi</strong></span> <span class='ocrx_word' id='word_1_464' title='bbox 3468 2043 3576 2099; x_wconf 80' lang='lat' dir='ltr'><strong>ﬁde</strong></span> 
     </span>
    </p>
   </div>
   <div class='ocr_carea' id='block_1_68' title="bbox 2002 2134 3573 2210">
    <p class='ocr_par' dir='ltr' id='par_1_68' title="bbox 2002 2134 3573 2210">
     <span class='ocr_line' id='line_1_69' title="bbox 2002 2134 3573 2210; baseline -0.004 -15"><span class='ocrx_word' id='word_1_465' title='bbox 2002 2140 2054 2195; x_wconf 92' lang='lat' dir='ltr'><strong>in</strong></span> <span class='ocrx_word' id='word_1_466' title='bbox 2086 2140 2415 2210; x_wconf 78' lang='lat' dir='ltr'><strong>gravissimis</strong></span> <span class='ocrx_word' id='word_1_467' title='bbox 2458 2138 2710 2208; x_wconf 85' lang='lat' dir='ltr'><strong>periculis</strong></span> <span class='ocrx_word' id='word_1_468' title='bbox 2749 2137 2964 2192; x_wconf 83' lang='lat' dir='ltr'><strong>fortiter</strong></span> <span class='ocrx_word' id='word_1_469' title='bbox 2991 2146 3045 2192; x_wconf 91' lang='lat' dir='ltr'><strong>et</strong></span> <span class='ocrx_word' id='word_1_470' title='bbox 3071 2144 3381 2192; x_wconf 89' lang='lat' dir='ltr'><strong>constanter</strong></span> <span class='ocrx_word' id='word_1_471' title='bbox 3413 2134 3573 2200; x_wconf 79' lang='lat' dir='ltr'><strong>ﬁunt,</strong></span> 
     </span>
    </p>
   </div>
   <div class='ocr_carea' id='block_1_69' title="bbox 2001 2225 3579 2302">
    <p class='ocr_par' dir='ltr' id='par_1_69' title="bbox 2001 2225 3579 2302">
     <span class='ocr_line' id='line_1_70' title="bbox 2001 2225 3579 2302; baseline -0.004 -17"><span class='ocrx_word' id='word_1_472' title='bbox 2001 2246 2161 2302; x_wconf 89' lang='lat' dir='ltr'><strong>quam</strong></span> <span class='ocrx_word' id='word_1_473' title='bbox 2194 2245 2311 2301; x_wconf 66' lang='lat' dir='ltr'><strong>qua:</strong></span> <span class='ocrx_word' id='word_1_474' title='bbox 2337 2238 2429 2283; x_wconf 91' lang='lat' dir='ltr'><strong>aut</strong></span> <span class='ocrx_word' id='word_1_475' title='bbox 2462 2229 2528 2283; x_wconf 91' lang='lat' dir='ltr'><strong>ad</strong></span> <span class='ocrx_word' id='word_1_476' title='bbox 2561 2227 2899 2297; x_wconf 89' lang='lat' dir='ltr'><strong>disciplinam</strong></span> <span class='ocrx_word' id='word_1_477' title='bbox 2946 2226 3237 2296; x_wconf 87' lang='lat' dir='ltr'><strong>prudenter</strong></span> <span class='ocrx_word' id='word_1_478' title='bbox 3276 2225 3579 2280; x_wconf 83' lang='lat' dir='ltr'><strong>decernun-</strong></span> 
     </span>
    </p>
   </div>
   <div class='ocr_carea' id='block_1_70' title="bbox 2005 2315 3577 2387">
    <p class='ocr_par' dir='ltr' id='par_1_70' title="bbox 2005 2315 3577 2387">
     <span class='ocr_line' id='line_1_71' title="bbox 2005 2315 3577 2387; baseline -0.004 -12"><span class='ocrx_word' id='word_1_479' title='bbox 2005 2330 2114 2386; x_wconf 90' lang='lat' dir='ltr'><strong>tur,</strong></span> <span class='ocrx_word' id='word_1_480' title='bbox 2146 2328 2238 2375; x_wconf 88' lang='lat' dir='ltr'><strong>aut</strong></span> <span class='ocrx_word' id='word_1_481' title='bbox 2267 2320 2333 2374; x_wconf 92' lang='lat' dir='ltr'><strong>ad</strong></span> <span class='ocrx_word' id='word_1_482' title='bbox 2368 2318 2645 2374; x_wconf 87' lang='lat' dir='ltr'><strong>leniendos</strong></span> <span class='ocrx_word' id='word_1_483' title='bbox 2688 2317 2933 2372; x_wconf 88' lang='lat' dir='ltr'><strong>inimicos</strong></span> <span class='ocrx_word' id='word_1_484' title='bbox 2978 2325 3034 2373; x_wconf 92' lang='lat' dir='ltr'><strong>et</strong></span> <span class='ocrx_word' id='word_1_485' title='bbox 3071 2315 3431 2387; x_wconf 86' lang='lat' dir='ltr'><strong>pacilicandas</strong></span> <span class='ocrx_word' id='word_1_486' title='bbox 3474 2315 3577 2370; x_wconf 89' lang='lat' dir='ltr'><strong>Ec-</strong></span> 
     </span>
    </p>
   </div>
   <div class='ocr_carea' id='block_1_71' title="bbox 2005 2403 3579 2480">
    <p class='ocr_par' dir='ltr' id='par_1_71' title="bbox 2005 2403 3579 2480">
     <span class='ocr_line' id='line_1_72' title="bbox 2005 2403 3579 2480; baseline -0.005 -13"><span class='ocrx_word' id='word_1_487' title='bbox 2005 2410 2201 2467; x_wconf 87' lang='lat' dir='ltr'><strong>clesias</strong></span> <span class='ocrx_word' id='word_1_488' title='bbox 2255 2410 2526 2480; x_wconf 89' lang='lat' dir='ltr'><strong>sapienter</strong></span> <span class='ocrx_word' id='word_1_489' title='bbox 2556 2417 2611 2463; x_wconf 92' lang='lat' dir='ltr'><strong>et</strong></span> <span class='ocrx_word' id='word_1_490' title='bbox 2656 2408 2928 2462; x_wconf 86' lang='lat' dir='ltr'><strong>moderate</strong></span> <span class='ocrx_word' id='word_1_491' title='bbox 2969 2407 3346 2476; x_wconf 88' lang='lat' dir='ltr'><strong>suscipiuntur.</strong></span> <span class='ocrx_word' id='word_1_492' title='bbox 3386 2404 3442 2459; x_wconf 89' lang='lat' dir='ltr'><strong>In</strong></span> <span class='ocrx_word' id='word_1_493' title='bbox 3492 2403 3579 2459; x_wconf 82' lang='lat' dir='ltr'><strong>his</strong></span> 
     </span>
    </p>
   </div>
   <div class='ocr_carea' id='block_1_72' title="bbox 2004 2494 3578 2567">
    <p class='ocr_par' dir='ltr' id='par_1_72' title="bbox 2004 2494 3578 2567">
     <span class='ocr_line' id='line_1_73' title="bbox 2004 2494 3578 2567; baseline -0.006 -10"><span class='ocrx_word' id='word_1_494' title='bbox 2004 2501 2185 2557; x_wconf 86' lang='lat' dir='ltr'><strong>Basilii</strong></span> <span class='ocrx_word' id='word_1_495' title='bbox 2224 2500 2606 2557; x_wconf 89' lang='lat' dir='ltr'><strong>certaminibus</strong></span> <span class='ocrx_word' id='word_1_496' title='bbox 2646 2497 3009 2553; x_wconf 89' lang='lat' dir='ltr'><strong>describendis</strong></span> <span class='ocrx_word' id='word_1_497' title='bbox 3033 2496 3297 2567; x_wconf 84' lang='lat' dir='ltr'><strong>praecipue</strong></span> <span class='ocrx_word' id='word_1_498' title='bbox 3327 2494 3578 2550; x_wconf 90' lang='lat' dir='ltr'><strong>videntur</strong></span> 
     </span>
    </p>
   </div>
   <div class='ocr_carea' id='block_1_73' title="bbox 2004 2584 3577 2665">
    <p class='ocr_par' dir='ltr' id='par_1_73' title="bbox 2004 2584 3577 2665">
     <span class='ocr_line' id='line_1_74' title="bbox 2004 2584 3577 2665; baseline -0.004 -17"><span class='ocrx_word' id='word_1_499' title='bbox 2004 2594 2215 2665; x_wconf 91' lang='lat' dir='ltr'><strong>antiqui</strong></span> <span class='ocrx_word' id='word_1_500' title='bbox 2244 2593 2539 2662; x_wconf 90' lang='lat' dir='ltr'><strong>scriptores</strong></span> <span class='ocrx_word' id='word_1_501' title='bbox 2563 2588 2910 2658; x_wconf 85' lang='lat' dir='ltr'><strong>elaborasse;</strong></span> <span class='ocrx_word' id='word_1_502' title='bbox 2942 2588 3034 2643; x_wconf 89' lang='lat' dir='ltr'><strong>sed</strong></span> <span class='ocrx_word' id='word_1_503' title='bbox 3066 2603 3189 2643; x_wconf 92' lang='lat' dir='ltr'><strong>cum</strong></span> <span class='ocrx_word' id='word_1_504' title='bbox 3213 2588 3264 2641; x_wconf 92' lang='lat' dir='ltr'><strong>in</strong></span> <span class='ocrx_word' id='word_1_505' title='bbox 3301 2584 3577 2642; x_wconf 89' lang='lat' dir='ltr'><strong>nonnullis</strong></span> 
     </span>
    </p>
   </div>
   <div class='ocr_carea' id='block_1_74' title="bbox 2004 2677 3577 2743">
    <p class='ocr_par' dir='ltr' id='par_1_74' title="bbox 2004 2677 3577 2743">
     <span class='ocr_line' id='line_1_75' title="bbox 2004 2677 3577 2743; baseline -0.005 -3"><span class='ocrx_word' id='word_1_506' title='bbox 2004 2683 2428 2740; x_wconf 90' lang='lat' dir='ltr'><strong>circumstantiis</strong></span> <span class='ocrx_word' id='word_1_507' title='bbox 2478 2682 2656 2736; x_wconf 91' lang='lat' dir='ltr'><strong>minus</strong></span> <span class='ocrx_word' id='word_1_508' title='bbox 2708 2680 2850 2735; x_wconf 91' lang='lat' dir='ltr'><strong>inter</strong></span> <span class='ocrx_word' id='word_1_509' title='bbox 2881 2694 2940 2734; x_wconf 86' lang='lat' dir='ltr'><strong>se</strong></span> <span class='ocrx_word' id='word_1_510' title='bbox 2994 2680 3358 2743; x_wconf 89' lang='lat' dir='ltr'><strong>consentiant,</strong></span> <span class='ocrx_word' id='word_1_511' title='bbox 3396 2677 3577 2732; x_wconf 84' lang='lat' dir='ltr'><strong>danda</strong></span> 
     </span>
    </p>
   </div>
   <div class='ocr_carea' id='block_1_75' title="bbox 2004 2767 3581 2847">
    <p class='ocr_par' dir='ltr' id='par_1_75' title="bbox 2004 2767 3581 2847">
     <span class='ocr_line' id='line_1_76' title="bbox 2004 2767 3581 2847; baseline -0.006 -15"><span class='ocrx_word' id='word_1_512' title='bbox 2004 2786 2089 2833; x_wconf 91' lang='lat' dir='ltr'><strong>est</strong></span> <span class='ocrx_word' id='word_1_513' title='bbox 2115 2789 2300 2847; x_wconf 91' lang='lat' dir='ltr'><strong>opera,</strong></span> <span class='ocrx_word' id='word_1_514' title='bbox 2331 2782 2392 2829; x_wconf 92' lang='lat' dir='ltr'><strong>ut</strong></span> <span class='ocrx_word' id='word_1_515' title='bbox 2416 2787 2598 2831; x_wconf 87' lang='lat' dir='ltr'><strong>rerum</strong></span> <span class='ocrx_word' id='word_1_516' title='bbox 2626 2770 2894 2838; x_wconf 89' lang='lat' dir='ltr'><strong>ordinem,</strong></span> <span class='ocrx_word' id='word_1_517' title='bbox 2919 2784 3079 2842; x_wconf 91' lang='lat' dir='ltr'><strong>quam</strong></span> <span class='ocrx_word' id='word_1_518' title='bbox 3115 2769 3229 2825; x_wconf 88' lang='lat' dir='ltr'><strong>lieri</strong></span> <span class='ocrx_word' id='word_1_519' title='bbox 3259 2767 3453 2839; x_wconf 88' lang='lat' dir='ltr'><strong>poterit</strong></span> <span class='ocrx_word' id='word_1_520' title='bbox 3486 2783 3581 2823; x_wconf 89' lang='lat' dir='ltr'><strong>ac-</strong></span> 
     </span>
    </p>
   </div>
   <div class='ocr_carea' id='block_1_76' title="bbox 2003 2865 2698 2932">
    <p class='ocr_par' dir='ltr' id='par_1_76' title="bbox 2003 2865 2698 2932">
     <span class='ocr_line' id='line_1_77' title="bbox 2003 2865 2698 2932; baseline -0.007 -9"><span class='ocrx_word' id='word_1_521' title='bbox 2003 2865 2361 2930; x_wconf 87' lang='lat' dir='ltr'><strong>curatissime,</strong></span> <span class='ocrx_word' id='word_1_522' title='bbox 2390 2876 2698 2932; x_wconf 90' lang='lat' dir='ltr'><strong>sequamur.</strong></span> 
     </span>
    </p>
   </div>
   <div class='ocr_carea' id='block_1_77' title="bbox 2075 2947 3577 3029">
    <p class='ocr_par' dir='ltr' id='par_1_77' title="bbox 2075 2947 3577 3029">
     <span class='ocr_line' id='line_1_78' title="bbox 2075 2947 3577 3029; baseline -0.007 -18"><span class='ocrx_word' id='word_1_523' title='bbox 2075 2956 2148 3029; x_wconf 85' lang='lat' dir='ltr'><strong>(b)</strong></span> <span class='ocrx_word' id='word_1_524' title='bbox 2168 2957 2466 3027; x_wconf 86' lang='lat' dir='ltr'><strong>Imperator</strong></span> <span class='ocrx_word' id='word_1_525' title='bbox 2487 2952 2702 3019; x_wconf 87' lang='lat' dir='ltr'><strong>Valens,</strong></span> <span class='ocrx_word' id='word_1_526' title='bbox 2731 2967 2850 3007; x_wconf 90' lang='lat' dir='ltr'><strong>cum</strong></span> <span class='ocrx_word' id='word_1_527' title='bbox 2879 2951 3148 3022; x_wconf 87' lang='lat' dir='ltr'><strong>prosperis</strong></span> <span class='ocrx_word' id='word_1_528' title='bbox 3173 2949 3432 3005; x_wconf 87' lang='lat' dir='ltr'><strong>adversus</strong></span> <span class='ocrx_word' id='word_1_529' title='bbox 3450 2947 3577 3003; x_wconf 88' lang='lat' dir='ltr'><strong>bar-</strong></span> 
     </span>
    </p>
   </div>
   <div class='ocr_carea' id='block_1_78' title="bbox 2004 3041 3581 3105">
    <p class='ocr_par' dir='ltr' id='par_1_78' title="bbox 2004 3041 3581 3105">
     <span class='ocr_line' id='line_1_79' title="bbox 2004 3041 3581 3105; baseline -0.006 -1"><span class='ocrx_word' id='word_1_530' title='bbox 2004 3050 2167 3105; x_wconf 82' lang='lat' dir='ltr'><strong>baros</strong></span> <span class='ocrx_word' id='word_1_531' title='bbox 2199 3048 2545 3104; x_wconf 85' lang='lat' dir='ltr'><strong>successibus</strong></span> <span class='ocrx_word' id='word_1_532' title='bbox 2574 3046 2748 3102; x_wconf 89' lang='lat' dir='ltr'><strong>elatus</strong></span> <span class='ocrx_word' id='word_1_533' title='bbox 2789 3051 2842 3100; x_wconf 90' lang='lat' dir='ltr'><strong>ln</strong></span> <span class='ocrx_word' id='word_1_534' title='bbox 2888 3045 3159 3101; x_wconf 89' lang='lat' dir='ltr'><strong>Orientem</strong></span> <span class='ocrx_word' id='word_1_535' title='bbox 3214 3042 3354 3098; x_wconf 88' lang='lat' dir='ltr'><strong>lento</strong></span> <span class='ocrx_word' id='word_1_536' title='bbox 3387 3041 3581 3095; x_wconf 91' lang='lat' dir='ltr'><strong>itinere</strong></span> 
     </span>
    </p>
   </div>
   <div class='ocr_carea' id='block_1_79' title="bbox 1930 3131 3582 3226">
    <p class='ocr_par' dir='ltr' id='par_1_79' title="bbox 1930 3131 3582 3226">
     <span class='ocr_line' id='line_1_80' title="bbox 1930 3131 3582 3226; baseline -0.008 -29"><span class='ocrx_word' id='word_1_537' title='bbox 1930 3167 1975 3226; x_wconf 66' lang='grc' dir='ltr'>ρ</span> <span class='ocrx_word' id='word_1_538' title='bbox 2008 3142 2271 3208; x_wconf 90' lang='lat' dir='ltr'><strong>tenderet,</strong></span> <span class='ocrx_word' id='word_1_539' title='bbox 2308 3140 2443 3195; x_wconf 89' lang='lat' dir='ltr'><strong>satis</strong></span> <span class='ocrx_word' id='word_1_540' title='bbox 2472 3139 2560 3194; x_wconf 93' lang='lat' dir='ltr'><strong>diu</strong></span> <span class='ocrx_word' id='word_1_541' title='bbox 2604 3137 2902 3208; x_wconf 76' lang='lat' dir='ltr'><strong>interiectis</strong></span> <span class='ocrx_word' id='word_1_542' title='bbox 2948 3132 3462 3202; x_wconf 89' lang='lat' dir='ltr'><strong>Constantinopolim</strong></span> <span class='ocrx_word' id='word_1_543' title='bbox 3500 3131 3582 3185; x_wconf 86' lang='lat' dir='ltr'><strong>itt-</strong></span> 
     </span>
    </p>
   </div>
   <div class='ocr_carea' id='block_1_80' title="bbox 2008 3223 3583 3303">
    <p class='ocr_par' dir='ltr' id='par_1_80' title="bbox 2008 3223 3583 3303">
     <span class='ocr_line' id='line_1_81' title="bbox 2008 3223 3583 3303; baseline -0.009 -14"><span class='ocrx_word' id='word_1_544' title='bbox 2008 3244 2088 3289; x_wconf 91' lang='lat' dir='ltr'><strong>ter</strong></span> <span class='ocrx_word' id='word_1_545' title='bbox 2107 3242 2161 3289; x_wconf 91' lang='lat' dir='ltr'><strong>et</strong></span> <span class='ocrx_word' id='word_1_546' title='bbox 2177 3231 2565 3303; x_wconf 89' lang='lat' dir='ltr'><strong>Cappadociam</strong></span> <span class='ocrx_word' id='word_1_547' title='bbox 2586 3228 2717 3285; x_wconf 90' lang='lat' dir='ltr'><strong>locis</strong></span> <span class='ocrx_word' id='word_1_548' title='bbox 2734 3237 3093 3284; x_wconf 89' lang='lat' dir='ltr'><strong>commoratus</strong></span> <span class='ocrx_word' id='word_1_549' title='bbox 3112 3235 3213 3281; x_wconf 89' lang='lat' dir='ltr'><strong>est.</strong></span> <span class='ocrx_word' id='word_1_550' title='bbox 3228 3224 3303 3279; x_wconf 81' lang='lat' dir='ltr'><strong>Ac</strong></span> <span class='ocrx_word' id='word_1_551' title='bbox 3324 3225 3376 3278; x_wconf 90' lang='lat' dir='ltr'><strong>in</strong></span> <span class='ocrx_word' id='word_1_552' title='bbox 3397 3223 3583 3294; x_wconf 79' lang='lat' dir='ltr'><strong>Bithy-</strong></span> 
     </span>
    </p>
   </div>
   <div class='ocr_carea' id='block_1_81' title="bbox 2008 3313 3581 3395">
    <p class='ocr_par' dir='ltr' id='par_1_81' title="bbox 2008 3313 3581 3395">
     <span class='ocr_line' id='line_1_82' title="bbox 2008 3313 3581 3395; baseline -0.007 -16"><span class='ocrx_word' id='word_1_553' title='bbox 2008 3325 2092 3379; x_wconf 91' lang='lat' dir='ltr'><strong>nia</strong></span> <span class='ocrx_word' id='word_1_554' title='bbox 2115 3324 2327 3395; x_wconf 89' lang='lat' dir='ltr'><strong>quidem</strong></span> <span class='ocrx_word' id='word_1_555' title='bbox 2359 3322 2639 3377; x_wconf 78' lang='lat' dir='ltr'><strong>horrendae</strong></span> <span class='ocrx_word' id='word_1_556' title='bbox 2668 3322 2783 3392; x_wconf 85' lang='lat' dir='ltr'><strong>ejus</strong></span> <span class='ocrx_word' id='word_1_557' title='bbox 2794 3319 2943 3389; x_wconf 84' lang='lat' dir='ltr'><strong>jussu</strong></span> <span class='ocrx_word' id='word_1_558' title='bbox 2969 3327 3102 3372; x_wconf 68' lang='lat' dir='ltr'><strong>actae</strong></span> <span class='ocrx_word' id='word_1_559' title='bbox 3135 3327 3261 3372; x_wconf 91' lang='lat' dir='ltr'><strong>sunt</strong></span> <span class='ocrx_word' id='word_1_560' title='bbox 3285 3313 3581 3383; x_wconf 66' lang='lat' dir='ltr'><strong>tragcediae,</strong></span> 
     </span>
    </p>
   </div>
   <div class='ocr_carea' id='block_1_82' title="bbox 2007 3408 3586 3485">
    <p class='ocr_par' dir='ltr' id='par_1_82' title="bbox 2007 3408 3586 3485">
     <span class='ocr_line' id='line_1_83' title="bbox 2007 3408 3586 3485; baseline -0.006 -15"><span class='ocrx_word' id='word_1_561' title='bbox 2007 3426 2166 3485; x_wconf 88' lang='lat' dir='ltr'><strong>atque</strong></span> <span class='ocrx_word' id='word_1_562' title='bbox 2201 3416 2338 3470; x_wconf 88' lang='lat' dir='ltr'><strong>hanc</strong></span> <span class='ocrx_word' id='word_1_563' title='bbox 2369 3413 2702 3484; x_wconf 86' lang='lat' dir='ltr'><strong>provinciam</strong></span> <span class='ocrx_word' id='word_1_564' title='bbox 2737 3409 3028 3479; x_wconf 89' lang='lat' dir='ltr'><strong>improviso</strong></span> <span class='ocrx_word' id='word_1_565' title='bbox 3069 3408 3267 3476; x_wconf 89' lang='lat' dir='ltr'><strong>impetu</strong></span> <span class='ocrx_word' id='word_1_566' title='bbox 3296 3419 3586 3477; x_wconf 77' lang='lat' dir='ltr'><strong>aggressus</strong></span> 
     </span>
    </p>
   </div>
   <div class='ocr_carea' id='block_1_83' title="bbox 2010 3500 3586 3579">
    <p class='ocr_par' dir='ltr' id='par_1_83' title="bbox 2010 3500 3586 3579">
     <span class='ocr_line' id='line_1_84' title="bbox 2010 3500 3586 3579; baseline -0.006 -16"><span class='ocrx_word' id='word_1_567' title='bbox 2010 3509 2224 3579; x_wconf 83' lang='lat' dir='ltr'><strong>penitus</strong></span> <span class='ocrx_word' id='word_1_568' title='bbox 2271 3507 2537 3572; x_wconf 89' lang='lat' dir='ltr'><strong>vastavit;</strong></span> <span class='ocrx_word' id='word_1_569' title='bbox 2579 3505 2631 3559; x_wconf 92' lang='lat' dir='ltr'><strong>in</strong></span> <span class='ocrx_word' id='word_1_570' title='bbox 2671 3501 2878 3559; x_wconf 87' lang='lat' dir='ltr'><strong>Galatia</strong></span> <span class='ocrx_word' id='word_1_571' title='bbox 2917 3511 3094 3556; x_wconf 88' lang='lat' dir='ltr'><strong>autem</strong></span> <span class='ocrx_word' id='word_1_572' title='bbox 3127 3500 3326 3554; x_wconf 90' lang='lat' dir='ltr'><strong>nullam</strong></span> <span class='ocrx_word' id='word_1_573' title='bbox 3356 3512 3586 3569; x_wconf 87' lang='lat' dir='ltr'><strong>prorsus</strong></span> 
     </span>
    </p>
   </div>
   <div class='ocr_carea' id='block_1_84' title="bbox 2009 3590 3587 3665">
    <p class='ocr_par' dir='ltr' id='par_1_84' title="bbox 2009 3590 3587 3665">
     <span class='ocr_line' id='line_1_85' title="bbox 2009 3590 3587 3665; baseline -0.005 -11"><span class='ocrx_word' id='word_1_574' title='bbox 2009 3615 2215 3655; x_wconf 87' lang='lat' dir='ltr'><strong>moram</strong></span> <span class='ocrx_word' id='word_1_575' title='bbox 2244 3598 2478 3665; x_wconf 73' lang='lat' dir='ltr'><strong>invenit,</strong></span> <span class='ocrx_word' id='word_1_576' title='bbox 2510 3611 2576 3652; x_wconf 90' lang='lat' dir='ltr'><strong>ac</strong></span> <span class='ocrx_word' id='word_1_577' title='bbox 2613 3597 2784 3651; x_wconf 86' lang='lat' dir='ltr'><strong>levem</strong></span> <span class='ocrx_word' id='word_1_578' title='bbox 2828 3603 2883 3651; x_wconf 92' lang='lat' dir='ltr'><strong>et</strong></span> <span class='ocrx_word' id='word_1_579' title='bbox 2931 3593 3180 3649; x_wconf 88' lang='lat' dir='ltr'><strong>mobilem</strong></span> <span class='ocrx_word' id='word_1_580' title='bbox 3209 3602 3421 3663; x_wconf 79' lang='lat' dir='ltr'><strong>gentem</strong></span> <span class='ocrx_word' id='word_1_581' title='bbox 3465 3590 3587 3646; x_wconf 91' lang='lat' dir='ltr'><strong>sine</strong></span> 
     </span>
    </p>
   </div>
   <div class='ocr_carea' id='block_1_85' title="bbox 2009 3681 3585 3761">
    <p class='ocr_par' dir='ltr' id='par_1_85' title="bbox 2009 3681 3585 3761">
     <span class='ocr_line' id='line_1_86' title="bbox 2009 3681 3585 3761; baseline -0.007 -15"><span class='ocrx_word' id='word_1_582' title='bbox 2009 3692 2229 3761; x_wconf 84' lang='lat' dir='ltr'><strong>pulvere</strong></span> <span class='ocrx_word' id='word_1_583' title='bbox 2262 3689 2477 3745; x_wconf 86' lang='lat' dir='ltr'><strong>devicit.</strong></span> <span class='ocrx_word' id='word_1_584' title='bbox 2514 3686 2610 3742; x_wconf 76' lang='lat' dir='ltr'><strong>liis</strong></span> <span class='ocrx_word' id='word_1_585' title='bbox 2637 3686 2876 3742; x_wconf 89' lang='lat' dir='ltr'><strong>victoriis</strong></span> <span class='ocrx_word' id='word_1_586' title='bbox 2910 3682 3125 3739; x_wconf 83' lang='lat' dir='ltr'><strong>inﬂatus</strong></span> <span class='ocrx_word' id='word_1_587' title='bbox 3150 3697 3299 3752; x_wconf 91' lang='lat' dir='ltr'><strong>spem</strong></span> <span class='ocrx_word' id='word_1_588' title='bbox 3323 3681 3585 3751; x_wconf 84' lang='lat' dir='ltr'><strong>frangen-</strong></span> 
     </span>
    </p>
   </div>
   <div class='ocr_carea' id='block_1_86' title="bbox 2010 3772 3586 3851">
    <p class='ocr_par' dir='ltr' id='par_1_86' title="bbox 2010 3772 3586 3851">
     <span class='ocr_line' id='line_1_87' title="bbox 2010 3772 3586 3851; baseline -0.006 -13"><span class='ocrx_word' id='word_1_589' title='bbox 2010 3782 2061 3838; x_wconf 88' lang='lat' dir='ltr'><strong>di</strong></span> <span class='ocrx_word' id='word_1_590' title='bbox 2097 3782 2275 3838; x_wconf 89' lang='lat' dir='ltr'><strong>Basilii</strong></span> <span class='ocrx_word' id='word_1_591' title='bbox 2305 3790 2361 3837; x_wconf 92' lang='lat' dir='ltr'><strong>et</strong></span> <span class='ocrx_word' id='word_1_592' title='bbox 2379 3780 2648 3851; x_wconf 66' lang='lat' dir='ltr'><strong>capienda?</strong></span> <span class='ocrx_word' id='word_1_593' title='bbox 2672 3778 3018 3848; x_wconf 76' lang='lat' dir='ltr'><strong>Cappadocia:</strong></span> <span class='ocrx_word' id='word_1_594' title='bbox 3042 3772 3393 3846; x_wconf 87' lang='lat' dir='ltr'><strong>concepit(c).</strong></span> <span class='ocrx_word' id='word_1_595' title='bbox 3427 3772 3586 3828; x_wconf 82' lang='lat' dir='ltr'><strong>Hune</strong></span> 
     </span>
    </p>
   </div>
   <div class='ocr_carea' id='block_1_87' title="bbox 2013 3865 3589 3944">
    <p class='ocr_par' dir='ltr' id='par_1_87' title="bbox 2013 3865 3589 3944">
     <span class='ocr_line' id='line_1_88' title="bbox 2013 3865 3589 3944; baseline -0.006 -16"><span class='ocrx_word' id='word_1_596' title='bbox 2013 3872 2156 3928; x_wconf 91' lang='lat' dir='ltr'><strong>enim</strong></span> <span class='ocrx_word' id='word_1_597' title='bbox 2188 3873 2416 3942; x_wconf 91' lang='lat' dir='ltr'><strong>primum</strong></span> <span class='ocrx_word' id='word_1_598' title='bbox 2439 3873 2653 3944; x_wconf 81' lang='lat' dir='ltr'><strong>aggredi</strong></span> <span class='ocrx_word' id='word_1_599' title='bbox 2685 3887 2786 3926; x_wconf 88' lang='lat' dir='ltr'><strong>non</strong></span> <span class='ocrx_word' id='word_1_600' title='bbox 2816 3883 2976 3925; x_wconf 88' lang='lat' dir='ltr'><strong>ausus</strong></span> <span class='ocrx_word' id='word_1_601' title='bbox 2996 3876 3097 3933; x_wconf 91' lang='lat' dir='ltr'><strong>est,</strong></span> <span class='ocrx_word' id='word_1_602' title='bbox 3139 3882 3204 3921; x_wconf 90' lang='lat' dir='ltr'><strong>ne</strong></span> <span class='ocrx_word' id='word_1_603' title='bbox 3234 3865 3375 3920; x_wconf 91' lang='lat' dir='ltr'><strong>illius</strong></span> <span class='ocrx_word' id='word_1_604' title='bbox 3401 3880 3589 3919; x_wconf 83' lang='lat' dir='ltr'><strong>exem-</strong></span> 
     </span>
    </p>
   </div>
   <div class='ocr_carea' id='block_1_88' title="bbox 2012 3956 3589 4035">
    <p class='ocr_par' dir='ltr' id='par_1_88' title="bbox 2012 3956 3589 4035">
     <span class='ocr_line' id='line_1_89' title="bbox 2012 3956 3589 4035; baseline -0.005 -15"><span class='ocrx_word' id='word_1_605' title='bbox 2012 3965 2158 4035; x_wconf 92' lang='lat' dir='ltr'><strong>plum</strong></span> <span class='ocrx_word' id='word_1_606' title='bbox 2210 3965 2330 4020; x_wconf 90' lang='lat' dir='ltr'><strong>aliis</strong></span> <span class='ocrx_word' id='word_1_607' title='bbox 2375 3964 2584 4019; x_wconf 89' lang='lat' dir='ltr'><strong>animos</strong></span> <span class='ocrx_word' id='word_1_608' title='bbox 2636 3964 2856 4018; x_wconf 87' lang='lat' dir='ltr'><strong>adderet</strong></span> <span class='ocrx_word' id='word_1_609' title='bbox 2886 3963 2985 4032; x_wconf 77' lang='grc' dir='ltr'><strong>(ά).</strong></span> <span class='ocrx_word' id='word_1_610' title='bbox 3027 3957 3132 4014; x_wconf 91' lang='lat' dir='ltr'><strong>Sed</strong></span> <span class='ocrx_word' id='word_1_611' title='bbox 3165 3973 3283 4012; x_wconf 92' lang='lat' dir='ltr'><strong>cum</strong></span> <span class='ocrx_word' id='word_1_612' title='bbox 3330 3956 3589 4012; x_wconf 82' lang='lat' dir='ltr'><strong>ﬁnitimos</strong></span> 
     </span>
    </p>
   </div>
   <div class='ocr_carea' id='block_1_89' title="bbox 2011 4050 3590 4125">
    <p class='ocr_par' dir='ltr' id='par_1_89' title="bbox 2011 4050 3590 4125">
     <span class='ocr_line' id='line_1_90' title="bbox 2011 4050 3590 4125; baseline -0.003 -15"><span class='ocrx_word' id='word_1_613' title='bbox 2011 4070 2199 4110; x_wconf 90' lang='lat' dir='ltr'><strong>omnes</strong></span> <span class='ocrx_word' id='word_1_614' title='bbox 2237 4054 2531 4125; x_wconf 86' lang='lat' dir='ltr'><strong>impietatis</strong></span> <span class='ocrx_word' id='word_1_615' title='bbox 2552 4054 2761 4109; x_wconf 89' lang='lat' dir='ltr'><strong>viribus</strong></span> <span class='ocrx_word' id='word_1_616' title='bbox 2798 4054 3116 4121; x_wconf 91' lang='lat' dir='ltr'><strong>domuisset,</strong></span> <span class='ocrx_word' id='word_1_617' title='bbox 3145 4068 3208 4108; x_wconf 89' lang='lat' dir='ltr'><strong>ac</strong></span> <span class='ocrx_word' id='word_1_618' title='bbox 3258 4050 3445 4107; x_wconf 90' lang='lat' dir='ltr'><strong>ditioni</strong></span> <span class='ocrx_word' id='word_1_619' title='bbox 3474 4064 3590 4105; x_wconf 68' lang='lat' dir='ltr'><strong>suae</strong></span> 
     </span>
    </p>
   </div>
   <div class='ocr_carea' id='block_1_90' title="bbox 2014 4143 3591 4217">
    <p class='ocr_par' dir='ltr' id='par_1_90' title="bbox 2014 4143 3591 4217">
     <span class='ocr_line' id='line_1_91' title="bbox 2014 4143 3591 4217; baseline -0.003 -15"><span class='ocrx_word' id='word_1_620' title='bbox 2014 4145 2334 4215; x_wconf 75' lang='lat' dir='ltr'><strong>subiecisset</strong></span> <span class='ocrx_word' id='word_1_621' title='bbox 2357 4147 2612 4217; x_wconf 88' lang='lat' dir='ltr'><strong>quidquid</strong></span> <span class='ocrx_word' id='word_1_622' title='bbox 2646 4147 2865 4202; x_wconf 89' lang='lat' dir='ltr'><strong>obvium</strong></span> <span class='ocrx_word' id='word_1_623' title='bbox 2898 4145 3184 4210; x_wconf 86' lang='lat' dir='ltr'><strong>habuerat,</strong></span> <span class='ocrx_word' id='word_1_624' title='bbox 3235 4155 3387 4215; x_wconf 89' lang='lat' dir='ltr'><strong>turpe</strong></span> <span class='ocrx_word' id='word_1_625' title='bbox 3419 4154 3475 4198; x_wconf 91' lang='lat' dir='ltr'><strong>et</strong></span> <span class='ocrx_word' id='word_1_626' title='bbox 3501 4143 3591 4198; x_wconf 83' lang='lat' dir='ltr'><strong>in-</strong></span> 
     </span>
    </p>
   </div>
   <div class='ocr_carea' id='block_1_91' title="bbox 2014 4235 3594 4309">
    <p class='ocr_par' dir='ltr' id='par_1_91' title="bbox 2014 4235 3594 4309">
     <span class='ocr_line' id='line_1_92' title="bbox 2014 4235 3594 4309; baseline -0.003 -15"><span class='ocrx_word' id='word_1_627' title='bbox 2014 4240 2233 4309; x_wconf 86' lang='lat' dir='ltr'><strong>dignum</strong></span> <span class='ocrx_word' id='word_1_628' title='bbox 2257 4238 2486 4293; x_wconf 87' lang='lat' dir='ltr'><strong>ducebat</strong></span> <span class='ocrx_word' id='word_1_629' title='bbox 2518 4238 2587 4292; x_wconf 85' lang='lat' dir='ltr'><strong>ab</strong></span> <span class='ocrx_word' id='word_1_630' title='bbox 2612 4253 2718 4293; x_wconf 83' lang='lat' dir='ltr'><strong>uno</strong></span> <span class='ocrx_word' id='word_1_631' title='bbox 2748 4238 2968 4294; x_wconf 88' lang='lat' dir='ltr'><strong>homine</strong></span> <span class='ocrx_word' id='word_1_632' title='bbox 3003 4249 3057 4293; x_wconf 89' lang='lat' dir='ltr'><strong>et</strong></span> <span class='ocrx_word' id='word_1_633' title='bbox 3088 4253 3191 4292; x_wconf 90' lang='lat' dir='ltr'><strong>una</strong></span> <span class='ocrx_word' id='word_1_634' title='bbox 3221 4235 3441 4292; x_wconf 89' lang='lat' dir='ltr'><strong>civitate</strong></span> <span class='ocrx_word' id='word_1_635' title='bbox 3469 4235 3594 4289; x_wconf 89' lang='lat' dir='ltr'><strong>vin-</strong></span> 
     </span>
    </p>
   </div>
   <div class='ocr_carea' id='block_1_92' title="bbox 2013 4325 3594 4402">
    <p class='ocr_par' dir='ltr' id='par_1_92' title="bbox 2013 4325 3594 4402">
     <span class='ocr_line' id='line_1_93' title="bbox 2013 4325 3594 4402; baseline -0.004 -14"><span class='ocrx_word' id='word_1_636' title='bbox 2013 4333 2084 4388; x_wconf 90' lang='lat' dir='ltr'><strong>ci.</strong></span> <span class='ocrx_word' id='word_1_637' title='bbox 2112 4332 2294 4402; x_wconf 84' lang='lat' dir='ltr'><strong>itaque</strong></span> <span class='ocrx_word' id='word_1_638' title='bbox 2317 4346 2438 4386; x_wconf 90' lang='lat' dir='ltr'><strong>cum</strong></span> <span class='ocrx_word' id='word_1_639' title='bbox 2483 4331 2818 4386; x_wconf 90' lang='lat' dir='ltr'><strong>meminisset</strong></span> <span class='ocrx_word' id='word_1_640' title='bbox 2859 4344 2919 4386; x_wconf 90' lang='lat' dir='ltr'><strong>se</strong></span> <span class='ocrx_word' id='word_1_641' title='bbox 2950 4345 3092 4385; x_wconf 89' lang='lat' dir='ltr'><strong>anno</strong></span> <span class='ocrx_word' id='word_1_642' title='bbox 3125 4329 3250 4395; x_wconf 76' lang='lat'><strong>565,</strong></span> <span class='ocrx_word' id='word_1_643' title='bbox 3284 4344 3343 4383; x_wconf 93' lang='lat' dir='ltr'><strong>re</strong></span> <span class='ocrx_word' id='word_1_644' title='bbox 3390 4325 3594 4382; x_wconf 76' lang='lat' dir='ltr'><strong>infecta</strong></span> 
     </span>
    </p>
   </div>
   <div class='ocr_carea' id='block_1_93' title="bbox 2014 4419 3596 4492">
    <p class='ocr_par' dir='ltr' id='par_1_93' title="bbox 2014 4419 3596 4492">
     <span class='ocr_line' id='line_1_94' title="bbox 2014 4419 3596 4492; baseline -0.004 -14"><span class='ocrx_word' id='word_1_645' title='bbox 2014 4425 2081 4479; x_wconf 88' lang='lat' dir='ltr'><strong>ab</strong></span> <span class='ocrx_word' id='word_1_646' title='bbox 2120 4424 2225 4478; x_wconf 91' lang='lat' dir='ltr'><strong>hac</strong></span> <span class='ocrx_word' id='word_1_647' title='bbox 2253 4424 2387 4478; x_wconf 89' lang='lat' dir='ltr'><strong>urbe</strong></span> <span class='ocrx_word' id='word_1_648' title='bbox 2418 4423 2752 4487; x_wconf 86' lang='lat' dir='ltr'><strong>discessisse,</strong></span> <span class='ocrx_word' id='word_1_649' title='bbox 2780 4437 2900 4478; x_wconf 90' lang='lat' dir='ltr'><strong>cum</strong></span> <span class='ocrx_word' id='word_1_650' title='bbox 2954 4422 3159 4492; x_wconf 83' lang='lat' dir='ltr'><strong>majore</strong></span> <span class='ocrx_word' id='word_1_651' title='bbox 3207 4419 3482 4490; x_wconf 90' lang='lat' dir='ltr'><strong>impietate</strong></span> <span class='ocrx_word' id='word_1_652' title='bbox 3529 4434 3596 4473; x_wconf 90' lang='lat' dir='ltr'><strong>ac</strong></span> 
     </span>
    </p>
   </div>
   <div class='ocr_carea' id='block_1_94' title="bbox 345 4506 3597 4581">
    <p class='ocr_par' dir='ltr' id='par_1_94' title="bbox 345 4506 3597 4581">
     <span class='ocr_line' id='line_1_95' title="bbox 345 4506 3597 4581; baseline -0.005 -2"><span class='ocrx_word' id='word_1_653' title='bbox 345 4517 546 4565; x_wconf 64' lang='grc' dir='ltr'><strong>διθιυιη</strong></span> <span class='ocrx_word' id='word_1_654' title='bbox 593 4508 863 4563; x_wconf 56' lang='lat' dir='ltr'><strong>redactam</strong></span> <span class='ocrx_word' id='word_1_655' title='bbox 915 4516 1218 4577; x_wconf 48' lang='lat' dir='ltr'><strong>acceperat</strong></span> <span class='ocrx_word' id='word_1_656' title='bbox 1253 4506 1408 4564; x_wconf 70' lang='lat' dir='ltr'><strong>unde</strong></span> <span class='ocrx_word' id='word_1_657' title='bbox 1456 4506 1601 4562; x_wconf 62' lang='lat' dir='ltr'><strong>illum</strong></span> <span class='ocrx_word' id='word_1_658' title='bbox 1638 4515 1917 4574; x_wconf 66' lang='lat' dir='ltr'><strong>Compar“-</strong></span> <span class='ocrx_word' id='word_1_659' title='bbox 1947 4520 1994 4581; x_wconf 78' lang='grc' dir='ltr'><strong>ο</strong></span> <span class='ocrx_word' id='word_1_660' title='bbox 2020 4515 2345 4571; x_wconf 81' lang='lat' dir='ltr'><strong>ferventiore</strong></span> <span class='ocrx_word' id='word_1_661' title='bbox 2372 4514 2488 4570; x_wconf 91' lang='lat' dir='ltr'><strong>acie</strong></span> <span class='ocrx_word' id='word_1_662' title='bbox 2533 4515 2769 4578; x_wconf 88' lang='lat' dir='ltr'><strong>rediens,</strong></span> <span class='ocrx_word' id='word_1_663' title='bbox 2805 4522 3059 4581; x_wconf 89' lang='lat' dir='ltr'><strong>acceptas</strong></span> <span class='ocrx_word' id='word_1_664' title='bbox 3106 4511 3290 4566; x_wconf 80' lang='lat' dir='ltr'><strong>clades</strong></span> <span class='ocrx_word' id='word_1_665' title='bbox 3340 4523 3597 4578; x_wconf 85' lang='lat' dir='ltr'><strong>reparare</strong></span> 
     </span>
    </p>
   </div>
   <div class='ocr_carea' id='block_1_95' title="bbox 347 4598 1916 4669">
    <p class='ocr_par' dir='ltr' id='par_1_95' title="bbox 347 4598 1916 4669">
     <span class='ocr_line' id='line_1_96' title="bbox 347 4598 1916 4669; baseline -0.003 -13"><span class='ocrx_word' id='word_1_666' title='bbox 347 4598 579 4657; x_wconf 79' lang='lat' dir='ltr'><strong>Basilius</strong></span> <span class='ocrx_word' id='word_1_667' title='bbox 598 4615 719 4656; x_wconf 89' lang='lat' dir='ltr'><strong>cum</strong></span> <span class='ocrx_word' id='word_1_668' title='bbox 746 4598 1030 4667; x_wconf 84' lang='lat' dir='ltr'><strong>Nauclero,</strong></span> <span class='ocrx_word' id='word_1_669' title='bbox 1055 4598 1145 4668; x_wconf 92' lang='lat' dir='ltr'><strong>qui</strong></span> <span class='ocrx_word' id='word_1_670' title='bbox 1172 4613 1362 4653; x_wconf 83' lang='lat' dir='ltr'><strong>navem</strong></span> <span class='ocrx_word' id='word_1_671' title='bbox 1390 4614 1560 4669; x_wconf 89' lang='lat' dir='ltr'><strong>nuper</strong></span> <span class='ocrx_word' id='word_1_672' title='bbox 1583 4606 1916 4667; x_wconf 88' lang='lat' dir='ltr'><strong>compactam</strong></span> 
     </span>
    </p>
   </div>
   <div class='ocr_carea' id='block_1_96' title="bbox 350 4688 1921 4763">
    <p class='ocr_par' dir='ltr' id='par_1_96' title="bbox 350 4688 1921 4763">
     <span class='ocr_line' id='line_1_97' title="bbox 350 4688 1921 4763; baseline -0.003 -16"><span class='ocrx_word' id='word_1_673' title='bbox 350 4695 406 4747; x_wconf 86' lang='lat' dir='ltr'><strong>in</strong></span> <span class='ocrx_word' id='word_1_674' title='bbox 455 4707 646 4763; x_wconf 89' lang='lat' dir='ltr'><strong>magna</strong></span> <span class='ocrx_word' id='word_1_675' title='bbox 683 4691 950 4763; x_wconf 88' lang='lat' dir='ltr'><strong>gubernat</strong></span> <span class='ocrx_word' id='word_1_676' title='bbox 995 4700 1336 4760; x_wconf 87' lang='lat' dir='ltr'><strong>tempestate.</strong></span> <span class='ocrx_word' id='word_1_677' title='bbox 1367 4688 1485 4745; x_wconf 84' lang='lat' dir='ltr'><strong>Non</strong></span> <span class='ocrx_word' id='word_1_678' title='bbox 1540 4690 1758 4746; x_wconf 90' lang='lat' dir='ltr'><strong>dubium</strong></span> <span class='ocrx_word' id='word_1_679' title='bbox 1811 4697 1921 4757; x_wconf 80' lang='lat' dir='ltr'><strong>est,</strong></span> 
     </span>
    </p>
   </div>
   <div class='ocr_carea' id='block_1_97' title="bbox 349 4780 1916 4855">
    <p class='ocr_par' dir='ltr' id='par_1_97' title="bbox 349 4780 1916 4855">
     <span class='ocr_line' id='line_1_98' title="bbox 349 4780 1916 4855; baseline -0.003 -16"><span class='ocrx_word' id='word_1_680' title='bbox 349 4786 481 4855; x_wconf 83' lang='lat' dir='ltr'><strong>quin</strong></span> <span class='ocrx_word' id='word_1_681' title='bbox 512 4799 667 4838; x_wconf 80' lang='lat' dir='ltr'><strong>suum</strong></span> <span class='ocrx_word' id='word_1_682' title='bbox 704 4782 965 4839; x_wconf 84' lang='lat' dir='ltr'><strong>Therasio</strong></span> <span class='ocrx_word' id='word_1_683' title='bbox 997 4790 1206 4851; x_wconf 88' lang='lat' dir='ltr'><strong>tempus</strong></span> <span class='ocrx_word' id='word_1_684' title='bbox 1238 4781 1291 4837; x_wconf 89' lang='lat' dir='ltr'><strong>in</strong></span> <span class='ocrx_word' id='word_1_685' title='bbox 1327 4781 1661 4852; x_wconf 86' lang='lat' dir='ltr'><strong>Cappadocia</strong></span> <span class='ocrx_word' id='word_1_686' title='bbox 1684 4780 1916 4836; x_wconf 82' lang='lat' dir='ltr'><strong>admini-</strong></span> 
     </span>
    </p>
   </div>
   <div class='ocr_carea' id='block_1_98' title="bbox 352 4870 1914 4942">
    <p class='ocr_par' dir='ltr' id='par_1_98' title="bbox 352 4870 1914 4942">
     <span class='ocr_line' id='line_1_99' title="bbox 352 4870 1914 4942; baseline -0.004 -12"><span class='ocrx_word' id='word_1_687' title='bbox 352 4876 572 4930; x_wconf 84' lang='lat' dir='ltr'><strong>stranda</strong></span> <span class='ocrx_word' id='word_1_688' title='bbox 598 4875 883 4930; x_wconf 89' lang='lat' dir='ltr'><strong>emeritum</strong></span> <span class='ocrx_word' id='word_1_689' title='bbox 914 4888 1019 4929; x_wconf 90' lang='lat' dir='ltr'><strong>non</strong></span> <span class='ocrx_word' id='word_1_690' title='bbox 1051 4871 1229 4936; x_wconf 82' lang='lat' dir='ltr'><strong>fuerit,</strong></span> <span class='ocrx_word' id='word_1_691' title='bbox 1266 4886 1387 4927; x_wconf 90' lang='lat' dir='ltr'><strong>cum</strong></span> <span class='ocrx_word' id='word_1_692' title='bbox 1416 4870 1556 4927; x_wconf 85' lang='lat' dir='ltr'><strong>hanc</strong></span> <span class='ocrx_word' id='word_1_693' title='bbox 1584 4871 1914 4942; x_wconf 88' lang='lat' dir='ltr'><strong>provinciam</strong></span> 
     </span>
    </p>
   </div>
   <div class='ocr_carea' id='block_1_99' title="bbox 353 4961 1919 5033">
    <p class='ocr_par' dir='ltr' id='par_1_99' title="bbox 353 4961 1919 5033">
     <span class='ocr_line' id='line_1_100' title="bbox 353 4961 1919 5033; baseline -0.003 -14"><span class='ocrx_word' id='word_1_694' title='bbox 353 4962 592 5033; x_wconf 88' lang='lat' dir='ltr'><strong>reliquit.</strong></span> <span class='ocrx_word' id='word_1_695' title='bbox 643 4962 906 5033; x_wconf 89' lang='lat' dir='ltr'><strong>Sperabat</strong></span> <span class='ocrx_word' id='word_1_696' title='bbox 952 4962 1096 5018; x_wconf 92' lang='lat' dir='ltr'><strong>enim</strong></span> <span class='ocrx_word' id='word_1_697' title='bbox 1152 4961 1382 5016; x_wconf 88' lang='lat' dir='ltr'><strong>Basilius</strong></span> <span class='ocrx_word' id='word_1_698' title='bbox 1440 4961 1700 5031; x_wconf 85' lang='lat' dir='ltr'><strong>Elpidium</strong></span> <span class='ocrx_word' id='word_1_699' title='bbox 1742 4963 1810 5017; x_wconf 91' lang='lat' dir='ltr'><strong>ab</strong></span> <span class='ocrx_word' id='word_1_700' title='bbox 1855 4976 1919 5016; x_wconf 91' lang='lat' dir='ltr'><strong>eo</strong></span> 
     </span>
    </p>
   </div>
   <div class='ocr_carea' id='block_1_100' title="bbox 353 5054 1920 5125">
    <p class='ocr_par' dir='ltr' id='par_1_100' title="bbox 353 5054 1920 5125">
     <span class='ocr_line' id='line_1_101' title="bbox 353 5054 1920 5125; baseline -0.003 -13"><span class='ocrx_word' id='word_1_701' title='bbox 353 5072 462 5112; x_wconf 90' lang='lat' dir='ltr'><strong>non</strong></span> <span class='ocrx_word' id='word_1_702' title='bbox 493 5057 878 5122; x_wconf 87' lang='lat' dir='ltr'><strong>discessurum,</strong></span> <span class='ocrx_word' id='word_1_703' title='bbox 924 5063 979 5110; x_wconf 85' lang='lat' dir='ltr'><strong>et</strong></span> <span class='ocrx_word' id='word_1_704' title='bbox 1004 5056 1052 5111; x_wconf 90' lang='lat' dir='ltr'><strong>ei</strong></span> <span class='ocrx_word' id='word_1_705' title='bbox 1093 5055 1145 5110; x_wconf 93' lang='lat' dir='ltr'><strong>in</strong></span> <span class='ocrx_word' id='word_1_706' title='bbox 1180 5054 1435 5110; x_wconf 87' lang='lat' dir='ltr'><strong>sanandis</strong></span> <span class='ocrx_word' id='word_1_707' title='bbox 1486 5056 1775 5125; x_wconf 60' lang='lat' dir='ltr'><strong>provincia</strong></span> <span class='ocrx_word' id='word_1_708' title='bbox 1804 5054 1920 5107; x_wconf 68' lang='lat' dir='ltr'><strong>vulo</strong></span> 
     </span>
    </p>
   </div>
   <div class='ocr_carea' id='block_1_101' title="bbox 355 5146 1918 5218">
    <p class='ocr_par' dir='ltr' id='par_1_101' title="bbox 355 5146 1918 5218">
     <span class='ocr_line' id='line_1_102' title="bbox 355 5146 1918 5218; baseline -0.004 -13"><span class='ocrx_word' id='word_1_709' title='bbox 355 5149 578 5205; x_wconf 90' lang='lat' dir='ltr'><strong>neribus</strong></span> <span class='ocrx_word' id='word_1_710' title='bbox 601 5162 820 5218; x_wconf 89' lang='lat' dir='ltr'><strong>operam</strong></span> <span class='ocrx_word' id='word_1_711' title='bbox 848 5148 1118 5203; x_wconf 82' lang='lat' dir='ltr'><strong>daturum.</strong></span> <span class='ocrx_word' id='word_1_712' title='bbox 1143 5146 1249 5203; x_wconf 89' lang='lat' dir='ltr'><strong>Sed</strong></span> <span class='ocrx_word' id='word_1_713' title='bbox 1276 5156 1452 5201; x_wconf 85' lang='lat' dir='ltr'><strong>tamen</strong></span> <span class='ocrx_word' id='word_1_714' title='bbox 1467 5146 1691 5210; x_wconf 73' lang='lat' dir='ltr'><strong>videtur</strong></span> <span class='ocrx_word' id='word_1_715' title='bbox 1722 5161 1918 5200; x_wconf 89' lang='lat' dir='ltr'><strong>annutn</strong></span> 
     </span>
    </p>
   </div>
   <div class='ocr_carea' id='block_1_102' title="bbox 352 5240 1916 5315">
    <p class='ocr_par' dir='ltr' id='par_1_102' title="bbox 352 5240 1916 5315">
     <span class='ocr_line' id='line_1_103' title="bbox 352 5240 1916 5315; baseline -0.001 -18"><span class='ocrx_word' id='word_1_716' title='bbox 352 5246 466 5315; x_wconf 82' lang='lat' dir='ltr'><strong>jam</strong></span> <span class='ocrx_word' id='word_1_717' title='bbox 497 5243 700 5298; x_wconf 72' lang='lat' dir='ltr'><strong>rexisse</strong></span> <span class='ocrx_word' id='word_1_718' title='bbox 718 5240 1132 5311; x_wconf 86' lang='lat' dir='ltr'><strong>Cappadociam,</strong></span> <span class='ocrx_word' id='word_1_719' title='bbox 1157 5256 1280 5298; x_wconf 90' lang='lat' dir='ltr'><strong>cum</strong></span> <span class='ocrx_word' id='word_1_720' title='bbox 1320 5240 1534 5296; x_wconf 83' lang='lat' dir='ltr'><strong>decreta</strong></span> <span class='ocrx_word' id='word_1_721' title='bbox 1572 5251 1655 5295; x_wconf 90' lang='lat' dir='ltr'><strong>est</strong></span> <span class='ocrx_word' id='word_1_722' title='bbox 1680 5240 1869 5295; x_wconf 80' lang='lat' dir='ltr'><strong>divisio</strong></span> <span class='ocrx_word' id='word_1_723' title='bbox 1902 5257 1916 5295; x_wconf 89' lang='lat'><strong>:</strong></span> 
     </span>
    </p>
   </div>
   <div class='ocr_carea' id='block_1_103' title="bbox 360 5329 1922 5404">
    <p class='ocr_par' dir='ltr' id='par_1_103' title="bbox 360 5329 1922 5404">
     <span class='ocr_line' id='line_1_104' title="bbox 360 5329 1922 5404; baseline -0.004 -13"><span class='ocrx_word' id='word_1_724' title='bbox 360 5351 484 5391; x_wconf 88' lang='lat' dir='ltr'><strong>nam</strong></span> <span class='ocrx_word' id='word_1_725' title='bbox 517 5350 657 5404; x_wconf 65' lang='lat' dir='ltr'><strong>saepe</strong></span> <span class='ocrx_word' id='word_1_726' title='bbox 685 5332 912 5389; x_wconf 82' lang='lat' dir='ltr'><strong>Basilius</strong></span> <span class='ocrx_word' id='word_1_727' title='bbox 936 5333 1010 5403; x_wconf 93' lang='lat' dir='ltr'><strong>(a)</strong></span> <span class='ocrx_word' id='word_1_728' title='bbox 1040 5347 1369 5389; x_wconf 89' lang='lat' dir='ltr'><strong>assessorem</strong></span> <span class='ocrx_word' id='word_1_729' title='bbox 1404 5333 1614 5387; x_wconf 88' lang='lat' dir='ltr'><strong>viderat</strong></span> <span class='ocrx_word' id='word_1_730' title='bbox 1645 5329 1922 5396; x_wconf 65' lang='lat' dir='ltr'><strong>Caesareae,</strong></span> 
     </span>
    </p>
   </div>
   <div class='ocr_carea' id='block_1_104' title="bbox 2022 4601 3591 4679">
    <p class='ocr_par' dir='ltr' id='par_1_104' title="bbox 2022 4601 3591 4679">
     <span class='ocr_line' id='line_1_105' title="bbox 2022 4601 3591 4679; baseline -0.005 -16"><span class='ocrx_word' id='word_1_731' title='bbox 2022 4607 2192 4663; x_wconf 90' lang='lat' dir='ltr'><strong>voluit</strong></span> <span class='ocrx_word' id='word_1_732' title='bbox 2225 4606 2316 4679; x_wconf 78' lang='grc' dir='ltr'><strong>(ε).</strong></span> <span class='ocrx_word' id='word_1_733' title='bbox 2346 4606 2691 4662; x_wconf 85' lang='lat' dir='ltr'><strong>Praecedebat</strong></span> <span class='ocrx_word' id='word_1_734' title='bbox 2719 4621 2838 4661; x_wconf 90' lang='lat' dir='ltr'><strong>eum</strong></span> <span class='ocrx_word' id='word_1_735' title='bbox 2884 4602 3158 4659; x_wconf 78' lang='lat' dir='ltr'><strong>Modestus</strong></span> <span class='ocrx_word' id='word_1_736' title='bbox 3188 4601 3423 4673; x_wconf 71' lang='lat' dir='ltr'><strong>praetorii</strong></span> <span class='ocrx_word' id='word_1_737' title='bbox 3448 4615 3591 4667; x_wconf 71' lang='lat' dir='ltr'><strong>prte-</strong></span> 
     </span>
    </p>
   </div>
   <div class='ocr_carea' id='block_1_105' title="bbox 2023 4690 3596 4766">
    <p class='ocr_par' dir='ltr' id='par_1_105' title="bbox 2023 4690 3596 4766">
     <span class='ocr_line' id='line_1_106' title="bbox 2023 4690 3596 4766; baseline -0.007 -13"><span class='ocrx_word' id='word_1_738' title='bbox 2023 4698 2215 4766; x_wconf 88' lang='lat' dir='ltr'><strong>l&#39;ectus,</strong></span> <span class='ocrx_word' id='word_1_739' title='bbox 2248 4697 2328 4752; x_wconf 90' lang='lat' dir='ltr'><strong>vir</strong></span> <span class='ocrx_word' id='word_1_740' title='bbox 2355 4706 2409 4752; x_wconf 90' lang='lat' dir='ltr'><strong>et</strong></span> <span class='ocrx_word' id='word_1_741' title='bbox 2443 4695 2732 4752; x_wconf 88' lang='lat' dir='ltr'><strong>Catholicis</strong></span> <span class='ocrx_word' id='word_1_742' title='bbox 2762 4694 3001 4749; x_wconf 80' lang='lat' dir='ltr'><strong>infensus</strong></span> <span class='ocrx_word' id='word_1_743' title='bbox 3027 4703 3081 4748; x_wconf 90' lang='lat' dir='ltr'><strong>et</strong></span> <span class='ocrx_word' id='word_1_744' title='bbox 3106 4693 3325 4747; x_wconf 85' lang='lat' dir='ltr'><strong>Arianis</strong></span> <span class='ocrx_word' id='word_1_745' title='bbox 3356 4690 3596 4754; x_wconf 88' lang='lat' dir='ltr'><strong>deditus,</strong></span> 
     </span>
    </p>
   </div>
   <div class='ocr_carea' id='block_1_106' title="bbox 2024 4780 3600 4859">
    <p class='ocr_par' dir='ltr' id='par_1_106' title="bbox 2024 4780 3600 4859">
     <span class='ocr_line' id='line_1_107' title="bbox 2024 4780 3600 4859; baseline -0.008 -15"><span class='ocrx_word' id='word_1_746' title='bbox 2024 4790 2092 4844; x_wconf 84' lang='lat' dir='ltr'><strong>ab</strong></span> <span class='ocrx_word' id='word_1_747' title='bbox 2115 4790 2290 4858; x_wconf 90' lang='lat' dir='ltr'><strong>iisque</strong></span> <span class='ocrx_word' id='word_1_748' title='bbox 2317 4788 2621 4859; x_wconf 89' lang='lat' dir='ltr'><strong>baptizatus</strong></span> <span class='ocrx_word' id='word_1_749' title='bbox 2652 4801 2669 4840; x_wconf 88' lang='lat'><strong>:</strong></span> <span class='ocrx_word' id='word_1_750' title='bbox 2700 4787 2791 4856; x_wconf 89' lang='lat' dir='ltr'><strong>qui</strong></span> <span class='ocrx_word' id='word_1_751' title='bbox 2837 4787 2974 4841; x_wconf 89' lang='lat' dir='ltr'><strong>hanc</strong></span> <span class='ocrx_word' id='word_1_752' title='bbox 3020 4800 3203 4841; x_wconf 89' lang='lat' dir='ltr'><strong>curam</strong></span> <span class='ocrx_word' id='word_1_753' title='bbox 3231 4792 3286 4838; x_wconf 89' lang='lat' dir='ltr'><strong>et</strong></span> <span class='ocrx_word' id='word_1_754' title='bbox 3333 4780 3600 4838; x_wconf 81' lang='lat' dir='ltr'><strong>sollicitu-</strong></span> 
     </span>
    </p>
   </div>
   <div class='ocr_carea' id='block_1_107' title="bbox 2024 4875 3599 4949">
    <p class='ocr_par' dir='ltr' id='par_1_107' title="bbox 2024 4875 3599 4949">
     <span class='ocr_line' id='line_1_108' title="bbox 2024 4875 3599 4949; baseline -0.006 -13"><span class='ocrx_word' id='word_1_755' title='bbox 2024 4881 2201 4936; x_wconf 86' lang='lat' dir='ltr'><strong>dinem</strong></span> <span class='ocrx_word' id='word_1_756' title='bbox 2228 4880 2371 4933; x_wconf 89' lang='lat' dir='ltr'><strong>inter</strong></span> <span class='ocrx_word' id='word_1_757' title='bbox 2412 4879 2712 4949; x_wconf 69' lang='lat' dir='ltr'><strong>praecipuas</strong></span> <span class='ocrx_word' id='word_1_758' title='bbox 2739 4875 3225 4931; x_wconf 88' lang='lat' dir='ltr'><strong>administrationis</strong></span> <span class='ocrx_word' id='word_1_759' title='bbox 3268 4889 3379 4928; x_wconf 74' lang='lat' dir='ltr'><strong>sute</strong></span> <span class='ocrx_word' id='word_1_760' title='bbox 3414 4884 3599 4943; x_wconf 86' lang='lat' dir='ltr'><strong>partes</strong></span> 
     </span>
    </p>
   </div>
   <div class='ocr_carea' id='block_1_108' title="bbox 2019 4964 3596 5033">
    <p class='ocr_par' dir='ltr' id='par_1_108' title="bbox 2019 4964 3596 5033">
     <span class='ocr_line' id='line_1_109' title="bbox 2019 4964 3596 5033; baseline -0.006 -7"><span class='ocrx_word' id='word_1_761' title='bbox 2019 4970 2340 5026; x_wconf 86' lang='lat' dir='ltr'><strong>numerabat</strong></span> <span class='ocrx_word' id='word_1_762' title='bbox 2361 5010 2376 5033; x_wconf 89' lang='lat'><strong>,</strong></span> <span class='ocrx_word' id='word_1_763' title='bbox 2404 4978 2463 5024; x_wconf 91' lang='lat' dir='ltr'><strong>ut</strong></span> <span class='ocrx_word' id='word_1_764' title='bbox 2489 4967 2667 5024; x_wconf 90' lang='lat' dir='ltr'><strong>nullus</strong></span> <span class='ocrx_word' id='word_1_765' title='bbox 2719 4967 2842 5023; x_wconf 87' lang='lat' dir='ltr'><strong>tidei</strong></span> <span class='ocrx_word' id='word_1_766' title='bbox 2886 4964 3134 5021; x_wconf 78' lang='lat' dir='ltr'><strong>defensor</strong></span> <span class='ocrx_word' id='word_1_767' title='bbox 3165 4964 3305 5019; x_wconf 90' lang='lat' dir='ltr'><strong>domi</strong></span> <span class='ocrx_word' id='word_1_768' title='bbox 3334 4973 3596 5031; x_wconf 80' lang='lat' dir='ltr'><strong>maneret,</strong></span> 
     </span>
    </p>
   </div>
   <div class='ocr_carea' id='block_1_109' title="bbox 2020 5053 3602 5132">
    <p class='ocr_par' dir='ltr' id='par_1_109' title="bbox 2020 5053 3602 5132">
     <span class='ocr_line' id='line_1_110' title="bbox 2020 5053 3602 5132; baseline -0.006 -14"><span class='ocrx_word' id='word_1_769' title='bbox 2020 5063 2114 5118; x_wconf 90' lang='lat' dir='ltr'><strong>sed</strong></span> <span class='ocrx_word' id='word_1_770' title='bbox 2139 5061 2307 5132; x_wconf 90' lang='lat' dir='ltr'><strong>pulsis</strong></span> <span class='ocrx_word' id='word_1_771' title='bbox 2343 5060 2594 5115; x_wconf 88' lang='lat' dir='ltr'><strong>omnibus</strong></span> <span class='ocrx_word' id='word_1_772' title='bbox 2617 5058 2932 5114; x_wconf 82' lang='lat' dir='ltr'><strong>ortbodosis</strong></span> <span class='ocrx_word' id='word_1_773' title='bbox 2961 5057 3369 5111; x_wconf 85' lang='lat' dir='ltr'><strong>iutruderentur</strong></span> <span class='ocrx_word' id='word_1_774' title='bbox 3397 5053 3602 5109; x_wconf 88' lang='lat' dir='ltr'><strong>doctri-</strong></span> 
     </span>
    </p>
   </div>
   <div class='ocr_carea' id='block_1_110' title="bbox 2022 5143 3603 5221">
    <p class='ocr_par' dir='ltr' id='par_1_110' title="bbox 2022 5143 3603 5221">
     <span class='ocr_line' id='line_1_111' title="bbox 2022 5143 3603 5221; baseline -0.009 -11"><span class='ocrx_word' id='word_1_775' title='bbox 2022 5168 2106 5209; x_wconf 76' lang='lat' dir='ltr'><strong>nae</strong></span> <span class='ocrx_word' id='word_1_776' title='bbox 2133 5150 2470 5221; x_wconf 87' lang='lat' dir='ltr'><strong>imperatoris</strong></span> <span class='ocrx_word' id='word_1_777' title='bbox 2509 5149 2908 5221; x_wconf 86' lang='lat' dir='ltr'><strong>astipulatores,</strong></span> <span class='ocrx_word' id='word_1_778' title='bbox 2938 5147 3223 5217; x_wconf 83' lang='lat' dir='ltr'><strong>impiorum</strong></span> <span class='ocrx_word' id='word_1_779' title='bbox 3261 5143 3603 5216; x_wconf 81' lang='lat' dir='ltr'><strong>syngrapho-</strong></span> 
     </span>
    </p>
   </div>
   <div class='ocr_carea' id='block_1_111' title="bbox 2027 5241 3603 5310">
    <p class='ocr_par' dir='ltr' id='par_1_111' title="bbox 2027 5241 3603 5310">
     <span class='ocr_line' id='line_1_112' title="bbox 2027 5241 3603 5310; baseline -0.008 -11"><span class='ocrx_word' id='word_1_780' title='bbox 2027 5261 2144 5299; x_wconf 90' lang='lat' dir='ltr'><strong>rttm</strong></span> <span class='ocrx_word' id='word_1_781' title='bbox 2165 5254 2466 5310; x_wconf 82' lang='lat' dir='ltr'><strong>exactores,</strong></span> <span class='ocrx_word' id='word_1_782' title='bbox 2499 5245 2579 5299; x_wconf 91' lang='lat' dir='ltr'><strong>vel</strong></span> <span class='ocrx_word' id='word_1_783' title='bbox 2610 5242 2937 5298; x_wconf 85' lang='lat' dir='ltr'><strong>deteriorum</strong></span> <span class='ocrx_word' id='word_1_784' title='bbox 2962 5241 3120 5294; x_wconf 86' lang='lat' dir='ltr'><strong>etiam</strong></span> <span class='ocrx_word' id='word_1_785' title='bbox 3153 5241 3471 5308; x_wconf 87' lang='lat' dir='ltr'><strong>scriptorum</strong></span> <span class='ocrx_word' id='word_1_786' title='bbox 3504 5252 3603 5289; x_wconf 86' lang='lat' dir='ltr'><strong>au-</strong></span> 
     </span>
    </p>
   </div>
   <div class='ocr_carea' id='block_1_112' title="bbox 2025 5325 3602 5401">
    <p class='ocr_par' dir='ltr' id='par_1_112' title="bbox 2025 5325 3602 5401">
     <span class='ocr_line' id='line_1_113' title="bbox 2025 5325 3602 5401; baseline -0.008 -11"><span class='ocrx_word' id='word_1_787' title='bbox 2025 5345 2226 5392; x_wconf 89' lang='lat' dir='ltr'><strong>ctores.</strong></span> <span class='ocrx_word' id='word_1_788' title='bbox 2252 5334 2359 5390; x_wconf 89' lang='lat' dir='ltr'><strong>Sed</strong></span> <span class='ocrx_word' id='word_1_789' title='bbox 2390 5342 2514 5388; x_wconf 91' lang='lat' dir='ltr'><strong>ante</strong></span> <span class='ocrx_word' id='word_1_790' title='bbox 2543 5332 2716 5401; x_wconf 90' lang='lat' dir='ltr'><strong>ipsum</strong></span> <span class='ocrx_word' id='word_1_791' title='bbox 2743 5330 3050 5400; x_wconf 60' lang='lat' dir='ltr'><strong>praefectum</strong></span> <span class='ocrx_word' id='word_1_792' title='bbox 3080 5338 3342 5384; x_wconf 87' lang='lat' dir='ltr'><strong>venerunt</strong></span> <span class='ocrx_word' id='word_1_793' title='bbox 3378 5328 3427 5381; x_wconf 91' lang='lat' dir='ltr'><strong>iu</strong></span> <span class='ocrx_word' id='word_1_794' title='bbox 3457 5325 3602 5395; x_wconf 87' lang='lat' dir='ltr'><strong>Cap-</strong></span> 
     </span>
    </p>
   </div>
   <div class='ocr_carea' id='block_1_113' title="bbox 360 5416 3602 5499">
    <p class='ocr_par' dir='ltr' id='par_1_113' title="bbox 360 5416 3602 5499">
     <span class='ocr_line' id='line_1_114' title="bbox 360 5416 3602 5499; baseline -0.003 -17"><span class='ocrx_word' id='word_1_795' title='bbox 360 5443 518 5499; x_wconf 91' lang='lat' dir='ltr'><strong>quem</strong></span> <span class='ocrx_word' id='word_1_796' title='bbox 551 5437 726 5482; x_wconf 88' lang='lat' dir='ltr'><strong>tamen</strong></span> <span class='ocrx_word' id='word_1_797' title='bbox 753 5440 860 5481; x_wconf 91' lang='lat' dir='ltr'><strong>non</strong></span> <span class='ocrx_word' id='word_1_798' title='bbox 886 5425 1123 5491; x_wconf 87' lang='lat' dir='ltr'><strong>videbat,</strong></span> <span class='ocrx_word' id='word_1_799' title='bbox 1150 5425 1254 5481; x_wconf 89' lang='lat' dir='ltr'><strong>nisi</strong></span> <span class='ocrx_word' id='word_1_800' title='bbox 1288 5436 1487 5497; x_wconf 58' lang='lat' dir='ltr'><strong>praises</strong></span> <span class='ocrx_word' id='word_1_801' title='bbox 1512 5421 1806 5480; x_wconf 65' lang='lat' dir='ltr'><strong>Caesaream</strong></span> <span class='ocrx_word' id='word_1_802' title='bbox 1839 5436 1927 5477; x_wconf 88' lang='lat' dir='ltr'><strong>vc-</strong></span> <span class='ocrx_word' id='word_1_803' title='bbox 2027 5425 2305 5496; x_wconf 86' lang='lat' dir='ltr'><strong>padociam</strong></span> <span class='ocrx_word' id='word_1_804' title='bbox 2333 5424 2517 5479; x_wconf 88' lang='lat' dir='ltr'><strong>Ariani</strong></span> <span class='ocrx_word' id='word_1_805' title='bbox 2546 5422 2803 5492; x_wconf 82' lang='lat' dir='ltr'><strong>episcOpi,</strong></span> <span class='ocrx_word' id='word_1_806' title='bbox 2821 5434 3047 5490; x_wconf 87' lang='lat' dir='ltr'><strong>quorum</strong></span> <span class='ocrx_word' id='word_1_807' title='bbox 3070 5417 3173 5475; x_wconf 81' lang='lat' dir='ltr'><strong>dux</strong></span> <span class='ocrx_word' id='word_1_808' title='bbox 3201 5418 3412 5473; x_wconf 85' lang='lat' dir='ltr'><strong>videtur</strong></span> <span class='ocrx_word' id='word_1_809' title='bbox 3435 5416 3602 5471; x_wconf 82' lang='lat' dir='ltr'><strong>fuisse</strong></span> 
     </span>
    </p>
   </div>
   <div class='ocr_carea' id='block_1_114' title="bbox 359 5522 520 5577">
    <p class='ocr_par' dir='ltr' id='par_1_114' title="bbox 359 5522 520 5577">
     <span class='ocr_line' id='line_1_115' title="bbox 359 5522 520 5577; baseline -0.006 0"><span class='ocrx_word' id='word_1_810' title='bbox 359 5522 520 5577; x_wconf 85' lang='lat' dir='ltr'><strong>ttiret.</strong></span> 
     </span>
    </p>
   </div>
   <div class='ocr_carea' id='block_1_115' title="bbox 429 5657 761 5727">
    <p class='ocr_par' dir='ltr' id='par_1_115' title="bbox 429 5657 761 5727">
     <span class='ocr_line' id='line_1_116' title="bbox 429 5657 761 5727; baseline 0.009 -19"><span class='ocrx_word' id='word_1_811' title='bbox 429 5657 506 5727; x_wconf 82' lang='grc' dir='ltr'><strong>(η)</strong></span> <span class='ocrx_word' id='word_1_812' title='bbox 541 5658 636 5725; x_wconf 85' lang='lat' dir='ltr'><strong>Ep.</strong></span> <span class='ocrx_word' id='word_1_813' title='bbox 672 5658 761 5712; x_wconf 89' lang='lat'><strong>77.</strong></span> 
     </span>
    </p>
   </div>
   <div class='ocr_carea' id='block_1_116' title="bbox 432 5725 1009 5797">
    <p class='ocr_par' dir='ltr' id='par_1_116' title="bbox 432 5725 1009 5797">
     <span class='ocr_line' id='line_1_117' title="bbox 432 5725 1009 5797; baseline -0.005 -13"><span class='ocrx_word' id='word_1_814' title='bbox 432 5725 506 5797; x_wconf 67' lang='lat' dir='ltr'><strong>llr)</strong></span> <span class='ocrx_word' id='word_1_815' title='bbox 542 5727 698 5797; x_wconf 59' lang='lat' dir='ltr'><strong>.jyss.</strong></span> <span class='ocrx_word' id='word_1_816' title='bbox 732 5743 751 5782; x_wconf 92' lang='grc' dir='ltr'>ι</span> <span class='ocrx_word' id='word_1_817' title='bbox 785 5725 1009 5781; x_wconf 72' lang='lat' dir='ltr'><strong>Eunoni.</strong></span> 
     </span>
    </p>
   </div>
   <div class='ocr_carea' id='block_1_117' title="bbox 435 5794 1284 5865">
    <p class='ocr_par' dir='ltr' id='par_1_117' title="bbox 435 5794 1284 5865">
     <span class='ocr_line' id='line_1_118' title="bbox 435 5794 1284 5865; baseline -0.006 -11"><span class='ocrx_word' id='word_1_818' title='bbox 435 5794 507 5857; x_wconf 76' lang='lat' dir='ltr'><strong>lc)</strong></span> <span class='ocrx_word' id='word_1_819' title='bbox 542 5794 867 5856; x_wconf 84' lang='lat' dir='ltr'><strong>Tbeodoret.</strong></span> <span class='ocrx_word' id='word_1_820' title='bbox 889 5797 988 5853; x_wconf 78' lang='lat' dir='ltr'><strong>lib.</strong></span> <span class='ocrx_word' id='word_1_821' title='bbox 1011 5811 1083 5865; x_wconf 91' lang='lat' dir='ltr'><strong>tv,</strong></span> <span class='ocrx_word' id='word_1_822' title='bbox 1111 5809 1161 5852; x_wconf 92' lang='lat' dir='ltr'><strong>c.</strong></span> <span class='ocrx_word' id='word_1_823' title='bbox 1192 5794 1284 5852; x_wconf 76' lang='grc'><strong>19.</strong></span> 
     </span>
    </p>
   </div>
   <div class='ocr_carea' id='block_1_118' title="bbox 2032 5517 2308 5587">
    <p class='ocr_par' dir='ltr' id='par_1_118' title="bbox 2032 5517 2308 5587">
     <span class='ocr_line' id='line_1_119' title="bbox 2032 5517 2308 5587; baseline 0 -16"><span class='ocrx_word' id='word_1_824' title='bbox 2032 5517 2308 5587; x_wconf 86' lang='lat' dir='ltr'><strong>Euippius.</strong></span> 
     </span>
    </p>
   </div>
   <div class='ocr_carea' id='block_1_119' title="bbox 2111 5648 2576 5721">
    <p class='ocr_par' dir='ltr' id='par_1_119' title="bbox 2111 5648 2576 5721">
     <span class='ocr_line' id='line_1_120' title="bbox 2111 5648 2576 5721; baseline 0 -17"><span class='ocrx_word' id='word_1_825' title='bbox 2111 5651 2185 5721; x_wconf 84' lang='lat' dir='ltr'><strong>(d)</strong></span> <span class='ocrx_word' id='word_1_826' title='bbox 2228 5650 2352 5704; x_wconf 83' lang='lat' dir='ltr'><strong>Naz.</strong></span> <span class='ocrx_word' id='word_1_827' title='bbox 2375 5667 2456 5704; x_wconf 89' lang='lat' dir='ltr'><strong>or.</strong></span> <span class='ocrx_word' id='word_1_828' title='bbox 2486 5648 2576 5704; x_wconf 66' lang='lat'><strong>90.</strong></span> 
     </span>
    </p>
   </div>
   <div class='ocr_carea' id='block_1_120' title="bbox 2111 5715 2867 5793">
    <p class='ocr_par' dir='ltr' id='par_1_120' title="bbox 2111 5715 2867 5793">
     <span class='ocr_line' id='line_1_121' title="bbox 2111 5715 2867 5793; baseline -0.011 -16"><span class='ocrx_word' id='word_1_829' title='bbox 2111 5715 2181 5793; x_wconf 64' lang='grc' dir='ltr'><strong>ζα)</strong></span> <span class='ocrx_word' id='word_1_830' title='bbox 2223 5721 2377 5793; x_wconf 70' lang='lat' dir='ltr'><strong>Nyss.</strong></span> <span class='ocrx_word' id='word_1_831' title='bbox 2408 5721 2511 5775; x_wconf 68' lang='grc' dir='ltr'><strong>δη</strong></span> <span class='ocrx_word' id='word_1_832' title='bbox 2537 5738 2557 5787; x_wconf 73' lang='lat'>;</span> <span class='ocrx_word' id='word_1_833' title='bbox 2586 5717 2715 5773; x_wconf 69' lang='grc' dir='ltr'><strong>Νη.</strong></span> <span class='ocrx_word' id='word_1_834' title='bbox 2746 5715 2867 5772; x_wconf 66' lang='grc'><strong>548.</strong></span> 
     </span>
    </p>
   </div>
  </div>
