3958 6212
1597 339 1753 394 VITA
1795 341 1853 395 S.
1890 340 2179 397 BASlLll.:

3364 358 3549 403 LXXVII

361 445 692 504 Nameratur
712 465 743 504 a
788 451 985 508 Basilio
1028 453 1103 525 (α)
1133 454 1391 525 Euippius
1421 457 1559 511 inter
1587 440 1871 528 signiferos
1899 466 1944 521 Α
1973 461 2348 515 haereticorum
2377 460 2709 529 exspectatio
2734 460 2941 515 animos
2961 460 3227 515 movebat.
3262 460 3371 515 Cur
3401 470 3550 516 tanto

296 541 551 608 improba:
583 541 996 614 factionis,qute
1019 546 1357 602 Eustathium
1387 558 1435 603 et
1462 550 1719 619 plurimos
1745 551 1877 605 alios

297 634 539 702 deposuit
586 650 730 689 anno
764 635 867 690 360
899 638 950 690 in
992 641 1220 694 concilio
1265 640 1875 711 Constantinopolitano.

298 723 351 777 la
381 723 495 790 ejus
525 727 869 793 potissimum
909 744 1103 783 nomen
1139 741 1429 800 eruperunt
1456 732 1718 786 Eustathii
1748 747 1878 801 que-

299 814 439 877 relae,
475 817 561 867 vel
601 817 784 883 patius
818 818 1102 871 horrendae
1135 820 1542 875 criminationes
1574 821 1765 875 litteris
1809 824 1875 875 ad

300 905 577 960 universas
610 907 882 963 Ecclesias
944 910 1125 965 missis
1174 915 1519 982 consignatm.
1570 913 1795 966 Videtur
1826 913 1876 965 in

299 994 503 1049 Galatia
541 998 823 1065 episcopus
848 999 1033 1055 fuisse.
1072 1002 1202 1056 Nam
1229 1018 1349 1057 cum
1380 1003 1608 1057 Arianos
1631 1020 1660 1056 e
1683 1004 1757 1073 (b)
1781 1002 1883 1055 Ga-

301 1086 428 1140 latia
482 1089 857 1143 accersivisset
891 1090 1241 1157 Eustathius;
1297 1094 1531 1161 exagitat
1574 1110 1693 1147 eum
1737 1094 1883 1147 Basi-

302 1179 402 1234 lius
479 1181 623 1250 quod
678 1184 768 1251 qui
827 1183 952 1236 olim
1020 1185 1301 1254 Euippium
1372 1187 1675 1254 episcopum
1762 1203 1881 1242 esse

303 1282 613 1341 negaverat,
646 1290 787 1329 nunc
815 1290 1025 1340 eorum,
1060 1279 1147 1344 qui
1200 1280 1265 1332 ab
1319 1279 1410 1332 illo
1444 1281 1671 1333 ordinati
1730 1292 1879 1346 sunt,

304 1365 731 1419 communionem
778 1368 1003 1422 ambiat.
1048 1370 1257 1423 [uitium
1300 1382 1476 1424 autem
1517 1376 1772 1438 przeclare
1805 1374 1881 1425 fa-

304 1467 540 1519 etorum,
566 1472 684 1525 quae
718 1457 951 1515 Basilius
984 1461 1035 1513 in
1066 1463 1165 1515 hac
1193 1464 1565 1530 persecutione
1604 1465 1794 1529 edidit,
1816 1466 1882 1518 ab

306 1548 463 1614 hujus
495 1550 733 1604 hominis
762 1552 993 1606 adventu
1019 1554 1319 1609 ducendum
1359 1565 1463 1609 est.
1498 1556 1627 1609 Nam
1670 1573 1767 1610 nec
1797 1573 1885 1609 ca-

305 1642 489 1694 nitiem
520 1641 754 1711 Euippii,
792 1658 891 1697 nec
913 1646 1268 1698 eruditionem
1311 1649 1576 1701 reveritus
1615 1657 1697 1701 est
1731 1648 1880 1700 Basi-

305 1729 428 1792 lius,
464 1747 565 1785 nec
596 1733 707 1799 ipsa
755 1733 916 1786 etiam
970 1735 1220 1789 amicitia:
1258 1734 1400 1802 jura,
1427 1752 1545 1804 quae
1576 1753 1755 1790 secum
1788 1739 1881 1790 ha-

305 1820 498 1873 bebat:
542 1823 634 1875 sed
664 1837 812 1875 suam
845 1825 891 1876 ei
929 1826 1354 1879 communionem
1380 1838 1685 1881 constanter
1714 1843 1877 1896 ncga—
1914 1800 1953 1856 Β

306 1911 400 1972 vit,
428 1921 483 1962 ut
512 1912 629 1979 ipse
661 1923 845 1967 narrat
880 1914 930 1966 in
958 1917 1116 1983 epist.
1145 1917 1263 1970 128.
1293 1916 1406 1970 Non
1448 1919 1614 1971 multo
1639 1929 1755 1987 post
1782 1920 1880 1973 hos

306 2011 480 2055 motus
510 2003 578 2055 ad
617 2004 847 2057 tribunal
876 2005 1073 2059 Christi
1118 2017 1297 2076 raptus
1339 2020 1420 2062 est
1456 2008 1729 2077 Euippius.
1762 2010 1878 2063 .lam

304 2093 446 2144 enim
472 2094 705 2159 obierat,
739 2111 859 2148 cum
901 2098 1165 2151 scriberet
1209 2098 1442 2153 Basilius
1472 2116 1611 2155 anno
1641 2102 1744 2154 575
1770 2103 1878 2171 epi-

306 2184 496 2236 stolam
522 2200 650 2239 mox
675 2187 914 2241 citatam.
942 2189 1397 2254 Quemadmodum
1433 2193 1573 2246 enim
1610 2194 1659 2245 in
1688 2194 1885 2259 episto'

306 2274 371 2330 lis
405 2278 531 2330 anni
554 2277 661 2332 576
693 2294 795 2331 non
828 2282 1114 2348 exprobrat
1136 2282 1413 2336 Eustathio
1446 2284 1877 2337 communionem

308 2384 426 2422 cum
450 2370 702 2439 Euippio,
737 2372 828 2425 sed
865 2387 988 2426 cum
1035 2372 1339 2427 hominibus
1366 2375 1435 2427 ab
1472 2375 1698 2443 Euippio
1731 2377 1876 2429 ordi-

307 2462 466 2524 natis,
490 2462 634 2528 quod
660 2472 976 2530 argumento
1013 2472 1116 2527 est,
1146 2464 1290 2517 illum
1313 2466 1510 2519 obiisse
1536 2484 1549 2529 ;
1584 2467 1655 2519 ita
1686 2467 1735 2519 in
1766 2467 1881 2536 epi-

307 2554 441 2607 stola
472 2554 577 2608 l28
597 2570 718 2622 quae
752 2556 948 2624 scripta
984 2566 1065 2609 est
1090 2572 1230 2610 anno
1250 2557 1376 2622 5T5,
1399 2558 1637 2611 declarat
1672 2574 1730 2613 se
1771 2575 1882 2613 rem

309 2647 596 2699 absurdam
616 2646 961 2713 facturum,si
988 2658 1105 2717 post
1134 2660 1371 2716 negatam
1396 2650 1625 2718 Euippio
1653 2666 1886 2705 commu-

308 2736 547 2802 nionem,
569 2752 693 2791 cum
719 2738 1022 2792 hominibus
1040 2740 1176 2793 idem
1196 2740 1419 2808 Euippio
1441 2744 1813 2805 sentientibus,
1836 2745 1886 2798 id

309 2838 392 2879 est
417 2830 773 2884 cum'Arianis
800 2845 894 2899 per
919 2830 1271 2897 Eustathium,
1298 2833 1388 2901 qui
1417 2835 1619 2888 medius
1645 2850 1765 2888 esse
1782 2834 1887 2887 Ca-

313 2922 543 2977 tholicos
568 2924 709 2976 inter
739 2924 1037 2978 etArianos
1072 2924 1296 2989 volebat,
1317 2926 1565 2994 conjungi
1596 2927 1885 2980 videretur.

383 3014 644 3080 Quamvis
676 3012 858 3067 Basilii
908 3030 1099 3084 pugnae
1132 3032 1251 3069 cum
1303 3018 1509 3086 magnis
1537 3020 1889 3085 potestatibus

315 3120 419 3159 non
453 3105 741 3160 videantur
792 3116 917 3159 ante
961 3121 1197 3159 mensem
1223 3106 1573 3162 Novembrem
1623 3110 1888 3172 evenisse,

316 3197 562 3266 (peregre
594 3197 737 3249 enim
772 3206 890 3249 erat
929 3196 1155 3250 Basilius
1186 3198 1417 3252 instante
1450 3198 1646 3270 hieme)
1682 3198 1889 3268 Euippii

316 3299 493 3342 tamen
514 3290 780 3342 adventus
816 3292 881 3341 ad
907 3290 1053 3343 initia
1082 3291 1410 3360 Septembris
1441 3290 1772 3348 referendus.
1804 3292 1894 3345 Di-

316 3382 518 3433 SCilllUS
553 3382 697 3434 enim
722 3396 785 3434 ex
810 3380 1069 3447 Gregorio
1108 3383 1445 3437 Nazianzeno
1481 3384 1764 3438 haereticos
1803 3385 1893 3439 die

320 3471 457 3525 fesm
480 3470 537 3525 S.
570 3471 879 3540 Eupsychii,
900 3473 988 3539 qui
1020 3473 1274 3541 septimus
1304 3482 1418 3525 erat
1447 3473 1777 3540 Septembris
1796 3512 1809 3535 ,
1840 3472 1893 3525 in

319 3564 530 3617 insidiis
560 3563 846 3616 collocatos
878 3563 1043 3617 fuisse
1072 3564 1162 3633 (ι’),
1208 3581 1552 3633 magnumque
1576 3566 1715 3618 circa
1745 3564 1897 3618 Basi—

320 3656 447 3708 liam
482 3656 744 3709 exstitisse
773 3656 984 3719 bellum,
1018 3654 1333 3721 cupientibus
1364 3656 1607 3708 nimirum
1638 3656 1896 3710 haereticis

319 3746 516 3799 audam
532 3756 581 3800 et
604 3758 836 3813 apertam
862 3763 1032 3799 vocem
1060 3764 1123 3801 ex
1151 3747 1409 3813 ipsiusmet
1433 3747 1616 3799 Basilii
1650 3764 1738 3800 ore
1762 3748 1897 3799 arri-

323 3855 459 3906 pere,
486 3849 542 3890 ut
589 3840 698 3904 ipse
725 3855 788 3891 ea:
823 3837 1058 3891 Ecclesia
1088 3838 1450 3907 expelleretur,
1476 3841 1563 3907 qui
1592 3837 1733 3891 solus
1768 3855 1897 3906 pene

323 3931 557 3983 veritatis
585 3930 847 4000 igniculus
880 3930 1129 3995 restabat,
1166 3932 1347 3983 vicinis
1381 3929 1617 3983 omnibus
1643 3932 1808 3998 raptis
1837 3946 1898 3982 ac

322 4025 637 4091 subjugatis.
699 4022 820 4076 Ηωο
860 4023 1069 4077 dicebat
1110 4021 1400 4092 Gregorius
1428 4033 1715 4090 antequam
1748 4021 1898 4073 Basi-

323 4114 454 4167 lium
498 4112 779 4183 praefectus
814 4123 1173 4181 oppugnatum
1211 4115 1474 4177 venisset;
1514 4114 1670 4182 idque
1694 4112 1900 4181 perspin

326 4205 501 4258 cimus
532 4220 600 4258 ex
642 4205 862 4279 epistola
906 4205 969 4258 Ἠ
1001 4205 1203 4269 Basilii,
1237 4204 1287 4257 in
1317 4220 1420 4273 qua
1456 4204 1681 4259 Basilius
1705 4205 1900 4259 litteris

326 4295 574 4364 Gregorii
611 4298 770 4351 modo
825 4297 1005 4351 citatis
1054 4297 1401 4365 respondens,
1437 4298 1628 4350 invitat
1671 4305 1899 4361 eum,ut

326 4389 429 4441 sibi
465 4387 609 4441 adsit
640 4388 709 4441 ad
758 4389 1085 4456 propositum
1125 4398 1422 4453 certamen,
1458 4402 1622 4457 seque
1668 4388 1899 4455 ignaviae

1981 562 2103 606 ante
2150 552 2387 606 hmretici
2447 554 2814 622 exploratores
2869 552 3133 614 venirent,
3165 566 3271 605 non
3323 553 3549 606 obscura

1979 655 2061 697 est
2086 644 2242 697 ratio.
2276 643 2409 698 Cum
2444 660 2650 698 summa
2674 653 2820 697 esset
2845 642 2965 696 festi
3006 640 3062 695 S.
3093 642 3372 713 Eupsychii
3410 643 3551 697 cele-

1979 734 2168 793 britas,
2201 748 2264 785 ac
2296 749 2482 801 magna
2513 734 2786 786 hominum
2824 732 3120 799 frequentia
3157 747 3185 783 e
3227 732 3421 786 vicinis
3466 749 3552 787 re-

1979 827 2224 897 gionibus
2249 825 2518 879 confluere
2539 824 2839 877 Carsaream
2886 825 2950 875 ad
2985 824 3127 876 hunc
3157 824 3295 876 diem
3321 823 3547 887 soleret;

1979 919 2389 988 praeclarissima
2420 926 2537 971 erat
2562 917 2777 971 occasio
2807 914 3123 969 observandi
3143 914 3357 980 Basilii;
3389 929 3547 981 quam

1980 1010 2193 1079 quidem
2235 1025 2337 1061 non
2376 1008 2474 1061 hoc
2504 1016 2711 1059 tantum
2743 1021 2882 1058 anno
2915 1005 3255 1070 arripuerunt
3290 1003 3549 1066 haeretici,

1982 1101 2075 1153 sed
2102 1100 2266 1153 etiam
2292 1113 2433 1151 anno
2465 1097 2569 1151 574
2598 1114 2609 1150 :
2642 1107 2800 1165 atque
2836 1095 2972 1148 haud
3009 1097 3119 1147 scio
3147 1111 3210 1145 an
3233 1094 3392 1147 etiam
3425 1094 3549 1156 ⁵575,

1982 1202 2038 1244 ut
2061 1191 2198 1245 infra
2230 1191 2467 1243 dicemus
2505 1190 2557 1241 in
2591 1190 2766 1256 capite
2797 1187 3087 1240 tricesimo.
3121 1186 3272 1250 Quod
3297 1184 3341 1237 si
3378 1185 3553 1237 luere-

1984 1284 2074 1336 tici
2116 1298 2259 1336 anno
2315 1282 2440 1348 ³574,
2473 1296 2579 1350 quo
2633 1279 2830 1333 Valens
2866 1281 2917 1332 in
2957 1277 3174 1332 Oriente
3216 1277 3549 1341 versabatur,

1982 1375 2279 1429 Caesaream
2315 1373 2379 1426 ad
2433 1374 2574 1426 diem
2629 1372 2823 1425 festum
2850 1370 2906 1424 S.
2943 1367 3229 1438 Eupsycbii
3267 1378 3550 1434 venerunt,

1983 1477 2039 1521 ut
2069 1466 2322 1520 Basilium
2363 1467 2735 1529 observarent,
2781 1464 2950 1515 multo
3001 1463 3048 1513 id
3086 1465 3259 1517 lllillllS
3303 1465 3553 1517 omittere

1985 1558 2084 1611 hoc
2109 1570 2249 1610 anno
2276 1555 2372 1608 571
2426 1555 2745 1616 debuerunt,
2795 1569 2914 1605 cum
2961 1552 3139 1604 Basilii
3191 1553 3554 1606 accnsandiet

1982 1649 2225 1715 ejiciendi
2252 1648 2459 1715 cepi-am
2489 1648 2641 1700 daret
2684 1646 3021 1714 imperatoris
3046 1647 3097 1698 in
3124 1646 3349 1699 ﬁnitima
3374 1645 3551 1714 aliqua

1985 1741 2203 1809 regione
2227 1738 2615 1793 commorantis
2646 1736 2913 1790 vicinitas.

2058 1831 2119 1885 ll.
2158 1832 2423 1898 Dcnegata
2463 1829 2685 1897 Euippio
2712 1827 2934 1895 ejusque
2961 1827 3222 1882 similibus
3248 1826 3555 1881 communio

1988 1923 2322 1977 stomachum
2355 1922 2574 1974 lueresis
2606 1921 2846 1989 patronis
2882 1920 3062 1973 facere
3089 1920 3288 1973 debuit.
3322 1920 3423 1972 Sed
3473 1927 3556 1972 ta-

1986 2031 2107 2069 men
2141 2016 2367 2082 spatium
2404 2014 2619 2068 interim
2662 2014 2847 2067 habuit
2882 2014 3111 2067 Basilius
3145 1998 3350 2066 itineris
3384 2012 3554 2066 alicu-

1982 2107 2069 2176 jus
2098 2107 2429 2169 conﬁciendi,
2464 2121 2531 2159 cx
2576 2121 2682 2175 quo
2725 2122 2845 2161 eum
2889 2107 3068 2159 aﬁlicti
3117 2107 3287 2167 cives,
3314 2113 3555 2173 utsupra

1988 2201 2237 2265 diximus,
2278 2202 2508 2253 instante
2543 2200 2718 2252 hieme
2753 2199 3076 2267 perlitteras
3107 2207 3431 2251 revocarunt
3455 2197 3554 2265 (ά).

1990 2293 2104 2347 Non
2133 2294 2300 2347 multo
2324 2303 2441 2361 post
2474 2293 2652 2360 erupit
2693 2292 2743 2344 in
2783 2292 3037 2344 Basiliam
3075 2292 3400 2360 persecutio.
3438 2290 3551 2343 Non

1990 2402 2096 2439 uno
2122 2396 2295 2437 autem
2354 2385 2732 2453 impugnarunt
2766 2384 2945 2445 modo,
2993 2397 3167 2450 neque
3209 2396 3310 2434 una
3348 2396 3561 2449 aggres-

1990 2478 2160 2530 sione.
2185 2476 2419 2530 Adhibiti
2476 2476 2729 2539 insultus,
2786 2475 3203 2544 pollicitationes
3265 2482 3319 2525 et
3374 2473 3552 2526 milite.

1993 2569 2136 2624 Missi
2167 2584 2229 2620 ex
2260 2567 2499 2633 judicnm
2538 2568 2744 2629 ordine,
2777 2581 2842 2619 ex
2892 2564 3131 2629 militari,
3183 2579 3248 2617 ex
3296 2578 3559 2633 gynaecaae

1992 2663 2150 2715 etiam
2175 2660 2430 2721 eunuchi,
2465 2658 2555 2727 qui
2590 2674 2710 2711 eum
2744 2658 2960 2710 ﬂectere
2989 2667 3331 2711 conarentur.
3366 2654 3559 2709 Missus

1993 2753 2157 2805 etiam
2210 2749 2297 2803 ille
2342 2751 2717 2812 Nabnzardan,
2767 2763 3059 2816 coquorum
3099 2749 3440 2816 praepositus,
3470 2762 3559 2799 ar-

1994 2843 2061 2895 tis
2095 2856 2202 2895 suae
2241 2840 2446 2909 gladios
2484 2838 2758 2891 minitans.
2810 2837 2913 2889 Sed
2944 2837 3047 2889 duo
3078 2837 3343 2904 praecipue
3387 2846 3562 2887 certa--

1994 2934 2140 2987 mina
2177 2940 2564 2995 memorantur,
2596 2944 2824 2996 quorum
2859 2928 3087 2981 alterum
3120 2942 3149 2980 a
3177 2926 3435 2994 Gregorio
3461 2924 3563 2977 Na-

1996 3027 2253 3078 zianzeno
2298 3023 2549 3084 refertur,
2586 3032 2875 3090 utrumque
2910 3037 2941 3074 a
2988 3019 3251 3088 Nysscno.
3289 3016 3380 3072 Sic
3405 3018 3565 3087 igitur

1996 3129 2061 3169 ex
2094 3114 2334 3183 Nysseno
2361 3122 2507 3179 gesta
2535 3126 2620 3165 res
2638 3120 2716 3165 es'

2066 3204 2135 3275 (e)
2164 3205 2427 3257 Auctores
2476 3203 2718 3255 nonnulli
2775 3210 2931 3255 erant
2990 3199 3206 3262 Basilio,
3237 3206 3295 3251 ut
3337 3196 3563 3265 tempori

1994 3297 2170 3365 potius
2201 3296 2434 3357 cederet,
2460 3310 2617 3361 quam
2662 3309 2782 3347 cum
2829 3291 3149 3345 adversariis
3192 3300 3298 3343 tam
3327 3288 3566 3341 cruentis

1996 3385 2415 3440 conﬂictaretur.
2436 3384 2539 3438 Sed
2571 3384 2829 3452 ejusmodi
2866 3384 3209 3436 consiliorum
3244 3382 3419 3433 inanis
3441 3392 3571 3446 ope-

2008 3490 2087 3527 ra.
2130 3474 2363 3528 Vocatus
2394 3489 2421 3526 a
2454 3472 2704 3541 prmfecto
2735 3472 2981 3534 Basilius,
3003 3472 3165 3524 veluti
3191 3469 3426 3523 medicus
3448 3468 3569 3535 qui-

1997 3566 2116 3620 dam
2138 3576 2189 3619 et
2205 3564 2541 3619 consiliarius
2566 3564 2727 3618 venit.
2754 3563 2948 3616 Partim
2969 3562 3350 3621 blandientem,
3371 3563 3571 3627 partim

2007 3656 2302 3709 minantem
2331 3664 2533 3717 monet,
2562 3656 2703 3708 utob
2725 3655 2994 3722 praeterita
3019 3651 3387 3720 pteuitentiam
3410 3657 3571 3717 agat,

1998 3763 2061 3800 ac
2085 3748 2335 3814 deinceps
2357 3747 2673 3813 sanguinem
2708 3760 2984 3799 servorum
3024 3745 3111 3797 Dei
3153 3744 3304 3797 sitire
3338 3743 3569 3795 desinat.

1997 3835 2141 3890 Nihil
2165 3837 2308 3889 enim
2348 3836 2492 3889 illum
2526 3850 2681 3904 posse
2707 3838 2757 3888 in
2791 3850 2883 3888 eos
2912 3835 2999 3901 qui
3031 3834 3201 3887 solum
3230 3833 3319 3886 Dei
3346 3846 3569 3899 regnum

1999 3936 2277 3994 appetunt.
2315 3926 2432 3979 Non
2464 3924 2580 3978 laedi
2616 3926 2877 3979 bonorum
2906 3925 3269 3993 publicatione
3311 3938 3455 3985 eum,
3484 3921 3571 3975 cui

1999 4015 2131 4070 ﬁdes
2156 4018 2265 4070 sola
2296 4016 2561 4084 possessio
2581 4024 2661 4068 est
2688 4031 2703 4079 ;
2733 4028 2835 4066 non
2870 4013 3058 4067 exsilio
3091 4011 3303 4076 terreri,
3335 4010 3424 4079 qui
3450 4010 3577 4062 uni-

1999 4121 2210 4159 versam
2232 4116 2429 4160 terram
2460 4106 2646 4160 eadem
2672 4104 2834 4157 animi
2865 4104 3133 4157 sententia
3152 4101 3345 4164 calcat,
3369 4115 3431 4154 ac
3454 4112 3573 4153 eam

1999 4198 2193 4268 partim
2241 4198 2470 4251 alienam
2544 4197 2852 4260 existimat,
2911 4197 2980 4249 ob
3046 4197 3261 4249 brevem
3331 4208 3572 4247 commo-

2001 4290 2287 4354 rationem,
2319 4290 2516 4357 partim
2552 4291 2846 4357 propriam,
2877 4288 3000 4355 quia
3022 4286 3201 4339 omnia
3232 4285 3337 4338 Deo
3370 4283 3574 4352 pariter

2003 4382 2264 4437 serviunt.
2316 4380 2508 4450 Plagas
2546 4390 2721 4433 autem
2771 4389 2826 4431 et
2860 4379 3069 4432 labores
3099 4394 3161 4431 ac
3211 4386 3435 4430 mortem
3474 4387 3574 4442 pro

329 4486 514 4533 notam
543 4494 573 4532 a
617 4480 883 4533 nonnullis
915 4479 1225 4534 hominibus
1280 4480 1511 4533 inustam
1561 4479 1903 4549 propulsam—
1932 4496 1978 4551 Β
2005 4468 2233 4523 veritate
2264 4470 2491 4538 perpeti,
2528 4484 2593 4522 ne
2631 4469 2945 4523 mulieribus
2968 4468 3183 4536 quidem
3225 4464 3462 4518 terribile
3490 4462 3570 4514 vi-

329 4586 451 4625 rum
478 4579 682 4639 sperat,
718 4585 838 4624 cum
868 4572 1135 4641 pugnandi
1184 4581 1394 4640 tempus
1426 4570 1621 4624 aderit.

400 4662 723 4717 Haereticum
757 4678 945 4732 agmen
985 4663 1281 4717 Caesaream
1318 4672 1444 4717 ante
1467 4661 1775 4731 praefectum
1807 4675 1899 4715 ve-

336 4753 484 4807 nisse
514 4753 706 4821 probat
741 4754 903 4807 etiam
953 4752 1139 4808 Basilii
1187 4753 1408 4821 epistola
1445 4753 1512 4808 69
1543 4754 1607 4805 ad
1648 4753 1704 4806 S.
1736 4752 1899 4806 Mele-

334 4842 490 4905 tium,
524 4842 579 4895 in
617 4858 719 4911 qua
754 4844 830 4898 sic
879 4844 1155 4911 loquitur:
1198 4843 1302 4897 Hic
1348 4854 1553 4909 autem,
1585 4843 1777 4912 inquit,
1819 4860 1901 4898 res

332 4932 545 4985 incerta:
573 4934 742 4986 adhuc
776 4943 824 4987 et
848 4935 1041 4998 dubiae,
1066 4952 1182 4988 cum
1211 4935 1467 5003 Euippius
1489 4936 1765 5002 fadvenerit
1785 4937 1901 5005 qui-

332 5023 475 5085 dem,
512 5025 601 5076 sed
634 5026 865 5078 nondum
886 5027 1168 5097 quidquam
1210 5028 1569 5080 declaraverit.
1627 5026 1903 5081 Minantur

332 5115 543 5181 quidem
567 5126 613 5168 et
641 5132 950 5169 concursum
976 5120 1251 5186 quemdam
1278 5134 1479 5182 eorum,
1517 5119 1603 5186 qui
1633 5119 1812 5171 eadem
1835 5135 1898 5171 ac

333 5207 418 5259 illi
438 5209 685 5272 sentiunt,
716 5222 784 5262 ea:
804 5209 1048 5279 Armenia
1082 5208 1342 5277 Tetrapoli
1367 5220 1412 5263 et
1434 5225 1497 5263 ea:
1526 5208 1734 5263 Cilicia.
1759 5209 1899 5263 Non-

334 5298 460 5352 dum
492 5313 623 5367 ergo
657 5298 939 5368 praefectus
972 5310 1025 5354 et
1066 5301 1182 5353 aliae
1218 5309 1511 5373 potestates
1535 5301 1893 5355 advenerant:

334 5383 444 5439 imo
464 5401 528 5441 ne
548 5388 1000 5456 exspectabantur
1027 5388 1261 5457 quidem,
1278 5388 1465 5445 saltem
1485 5400 1588 5445 tam
1614 5392 1753 5459 cito;
1785 5390 1895 5447 sola

397 5585 473 5725 (δὲ
512 5585 606 5655 Ep.
631 5585 760 5649 251,
788 5602 842 5638 n.
877 5585 912 5638 2
938 5596 989 5640 et
1012 5588 1064 5642 5.

400 5659 450 5725 (ὁ
510 5657 608 5725 Ep.
640 5656 770 5719 244,
794 5673 849 5710 n.
881 5657 915 5709 4
941 5674 955 5722 ;
986 5674 1064 5725 ep.

400 5656 473 5725 (b)
510 5657 608 5725 Ep.
640 5656 849 5726 Ἡλίω.
881 5657 915 5709 4
941 5674 955 5722 ;
986 5674 1070 5725 ep.
1105 5658 1302 5726 251m.
1336 5657 1390 5725 2,
1415 5659 1470 5715 5.

401 5724 471 5789 lc)
510 5724 609 5795 Bp.
634 5726 727 5781 26.
766 5724 896 5782 Vide
919 5724 1056 5781 orat.
1076 5728 1165 5782 20.

2006 4562 2143 4628 deri,
2177 4562 2269 4616 sed
2302 4562 2551 4615 omnibus
2577 4560 2903 4615 Christianis
2926 4560 3026 4613 hoc
3054 4572 3317 4611 summum
3344 4555 3573 4609 felicita-

2007 4655 2077 4709 tis
2108 4669 2251 4719 esse,
2289 4655 2333 4708 si
2371 4654 2496 4723 quid
2544 4670 2641 4722 pro
2693 4654 2794 4708 hac
2850 4667 2943 4721 spe
2992 4650 3364 4719 gravissimum
3402 4646 3575 4715 perfe~

2007 4756 2148 4801 rant.
2186 4746 2367 4800 Basilii
2397 4746 2697 4800 constantia
2735 4745 2794 4798 ﬁt
2824 4744 3087 4813 quredam,
3122 4741 3267 4795 velut
3297 4741 3348 4792 in
3390 4754 3571 4801 scena,
3602 4746 3603 4749 ‘

2004 4853 2357 4908 personarum
2410 4838 2738 4901 immutatio,
2778 4850 2841 4889 ac
2884 4835 3170 4888 mitescens
3200 4832 3480 4900 praefectus
3506 4829 3574 4883 ad

2005 4929 2385 4985 blandiendum
2412 4940 2466 4983 et
2512 4929 2896 4983 assentandum
2940 4927 3289 4981 convertitur.
3319 4925 3576 4979 Basilinm

2006 5030 2182 5091 rogat,
2220 5031 2281 5076 ut
2310 5037 2377 5077 ne
2411 5024 2619 5077 modica
2652 5022 2723 5075 illi
2760 5031 2812 5075 et
2854 5021 3246 5075 contemnenda
3278 5034 3363 5073 res
3394 5021 3576 5072 videa-

2007 5123 2114 5177 tur,
2150 5128 2403 5184 magnum
2457 5129 2641 5184 regem
2696 5113 2835 5181 plebi
2869 5128 2978 5168 suae
3008 5112 3322 5183 permistum
3355 5111 3577 5172 habere,

2006 5206 2229 5275 ejusque
2273 5206 2587 5276 magistrum
2621 5206 2733 5259 ﬁeri
2759 5222 2775 5272 ;
2805 5214 2857 5259 et
2891 5220 3008 5258 cum
3038 5205 3141 5259 hoc
3178 5202 3427 5271 consequi
3454 5216 3575 5269 pos-

2004 5299 2076 5352 sit
2110 5298 2222 5353 sola
2255 5299 2731 5354 consubstantialis
2761 5315 2891 5354 voce
2928 5316 2991 5355 ex
3029 5297 3270 5368 symbolo
3312 5296 3573 5355 detracta,

2004 5391 2147 5461 quod
2176 5408 2340 5447 unum
2370 5397 2602 5463 postulat
2630 5394 2955 5465 imperator,
2984 5392 3204 5448 minime
3249 5398 3432 5446 contra
3462 5386 3578 5456 ejus

2076 5587 2153 5732 ts;
