3958 6212
358 337 568 379 ιιινῐιι

1718 322 2092 380 PROLEGOM
2102 325 2256 380 ENA.

354 445 690 498 voluntatem
742 444 940 499 veniat.
991 445 1073 500 Ad
1110 446 1225 503 htec
1263 447 1513 512 Basilius,
1555 462 1808 518 magnum
1837 447 1939 503 sibi
1969 453 2016 506 Α
2042 447 2190 504 illum
2221 450 2534 518 compellans
2571 450 2826 521 (nondum
2856 450 2994 504 enim
3033 465 3148 504 eum
3181 449 3472 517 episcopum
3505 467 3600 504 uo-

355 543 410 588 et
447 535 835 602 peroptandum
899 537 1092 602 videri,
1130 547 1187 592 ut
1223 539 1517 608 imperator
1565 539 1824 595 Ecclesia:
1865 541 1938 596 sit

355 626 669 693 particeps:
709 643 957 692 magnum
1014 630 1157 682 cnim
1215 632 1468 699 quiddam
1517 645 1636 686 esse
1695 632 1932 685 animam

355 713 588 778 salvare,
627 731 731 768 non
768 718 924 771 modo
953 718 1317 787 imperatoris,
1340 723 1434 774 sed
1458 723 1618 775 etiam
1649 721 1936 790 cujuslibet

353 799 607 859 hominis.
635 804 739 860 Sed
775 815 980 861 tantum
1019 811 1229 875 abesse,
1261 823 1320 866 ut
1364 812 1482 866 fidei
1513 813 1755 868 formula:
1780 817 1935 884 quid—

353 909 514 963 quam
541 897 738 951 addere
788 899 917 953 velit
971 913 1064 955 aut
1094 903 1398 966 detrahere,
1441 913 1497 957 ut
1527 920 1594 960 ne
1621 905 1796 974 ipsum
1819 908 1935 975 qui--

355 989 473 1040 dem
518 989 758 1043 ordinem
805 1006 991 1046 eorum
1053 1010 1172 1062 qua:
1211 997 1409 1065 scripta
1463 1007 1604 1058 sunt,
1659 993 1930 1051 immutari

353 1081 612 1148 patiatur.
651 1081 1344 1158 NarratdeindeNyssenus
1370 1088 1510 1142 aliud
1539 1089 1717 1144 Basilii
1759 1101 1934 1144 certa-

353 1188 476 1226 men
522 1188 642 1227 cum
703 1191 998 1246 coquorum
1064 1181 1351 1248 prmposito
1393 1181 1770 1246 Demosthene,
1816 1183 1928 1251 qui,

352 1275 571 1333 accepta
601 1282 629 1320 a
655 1265 878 1324 Valente
912 1271 1011 1324 hac
1035 1273 1332 1340 provincia,
1353 1273 1612 1326 Basilium
1639 1273 1932 1328 vehemen-

353 1357 460 1411 tius
507 1373 795 1428 aggressus
831 1372 946 1427 est,
1003 1374 1266 1432 praesente
1306 1380 1492 1419 rursus
1532 1363 1804 1433 praelecto,
1836 1365 1929 1420 sed

352 1448 522 1502 nihilo
562 1453 732 1520 magis
776 1456 1064 1522 promovit.
1112 1456 1313 1511 Aderat
1349 1457 1476 1510 huic
1517 1457 1798 1510 certamini
1829 1459 1930 1511 im-

349 1540 472 1608 pius
516 1543 732 1610 quidam
774 1561 838 1601 ex
893 1546 1134 1616 Illyrico,
1169 1564 1328 1616 quem
1381 1548 1659 1602 Valentem
1712 1549 1926 1603 Mursire

351 1647 472 1686 esse
524 1636 829 1704 suspicatur
874 1638 1267 1694 Tillemontius.
1301 1639 1412 1694 Non
1468 1641 1588 1695 sine
1643 1642 1826 1711 lepore
1855 1643 1930 1696 ait

351 1720 818 1797 Nazianzenus(a)
854 1729 994 1783 hunc
1032 1731 1463 1798 Demosthenem,
1496 1749 1616 1788 cum
1647 1735 1779 1789 artis
1819 1751 1927 1790 suae

349 1813 556 1881 gladios
576 1817 888 1882 minaretur,
907 1837 934 1872 a
962 1821 1157 1878 Basilio
1180 1823 1244 1877 ad
1275 1823 1450 1892 ignem
1477 1823 1577 1894 ipsi
1605 1825 1927 1880 convenien-

353 1912 457 1957 tem
489 1908 862 1962 transmissum
895 1911 1078 1966 fuisse.

421 1995 572 2050 Nune
622 2001 776 2055 nobis
821 2003 1119 2060 audiendus
1183 2004 1475 2077 Gregorius
1538 2007 1925 2074 Nazianzenus,

349 2087 440 2154 qui
470 2089 720 2144 omnibus
746 2093 906 2147 rebus
926 2095 1088 2163 gestis
1108 2097 1345 2151 interfuit
1363 2097 1459 2169 (b).
1482 2098 1676 2154 Narrat
1699 2102 1810 2170 ipse
1835 2102 1927 2156 ad-

351 2179 522 2236 fuisse
549 2197 607 2237 se
635 2193 689 2237 et
718 2185 972 2250 audiisse,
1010 2203 1130 2241 cum
1161 2189 1390 2244 Basilius
1421 2207 1542 2244 cum
1576 2192 1794 2247 Valente
1827 2195 1927 2248 ite-

350 2288 468 2326 rum
505 2275 554 2327 in
600 2275 882 2330 ecclesiam
915 2279 1162 2333 veniente
1200 2280 1494 2335 collocutus
1539 2291 1641 2336 est.
1693 2283 1842 2349 Quod
1882 2284 1924 2338 si

349 2363 490 2417 idem
531 2364 599 2418 de
647 2368 859 2421 cmteris
902 2369 1064 2422 rebus
1111 2386 1213 2423 non
1243 2371 1406 2435 dicit,
1435 2386 1541 2426 non
1573 2373 1774 2429 idcirco
1807 2391 1924 2430 cre-

348 2453 558 2510 dendus
584 2467 665 2510 cst
691 2457 945 2513 abfuisse.
979 2459 1111 2513 Nam
1137 2475 1256 2515 cum
1289 2461 1470 2516 Basilii
1501 2478 1779 2518 sermones
1807 2481 1924 2518 cum

349 2543 575 2601 Valente
605 2562 710 2601 non
738 2549 973 2616 referat,
1020 2549 1110 2604 sed
1141 2551 1412 2607 mirabiles
1444 2568 1506 2606 ac
1537 2555 1928 2623 quodammodo

348 2634 560 2691 divinos
607 2636 775 2691 fuisse
809 2648 1076 2694 asscveret
1101 2679 1116 2704 ,
1151 2641 1340 2695 merito
1371 2641 1605 2696 adfuisse
1634 2658 1691 2697 se
1723 2655 1924 2711 monet,

347 2734 409 2779 ut
433 2727 736 2782 testimonio
758 2730 923 2784 robur
952 2731 1135 2783 addat.
1177 2737 1247 2785 At
1288 2732 1476 2786 eadem
1517 2735 1697 2788 cautio
1741 2751 1927 2790 neces-

347 2817 492 2869 saria
530 2834 636 2871 non
687 2819 788 2872 fuit
830 2821 880 2873 in
931 2821 1228 2876 referendis
1274 2821 1459 2877 Basilii
1506 2841 1628 2878 cum
1674 2825 1927 2893 praefecto

347 2907 708 2962 sermonibus.
753 2897 952 2975 Quare.
994 2927 1114 2966 cum
1159 2911 1450 2981 Gregorius
1490 2915 1830 2981 promisisset
1869 2932 1927 2971 se

345 3015 656 3067 venturum,
687 3020 791 3058 non
820 3005 976 3058 video
997 3021 1096 3060 cur
1125 3007 1306 3060 statim
1341 3023 1444 3061 non
1478 3010 1702 3063 venerit.
1748 3010 1924 3067 Moras

346 3094 422 3149 illi
452 3097 696 3150 morbum
743 3098 932 3151 matris
960 3097 1205 3153 attulisse
1243 3109 1392 3166 putat
1433 3099 1836 3168 Tillemontius,
1873 3116 1926 3158 et

345 3186 412 3239 ad
445 3187 496 3240 id
531 3195 737 3255 tempus
768 3187 935 3242 refert
958 3199 1205 3256 quartam
1236 3189 1376 3246 illius
1398 3192 1704 3257 epistolam,
1737 3193 1788 3246 in
1819 3209 1922 3264 qua

349 3281 491 3332 hunc
521 3279 709 3332 matris
743 3279 986 3354 mqrbnm
1015 3292 1258 3346 excusat,
1286 3298 1382 3337 cur
1406 3300 1435 3338 a
1471 3283 1674 3340 Basilio
1707 3297 1926 3341 vocatus

348 3385 454 3422 non
483 3377 752 3422 occurrat.
787 3367 893 3424 Sed
925 3370 1075 3426 valde
1105 3371 1292 3427 dubito
1344 3390 1410 3428 an
1447 3375 1572 3429 huic
1613 3376 1793 3430 Basilii
1841 3380 1926 3432 vel

347 3461 524 3525 potius
568 3459 819 3514 Ecclesia:
857 3464 1080 3529 tempori
1127 3465 1371 3520 morbum
1423 3469 1612 3522 matris
1661 3471 1927 3538 praetulis-

346 3559 448 3606 set.
502 3550 768 3605 Prtetcrea
823 3554 959 3608 nihil
993 3555 1155 3609 habet
1183 3557 1296 3610 hmc
1322 3557 1547 3626 cpistola
1574 3560 1639 3612 de
1669 3561 1926 3627 gravissi-

347 3645 450 3694 mis
478 3643 724 3697 veniendi
772 3646 980 3711 causis,
1035 3646 1169 3700 nihil
1215 3647 1280 3701 de
1317 3649 1597 3716 promissis
1637 3650 1922 3721 Gregorii:

347 3735 445 3787 sed
479 3751 730 3804 magnum
784 3737 1055 3805 signiﬁcat
1089 3738 1302 3792 videndi
1355 3738 1534 3794 Basilii
1581 3741 1921 3806 desiderium,

346 3826 434 3877 eui
467 3825 870 3881 satisfacturum
905 3843 963 3883 se
999 3829 1149 3896 dicit,
1179 3831 1222 3883 si
1256 3830 1438 3885 Basilii
1479 3831 1728 3900 precibus
1759 3842 1928 3886 mater

349 3925 588 3969 sanetur.
621 3917 796 3982 Quare
825 3918 939 3972 haec
969 3919 1192 3989 epistola
1223 3919 1289 3973 ad
1335 3920 1476 3974 aliud
1506 3929 1714 3989 tempus
1759 3923 1926 3990 perti-

350 4016 464 4069 net,
503 4017 555 4058 et
601 4023 718 4075 qua:
744 4006 1038 4076 Gregorius
1070 4009 1255 4074 refert,
1299 4023 1361 4062 ea
1399 4011 1618 4064 auribus
1649 4013 1760 4064 suis
1793 4013 1927 4065 hau-

349 4098 486 4151 sisse
515 4099 814 4152 censendus
854 4108 956 4152 est.
991 4100 1195 4154 Idcirco
1247 4100 1512 4169 prolixum
1558 4117 1620 4155 ex
1661 4102 1775 4172 ejus
1805 4119 1928 4156 ora-

350 4189 496 4241 tione
526 4189 773 4242 vicesima
804 4189 977 4243 locum
1001 4190 1089 4245 hic
1113 4206 1442 4260 apponemus
1468 4208 1479 4242 :
1507 4192 1668 4245 Eccui
1691 4193 1921 4258 tandem,

348 4279 542 4348 inquit,
583 4281 876 4348 incognitus
912 4281 1001 4334 ille
1053 4291 1148 4347 est,
1207 4283 1298 4352 qui
1343 4293 1450 4336 ttmt
1485 4284 1625 4350 apud
1674 4301 1764 4336 nos
1790 4299 1927 4351 prte-

347 4373 468 4442 fecti
502 4390 714 4427 munere
738 4375 1072 4442 fungebatur,
1119 4392 1235 4428 cum
1271 4387 1454 4445 suapte
1481 4377 1708 4430 audacia
1738 4377 1921 4430 adrer-

2038 554 2160 592 care
2206 539 2542 610 dignabatur)
2577 550 2634 593 ut
2670 548 2818 594 tanta
2872 541 3173 610 imperatori
3210 541 3454 594 obsistere
3503 559 3603 594 au-

2037 626 2181 691 deas,
2211 634 2452 698 solusque
2469 630 2699 684 omnium
2725 632 3098 684 contumaciter
3127 641 3175 685 te
3208 632 3399 701 geras?
3427 630 3606 695 Quor-

2036 733 2171 782 sum,
2208 720 2471 787 respondit
2505 720 2766 787 Basilius,
2803 723 2912 776 haec
2936 724 3104 775 oratio
3141 731 3358 788 spectat,
3380 733 3426 776 et
3457 739 3606 788 qua!-

2037 824 2156 861 nam
2206 810 2316 863 lucc
2356 813 2691 864 contumacia
2742 822 2790 866 et
2819 814 3164 880 arrogantia?
3196 814 3424 867 nondum
3462 817 3602 868 enim

2035 900 2090 952 id
2114 901 2243 954 satis
2279 903 2534 972 intelligo.
2580 903 2873 972 Quoniam,
2916 904 3081 972 inquit
3115 905 3232 970 ille,
3271 907 3603 974 intperatoris

2035 990 2334 1061 religionem
2371 994 2576 1048 minimc
2623 995 2773 1061 colis,
2808 997 3046 1050 omnibus
3086 997 3207 1050 aliis
3232 998 3349 1065 jam
3379 999 3606 1050 inclina.

2033 1083 2099 1136 tis
2131 1099 2191 1135 ac
2219 1086 2496 1147 superatis.
2526 1084 2647 1138 Non
2672 1088 2832 1153 enim,
2862 1089 3030 1156 inquit
3062 1087 3312 1153 Basilius,
3347 1089 3458 1142 htec
3490 1088 3599 1140 vult

2033 1176 2317 1242 imperator
2365 1192 2510 1229 meus
2564 1193 2582 1232 :
2633 1193 2722 1230 nec
2759 1193 2862 1230 rem
2897 1177 3060 1231 ullam
3105 1187 3333 1232 creatam
3361 1180 3605 1232 .adorare

2031 1267 2284 1330 sustineo,
2309 1284 2426 1320 cum
2449 1280 2495 1321 et
2523 1271 2628 1338 ipse
2647 1286 2688 1322 σα
2716 1269 2820 1322 Deo
2841 1280 3049 1323 creatus
3089 1271 3184 1324 sint
3205 1311 3220 1335 ,
3245 1282 3290 1325 et
3323 1271 3450 1324 deus
3487 1287 3606 1325 esse

2023 1360 2233 1431 jubear.
2268 1361 2380 1414 Nos
2411 1379 2549 1430 vero,
2576 1365 2742 1433 inquit
2779 1363 2887 1427 ille,
2919 1364 3046 1434 quid
3076 1367 3283 1418 tandem
3324 1366 3417 1418 tibi
3458 1365 3605 1419 vide-

2031 1453 2186 1506 mur?
2219 1451 2372 1506 Nihil
2407 1470 2554 1520 sane,
2602 1455 2766 1524 inquit
2796 1453 3055 1517 Basilius,
3089 1455 3211 1508 dum
3247 1457 3354 1509 hcec
3379 1457 3602 1524 jubetis.

2030 1543 2138 1612 Age
2190 1560 2337 1608 vero,
2383 1545 2551 1612 inquit
2581 1545 2692 1612 ille,
2733 1563 2834 1598 non
2879 1562 3124 1614 magnum
3172 1546 3604 1612 ethonoriﬁcrm

2028 1635 2296 1688 existimas
2341 1636 2411 1688 ad
2452 1645 2658 1690 nostras
2695 1647 2866 1706 partes
2906 1637 3149 1706 adjungi,
3193 1640 3458 1708 sociosque
3506 1656 3604 1693 nos

2029 1727 2259 1783 habere?
2300 1727 2380 1780 Ad
2423 1726 2534 1780 htrc
2589 1726 2818 1780 Basilius
2865 1742 2882 1780 :
2950 1725 3055 1780 Vos
3113 1728 3318 1796 quidem
3365 1729 3604 1796 prrefecti

2029 1819 2173 1884 estis,
2202 1829 2248 1875 et
2287 1819 2496 1886 quidem
2545 1817 2809 1880 illustres,
2863 1833 2966 1870 non
3013 1817 3228 1884 inﬁcias
3276 1834 3356 1882 eo,
3390 1819 3605 1872 minime

2030 1923 2201 1966 tamen
2247 1912 2354 1966 Deo
2399 1912 2810 1982 praestantiores.
2855 1909 3040 1966 Socios
3079 1922 3250 1964 autem
3298 1926 3384 1963 vos
3413 1911 3604 1966 habere

2029 2002 2157 2054 mihi
2192 2002 2400 2070 quidem
2446 2001 2677 2069 amplum
2723 2010 2771 2053 et
2823 2000 3170 2068 honoriﬁcum
3211 1999 3367 2068 fuerit
3396 2000 3605 2070 (quidni

2028 2096 2186 2157 enim,
2219 2111 2334 2146 cum
2367 2095 2466 2161 ipsi
2497 2110 2700 2164 quoque
2737 2093 2833 2146 Dei
2873 2101 3132 2146 creaturis
3159 2093 3373 2164 sitisi),
3406 2095 3500 2148 sed
3541 2103 3604 2146 ut

2028 2186 2160 2238 alios
2191 2185 2442 2253 quosdam
2475 2199 2539 2237 ex
2568 2183 2647 2236 ltis
2669 2223 2686 2249 ,
2714 2184 2803 2250 qui
2834 2183 2980 2236 nobis
3024 2183 3246 2250 subjecti
3289 2195 3430 2238 sunt.
3475 2183 3604 2237 Non

2027 2278 2162 2330 enim
2191 2292 2532 2344 personarum
2562 2275 2855 2343 dignitate,
2904 2275 2994 2330 sed
3033 2276 3136 2344 fide
3182 2275 3604 2329 christis'nisnms

2028 2371 2337 2440 insignitur.
2386 2367 2501 2421 Hac
2541 2369 2779 2421 oratione
2831 2377 3118 2420 commotus
3177 2365 3484 2434 prwfectus,
3538 2381 3605 2417 ac

2026 2457 2216 2529 majori
2256 2460 2334 2512 ira
2377 2474 2685 2522 succensus,
2734 2458 2797 2511 de
2839 2456 3086 2510 subsellio
3135 2459 3402 2522 surrexit,
3447 2464 3605 2524 atque

2028 2549 2378 2618 asperioribus
2432 2549 2596 2602 verbis
2631 2564 2749 2600 cum
2795 2563 2854 2601 eo
2905 2563 3057 2615 agere
3109 2547 3358 2613 perrexit.
3419 2544 3606 2611 Quid!

2029 2639 2346 2692 Potestatem
2390 2638 2524 2692 hanc
2569 2655 2670 2691 non
2715 2639 3074 2705 pertimescis?
3116 2635 3225 2690 Cur
3275 2652 3391 2690 vero
3438 2639 3603 2704 perti-

2026 2745 2324 2794 mescerem,
2360 2730 2528 2797 inquit
2575 2728 2850 2783 Basilius?
2883 2727 3022 2793 Quid
3055 2728 3186 2794 fiet?
3221 2729 3347 2798 quid
3382 2728 3604 2796 patiar.‘

2028 2820 2167 2886 Quid
2198 2821 2455 2890 patieris?
2483 2820 2659 2874 intulit
2691 2820 2779 2872 ille
2801 2860 2815 2884 ,
2845 2835 3007 2872 unum
3045 2834 3072 2872 e
3108 2829 3213 2870 tam
3244 2818 3443 2880 multis,
3473 2834 3596 2886 quia

2025 2929 2152 2967 mea:
2188 2922 2307 2966 sunt
2341 2915 2631 2979 potestatis.
2677 2911 2933 2976 Quaenam
2975 2911 3123 2964 huic?
3143 2911 3416 2979 subjunxit
3446 2909 3602 2963 Basi-

2025 3005 2161 3069 lius,
2207 3005 2294 3072 [αθ
2342 3007 2479 3058 enim
2517 3003 2894 3073 intelligamus.
2931 3001 3219 3067 Bonorum,
3268 3001 3434 3070 inquit
3485 3000 3598 3065 ille,

1951 3131 1993 3188 ε
2025 3097 2453 3164 proscriptionem
2477 3136 2492 3161 ,
2523 3095 2800 3159 exsilium,
2833 3095 3128 3156 cruciatus,
3167 3103 3406 3147 ntortem.
3464 3091 3600 3145 Tum

2028 3185 2257 3238 Basilius
2285 3201 2302 3237 :
2329 3183 2387 3238 Si
2418 3186 2542 3253 quid
2573 3185 2717 3237 aliud
2740 3186 2914 3249 habes,
2948 3183 3001 3236 id
3025 3184 3170 3236 nobis
3197 3183 3456 3236 minitare.
3487 3181 3601 3237 Hs-

2027 3292 2143 3328 rum
2172 3277 2308 3328 enim
2330 3315 2345 3340 ,
2369 3291 2484 3346 quae
2515 3275 2684 3328 adltuc
2712 3276 3126 3329 commemorasti
3147 3315 3160 3336 ,
3205 3273 3334 3328 nihil
3373 3291 3465 3328 nos
3515 3283 3600 3326 at-

2029 3368 2200 3435 tingit.
2234 3365 2474 3432 Quonam
2505 3366 2702 3419 modo?
2744 3367 2912 3435 inquit
2952 3366 3064 3433 ille,
3097 3365 3379 3430 Quoniam,
3429 3366 3598 3435 inquit

2027 3457 2282 3523 Basilius,
2331 3458 2586 3510 bonorum
2631 3459 3001 3528 proscriptioni
3057 3458 3309 3512 obnoxius
3354 3475 3455 3510 non
3493 3471 3597 3524 est,

2025 3552 2117 3618 qui
2144 3549 2270 3603 nihil
2295 3549 2444 3601 habet
2468 3563 2486 3600 :
2519 3549 2617 3601 nisi
2642 3548 2777 3617 forte
2811 3549 3056 3602 laceriset
3083 3551 3284 3603 detritis
3305 3551 3445 3602 hisce
3462 3566 3597 3618 pan-

2027 3641 2106 3694 nis
2137 3641 2336 3710 indiges
2373 3658 2433 3694 ac
2473 3644 2652 3706 paucis
2691 3641 2904 3704 libellis,
2942 3642 2995 3693 in
3030 3642 3215 3710 quibus
3244 3657 3416 3694 omnes
3465 3644 3595 3693 mihi

2027 3731 2302 3800 facultates
2342 3741 2388 3785 et
2426 3733 2588 3799 copia:
2627 3741 2769 3786 sunt.
2818 3731 3078 3786 Exsilium
3115 3743 3286 3784 autem
3332 3733 3473 3784 haud
3507 3749 3597 3785 co-

2027 3839 2246 3892 gnosco,
2279 3824 2368 3893 qui
2410 3824 2552 3876 nullo
2582 3826 2732 3876 modo
2769 3824 3190 3888 circumscriptus
3229 3839 3339 3875 sum
3363 3863 3378 3886 ,
3409 3839 3473 3875 ac
3503 3839 3598 3876 ne-

2028 3931 2124 3983 que
2153 3927 2343 3968 terram
2377 3917 2532 3980 hanc,
2564 3932 2720 3985 quam
2752 3931 2887 3968 nunc
2918 3916 3110 3980 incolo,
3137 3932 3304 3969 meant
3334 3914 3516 3977 habeo,
3546 3925 3595 3967 et

2026 4021 2138 4058 eam
2166 4023 2390 4069 onmem,
2426 4007 2482 4059 in
2503 4022 2658 4076 quam
2677 4006 2933 4074 projectus
2962 4006 3131 4075 fuero,
3163 4022 3256 4073 pro
3279 4022 3390 4058 mea
3416 4007 3550 4058 duco
3573 4021 3592 4056 :

2027 4095 2165 4158 imo,
2193 4105 2247 4147 ut
2293 4097 2483 4150 rectius
2529 4096 2744 4165 loquar,
2779 4097 3072 4150 universam
3116 4106 3306 4149 terram
3352 4096 3447 4148 Dei
3485 4113 3595 4149 esse

2026 4187 2155 4252 scio,
2187 4187 2336 4254 cujus
2385 4189 2584 4242 advena
2621 4205 2713 4258 ego
2747 4205 2862 4242 sum
2897 4200 2942 4242 et
2973 4191 3292 4258 peregrinus.
3323 4187 3446 4240 Jam
3483 4199 3592 4241 tor.-

2028 4288 2202 4331 ntenta
2227 4280 2354 4348 quid
2389 4282 2622 4348 accipere
2653 4291 2872 4350 queant,
2913 4297 3030 4334 cum
3075 4298 3260 4349 corpus
3295 4282 3447 4345 desit,
3492 4283 3594 4335 nisi

2029 4370 2166 4436 [orte
2233 4373 2454 4439 primam
2501 4374 2710 4442 plagam
2759 4374 2952 4428 dixeris
2981 4390 3000 4428 :
3056 4374 3211 4436 huius
3263 4374 3397 4426 enim
3431 4376 3593 4428 solius

347 4484 434 4520 sus
466 4483 558 4520 nos
583 4465 875 4532 pra’sertim
905 4467 1262 4535 inﬂammatus
1299 4472 1440 4534 (nam
1473 4470 1536 4522 ab
1574 4469 1682 4522 illis
1720 4485 1922 4538 quoque
1953 4471 1999 4528 D
2026 4481 2176 4531 penes
2205 4475 2252 4518 te
2289 4465 2572 4518 arbitrium
2608 4477 2654 4519 et
2698 4475 2929 4532 potestas
2959 4474 3056 4520 est.
3091 4466 3235 4520 Mors
3259 4483 3412 4533 porro
3444 4468 3593 4520 bene-

346 4557 608 4618 initiatus,
634 4560 709 4609 vel
730 4557 902 4626 potius
923 4556 1188 4622 confectus
1221 4555 1439 4625 fuerat),
1479 4567 1587 4610 tum
1620 4560 1775 4610 etiam
1810 4574 1922 4610 am-

345 4647 506 4716 plius,
554 4664 710 4717 quant
772 4663 973 4701 necesse
1024 4657 1177 4710 esset,
1225 4650 1532 4715 imperatori
1570 4650 1919 4713 subserviens,

345 4749 500 4807 atque
527 4755 589 4791 ex
628 4755 685 4791 eo
730 4741 869 4806 quod
905 4737 986 4789 illi
1036 4737 1276 4790 omnibus
1317 4739 1371 4790 in
1407 4737 1558 4791 rebus
1611 4742 1922 4806 obsequere-

345 4839 452 4891 tur,
480 4831 782 4882 diuturnius
821 4830 1095 4896 imperium
1133 4829 1233 4882 sibi
1281 4831 1631 4882 conservans?
1663 4829 1743 4883 Ad
1785 4830 1923 4885 hunc

345 4920 596 4972 adversus
632 4919 922 4974 Ecclesium
950 4920 1252 4988 frementem
1282 4921 1548 4992 leonisque
1568 4924 1787 4990 speciem
1813 4941 1922 4991 pra:

349 5025 404 5062 se
434 5009 700 5076 ferentem,
732 5029 793 5062 ac
838 5010 1000 5064 leonis
1043 5026 1185 5064 more
1221 5013 1508 5077 rugientem
1531 5054 1546 5078 ,
1578 5024 1730 5083 atque
1781 5016 1922 5083 ejus-

355 5100 524 5161 modi,
560 5111 613 5152 ut
657 5118 689 5153 a
729 5101 908 5156 multis
953 5120 1014 5156 ne
1047 5104 1184 5156 adiri
1203 5103 1411 5171 quidem
1435 5115 1602 5171 posset
1624 5143 1640 5166 ,
1666 5106 1744 5158 vir
1767 5107 1919 5173 fortis

343 5193 652 5256 adducitur,
684 5193 788 5246 imo
816 5211 934 5246 vero
962 5189 1280 5263 ingreditur,
1305 5196 1518 5262 perinde
1546 5213 1608 5248 ac
1650 5197 1823 5250 sinon
1851 5200 1919 5252 ad

339 5281 620 5351 judicium,
657 5286 746 5336 sed
787 5285 855 5336 ad
889 5284 1076 5352 festum
1124 5294 1418 5338 vocaretur.
1456 5285 1696 5349 Quonam
1738 5297 1910 5340 autem

352 5380 528 5439 modo,
566 5378 640 5430 vel
661 5378 891 5446 prtefecti
920 5379 1236 5441 audaciam,
1267 5378 1343 5432 vel
1375 5378 1564 5432 Basilii
1593 5379 1829 5432 virtutem
1860 5391 1908 5434 et

347 5467 679 5533 sapientiam,
709 5484 811 5533 qua
849 5469 896 5521 ei
931 5469 1139 5532 restitit,
1163 5469 1292 5522 satis
1315 5470 1471 5540 digna
1509 5471 1742 5523 oratione
1771 5487 1912 5523 cont-

341 5556 584 5624 plectar?
617 5558 748 5623 Qua:
777 5571 865 5614 tua
899 5571 993 5626 cst,
1026 5561 1209 5632 inquit,
1248 5564 1404 5630 ratio,
1430 5563 1555 5617 heus
1595 5575 1678 5629 tu,
1707 5564 1911 5618 nomine

415 5733 491 5804 (a)
522 5733 615 5790 Or.
637 5734 726 5793 20.

2023 4559 2133 4622 ficii
2165 4559 2294 4612 mihi
2325 4557 2440 4611 loco
2481 4560 2577 4610 erit
2621 4571 2639 4609 :
2671 4559 2823 4610 citius
2857 4559 2995 4612 enim
3019 4574 3097 4611 me
3129 4559 3197 4609 ad
3233 4558 3394 4611 Deum
3419 4569 3595 4610 trans-

2019 4651 2184 4701 mittet
2206 4687 2221 4711 ,
2259 4648 2345 4700 cui
2380 4649 2525 4712 vivo,
2549 4659 2597 4702 et
2626 4665 2839 4702 munere
2871 4664 2984 4702 meo
3015 4649 3234 4717 fungar,
3259 4649 3593 4716 maximaque

2019 4755 2083 4792 ex
2129 4751 2522 4808 partemartem
2571 4741 2711 4805 obii,
2739 4750 2786 4794 et
2831 4744 2898 4792 ad
2931 4757 3081 4803 quem
3111 4741 3430 4809 jampridem
3467 4757 3591 4809 pro-

2017 4849 2161 4897 pero.
2195 4833 2313 4898 Quo
2346 4850 2582 4887 sermone
2627 4833 3013 4902 obstupefactus
3036 4834 3314 4903 pra'feclus
3342 4851 3360 4887 :
3396 4832 3586 4897 Nemo,

2020 4924 2207 4993 inquit,
2231 4941 2311 4978 me
2334 4924 2641 4994 (nomenque
2668 4942 2816 4978 suum
2853 4926 3118 4996 adjunxit)
3154 4929 3222 4979 ad
3255 4927 3392 4978 hunc
3426 4943 3590 4995 usque

2020 5016 2156 5068 diem
2186 5017 2258 5068 ita
2294 5027 2366 5068 est
2403 5016 2693 5081 allocutus,
2729 5019 2973 5084 nec-pari
3019 5017 3292 5071 verborum
3325 4996 3594 5072 libertate:

2022 5107 2206 5177 Neque
2233 5109 2389 5170 enim,
2431 5112 2502 5161 ait
2539 5107 2791 5173 Basilius,
2821 5111 3046 5178 fortasse
3083 5115 3138 5165 in
3182 5111 3475 5179 episcopum
3507 5111 3590 5162 in-

2019 5200 2214 5254 cidisti.
2259 5199 2466 5268 Alioqui
2503 5201 2600 5254 hoc
2647 5218 2862 5268 prorsus
2901 5204 3055 5256 modo
3100 5204 3460 5266 disseruisset,
3493 5221 3587 5271 pro

2018 5290 2319 5356 huiusmodi
2363 5293 2513 5344 rebus
2553 5293 2606 5343 in
2643 5303 2905 5346 certamen
2943 5294 3171 5346 veniens.
3205 5292 3345 5346 Nam
3384 5296 3585 5346 ueteris

2015 5385 2224 5452 quidem
2251 5385 2303 5437 in
2330 5385 2504 5446 rebus,
2541 5402 2570 5437 ο
2601 5384 2865 5452 praefecte,
2901 5385 3155 5437 mansueti
3181 5395 3226 5438 et
3273 5385 3470 5452 placidi
3496 5401 3587 5437 ste-

2016 5493 2155 5542 mus,
2193 5487 2345 5544 atque
2380 5476 2610 5528 omnium
2640 5476 2992 5544 abjectissimi,
3023 5476 3460 5544 quemadmodum
3489 5478 3586 5528 hoc

2019 5563 2166 5618 nobis
2197 5565 2304 5632 lcge
2353 5567 2712 5634 prcrscriptum
2747 5575 2842 5631 est,
2882 5582 2942 5620 ac.
2979 5583 3080 5620 non
3127 5565 3296 5620 dicam
3339 5566 3584 5619 adversus

2094 5737 2164 5809 (θ)
2195 5735 2330 5794 lbid.
