3958 6212
1685 320 1846 378 VlTA
1895 317 1952 373 S.
1997 316 2263 376 BASILII.

3425 335 3588 374 ιιιιι

339 454 548 504 tantum
579 444 944 513 imperatorem
964 483 980 505 ,
1009 442 1098 497 sed
1137 459 1198 497 ne
1251 442 1496 496 adversus
1529 440 1778 511 plebeium
1804 441 1917 509 qui-
1956 439 2001 495 Α
2029 438 2166 492 vela.
2195 438 2403 493 Rursus
2435 437 2527 493 Dei
2556 435 2757 492 athleta
2784 435 2890 489 hoc
2915 434 3148 488 secundo
3177 433 3358 503 praelio
3377 479 3392 503 ,
3425 439 3589 491 etiam

340 539 457 592 dem
489 553 802 607 quemquam
836 547 886 590 et
937 537 1105 604 inﬁmi
1145 537 1343 591 ordinis
1390 536 1649 590 hominem
1685 535 1916 602 superci-

339 630 470 683 lium
502 629 815 682 attollimus.
855 626 1050 681 Verum
1089 629 1177 681 ubi
1215 627 1354 681 Deus
1388 627 1533 681 nobis
1568 628 1916 695 periclitatur,

340 740 404 776 ac
432 722 762 789 proponitur,
801 732 912 774 tum
932 722 1137 774 demum
1160 720 1268 772 alia
1301 720 1479 773 omnia
1505 735 1597 787 pro
1636 719 1797 772 nihilo
1821 735 1920 785 pu-

342 822 535 878 tantes,
575 813 743 880 ipsum
777 812 948 865 solum
988 813 1271 866 intuemur.
1319 810 1465 879 Ignis
1503 820 1694 874 autem,
1733 820 1779 863 et
1801 810 1918 878 gla»

341 904 464 956 dius
484 943 500 968 ,
532 915 581 956 et
612 903 824 969 bestite,
856 912 906 958 et
938 903 1146 972 ungula:
1179 919 1387 957 carnem
1426 903 1746 966 lacerantes,
1776 903 1921 957 volu-

341 997 474 1060 ptati
529 996 677 1049 nobis
720 1011 784 1050 ac
834 995 1040 1049 deliciis
1083 997 1255 1062 potius
1295 1005 1446 1058 sunt,
1494 1011 1651 1065 quam
1711 997 1920 1050 terrori.

343 1089 583 1143 Proinde
605 1089 940 1143 contumeliis
966 1105 1060 1142 nos
1092 1089 1255 1158 aﬂice,
1281 1089 1621 1153 comminare,
1646 1088 1734 1155 fac
1763 1089 1921 1157 quid-

343 1181 467 1250 quid
502 1180 835 1246 collibuerit,
883 1190 1138 1247 potestate
1187 1191 1276 1233 tua
1328 1180 1502 1248 fruere
1532 1195 1551 1232 :
1575 1179 1756 1231 audiat
1812 1179 1922 1233 haec

344 1274 502 1328 etiam
526 1274 832 1340 imperator,
860 1288 1185 1342 nequaquam
1218 1273 1452 1341 profecto
1477 1289 1570 1325 nos
1599 1271 1770 1324 vinces
1792 1311 1805 1333 ,
1831 1286 1922 1324 nec

345 1368 566 1436 eﬁicies,
605 1375 660 1418 ut
705 1365 882 1435 impia:
929 1365 1184 1418 doctrina:
1226 1365 1581 1417 assentiamur
1619 1378 1638 1417 :
1670 1379 1732 1416 ne
1763 1363 1808 1415 si
1841 1362 1922 1416 his

343 1458 553 1527 quidem
582 1457 846 1510 atrociora
871 1456 1145 1509 miniteris.
1182 1452 1313 1507 Haec
1339 1463 1612 1522 postquam
1641 1451 1922 1519 prtefectus

345 1550 502 1613 dixit,
559 1559 710 1616 atque
751 1546 945 1609 audiit,
991 1547 1254 1614 ipsiusque
1313 1543 1690 1597 contentionem
1759 1543 1923 1596 animi

345 1657 459 1694 eam
492 1657 604 1694 esse
624 1641 885 1709 cognovit,
915 1648 972 1692 ut
1003 1639 1146 1692 nulla
1180 1639 1254 1694 vis
1286 1653 1403 1690 eum
1435 1640 1836 1704 perterrefacere
1861 1651 1925 1688 ac

345 1747 594 1794 superare
643 1740 835 1798 posset,
881 1729 1053 1797 ipsum
1099 1730 1310 1798 quidem
1357 1726 1501 1795 foras
1550 1728 1728 1792 misit,
1772 1737 1926 1797 atque

2021 531 2216 598 prioris
2248 527 2472 597 gloriam
2525 525 2816 596 superavit.
2866 523 3020 577 Nulla
3063 525 3150 578 hic
3188 539 3319 579 sane
3360 527 3592 595 impera-

2021 621 2154 674 toris
2196 619 2496 688 praesentia:
2541 617 2809 686 insignia,
2863 616 2957 671 sed
3005 616 3264 684 quidquid
3298 618 3592 674 terribilius

2021 712 2138 774 fuit,
2177 710 2230 765 id
2259 712 2323 765 ad
2345 709 2581 780 judicem
2611 709 2774 763 refert
2807 708 3100 777 Gregorius
3128 706 3418 778 Nyssenus.

2091 803 2150 856 2ο
2199 803 2450 857 Testatur
2483 801 2773 870 Gregorius
2817 800 3188 856 Nazianzenus
3218 801 3292 872 (p.
3325 802 3447 873 551)
3483 803 3591 857 Va-

2022 894 2220 948 lentem
2253 893 2570 959 jamdudum
2606 891 2788 946 Basilii
2830 892 3082 946 audiendi
3122 895 3370 962 cupidum
3408 896 3590 960 fuisse,

2020 1000 2140 1040 cum
2173 985 2224 1038 in
2260 984 2546 1039 ecclesiam
2573 985 2769 1038 iterum
2797 985 2961 1047 venit,
2995 994 3051 1038 et
3083 999 3201 1037 cum
3238 1000 3302 1040 eo
3329 987 3470 1039 intra
3505 1003 3596 1042 ve.

2022 1077 2132 1130 lum
2163 1075 2460 1129 collocutus
2489 1083 2594 1128 est.
2624 1072 2871 1128 Nondum
2901 1090 3028 1143 ergo
3064 1074 3316 1128 Basilium
3352 1077 3596 1132 audierat

2022 1160 2406 1224 disserentem,
2440 1176 2503 1215 ac
2546 1159 2772 1230 proinde
2822 1177 2925 1214 non
2968 1162 3217 1217 adfuerat
3256 1178 3377 1216 cum
3419 1162 3596 1215 Mode-

2023 1262 2164 1307 stum
2206 1268 2268 1307 ac
2299 1254 2709 1309 Demosthenem
2742 1252 2970 1306 Basilius
2996 1262 3141 1307 tanta
3173 1256 3338 1308 animi
3380 1255 3598 1308 fortitu-

2022 1341 2148 1395 dine
2195 1342 2491 1410 superavit.
2542 1341 2677 1396 llinc
2721 1342 3016 1412 Gregorius
3072 1353 3354 1412 postquam
3415 1342 3594 1396 Basilii

2023 1449 2144 1488 cum
2176 1433 2432 1502 prznfceto
2468 1433 2705 1502 dialogos
2733 1434 2914 1487 retulit
2938 1475 2952 1499 ,
2981 1437 3174 1489 transit
3203 1437 3269 1489 ad
3306 1451 3366 1489 ea
3388 1450 3507 1505 qua:
3528 1437 3598 1489 ad

2024 1526 2194 1595 ipsum
2219 1525 2584 1591 imperatorem
2605 1524 2907 1594 prolocutus
2934 1535 3030 1580 est.

2094 1617 2149 1671 5°
2198 1615 2394 1669 Narrat
2440 1616 2581 1669 idem
2635 1614 2930 1685 Gregorius
2974 1619 3050 1686 (p.
3097 1616 3223 1688 350)
3275 1615 3598 1682 Modestum,

2026 1723 2186 1778 quam
2239 1707 2523 1761 celerrime
2576 1706 2766 1774 potuit,
2819 1707 2884 1761 ad
2935 1708 3314 1778 imperatorem
3364 1709 3599 1771 venisse,

345 1823 624 1890 ablegavit.
653 1839 754 1874 ηοη
771 1822 888 1891 jam
917 1837 1036 1874 cum
1069 1822 1254 1874 ίεεαεηι
1285 1822 1442 1874 mini,
1465 1860 1480 1883 ,
1507 1821 1597 1873 sed
1638 1836 1751 1873 cum
1789 1837 1921 1889 qua,
1955 1803 1999 1862 Β
2028 1801 2185 1870 eique
2219 1815 2380 1868 quam
2415 1799 2647 1854 invictus
2681 1807 2825 1854 esset
2861 1815 2924 1854 ac
2955 1800 3334 1868 insuperabilis
3373 1799 3606 1874 Basilius

344 1915 468 1966 dam
519 1915 807 1966 reverentia
860 1922 909 1966 et
956 1913 1314 1966 submissione.
1358 1911 1480 1979 Ipse
1515 1920 1722 1973 autem,
1763 1928 1924 1980 quant

345 2005 614 2060 celerrime
634 2007 827 2073 potuit,
849 2005 1215 2072 imperatorem
1255 2005 1436 2058 adiens
1463 2019 1480 2057 :
1506 2003 1819 2072 Imperator,
1843 2006 1925 2055 in-

343 2097 479 2167 quit,
507 2099 572 2150 ab
609 2098 769 2167 hujus
803 2096 1056 2151 Ecclesia:
1096 2099 1326 2150 antistite
1366 2099 1488 2150 victi
1522 2114 1724 2151 sumus.
1765 2097 1924 2150 Minis

348 2188 589 2253 superior
611 2197 709 2254 est,
735 2187 1061 2241 sermonibus
1096 2187 1322 2255 ﬁrmior,
1364 2188 1632 2241 verborum
1656 2187 1924 2241 blanditiis

346 2279 562 2348 fortior.
601 2277 940 2349 Ignaviarum
973 2281 1109 2332 alius
1161 2281 1420 2348 quispiam
1466 2281 1751 2332 lentandus
1799 2289 1922 2334 est:

345 2375 464 2424 auic
492 2383 692 2435 autem,
725 2381 818 2426 aut
839 2374 915 2427 vis
939 2382 1114 2440 aperte
1140 2374 1411 2442 inferenda
1431 2415 1447 2440 ,
1485 2383 1574 2426 aut
1607 2389 1710 2425 non
1745 2387 1927 2438 exspe-

344 2465 614 2523 ctandum,
645 2474 699 2515 ut
730 2465 882 2516 minis
905 2464 1074 2516 cedat.
1135 2475 1146 2524 ὶ

421 2553 508 2606 Ill.
544 2553 721 2607 Minus
749 2561 1005 2606 accurate
1035 2559 1280 2606 versatur
1325 2549 1700 2605 Tillemontius
1744 2549 1796 2604 in
1830 2550 1927 2603 ha-

344 2658 463 2696 rum
520 2658 698 2697 rerum
757 2641 896 2696 serie
976 2641 1326 2711 disponenda.
1406 2638 1540 2692 Nam
1614 2637 1924 2707 przefecttnu

346 2735 642 2798 existimat,
682 2744 804 2802 post
827 2734 1058 2801 primum
1094 2739 1388 2796 certamen,
1416 2731 1481 2783 ad
1519 2729 1802 2784 Valentem
1836 2743 1927 2782 ac-

347 2825 602 2887 currisse,
625 2823 784 2892 eique
820 2823 870 2875 in
901 2823 1113 2886 urbem,
1143 2831 1199 2874 ut
1226 2819 1687 2873 aitTheodoretus
1712 2817 1806 2871 lib.
1848 2831 1922 2878 Iv,

347 2931 397 2969 c.
439 2915 528 2978 i9,
578 2915 876 2968 introeunti
918 2922 1191 2982 acceptam
1235 2911 1440 2964 cladem
1485 2923 1754 2964 narrasse.
1788 2907 1925 2961 Tum

348 3007 629 3061 Valentem
669 3007 890 3071 iratum,
935 3004 1075 3074 quod
1119 3018 1223 3056 non
1264 3003 1437 3071 primo
1480 3001 1680 3069 impetu
1723 2997 1927 3052 fractus

347 3111 489 3154 esset
519 3099 771 3161 Basilius,
803 3107 1077 3151 certamen
1105 3094 1309 3165 ingredi
1347 3091 1614 3154 voluisse,
1648 3098 1703 3141 et
1729 3102 1926 3156 coquo-

350 3209 465 3246 rum
511 3191 797 3260 praeposito
846 3187 1189 3242 Demostheni
1221 3185 1323 3239 hoc.
1352 3198 1545 3236 munus
1571 3179 1924 3244 commisisse,

349 3283 677 3337 utBasilium
709 3282 962 3335 audiente
992 3296 1049 3334 se
1081 3286 1432 3348 oppugnaret.

422 3375 530 3428 Sed
583 3376 723 3428 inter
769 3373 994 3442 primam
1031 3371 1174 3426 illam
1215 3385 1448 3441 pugnam
1490 3377 1545 3424 et
1591 3363 1930 3436 imperatoris

315 3517 318 3519 Α
355 3468 644 3522 adventum
681 3466 844 3518 multa
869 3467 1310 3526 intercesserunt,
1341 3460 1607 3530 imprimis
1636 3459 1928 3514 secundum

365 3559 492 3612 illud
536 3574 658 3611 cum
691 3570 987 3624 coquorum
1041 3554 1323 3623 praeposito
1371 3561 1665 3612 certamen,
1711 3548 1792 3602 cui
1827 3562 1929 3600 non

358 3649 604 3704 interfurit
645 3649 960 3714 imperator.
1037 3643 1306 3712 Decepere
1365 3641 1764 3695 Tillemontium
1821 3636 1933 3690 lucc

352 3745 518 3796 verba
544 3739 775 3810 Nysseni
815 3737 889 3808 (p.
920 3736 1067 3805 3M),
1099 3734 1214 3786 ἀλλ’
1242 3733 1521 3803 ἐκδέχεται
1550 3730 1754 3783 πάλινὸ
1781 3727 1933 3797 βασι-

353 3834 477 3894 λεὺς
515 3830 613 3902 τὴν
661 3833 856 3899 πεῖραν
894 3826 1075 3888 αὐτός.
1109 3824 1216 3878 Sed
1261 3825 1450 3876 iterum
1503 3820 1768 3889 experitur
1827 3819 1933 3883 ipse

353 3926 663 3992 imperator.
706 3921 778 3973 At
827 3918 1098 3988 quomodo
1141 3923 1396 3983 expertus
1427 3913 1518 3977 sit,
1549 3911 1791 3983 iudicant
1817 3923 1934 3976 qua:

354 4024 656 4082 sequuntur
688 4031 701 4064 :
733 4008 1184 4076 Quemadmodum
1206 4007 1372 4074 igitur
1393 4021 1547 4070 Opera
1577 4003 1726 4070 coqui
1749 3999 1935 4053 Nabu-

357 4108 582 4169 zardan,
612 4104 808 4172 inquit,
839 4101 1087 4168 Assyrius
1117 4097 1241 4150 olim
1283 4094 1530 4162 templum
1571 4093 1933 4146 lsraelitarum

355 4202 534 4256 evertit
599 4213 616 4251 :
666 4199 743 4250 ita
784 4205 830 4248 et
878 4196 973 4246 iste
1019 4189 1360 4244 Demostheni
1397 4189 1604 4240 cuidam
1654 4198 1934 4254 coquorum

355 4290 660 4361 prirposito,
686 4297 744 4339 ut
769 4287 890 4338 aliis
921 4282 1199 4336 audaciori
1221 4320 1236 4343 ,
1265 4282 1361 4331 hac
1395 4279 1645 4331 mandatu
1670 4274 1936 4343 provincia

354 4380 570 4448 putabat
630 4394 685 4430 se
744 4374 1094 4444 perfecturum
1151 4369 1407 4439 quidquid
1469 4381 1740 4436 aggressus
1798 4371 1934 4417 erat.

2027 1890 2336 1945 declarasse
2361 1905 2376 1954 ;
2401 1904 2571 1958 quare
2606 1897 2698 1942 aut
2727 1891 2832 1942 vim
2873 1891 2920 1944 ei
2951 1890 3283 1943 inferendam
3305 1931 3319 1955 ,
3361 1899 3454 1944 aut
3497 1905 3603 1944 non

2025 1979 2442 2050 exspectandum
2471 1992 2528 2033 ut
2551 1981 2709 2034 minis
2733 1981 2918 2034 cedat:
2945 1990 3053 2033 tum
3076 1995 3201 2034 vero
3231 1981 3604 2048 imperatorem

2028 2079 2188 2123 tanta:
2231 2072 2442 2124 virtutis
2475 2072 2835 2125 admiratione
2881 2086 3011 2125 sese
3061 2071 3363 2140 collegisse,
3400 2086 3461 2124 ac
3514 2085 3606 2123 ve-

2032 2163 2199 2216 tuisse
2227 2178 2292 2216 ne
2321 2162 2403 2216 vis
2434 2161 2633 2216 Basilio
2665 2161 2978 2224 inferretur,
3017 2171 3070 2214 et
3113 2177 3235 2214 cum
3285 2160 3426 2213 illius
3457 2175 3605 2214 com-

2033 2251 2341 2304 munionem
2394 2267 2498 2304 non
2551 2253 2777 2306 auderet
2807 2253 3056 2320 amplecti
3099 2252 3310 2320 (pudori
3355 2251 3497 2304 enim
3530 2250 3602 2304 illi

2029 2354 2146 2398 erat
2199 2346 2522 2417 immutatio)
2579 2346 2814 2399 maxime
2860 2346 3111 2400 decoram
3158 2345 3206 2400 ei
3240 2344 3604 2400 satisfaciendi

2026 2436 2167 2489 viam
2207 2437 2486 2505 qumslisse
2528 2445 2578 2489 et
2622 2435 2824 2488 idcirco
2872 2436 2925 2489 in
2951 2436 3232 2507 ecclesiam
3266 2437 3495 2490 venisse.
3526 2435 3604 2489 Ex

2028 2531 2226 2599 quibus
2271 2530 2596 2598 perspicitur
2635 2545 2734 2582 nec
2776 2527 3071 2582 Modestum
3129 2529 3310 2581 statim
3343 2536 3460 2597 post
3489 2527 3602 2596 pri-

2028 2636 2174 2674 mum
2202 2629 2481 2674 certamen
2511 2619 2576 2671 ad
2611 2617 2988 2685 imperatorem
3019 2616 3228 2670 venisse
3254 2617 3425 2684 (illum
3459 2615 3604 2668 enim

2028 2708 2182 2762 furiis
2233 2708 2468 2762 incendit
2514 2709 2626 2761 lucc
2666 2706 2851 2774 prinue
2899 2707 3066 2760 cladis
3115 2705 3455 2775 ignominia),
3504 2721 3606 2758 nec

2030 2800 2308 2855 Valentem
2358 2799 2513 2852 alteri
2556 2797 2864 2852 interfuisse
2899 2812 3123 2866 pugnae;
3169 2797 3430 2864 siquidem
3475 2795 3606 2866 quid

2029 2895 2080 2948 in
2106 2910 2168 2948 ea
2196 2901 2405 2964 gestum
2431 2901 2595 2955 esset,
2627 2907 2692 2944 ex
2721 2889 2977 2958 praefecto
2995 2890 3266 2958 cognovit.

2100 2985 2282 3055 Neque
2303 2985 2465 3038 etiam
2512 2981 2961 3036 accuratissimus
3003 2979 3104 3033 fuit
3131 2978 3507 3033 Tillemontius
3549 2977 3604 3030 in

2037 3078 2215 3134 Basilii
2245 3077 2436 3147 pugnis
2463 3074 2833 3129 numerandis.
2860 3071 2988 3138 Qua:
3012 3072 3155 3125 enim
3181 3077 3374 3124 coram'
3393 3085 3604 3140 przepo-

2029 3171 2136 3224 sito
2178 3182 2472 3237 coquorutn
2519 3176 2664 3236 gesta
2718 3174 2908 3218 narrat
2959 3161 3255 3233 Nyssenus,
3301 3162 3414 3214 haec
3443 3159 3606 3213 Tille-

2031 3262 2269 3316 montius
2328 3261 2381 3313 in
2427 3243 2538 3312 duo
2585 3259 2795 3311 diversa
2847 3255 3028 3321 praelia
3092 3253 3301 3316 dividit,
3356 3251 3606 3321 quamvis

2030 3367 2193 3405 unum
2243 3363 2464 3418 prorsus
2492 3348 2785 3410 exstiterit,
2822 3346 2963 3415 quod
2999 3345 3238 3413 quidem,
3281 3344 3380 3394 etsi
3419 3341 3608 3410 praec3~

2033 3458 2150 3511 pua:
2171 3438 2513 3509 oppugnandi
2552 3446 2732 3506 partes
2779 3432 3122 3489 Demostheni
3163 3431 3466 3485 commissa:
3492 3429 3608 3484 fue-

2031 3543 2177 3594 runt,
2230 3530 2473 3585 omnium
2529 3538 2704 3580 tamen
2759 3535 3066 3596 magnalum
3112 3522 3609 3592 frcquentia,quos

2033 3625 2229 3693 impius
2260 3623 2478 3692 quidam
2514 3635 2578 3673 ex
2627 3619 2840 3689 Illyrico
2876 3617 3148 3687 profectus
3186 3626 3609 3680 eonvocaverat,

2033 3732 2095 3768 ac
2122 3715 2291 3781 ipsius
2315 3712 2553 3783 praefecti
2584 3710 2870 3780 praesentia
2904 3707 3234 3763 celebratmn
3258 3705 3378 3760 fuit.
3405 3706 3608 3772 Quam-

2033 3809 2114 3862 vis
2137 3815 2314 3860 autem
2339 3807 2474 3859 duas
2506 3812 2713 3857 tantum
2741 3801 2981 3870 insignes
3015 3815 3220 3869 pugnas
3247 3797 3449 3852 referat
3482 3797 3611 3868 Nys-

2032 3915 2225 3964 senus,
2249 3896 2542 3953 verisimile
2569 3906 2654 3950 est
2690 3903 2869 3947 tanton
2902 3893 3081 3962 plures
3124 3892 3255 3945 alias
3285 3889 3610 3944 sustinuisse

1981 4001 1988 4006 '
2033 3993 2290 4046 Basiliam
2335 3989 2543 4056 :idque
2596 3988 2710 4056 ipse
2756 4002 2859 4039 non
2893 3986 3126 4038 obscure
3173 3982 3376 4035 indicat
3409 3982 3460 4034 in
3489 3980 3607 4048 epi-

2035 4083 2170 4140 stola
2204 4083 2269 4136 ad
2293 4080 2660 4142 Eustathium,
2693 4077 2780 4130 cui
2809 4085 2993 4129 narrat
3020 4074 3119 4128 sibi
3141 4075 3252 4143 jam
3296 4088 3500 4141 pugnas
3520 4069 3611 4125 ali-

2033 4189 2190 4244 quas,
2221 4185 2420 4235 easque
2464 4171 2598 4224 satis
2634 4170 2980 4223 vehementes
3015 4167 3181 4220 fuisse
3230 4180 3350 4218 cum
3402 4164 3612 4232 magnis

2034 4266 2410 4339 potestatibus,
2456 4260 2713 4331 praefecto
2756 4267 2811 4312 et
2857 4256 3088 4310 cubiculi
3139 4254 3450 4323 praeposito.
3501 4252 3610 4306 Na-

2037 4362 2327 4414 zianzenus
2373 4365 2428 4410 et
2461 4370 2526 4407 ex
2575 4351 2818 4422 judicum
2870 4349 3083 4412 ordine,
3120 4357 3174 4401 et
3203 4361 3267 4399 ex
3309 4344 3524 4398 militari
3557 4352 3611 4396 et

355 4437 476 4540 ipse
502 4471 664 4525 etiam
699 4437 1068 4522 Nazianzenus
1099 4437 1174 4534 (p.
1213 4437 1339 4529 548)
1388 4461 1698 4531 prarfcctum
1730 4472 1928 4524 coquo-
1964 4479 2007 4532 ο
2035 4469 2100 4508 ex
2123 4451 2401 4520 Gynmczeo
2424 4444 2696 4540 immissos
2720 4455 2838 4540 esse
2861 4439 3044 4540 aitqui
3068 4437 3322 4492 Basiliam
3347 4450 3613 4536 Oppugna-

357 4578 479 4617 rum
515 4569 763 4614 numerat
786 4559 926 4611 inter
959 4571 1050 4610 eos
1071 4597 1085 4620 ,
1113 4555 1203 4622 qui
1232 4554 1298 4606 ad
1327 4552 1580 4606 Basilium
1621 4549 1767 4603 missi
1803 4558 1928 4601 sunt

359 4674 389 4710 a
435 4655 689 4719 Valente;
717 4653 859 4722 quod
900 4659 1216 4720 argumento
1245 4656 1331 4700 est
1360 4661 1463 4698 non
1508 4642 1818 4696 interfuisse
1849 4641 1932 4693 his

358 4748 556 4818 pugnis
609 4746 1026 4814 imperatorem;
1091 4740 1182 4794 sed
1230 4737 1376 4792 vices
1424 4750 1552 4790 suas
1603 4731 1937 4787 commisisse

357 4838 708 4894 Demostheni
756 4853 769 4887 :
821 4837 980 4901 idque
1022 4831 1320 4886 .conlirmat
1393 4825 1622 4898 Nysseni
1677 4825 1932 4878 narratio.

358 4931 497 4986 Nam
527 4945 650 4985 cum
685 4927 1074 4984 Demosthenes
1112 4922 1294 4978 omnia
1333 4919 1621 4982 misceret,
1653 4932 1716 4971 ac
1741 4917 1937 4985 impius

359 5023 582 5092 quidam
609 5035 676 5074 ex
722 5017 960 5087 Illyrico,
992 5015 1081 5083 qui
1129 5009 1356 5065 tabellas
1405 5007 1654 5061 manibus
1707 5005 1932 5068 ferebat,

357 5125 614 5182 proceres
641 5122 832 5163 omnes
875 5105 942 5159 ad
975 5106 1075 5158 hoc
1124 5097 1490 5169 spectaculum
1546 5105 1932 5160 convocasset;

361 5211 595 5267 cumque
626 5209 814 5249 rursus
859 5193 994 5245 iram
1034 5203 1184 5244 suam
1228 5185 1500 5238 Modestus
1544 5183 1932 5244 vehementius,

358 5305 524 5358 quam
560 5296 742 5348 antea,
774 5282 1147 5343 accendisset,
1172 5290 1338 5345 seque
1369 5289 1557 5329 omnes
1602 5275 1667 5326 ad
1697 5271 1935 5328 Valentis

358 5379 696 5435 iracundiam
724 5375 1016 5444 fingerent,
1038 5380 1091 5423 et
1120 5385 1242 5424 cum
1266 5383 1331 5423 eo
1356 5367 1666 5435 indignante
1691 5362 1934 5430 indigna-

358 5480 570 5532 rentur,
598 5481 808 5522 summa
840 5472 963 5518 erat
991 5461 1300 5514 futurorum
1334 5457 1688 5526 exspectatio.
1726 5453 1934 5507 Rursus

355 5562 498 5616 cnim
537 5559 626 5613 ille
661 5555 971 5626 praefectus,
1006 5567 1192 5605 rursus
1237 5559 1469 5604 terrores
1503 5555 1557 5600 et
1597 5546 1754 5598 minae
1790 5545 1933 5614 prio-

353 5655 503 5706 ribus
526 5649 826 5720 graviores,
855 5661 921 5699 ac
967 5646 1050 5697 ira
1073 5643 1449 5698 vehementior
1491 5655 1502 5690 :
1536 5637 1812 5708 judicialis
1839 5653 1932 5705 ap-

351 5753 598 5814 paratus,
622 5753 920 5810 praccones,
953 5734 1309 5805 apparitores,
1351 5731 1589 5797 lictores,
1615 5727 1836 5785 cancelli
1879 5737 1935 5784 et

2044 4556 2188 4606 rent,
2211 4556 2273 4594 ac
2302 4540 2439 4593 idem
2467 4550 2661 4589 munus
2684 4533 2784 4602 ipsi
2810 4533 2972 4587 etiam
3003 4544 3297 4598 coquerqu
3329 4527 3613 4596 praeposito

2042 4634 2388 4691 commissum
2420 4627 2603 4681 fuisse.

2107 4727 2333 4781 Videtur
2367 4721 2546 4788 aliqua
2572 4720 2748 4774 inesse
2788 4719 2930 4770 inter
2974 4724 3265 4778 utrumque
3292 4708 3610 4778 Gregorium

2037 4815 2418 4886 discrepantia.
2443 4813 2572 4867 Nam
2599 4826 2720 4866 cum
2745 4817 2974 4876 uterque
2993 4805 3178 4858 eadem
3211 4801 3393 4855 Basilii
3427 4816 3610 4854 coram

2035 4909 2292 4982 przefecw
2315 4908 2453 4960 dicta
2471 4903 2704 4965 referat;
2730 4899 3004 4969 Nyssetms
3031 4891 3325 4948 hacBasilii
3361 4901 3614 4946 constan-

2037 4981 2108 5054 tia
2128 5001 2260 5053 iram
2283 4995 2522 5049 Valentis
2547 5005 2827 5047 accensam
2848 4987 3014 5040 fuisse
3034 4983 3189 5048 dicit,
3211 4997 3444 5050 eumque
3465 4981 3611 5033 vices

2034 5091 2216 5148 Basilii
2244 5091 2435 5143 iterum
2460 5080 2798 5154 Oppugnandi
2835 5076 3169 5134 commisisse
3195 5071 3539 5127 Demostheni
3592 5087 3607 5123 :

2036 5194 2222 5237 contra
2258 5178 2629 5234 Nazianzenus
2674 5171 3007 5227 iracundiam
3052 5165 3393 5222 admirationi
3434 5163 3608 5217 locum

2035 5271 2287 5334 cessisse,
2301 5284 2366 5323 ac
2392 5269 2626 5321 vetuisse
2647 5264 3048 5330 imperatorem,
3071 5274 3136 5312 ne
3153 5257 3273 5325 quis
3289 5253 3486 5308 Basilio
3502 5252 3610 5306 vim

2036 5362 2282 5416 inferret.
2317 5359 2456 5425 Ergo
2483 5357 2743 5409 alteruter
2765 5350 2948 5405 Basilii
2987 5351 3257 5405 dicta-non
3291 5348 3426 5401 satis
3449 5361 3613 5399 accu-

2035 5463 2152 5506 rato
2181 5448 2372 5504 ordine
2401 5445 2604 5500 retulit.
2632 5442 2766 5496 Nam
2801 5441 2866 5492 de
2895 5439 3131 5493 historia:
3165 5451 3394 5498 summa,
3421 5434 3610 5504 pugnis

2035 5558 2140 5597 non
2205 5539 2368 5595 semel
2425 5535 2764 5601 commissis,
2809 5550 2872 5588 ac
2914 5531 3255 5603 optatissime
3292 5530 3612 5583 constantia:

2037 5633 2220 5689 Basilii
2245 5631 2392 5684 exitu
2424 5627 2654 5682 mirifice
2685 5627 2827 5680 inter
2858 5633 3148 5690 utrumque
3179 5619 3450 5673 convenit.

2106 5723 2194 5779 IV.
2239 5722 2370 5778 Dum
2398 5718 2626 5775 Basilius
2656 5719 2768 5774 hazc
2793 5718 3020 5773 sustinet
3063 5712 3278 5784 pra-lia;
3307 5706 3611 5765 Eustathius
