3958 6212
313 312 452 350 LXXX

1679 284 2209 347 PROLEGOMENA.

310 408 646 465 Sebastenus
686 404 846 459 mittit
877 406 924 459 ei
951 420 1073 459 cum
1118 403 1316 458 litteris
1346 402 1700 471 Eleusiniam,
1736 419 1898 458 unmu
1930 406 1975 461 Α
2002 411 2087 456 tus
2110 401 2381 470 impletur.
2414 399 2582 469 Atque
2623 397 2676 449 id
2702 396 2963 466 plerisque
3005 393 3176 448 adhuc
3216 394 3493 448 obscurum
3517 405 3564 449 et

312 510 372 554 ut
409 498 706 556 verisimile
748 507 852 564 est,
918 511 984 551 ex
1040 496 1315 563 discipulis
1347 496 1480 558 suis,
1517 495 1609 563 qui
1660 498 1889 550 certauti

310 592 526 645 adesset
567 605 632 645 ac
670 590 950 659 suppetias
999 589 1161 642 ferret
1216 587 1439 641 Basilio.
1487 587 1799 655 Respondet
1842 587 1891 641 ei

308 682 543 737 Basilius
571 682 672 737 sibi
705 680 806 754 (a),
836 690 1123 748 antequam
1173 678 1316 732 illius
1354 678 1562 732 litteras
1601 676 1890 746 acciperet,

310 790 630 846 persuasum
656 775 826 829 fuisse
863 776 928 829 de
958 774 1099 827 illius
1127 787 1253 842 erga
1278 785 1483 834 omnes,
1505 771 1741 825 maxime
1764 785 1896 825 vero

308 882 436 935 erga
475 883 536 923 se
575 867 883 931 charitate;
927 865 1071 919 illius
1107 874 1286 919 autem
1329 863 1567 932 acceptis
1606 862 1801 917 litteris
1840 869 1894 917 et

311 970 604 1027 conspecto
642 958 936 1025 Eleusinio,
981 957 1185 1027 gratias
1233 968 1293 1009 se
1344 954 1453 1009 Deo
1501 955 1699 1025 egisse,
1750 954 1894 1022 quod

312 1051 414 1105 sibi
446 1052 607 1103 talem
640 1051 939 1120 adiutorem
967 1058 1020 1103 et
1057 1049 1480 1105 commilitonem
1513 1050 1895 1101 concessisset.

313 1137 516 1193 Narrat
537 1154 595 1194 se
619 1141 671 1193 in
697 1140 893 1209 pugnis
923 1140 1362 1202 vehementibus,
1395 1151 1528 1205 quas
1551 1138 1661 1206 iam
1692 1135 1896 1190 habue-

315 1240 402 1284 rat
443 1246 566 1285 eum
610 1231 820 1298 magnis
861 1231 1255 1299 potestatibus,
1302 1228 1557 1299 praefecto
1583 1236 1639 1281 et
1665 1226 1895 1281 cubiculi

314 1321 632 1388 praeposito,
662 1334 875 1373 omnem
904 1319 1163 1374 assultum
1208 1320 1529 1374 inconcusso
1568 1316 1750 1372 animo
1776 1331 1897 1371 sus-

317 1411 578 1474 tinuisse,
615 1410 724 1464 Deo
766 1410 1186 1465 imbecillitatem
1227 1410 1639 1471 corroborante.
1684 1406 1895 1477 Scripta

318 1502 532 1558 videtur
573 1502 691 1563 hmo
747 1503 970 1573 epistola
1019 1513 1144 1556 ante
1208 1502 1549 1570 imperatoris
1607 1501 1895 1554 adventum

317 1610 381 1649 ac
419 1596 556 1650 fbrle
580 1596 742 1647 etiam
773 1605 900 1649 ante
944 1595 1071 1649 illud
1112 1596 1406 1649 veheu‘iens
1443 1608 1565 1648 cum
1598 1608 1899 1665 coquorum

317 1680 608 1748 pratposito
639 1686 938 1744 certamen,
967 1679 1033 1732 de
1059 1693 1167 1746 quo
1193 1677 1326 1731 nihil
1356 1676 1609 1732 Basilius.

2003 493 2326 560 incognitum
2352 499 2484 544 erat.
2534 486 2728 542 Verum
2755 502 2874 539 cum
2895 485 3058 546 dona,
3083 499 3201 554 quae
3235 484 3450 548 ipsemet
3485 492 3569 555 el-

1995 585 2208 654 fecerat,
2232 584 2420 637 diuina:
2441 596 2633 635 mensae
2650 577 2918 648 offerenda
2938 586 3123 638 essent,
3146 591 3238 629 nec
3265 578 3567 646 quisquam,

1995 690 2050 732 ut
2071 696 2184 733 mos
2216 677 2436 747 ferebat,
2480 675 2645 730 simul
2676 692 2737 729 ea
2775 681 2982 741 caperet
3011 671 3173 742 (quod
3202 688 3304 726 non
3333 672 3466 725 satis
3500 672 3573 724 li-

1994 780 2196 840 queret,
2230 785 2299 823 an
2349 785 2409 822 ea
2444 767 2676 821 Basilius
2727 774 3038 832 accepturus
3086 763 3260 832 esset)
3307 773 3417 816 tum
3452 778 3575 818 vero

1997 861 2271 929 manifeste
2302 875 2358 913 se
2381 859 2603 927 o/fectus
2642 855 2896 926 prodidit.
2938 853 3024 908 Ita
3049 853 3189 908 enim
3216 854 3448 907 titubare
3467 868 3573 907 ca:-

1996 955 2090 1021 pit.
2112 960 2170 1004 ut
2199 952 2303 1004 nisi
2328 951 2594 1018 quispiam
2650 962 2716 1002 ea:
2758 945 2986 1001 sacrarii
3024 945 3279 999 ministris
3312 944 3576 998 oacillan-
3611 1012 3622 1023 ο

1946 1040 1954 1047 ’
1997 1053 2095 1098 tem
2120 1043 2391 1111 supposita
2420 1056 2583 1094 manu
2614 1038 2938 1106 retinuisset,
2966 1037 3154 1092 misere
3189 1038 3366 1109 utique
3403 1047 3453 1093 et
3488 1037 3577 1092 lu-

1997 1145 2176 1189 ctuose
2197 1133 2553 1203 prolapsurus
2588 1131 2772 1201 fuerit.

2071 1224 2375 1279 Verisimile
2421 1238 2528 1278 non
2561 1231 2645 1277 est
2679 1219 2960 1274 Valentem
3005 1218 3188 1274 Basilii
3237 1233 3397 1273 manu
3425 1232 3579 1273 com—

1998 1317 2308 1372 munionem
2339 1330 2554 1371 sacram
2594 1313 2896 1381 accepisse,
2933 1325 3058 1366 eum
3093 1311 3391 1380 Gregorius
3426 1312 3579 1364 dicat

1999 1422 2119 1461 eum
2139 1422 2259 1461 cum
2294 1405 2495 1461 Basilio
2511 1404 2881 1474 perfunctorie
2898 1403 3334 1476 coniunctionem
3364 1400 3575 1456 iniisse.

2005 1496 2224 1552 Videtur
2254 1507 2434 1551 autem
2468 1495 2701 1550 Basilius
2756 1495 2809 1550 in
2857 1496 2998 1551 illius
3048 1495 3207 1550 donis
3239 1492 3578 1562 accipiendis

2001 1588 2121 1658 plus
2146 1588 2482 1643 consuluisse
2513 1586 2771 1642 Ecclesia:
2797 1587 2941 1657 paci,
2988 1602 3147 1657 quam
3190 1587 3364 1655 legum
3399 1584 3580 1638 eccle-

2004 1681 2344 1737 siasticarum
2375 1679 2649 1735 severitati
2683 1678 2778 1750 (b).
2809 1679 3108 1733 Consmntii
3135 1678 3271 1733 dona
3293 1677 3402 1732 alto
3425 1676 3577 1731 vultu

390 1770 600 1838 Scripta
652 1771 814 1822 etiam
873 1772 927 1823 in
962 1770 1060 1822 hac
1104 1768 1367 1822 horrenda
1420 1778 1721 1836 tempestate
1787 1769 1898 1837 epi-
1930 1750 1972 1805 Β
2004 1772 2194 1841 reiecit
2220 1770 2496 1837 Liberius,
2525 1771 2621 1826 sed
2654 1771 2706 1825 in
2752 1770 3023 1825 dissimilii
3059 1770 3366 1825 occasione.
3409 1768 3580 1823 Pares

317 1859 452 1914 stola
488 1859 557 1913 80
584 1859 649 1912 ad
676 1866 921 1912 sanctum
942 1859 1292 1912 Athanasium
1317 1897 1332 1919 .
1372 1859 1457 1913 cui
1489 1858 1716 1912 Basilius
1744 1859 1896 1913 dolo-

317 1966 434 2006 rem
475 1966 631 2005 suum
678 1950 949 2020 significat
982 1950 1124 2019 quod
1164 1950 1395 2004 oblatam
1432 1951 1498 2003 ad
1523 1964 1583 2004 se
1628 1949 1899 2004 scribendi

318 2041 553 2110 aliquam
609 2044 951 2097 occasionem
987 2042 1440 2111 praetermisisset.
1477 2040 1897 2097 Praeclarissime

320 2148 505 2187 secum
563 2133 649 2203 agi
704 2135 1068 2188 existimasset
1107 2131 1361 2198 Basilius,
1409 2131 1456 2186 si
1501 2134 1568 2187 ad
1617 2132 1897 2188 historiam

316 2226 444 2279 vitae
472 2241 581 2279 sua:
608 2240 961 2294 congressum
985 2240 1107 2280 cum
1140 2223 1198 2279 S.
1224 2224 1523 2279 Athanasio
1560 2222 1868 2292 adiecisset.

390 2316 454 2373 V.
497 2316 591 2371 His
624 2333 741 2387 qua:
771 2318 835 2371 de
862 2317 1059 2372 Basilio
1095 2326 1310 2371 narrata
1329 2316 1542 2371 fuerant
1566 2333 1596 2370 a
1622 2315 1899 2386 praefecto,

316 2406 596 2476 perculsus
622 2416 701 2461 est
734 2406 952 2471 Valens,
972 2421 1038 2461 ac
1059 2407 1230 2460 instar
1247 2405 1374 2460 ferri
1398 2407 1732 2470 immutatus,
1749 2406 1894 2475 quod

323 2496 448 2565 igne
475 2496 691 2564 quidem
714 2496 1010 2562 emollitur,
1039 2497 1132 2551 sed
1161 2505 1338 2551 tamen
1365 2495 1495 2550 ferri
1522 2506 1772 2550 naturam
1803 2511 1897 2551 τοι·

321 2587 478 2643 tinet.
511 2588 698 2657 Itaque
733 2589 895 2643 minis
942 2589 995 2643 in
1037 2588 1451 2643 admirationem
1479 2590 1778 2655 conversis,
1813 2588 1898 2643 fa»

320 2687 470 2735 ctum
510 2695 666 2734 suum
713 2681 1007 2749 improbat,
1040 2680 1147 2734 vim
1181 2679 1384 2734 Basilio
1417 2679 1808 2746 vetatinferri;
1842 2689 1898 2736 et

320 2786 449 2827 cum
485 2771 654 2840 ipsius
681 2771 1117 2826 communionem
1146 2770 1398 2840 amplecti
1438 2771 1608 2838 pudor
1636 2771 1896 2839 prohibe-

322 2871 426 2929 ret,
470 2861 705 2930 aliquam
741 2871 918 2914 tamen
969 2862 1017 2915 ei
1060 2859 1427 2915 satisfaciendi
1461 2861 1722 2913 rationem
1750 2874 1898 2928 qua:-

322 2950 494 3015 rebat,
517 2965 635 3020 quae
660 2950 764 3003 sibi
797 2949 1051 3003 indecora
1075 2963 1182 3002 non
1205 2956 1370 3003 esset.
1403 2946 1555 3002 Hanc
1576 2958 1758 3002 autem
1789 2964 1899 3002 ma-

323 3043 469 3097 xime
514 3043 765 3096 decoram
808 3039 1095 3110 iudicavit.
1150 3037 1324 3093 Sacro
1363 3039 1450 3092 die
1484 3037 1798 3106 Epiphania-
1839 3037 1892 3091 in

326 3133 588 3201 templum
643 3131 921 3199 ingressus
985 3144 1107 3183 cum
1153 3127 1446 3183 satellitqu
1490 3145 1673 3192 manu,
1708 3145 1899 3185 nume-

324 3235 446 3276 rum
473 3220 735 3273 laicorum
765 3222 955 3283 auxit,
1005 3231 1173 3284 seque
1212 3219 1314 3273 hoc
1362 3220 1523 3272 modo
1563 3218 1901 3275 defunctorie

325 3328 448 3367 cum
481 3310 677 3364 Basilio
713 3309 1021 3378 conjunxit.
1078 3308 1304 3363 Videtur
1352 3306 1549 3363 Valens
1593 3309 1900 3365 Caesaream

326 3417 432 3456 non
463 3402 629 3456 multo
657 3412 781 3456 ante
808 3402 949 3454 diem
978 3399 1178 3453 festum
1216 3399 1524 3454 advenisse.
1549 3398 1681 3453 Nam
1716 3399 1760 3454 si
1779 3415 1902 3470 spa-

330 3495 464 3548 tium
493 3494 677 3547 Ariani
707 3494 1025 3548 habuissent
1054 3491 1197 3546 illius
1225 3491 1421 3545 iterum
1453 3492 1791 3555 incendendi,
1820 3493 1901 3547 fa-

328 3587 430 3642 cile
455 3586 529 3639 illi
555 3600 722 3641 novas
761 3584 1057 3639 iracundia:
1087 3582 1231 3638 faces
1254 3585 1647 3640 admovissent.
1679 3583 1736 3639 ld
1754 3586 1898 3640 enim

328 3697 433 3736 non
461 3680 627 3735 semel
660 3679 1025 3749 perfecerunt,
1064 3680 1136 3732 ita
1171 3687 1229 3733 ut
1264 3677 1511 3733 Valentis
1537 3680 1753 3734 animus
1777 3695 1903 3748 per-

326 3782 543 3843 petuam
580 3772 831 3827 habuerit
854 3770 1149 3825 iracundia:
1182 3770 1237 3824 in
1268 3768 1525 3824 Basilium
1567 3780 1621 3824 et
1649 3785 1903 3826 reveren-

327 3869 418 3922 tia:
450 3867 891 3921 vicissitudinem.
956 3921 960 3925 ,

398 3957 533 4011 lllud
566 3966 743 4010 autem
772 3957 994 4009 minime
1030 3954 1469 4024 praetereundum
1490 3993 1505 4017 ,
1544 3954 1688 4021 quod
1713 3968 1778 4008 eo
1820 3954 1906 4009 die

327 4051 577 4106 evenisse
618 4058 805 4102 narrat
830 4047 1126 4116 Gregorius
1175 4045 1568 4099 Nazianzenus.
1613 4041 1902 4114 Postquam

327 4140 487 4207 enim,
515 4141 711 4208 inquit,
736 4143 879 4193 intus
920 4140 1046 4207 fuit,
1076 4150 1231 4209 atque
1273 4138 1439 4206 ipsius
1478 4153 1632 4191 aures
1683 4138 1908 4207 psalmo-

330 4248 449 4287 rum
479 4243 658 4297 cantu,
697 4247 800 4285 non
825 4247 972 4285 secus
1000 4247 1063 4284 ac
1090 4230 1321 4283 tonitruo
1368 4230 1593 4298 quodam
1624 4248 1906 4299 personue-

330 4334 476 4389 runt,
499 4324 762 4394 plebisque
788 4325 1004 4394 pelagus
1037 4322 1185 4387 uidit,
1232 4338 1541 4390 ontnemque
1587 4323 1823 4376 ordinem
1854 4332 1902 4376 et

1999 1862 2212 1932 quidem
2229 1871 2386 1918 erant
2419 1860 2768 1917 Constantius
2794 1869 2850 1916 et
2879 1861 3079 1916 Valens
3105 1859 3293 1914 haeresi
3312 1869 3364 1914 et
3382 1859 3579 1914 catho—

2001 1953 2116 2007 liae
2137 1954 2259 2008 fidei
2285 1955 2432 2022 odio,
2456 1962 2513 2008 et
2534 1953 2671 2008 alter
2706 1952 2923 2024 quidem
2953 1952 3400 2016 catechumeuus,
3434 1949 3580 2005 alter

1998 2044 2066 2099 ab
2098 2044 2372 2099 haereticis
2409 2045 2716 2113 baptizatus
2749 2062 2763 2099 :
2799 2045 2897 2099 sed
2946 2041 3297 2098 Constantius
3336 2055 3434 2109 per
3476 2056 3579 2096 eu—

2001 2138 2237 2192 nuchum
2256 2137 2548 2192 Eusebium
2571 2137 2708 2191 dona
2726 2137 2973 2191 mittebat
2989 2132 3369 2205 corrumpendi
3383 2148 3576 2199 causa;

2003 2240 2060 2282 at
2083 2228 2283 2285 Valens
2323 2229 2442 2298 ipse
2467 2227 2783 2297 suppliciter
2817 2225 3100 2293 offerebat,
3136 2233 3197 2279 ut
3226 2240 3337 2279 suae
3374 2223 3429 2278 in
3465 2224 3575 2278 Ba-

1999 2321 2178 2376 silium
2214 2319 2576 2375 observantiae
2616 2319 2852 2389 aliquam
2907 2317 3358 2387 significationem
3391 2316 3573 2369 daret.

1999 2410 2256 2478 Quaenam
2297 2419 2474 2465 autem
2519 2410 2605 2464 illa
2633 2409 2944 2465 exstiterint
2973 2408 3111 2462 dona
3134 2450 3149 2472 ,
3180 2420 3411 2475 quorum
3460 2405 3581 2475 opi-

1999 2503 2087 2558 fex
2129 2501 2345 2566 Valens,
2379 2518 2485 2558 nou
2519 2503 2678 2558 facile
2699 2511 2785 2557 est
2810 2511 3073 2556 statuere.
3128 2499 3274 2552 Dona
3307 2497 3465 2551 altari
3492 2498 3583 2551 of-

1999 2595 2128 2650 ferri
2160 2606 2414 2651 consueta
2448 2595 2700 2664 intelligit
2740 2592 3113 2649 Theodoretus
3154 2592 3270 2663 (c):
3308 2606 3438 2645 vasa
3473 2606 3578 2645 au-

2000 2703 2088 2743 rea
2119 2685 2336 2741 Nieetas
2369 2686 2537 2755 ipsius
2580 2685 2821 2741 Valentis
2870 2700 3031 2739 manu
3069 2683 3352 2738 fabricata.

2070 2778 2221 2832 Nulla
2246 2795 2312 2833 eo
2343 2781 2430 2833 die
2454 2779 2711 2833 Basilium
2735 2780 2879 2833 inter
2899 2785 2954 2832 et
2981 2776 3259 2832 Valentem
3283 2775 3435 2831 fuere
3453 2774 3570 2831 col-

1997 2868 2176 2939 loquia
2209 2872 2308 2941 (ιι).
2334 2870 2439 2924 Sed
2472 2884 2597 2925 cum
2647 2884 2835 2925 rursus
2891 2870 2943 2923 in
2986 2868 3273 2924 ecclesiam
3307 2867 3569 2931 venisset,

1998 2960 2266 3015 satisfecit
2314 2963 2586 3016 diuturna:
2626 2961 2971 3029 colloquendi
3007 2976 3127 3015 cum
3178 2961 3376 3016 Basilio
3415 2962 3570 3030 cupi-

2002 3049 2180 3115 ditati,
2242 3066 2305 3112 ac
2351 3051 2492 3105 intra
2534 3049 2713 3103 velum
2755 3051 2824 3104 ab
2867 3064 2934 3104 eo
2973 3060 3261 3118 susceptus
3294 3056 3398 3104 est.
3436 3046 3578 3103 Tum

2001 3156 2132 3196 vero
2172 3142 2406 3196 Basilius
2440 3143 2520 3197 sic
2553 3142 2764 3197 locutus
2788 3152 2893 3205 est,
2924 3151 2982 3195 ut
3014 3141 3309 3210 Gregorius
3353 3142 3442 3209 qui
3484 3140 3586 3195 ad-

2001 3242 2143 3298 erat,
2178 3231 2271 3286 Bei
2307 3247 2466 3287 voces
2494 3232 2661 3287 fuisse
2695 3240 2944 3286 testetur.
2991 3230 3064 3285 De
3105 3232 3205 3286 hoc
3242 3231 3421 3285 Basilii
3456 3244 3581 3285 cum

2004 3322 2233 3378 Valente
2284 3337 2580 3393 congressu
2620 3323 2701 3377 sic
2756 3322 2996 3390 loquitur
3028 3320 3399 3376 Theodoretus
3444 3320 3518 3393 (ε)
3559 3336 3577 3374 :

2002 3414 2136 3469 Cum
2161 3414 2396 3468 Basilius
2436 3416 2580 3468 intra
2621 3429 2775 3467 sacra
2805 3412 2938 3476 uela,
2972 3413 3061 3465 ubi
3090 3414 3202 3480 ipse
3227 3413 3460 3475 sedebat,
3490 3429 3585 3465 ac-

2003 3509 2184 3560 cedere
2219 3503 2484 3558 Valentem
2508 3503 2781 3574 jussisset,
2827 3503 2992 3556 multa
3021 3505 3089 3556 ad
3122 3503 3271 3556 illum
3317 3503 3470 3555 verba
3497 3502 3581 3571 [e-

2002 3598 2073 3651 cit
2113 3597 2177 3650 de
2208 3607 2345 3649 recta
2367 3597 2489 3665 ﬁdei
2520 3597 2806 3659 doctrina;
2848 3611 3068 3665 eumque
3139 3594 3325 3648 Valens
3365 3594 3586 3649 libenter

2003 3688 2339 3742 auscultavit.
2374 3688 2571 3741 Aderat
2594 3700 2701 3740 tum
2730 3689 2945 3756 quidam
2969 3689 3175 3740 nomine
3191 3684 3582 3751 Demosthenes,

2004 3781 2297 3836 Castrensis
2349 3781 2488 3834 sacri
2536 3779 2742 3849 palatii,
2795 3780 2888 3845 qui
2926 3794 3044 3831 cum
3089 3779 3402 3846 magistrum
3439 3777 3582 3830 orbis

2004 3885 2265 3928 terrarum
2315 3873 2643 3942 objurgaret,
2703 3872 3091 3924 barbarismum
3136 3871 3377 3924 admisit.
3443 3867 3578 3923 Tum

2004 3965 2280 4019 subridens
2308 3965 2518 4018 divinus
2544 3962 2817 4017 Basilius:
2855 3962 3095 4015 Vidimus
3116 4001 3131 4026 ,
3175 3962 3379 4029 inquit,
3419 3961 3581 4013 etiam

2004 4055 2405 4109 Demosthenem
2445 4056 2744 4109 litterarum
2784 4067 3072 4125 expertem.
3108 4054 3174 4108 Et
3211 4072 3327 4109 cum
3360 4055 3453 4108 ille
3501 4071 3587 4109 ue-

2004 4146 2294 4199 hementius
2322 4145 2627 4216 indignatus
2649 4148 2968 4215 minaretur,
2990 4148 3212 4214 subiecit
3232 4163 3452 4217 magnus
3474 4145 3586 4201 Ba-

2003 4238 2155 4292 silius
2181 4254 2200 4292 :
2231 4235 2401 4291 Tuum
2431 4253 2621 4291 munus
2650 4244 2750 4302 est,
2769 4239 3099 4302 iusrulorum
3124 4240 3462 4294 condimenta
3485 4255 3580 4292 eu-

2006 4344 2145 4383 rare.
2169 4326 2360 4381 Divina
2395 4327 2535 4381 enim
2561 4328 2809 4396 dogmata
2831 4331 3088 4383 exaudire
3120 4346 3224 4383 non
3248 4340 3416 4398 potes,
3457 4344 3580 4381 cum

330 4417 759 4480 concinnitatem,
784 4431 901 4485 qure
930 4424 1038 4469 tam
1069 4415 1124 4469 in
1149 4415 1409 4479 sacrario,
1444 4430 1603 4484 quam
1627 4430 1786 4484 prape
1812 4431 1903 4468 sa-
1935 4431 1981 4490 ι)
2005 4434 2157 4472 aures
2185 4418 2394 4488 [habeas
2431 4419 2748 4471 obstructas.
2794 4415 2863 4471 Et
2916 4417 3148 4473 Basilius
3206 4419 3420 4487 quidem
3478 4420 3586 4472 ista

329 4509 565 4563 orarium
589 4517 727 4571 erat,
756 4508 1050 4576 angelicam
1073 4507 1247 4577 potius
1276 4522 1435 4575 quam
1480 4505 1792 4569 humanam,
1818 4517 1903 4561 at-

327 4617 426 4673 que
452 4602 623 4670 ipsum
658 4599 875 4665 quidem
902 4608 1026 4651 ante
1055 4596 1307 4666 papulum
1339 4604 1479 4650 recto
1505 4612 1724 4664 corpore
1752 4609 1899 4650 stan-

330 4704 454 4761 tem,
480 4693 688 4761 qualent
716 4691 997 4759 Scriptura
1032 4688 1332 4745 Samuelem
1364 4688 1632 4753 describit,
1657 4705 1748 4742 nec
1782 4705 1903 4742 cor-

327 4799 477 4855 pore,
514 4799 603 4837 nec
627 4783 814 4847 oculis,
851 4798 942 4835 nec
979 4782 1181 4843 animo,
1204 4782 1423 4850 perinde
1451 4798 1514 4834 ac
1539 4781 1586 4834 si
1618 4780 1750 4834 nihil
1787 4782 1905 4835 novi

331 4875 649 4943 contigisset,
680 4874 844 4928 ullam
875 4875 930 4927 in
970 4882 1170 4941 partem
1216 4888 1270 4925 se
1302 4879 1612 4935 moventem,
1647 4870 1737 4922 sed
1764 4868 1903 4935 Deo,

331 4976 387 5020 ut
414 4966 493 5018 ita
522 4966 717 5029 dicam,
742 4977 788 5018 et
820 4965 981 5018 altari
1007 4964 1219 5035 afﬁxam
1242 4979 1257 5027 ;
1285 4979 1371 5017 eos
1398 4972 1597 5023 autem,
1644 4980 1675 5014 a
1717 4962 1907 5032 quibus

331 5058 662 5128 cingebatur,
693 5073 812 5110 cum
848 5059 1034 5111 timore
1074 5058 1306 5126 quodam
1338 5072 1400 5108 oc
1431 5054 1718 5109 reverentia
1757 5064 1905 5106 stan-

332 5161 408 5205 tes
426 5166 445 5203 :
479 5149 614 5214 Itwc,
664 5149 901 5218 inquam,
945 5149 1117 5202 simul
1146 5159 1301 5219 atque
1327 5147 1591 5215 perspexit
1619 5145 1744 5217 (nec
1768 5148 1908 5199 enim

331 5243 503 5298 simile
522 5245 807 5313 quidquam
834 5257 1062 5308 unquam
1089 5243 1313 5309 viderat)
1339 5242 1629 5293 humanum
1655 5240 1911 5307 quiddam

331 5349 521 5404 passus
554 5343 651 5400 est,
690 5341 846 5403 atque
882 5334 1154 5385 oculorum
1200 5332 1447 5402 vertigine
1486 5347 1547 5382 ac
1576 5329 1800 5383 tenebris
1832 5345 1913 5382 ιο-

405 5570 489 5709 (αζ
515 5568 684 5639 Epist.
718 5569 806 5631 79.
839 5570 926 5625 80.

411 5640 465 5709 (ὁ
520 5641 719 5699 Athan.
748 5642 815 5693 ad
853 5640 925 5692 So

411 5640 489 5709 (ὁ)
520 5641 719 5699 Athan.
748 5642 815 5693 ad
853 5640 1013 5692 Solit.

522 5709 637 5768 Lib.
668 5727 742 5778 tv,
776 5729 825 5767 c.
858 5709 923 5764 i9
950 5728 962 5765 :
992 5708 1126 5764 Nu.
1155 5717 1285 5765 tum.
1310 5707 1377 5775 ll,
1408 5717 1517 5763 not.
1552 5722 1603 5777 p.
1631 5705 1754 5760 781.

2006 4510 2141 4563 dixit
2171 4508 2523 4563 Demostheni.
2556 4506 2750 4562 Valens
2783 4524 2899 4562 vero
2918 4517 3190 4577 tantopere
3210 4524 3327 4562 eum
3358 4509 3581 4559 miratus

2008 4611 2108 4666 est,
2133 4610 2190 4654 ut
2216 4600 2568 4669 pulcherrima
2596 4616 2713 4668 qua:
2748 4599 2861 4653 illic
2894 4600 3117 4652 habebat
3152 4600 3354 4667 pradia
3387 4613 3588 4666 paupe-

2012 4692 2156 4745 ribus
2183 4692 2475 4753 donoverit,
2507 4707 2730 4760 quorum
2757 4690 2847 4744 ille
2879 4707 3063 4744 curam
3098 4690 3329 4759 gerebat.
3360 4689 3450 4757 qui
3477 4698 3588 4741 toto

2014 4801 2228 4854 corpore
2248 4784 2478 4838 mutiluti
2506 4783 2672 4837 multo
2705 4783 2907 4853 majore
2936 4785 3207 4837 curatione
3259 4782 3584 4850 indigebant.

2011 4876 2308 4932 Asseverat
2356 4876 2589 4931 Basilius
2639 4878 2691 4930 in
2725 4877 2883 4946 epist.
2939 4876 3033 4939 94,
3086 4890 3242 4929 suum
3280 4871 3587 4928 aedificandi

2008 4969 2413 5038 ptochotrophii
2474 4967 2761 5023 consilium
2829 4966 3038 5021 Valenti
3118 4976 3457 5035 perspectum
3521 4978 3590 5018 ac

2007 5058 2296 5129 probatum
2329 5056 2531 5120 fuisse;
2556 5058 2782 5127 eiusque
2809 5055 3137 5109 auctoritate
3181 5056 3385 5117 utitur,
3412 5062 3469 5105 ut
3503 5051 3588 5104 in-

2007 5150 2210 5204 vidiam
2249 5148 2495 5219 repellat,
2525 5164 2686 5218 quam
2725 5149 2821 5218 ipsi
2881 5148 3119 5203 nonnulli
3160 5146 3408 5201 homines
3438 5143 3585 5212 apud

2008 5242 2290 5311 praesidem
2309 5243 2376 5293 ob
2401 5251 2711 5308 susceptum
2736 5250 2897 5294 tanta:
2915 5240 3069 5294 molis
3091 5237 3375 5292 tedilicium
3398 5249 3592 5290 creare

2010 5327 2311 5380 tentabant.
2351 5326 2419 5379 At
2465 5326 2530 5380 de
2568 5324 2810 5379 Valentis
2851 5323 3179 5379 liberalitate
3206 5336 3369 5392 quam
3421 5317 3588 5373 refert

2088 5564 2165 5636 (ό)
2198 5565 2327 5620 Naz.
2352 5581 2434 5620 or.
2462 5562 2553 5636 20.

2091 5633 2160 5706 (ε)
2193 5636 2311 5691 Lib.
2346 5651 2416 5703 Iv,
2455 5651 2503 5690 c.
2531 5633 2615 5687 l9.
