3958 6212
1660 383 1693 433 V
1706 384 1816 432 I'I'A
1857 382 1913 431 S.
1954 380 2220 432 BASILII.

3373 396 3541 436 LXXXI

307 494 707 566 Theodoretus,
765 468 901 553 nihil
948 513 1170 568 prorsus
1220 499 1418 566 legitur
1466 500 1517 552 in
1565 498 1650 552 illa
1674 499 1867 552 'ljasilii
1900 506 1940 561 Α
1972 504 2075 554 seri
2101 500 2345 568 spiritunt
2384 498 2648 565 abstulit,
2709 500 3006 567 pra'dicans
3053 500 3316 568 ingratam
3363 518 3541 555 eorum

299 593 546 662 epistola.

369 683 452 737 VI.
488 683 620 737 Iliae
654 682 834 736 Basilii
871 682 1086 735 virtutis
1114 680 1401 734 admiratio
1432 678 1627 747 injecta
1669 676 1866 732 Valen-

298 778 364 831 tis
392 775 600 839 animo,
634 774 842 826 initium
877 772 978 827 fuit
1006 772 1148 826 illius
1180 772 1231 825 in
1283 770 1625 839 Cappadoces
1680 771 1869 824 Imma-

295 866 477 921 nitatis
506 881 520 917 :
554 866 671 918 haec
703 865 874 932 prima
910 863 1122 917 exstitit
1150 861 1484 929 tempestatis
1514 860 1740 915 sedatio.
1762 859 1865 913 Sed

294 960 398 1012 cito
446 956 756 1013 instabilem
793 955 937 1008 illius
983 955 1217 1007 animum
1252 950 1441 1004 Ariani
1485 950 1696 1004 artibus
1755 949 1867 1004 suis

295 1045 669 1097 immutarunt.
701 1043 817 1097 Non
840 1059 999 1096 unum
1034 1051 1212 1095 autem
1243 1042 1532 1095 artificium
1565 1040 1633 1093 ab
1662 1042 1739 1096 eis
1773 1042 1868 1094 ad-

292 1137 540 1190 hibitum.
589 1135 862 1189 Interdum
919 1134 1062 1188 enim
1103 1134 1424 1187 catholicam
1478 1132 1633 1185 ﬁdem
1668 1146 1776 1199 prae
1808 1144 1867 1183 se

291 1228 556 1294 ferebant,
590 1245 654 1282 ac
677 1228 862 1282 Basilii
888 1227 1142 1280 doctrina:
1170 1225 1421 1279 assentiri
1450 1239 1508 1279 se
1534 1223 1862 1293 proﬁteban-

294 1331 398 1387 tur,
427 1330 484 1373 ut
535 1330 773 1374 testatur
807 1320 862 1373 S.
910 1319 1155 1387 Ephrarm
1199 1318 1294 1389 (a).
1330 1316 1447 1370 Non
1476 1316 1677 1369 idcirco
1706 1314 1863 1367 Basi-

290 1413 387 1467 lius
419 1427 612 1466 eorum
648 1410 897 1465 formulis
941 1417 1034 1463 aut
1071 1409 1436 1463 communioni
1474 1408 1721 1461 cedebat.
1758 1405 1863 1459 Sed

288 1506 426 1569 inde,
460 1515 520 1557 ut
553 1505 849 1557 verisimile
880 1512 985 1567 est,
1020 1516 1201 1555 ansam
1228 1501 1559 1568 arripiebant
1586 1498 1726 1552 illius
1773 1511 1864 1550 ac-

286 1597 501 1649 cusandi
535 1598 679 1663 apud
702 1594 1077 1656 Valentetn,ut
1102 1591 1333 1645 hominis
1372 1592 1439 1643 ab
1474 1590 1618 1644 omni
1654 1602 1869 1642 accomv

290 1683 593 1735 modatione
638 1691 693 1735 et
735 1681 1110 1749 paciﬁcatione
1142 1680 1322 1735 alieni.
1368 1678 1463 1733 llis
1506 1679 1711 1733 artibus
1751 1677 1866 1730 vin-

287 1783 408 1825 cunt
438 1773 711 1840 improbi;
745 1773 993 1825 exsilium
1020 1772 1345 1836 decernitur,
1368 1780 1625 1841 parantur
1654 1769 1855 1833 omnia,

1968 602 2207 645 mentem.

2039 683 2222 751 Neque
2245 684 2575 736 omittendus
2606 682 2760 736 nobis
2795 681 3021 735 Ruﬁnus
3044 678 3141 751 (g),
3183 681 3274 750 qui
3312 697 3424 735 rem
3464 683 3543 738 sic

1968 775 2225 828 edisserit
2258 792 2271 827 :
2306 774 2436 828 Cum
2465 772 2697 827 Basilius
2727 790 2759 825 a
2797 772 3026 835 Valente,
3075 775 3283 840 inquit,
3317 773 3371 827 in
3403 776 3543 827 exsi-

1968 861 2095 913 lium
2120 878 2214 929 pro
2240 862 2345 927 [ide
2382 872 2673 929 cogeretur,
2715 861 2976 914 exhibitas
3015 862 3084 914 ad
3118 863 3351 915 tribunal
3395 880 3535 927 prte-

1968 948 2113 1015 fecti,
2169 950 2557 1019 terroribusque
2606 951 2703 1019 (ut
2736 951 2841 1002 illis
2878 953 3040 1003 moris
3070 961 3144 1003 est
3170 954 3453 1020 potestati)
3493 962 3541 1004 et

1968 1042 2125 1094 minis
2161 1042 2410 1094 maximis
2453 1042 2539 1111 agi
2575 1042 2748 1109 coepit,
2786 1052 2833 1094 et
2862 1043 2962 1094 nisi
2991 1044 3263 1110 pra'ccptis
3291 1046 3544 1113 principis

1967 1134 2220 1197 obediret,
2259 1135 2531 1187 interitum
2566 1134 2665 1187 sibi
2704 1134 3035 1202 jamjantque
3074 1146 3305 1201 speraret
3336 1137 3535 1201 impcno

1966 1223 2106 1276 dere.
2165 1223 2296 1276 Tum
2347 1224 2433 1277 ille
2502 1224 2810 1292 intrepidus,
2874 1234 2921 1277 et
2967 1228 3157 1294 absque
3200 1226 3309 1279 ulla
3370 1226 3537 1278 animi

1965 1314 2355 1381 perturbatione
2391 1318 2501 1368 Iitvc
2521 1315 2622 1368 sibi
2648 1316 2917 1368 minitanti
2943 1316 3190 1383 prwfecto
3217 1316 3543 1379 respondisse

1966 1406 2132 1475 fertur
2157 1409 2359 1476 :Atque
2390 1408 2589 1459 utinam
2624 1407 2822 1476 aliquid
2861 1408 2988 1459 mihi
3020 1416 3152 1458 esset
3182 1406 3328 1474 digni
3353 1422 3539 1458 mune-

1967 1498 2061 1559 ris,
2100 1500 2239 1566 quod
2266 1497 2509 1564 o/ferrem
2553 1498 2674 1549 huic
2701 1540 2715 1562 ,
2757 1498 2846 1565 qui
2897 1498 3151 1550 maturius
3173 1496 3436 1549 Basiliam
3480 1496 3545 1549 de

1968 1589 2103 1640 nodo
2139 1588 2279 1655 follis
2306 1588 2418 1654 ejus
2444 1587 2766 1641 absolveret!
2811 1586 3042 1657 Cumque
3086 1591 3303 1642 daretur
3339 1590 3386 1642 ei
3417 1606 3540 1652 nox,

1964 1697 2081 1748 qua:
2117 1688 2232 1732 erat
2268 1680 2438 1731 media
2469 1680 2538 1731 ad
2566 1682 2791 1747 spatium
2824 1679 3176 1744 deliberandi,
3206 1682 3543 1747 respondisse

1966 1771 2133 1822 denuo
2157 1768 2457 1837 perhibetur
2486 1784 2503 1821 :
2544 1768 2656 1837 Ego
2691 1768 2921 1821 crastino
2977 1770 3085 1833 ipse
3122 1786 3211 1821 ero
3234 1771 3321 1837 qui
3355 1786 3491 1821 nunc
3522 1785 3541 1823 :

286 1877 384 1915 nox
420 1864 640 1921 aderat.
676 1863 726 1915 in
768 1870 1021 1930 promptu
1075 1877 1287 1926 currus,
1320 1861 1371 1915 in
1418 1861 1606 1929 plausu
1635 1860 1817 1913 hostes
1839 1899 1853 1923 ,
1891 1848 1928 1901 Β
1958 1871 2015 1914 tu
2052 1872 2098 1913 te
2124 1862 2325 1913 utinam
2358 1878 2458 1913 non
2487 1860 2751 1913 mutares!
2776 1860 2839 1913 Et
2864 1861 2960 1913 illa
2996 1862 3203 1929 quidem
3233 1874 3379 1914 nocte
3402 1879 3538 1915 uxor

287 1953 335 2005 in
366 1953 504 2006 luctu
557 1954 677 2023 pii;
729 1954 1023 2023 Gregorius
1052 1964 1105 2008 et
1148 1953 1237 2006 alii
1292 1954 1448 2007 amici
1495 1953 1632 2005 latus
1663 1952 1858 2007 alacris

284 2045 498 2098 viatoris
531 2045 832 2114 cingebant
870 2063 883 2098 :
923 2045 1153 2099 Basilius
1177 2044 1370 2099 exsilio
1404 2044 1723 2111 mulctatus,
1755 2045 1859 2099 hoc

287 2144 480 2188 tantum
516 2134 729 2202 negotii
760 2134 989 2202 suscipit
1022 2151 1034 2187 :
1080 2135 1167 2188 uni
1210 2149 1276 2187 ex
1311 2132 1527 2185 famulis
1580 2133 1809 2201 imperat
1840 2171 1857 2197 ,

286 2233 340 2276 ut
365 2239 420 2278 se
470 2224 726 2291 acceptis
769 2224 1119 2294 pugillaribus
1150 2234 1430 2293 sequatur.
1468 2224 1572 2277 Sed
1600 2224 1741 2278 Deus
1777 2240 1858 2279 re-

286 2316 471 2369 scindit
512 2315 702 2369 exsilii
732 2317 1014 2370 decretum
1054 2334 1067 2368 :
1128 2314 1267 2368 ﬁlius
1303 2313 1542 2368 Valentis
1570 2314 1626 2367 in
1665 2313 1857 2369 febrim

284 2407 484 2473 incidit,
527 2416 589 2460 et
620 2422 740 2460 cum
773 2406 923 2460 illius
968 2406 1154 2461 morbo
1183 2406 1381 2459 nullam
1421 2420 1645 2476 prorsus
1690 2407 1860 2461 medi-

284 2502 449 2553 cinam
484 2509 650 2566 pater
699 2498 1003 2563 inveniret,
1057 2498 1123 2553 ad
1163 2496 1421 2553 Basilium
1454 2496 1717 2567 confugit,
1752 2514 1857 2552 non

284 2590 488 2658 quidem
522 2605 631 2659 per
654 2604 733 2654 se,
760 2590 828 2643 ob
851 2589 1231 2643 contumeliam
1260 2590 1419 2643 modo
1444 2589 1491 2643 ei
1522 2588 1741 2656 factam,
1762 2592 1856 2643 sed

287 2695 378 2749 per
414 2696 505 2735 eos
544 2694 692 2748 quos
727 2688 915 2733 sancto
939 2679 1191 2749 episcopo
1220 2677 1577 2732 amicissimos
1610 2692 1732 2731 esse
1765 2692 1859 2731 no-

286 2781 449 2837 verat,
480 2773 532 2825 id
559 2781 653 2825 est
686 2785 784 2840 per
830 2770 1141 2826 Terentium
1185 2779 1238 2824 et
1272 2768 1544 2824 Victorem
1574 2779 1667 2824 aut
1702 2770 1861 2824 Arin-

290 2868 496 2919 thteum.
514 2864 660 2917 Nam
687 2864 960 2934 magistris
984 2864 1058 2918 rei
1091 2862 1338 2917 militaris
1369 2863 1469 2917 boc
1496 2876 1688 2916 munus
1716 2877 1859 2916 com-

288 2958 493 3010 missum
511 2956 564 3010 fu
580 2957 687 3009 isse
706 2954 869 3009 refert
885 2953 1603 3025 Theodoretus(b).Accurrit
1616 2953 1863 3016 Basilius,

288 3047 498 3116 ejusque
554 3049 809 3117 ingressu
838 3046 1007 3099 levior
1038 3048 1094 3099 lit
1139 3046 1378 3111 morbus,
1410 3060 1509 3100 nec
1551 3045 1866 3099 dubitabant

286 3142 367 3208 qui
410 3143 678 3205 aderant,
712 3142 840 3209 quin
892 3140 1062 3193 ﬁlium
1098 3140 1387 3208 imperator
1430 3139 1748 3193 incolumem
1780 3153 1866 3191 re-

287 3232 537 3300 cepisset,
577 3234 623 3287 si
659 3247 767 3285 non
800 3232 941 3286 dulci
976 3246 1127 3299 aqua:
1161 3231 1357 3285 salsam
1393 3231 1722 3295 miscuisset,
1758 3229 1858 3283 Ba-

287 3322 451 3375 siliam
480 3337 689 3375 vocans
718 3333 771 3375 et
801 3321 1067 3375 haereticis
1100 3322 1347 3374 credens.
1372 3320 1547 3389 Atque
1580 3322 1693 3375 haec
1742 3320 1858 3389 qui-

296 3412 409 3467 dem
443 3413 747 3483 Gregorius
790 3412 1182 3475 Nazianzenus,
1214 3412 1368 3481 cujus
1390 3412 1749 3467 narrationem
1779 3426 1863 3465 ac-

289 3515 462 3558 curate
492 3506 747 3573 sequitur
781 3504 1114 3558 Sozomenus
1166 3502 1266 3573 (c);
1303 3513 1356 3557 et
1400 3504 1543 3573 quod
1572 3503 1863 3573 Gregorius

290 3596 360 3650 ait
384 3596 665 3651 Valentem
698 3612 851 3666 aqua:
903 3596 1046 3649 dulci
1087 3594 1285 3649 salsam
1322 3595 1626 3658 miscuisse,
1668 3596 1718 3647 id
1753 3595 1852 3649 So-

293 3702 540 3741 zomenus
564 3689 959 3756 interpretatur
983 3689 1049 3740 de
1092 3685 1364 3739 haereticis
1400 3698 1503 3738 una
1539 3700 1658 3739 cum
1690 3684 1843 3739 Basi-

305 3782 371 3832 lio
402 3781 705 3844 advocatis,
733 3790 791 3832 ut
813 3795 909 3848 pro
939 3776 1180 3832 Valentis
1206 3777 1319 3831 ﬁlio
1361 3787 1734 3846 precarentur.
1780 3778 1861 3831 Ex

300 3869 636 3927 Theodoreto
685 3873 765 3941 (ά)
807 3871 1081 3925 Dominica
1130 3871 1369 3938 Augusta
1416 3870 1624 3936 magnis
1659 3870 1861 3923 dolori-

294 3964 404 4030 bus,
429 3966 534 4031 vel,
571 3974 630 4019 ut
661 3966 737 4017 ait
762 3966 1014 4017 Socrates
1044 3960 1137 4033 (ε),
1176 3960 1458 4014 horrendis
1488 3960 1618 4013 visis
1641 3971 1850 4026 vexata,

296 4054 497 4109 Valenti
537 4066 731 4109 auctor
757 4053 879 4120 fuit,
906 4062 963 4107 ut
989 4053 1243 4106 Basilium
1271 4062 1597 4106 accerseret.

359 4145 461 4201 Res
489 4164 518 4201 a
554 4147 615 4201 S.
647 4145 893 4215 Ephrtetn
931 4145 997 4216 (f)
1048 4144 1127 4198 sic
1170 4151 1421 4197 narratur
1456 4160 1469 4195 :
1521 4142 1661 4195 Dum
1707 4145 1858 4212 gravi

296 4241 465 4290 morbo
508 4239 836 4291 detineretur
881 4236 1023 4303 [ilius
1060 4236 1313 4303 tyranni,
1369 4236 1622 4303 rogabant
1682 4238 1854 4287 virum

296 4331 443 4392 hunc,
477 4339 534 4383 ut
560 4347 660 4398 pro
697 4346 757 4382 eo
786 4338 1121 4397 precaretur;
1144 4326 1235 4380 illo
1255 4343 1369 4380 vero
1388 4336 1703 4394 proponente
1734 4342 1860 4379 con-

299 4420 537 4474 ditionem
577 4438 595 4474 :
628 4417 689 4472 Si
733 4436 852 4473 eum
902 4418 1029 4471 mihi
1059 4419 1362 4481 tradideris,
1410 4428 1464 4470 ut
1500 4417 1759 4469 adducam
1790 4416 1856 4468 ad

1958 1950 2290 2016 imperatoris
2316 1948 2450 2001 velut
2484 1949 2769 2001 tortoribus
2800 1950 3002 2000 tradita
3033 1950 3342 2013 cruciatur;
3386 1950 3533 2016 ﬁlius

1960 2057 2076 2093 vero
2104 2039 2193 2110 qui
2216 2042 2287 2091 eis
2321 2049 2433 2091 erat
2466 2041 2673 2101 unicus,
2702 2040 2989 2092 exstinctus
3017 2049 3252 2106 paterna:
3291 2042 3537 2104 impieta-

1960 2132 2023 2185 tis
2050 2132 2282 2183 creditur
2304 2132 2583 2184 exsolvisse
2608 2131 2886 2199 supplicia.
2918 2128 3001 2182 Ita
3022 2140 3142 2183 ante
3171 2131 3335 2184 lucem
3367 2134 3538 2199 missi,

1958 2226 2049 2295 qui
2077 2235 2319 2294 rogarent
2364 2224 2649 2290 Basilium,
2688 2236 2742 2277 ut
2776 2225 3015 2292 precibus
3051 2226 3161 2277 suis
3194 2226 3539 2278 intercederet

1960 2334 2054 2385 pro
2085 2318 2184 2381 eis,
2226 2334 2287 2370 ne
2315 2319 2473 2369 etiam
2501 2318 2624 2387 ipsi,
2650 2330 2696 2371 et
2729 2317 2937 2386 quidem
2968 2318 3134 2370 multo
3150 2318 3352 2386 justius
3388 2319 3540 2370 sinti-

1962 2408 2081 2461 liter
2110 2410 2401 2461 interirent.

2036 2501 2143 2555 VII.
2176 2500 2309 2555 Victi
2339 2511 2393 2555 at
2424 2516 2526 2555 non
2556 2499 2830 2570 defatigati
2867 2500 3054 2554 Ariani
3076 2516 3180 2553 non
3216 2500 3384 2554 multo
3416 2509 3538 2569 post

1965 2591 2031 2643 ad
2063 2605 2293 2660 pugnam
2335 2589 2633 2653 redierunt,
2661 2601 2713 2643 et
2738 2590 3004 2642 inﬁrmam
3036 2589 3278 2643 Valentis
3306 2600 3538 2643 mentem

1965 2683 2118 2737 novis
2158 2682 2366 2736 artibus
2395 2682 2632 2749 aggressi
2690 2689 2835 2735 sunt.
2877 2681 3025 2734 Hanc
3054 2692 3233 2735 autem
3272 2682 3547 2750 imprimis

1965 2776 2139 2830 aleam
2174 2775 2551 2838 adhibuerunt,
2572 2788 2690 2841 qua:
2722 2788 2942 2842 perraro
2968 2773 3207 2833 fallebat,
3245 2785 3303 2826 ut
3339 2773 3541 2827 Basilio

1971 2876 2151 2920 stante
2196 2866 2327 2919 nihil
2368 2880 2428 2920 se
2462 2880 2780 2934 promovere
2806 2880 2982 2932 posse,
3028 2879 3091 2919 eo
3121 2866 3359 2935 relegato
3393 2877 3547 2920 caete-

1966 2974 2058 3012 ros
2087 2958 2241 3011 facile
2269 2972 2521 3011 cessuros
2560 2958 2803 3011 dicerent
2834 2955 2929 3027 (Ir).
2965 2955 3152 3011 Gravis
3187 2959 3326 3011 enim
3347 2957 3434 3011 ille
3450 2974 3544 3011 no-

1969 3052 2045 3105 bis
2079 3061 2172 3118 est,
2199 3052 2436 3114 aiebant,
2468 3050 2542 3103 vel
2582 3050 2751 3103 solum
2780 3060 3106 3116 conspectus.
3140 3047 3345 3102 Etenim
3388 3049 3537 3101 valde

1968 3142 2262 3195 contrarius
2306 3141 2452 3193 nobis
2494 3149 2568 3192 est
2605 3142 2659 3193 in
2707 3139 3077 3193 sermonibus:
3107 3150 3381 3207 propterea
3424 3141 3544 3207 fieri

1969 3234 2165 3301 nequit,
2189 3234 2496 3301 imperator,
2529 3239 2585 3283 ut
2618 3230 2746 3298 ﬁdes
2783 3242 2964 3282 nostra
3005 3245 3334 3299 progressum
3369 3230 3543 3297 capiat

1964 3324 2010 3377 si
2040 3324 2136 3376 iste
2184 3324 2342 3376 adsit.
2399 3322 2599 3375 Iterum
2634 3337 2763 3391 ergo
2794 3322 3099 3375 decernitur
3131 3320 3404 3385 exsilium,
3435 3324 3531 3375 sed

1966 3414 2107 3469 Deus
2142 3428 2281 3467 novo
2310 3413 2572 3467 miraculo
2621 3429 2777 3467 suum
2806 3413 3063 3466 Ecclesiae
3096 3412 3415 3466 Gmsaricnsi
3447 3428 3542 3482 pa-

1942 3515 2166 3583 ,storem
2198 3505 2455 3567 servavit,
2494 3505 2635 3573 quod
2670 3520 2699 3556 a
2727 3504 2783 3557 S.
2828 3504 3078 3573 Ephrann
3120 3504 3181 3574 ti)
3223 3504 3303 3558 sic
3352 3519 3544 3556 narra-

1965 3603 2053 3647 tur
2088 3613 2100 3647 :
2133 3593 2335 3646 [lorum
2364 3594 2711 3656 sermonibus,
2738 3593 2928 3659 inquit,
2954 3591 3201 3645 inductus
3234 3594 3541 3657 imperator,

1964 3687 2187 3752 suscepit
2218 3685 2268 3736 in
2299 3684 2542 3735 exsilium
2582 3700 2699 3735 eum
2742 3683 2987 3734 mittere:
3034 3682 3213 3733 statim
3241 3697 3358 3733 vero
3392 3682 3539 3733 cala-

1964 3790 2101 3836 mus,
2137 3774 2225 3843 qui
2264 3790 2365 3825 non
2400 3773 2683 3824 sustineret
2715 3772 2896 3839 iniquo
2948 3769 3240 3824 subservire
3284 3770 3504 3824 consilio
3528 3810 3543 3832 ,

1964 3866 2103 3917 ultro
2147 3863 2450 3931 confractus
2506 3873 2621 3926 est,
2680 3864 3007 3929 insipientem
3058 3862 3334 3923 erudiens,
3386 3877 3545 3929 quam

1964 3971 2171 4009 enorme
2199 3954 2406 4021 [acinus
2432 3964 2642 4021 patrare
2659 3952 2803 4004 vellet
2824 3952 2879 4003 in
2908 3967 3109 4003 servum
3135 3947 3353 4014 Christi,
3382 3951 3540 4001 unius

1963 4046 2017 4099 in
2048 4045 2208 4098 Patre
2240 4055 2287 4097 et
2318 4043 2459 4097 Filio
2486 4054 2531 4096 et
2558 4043 2761 4112 Spiritu
2792 4050 2973 4095 sancto
3004 4042 3304 4095 divinitatis
3339 4057 3541 4109 prtcco-

1965 4154 2102 4200 nem,
2127 4138 2313 4208 quique
2333 4138 2403 4189 ita
2426 4153 2527 4190 non
2550 4136 2827 4188 sentientes
2855 4145 2943 4187 aut
2971 4135 3259 4202 loquentes,
3288 4147 3543 4200 tanquam

1967 4247 2122 4284 canes
2158 4229 2370 4282 rabidos
2403 4230 2669 4297 sapienter
2698 4228 3059 4296 redarguebat.
3100 4227 3426 4280 Cumautrm
3443 4240 3545 4276 non

1965 4322 2179 4375 sentiret
2206 4322 2270 4385 is,
2302 4321 2535 4373 inanimo
2559 4320 2765 4373 calamo
2795 4319 3169 4381 insensibilior,
3196 4318 3338 4384 [ilius
3368 4332 3543 4367 revera

1962 4413 2178 4475 erroris,
2201 4412 2485 4464 secundum
2513 4426 2714 4480 quoque
2739 4412 2956 4478 sumpsit
2992 4410 3059 4460 ad
3090 4407 3541 4467 subscribendum,

300 4497 687 4564 immaculatum
732 4510 926 4578 ﬁdem,
963 4508 1275 4573 liberemque
1311 4508 1374 4561 ab
1409 4510 1549 4561 omni
1596 4507 1860 4575 impietate
1897 4515 1939 4570 ι)
1964 4515 2009 4558 et
2045 4506 2112 4557 ad
2134 4506 2293 4573 ﬁnem
2320 4504 2689 4571 imponendum
2714 4501 2866 4553 mala:
2889 4500 3171 4561 voluntati;
3206 4512 3382 4549 verum
3407 4498 3543 4546 hunc

300 4603 501 4655 Asiane
540 4604 840 4657 doctrinm:
861 4610 908 4653 et
942 4601 1053 4668 ipso
1079 4601 1433 4661 assentiente;
1478 4598 1656 4651 statim
1699 4596 1858 4650 Basi-

303 4692 397 4748 lius
424 4711 517 4761 pro
550 4695 867 4761 imperatore
918 4702 1123 4745 terreno
1155 4708 1279 4760 erga
1324 4692 1580 4743 etelestem
1611 4691 1864 4743 interces-

303 4801 383 4839 sor
401 4790 599 4841 exstitit
630 4787 854 4855 ;obtulit
884 4787 983 4840 viri
1015 4786 1356 4854 promissum,
1401 4784 1548 4849 eique
1588 4783 1866 4835 sanitatem

304 4877 394 4945 ﬁlii
422 4882 618 4935 retulit.
653 4878 720 4932 Ut
762 4889 933 4932 autem
966 4888 1222 4945 serpentes
1243 4878 1482 4930 viderunt
1505 4889 1724 4941 puerum
1750 4889 1861 4927 ser-

304 4981 492 5038 ratum,
530 4989 713 5025 rursus
742 4972 866 5026 levis
886 4970 1220 5039 imperatoris
1244 4978 1463 5021 mentem
1482 4968 1858 5034 depravarunt,

305 5062 509 5133 ejusque
544 5065 717 5133 ﬁlium
759 5074 1027 5131 acceptum
1078 5062 1414 5130 baptizarunt
1444 5076 1604 5128 aqua,
1638 5074 1740 5110 non
1778 5066 1861 5109 ta—

306 5170 413 5209 men
441 5156 679 5224 Spiritu;
712 5155 965 5208 docebant
997 5155 1253 5221 abnegare
1300 5148 1503 5203 Filium
1540 5149 1678 5212 Dei;
1723 5150 1858 5201 inte-

308 5248 411 5299 rius
438 5247 748 5310 irretieutes,
775 5258 822 5299 et
846 5246 1366 5299 exteriusinduentes
1389 5258 1407 5307 ;
1444 5242 1574 5310 {oris
1592 5239 1861 5295 Christum

309 5338 490 5404 induit,
515 5341 651 5393 intus
682 5339 961 5393 dilacerat.
996 5336 1171 5402 Quare
1203 5352 1307 5391 non
1359 5334 1526 5389 multo
1566 5346 1702 5401 post,
1756 5333 1860 5385 mi-

378 5516 451 5654 to)
473 5516 637 5573 Cotel.
671 5524 805 5571 tom.
829 5515 892 5569 lll
923 5513 1268 5585 |Monument.

404 5588 451 5654 b)
486 5587 596 5641 ιιι».
630 5604 704 5652 ιν,
732 5603 782 5640 c.
816 5587 901 5641 I9.

404 5588 451 5652 b)
486 5587 596 5641 ιιι».
630 5604 704 5652 ιν,
732 5603 782 5640 c.
816 5587 901 5641 I9.

380 5590 428 5654 (ι)
486 5590 596 5641 Lih.
630 5604 704 5652 iv,
732 5603 782 5640 c.
816 5590 881 5641 I9

379 5590 451 5725 (ei
470 5658 581 5711 Lib.
609 5674 681 5723 vr,
706 5674 756 5712 c.
793 5656 881 5709 16.

383 5723 460 5793 (ά)
493 5728 603 5781 Lib.
636 5746 711 5793 IV,
740 5742 786 5779 c.
824 5728 909 5781 19.

393 5802 458 5868 (ε)
498 5800 620 5854 Ibid.
659 5815 709 5854 c.
735 5796 825 5851 26.

1973 4596 2216 4649 similiter
2253 4595 2513 4663 confringi
2541 4594 2689 4656 vidit,
2715 4609 2803 4644 nec
2836 4594 2944 4659 pati
2976 4590 3099 4643 velle
3124 4588 3544 4641 communionem

1968 4690 2122 4751 ntali,
2159 4689 2297 4757 quod
2327 4689 2434 4755 ipse
2468 4687 2640 4754 facere
2668 4688 2950 4737 nitebatur.
2978 4683 3115 4747 Quid
3139 4681 3366 4742 conaris,
3391 4697 3419 4732 ο
3445 4682 3545 4731 int-

1970 4785 2206 4848 perator,
2236 4778 2289 4828 in
2317 4778 2644 4844 peregrinam
2679 4791 2794 4827 eum
2822 4774 3008 4841 ejicere
3032 4775 3316 4835 regionem,
3339 4769 3427 4837 qui
3461 4770 3545 4821 in-

1971 4869 2323 4921 habitatorem
2360 4866 2512 4918 habet
2544 4867 2780 4917 universa
2826 4860 3163 4928 conqllentem
3186 4860 3209 4911 ?
3231 4859 3339 4912 Cur
3361 4875 3547 4925 capere

1970 4969 2138 5014 tentus
2166 4959 2296 5010 nulli
2336 4958 2730 5025 expugnabilem
2758 4954 2781 5006 ?
2828 4952 3005 5016 Quare
3036 4952 3245 5003 civitate
3287 4949 3440 5018 pellis
3467 4952 3544 5029 ci.-

1968 5068 2075 5105 veni
2109 5051 2266 5105 cteli?
2299 5048 2440 5101 Nam
2474 5049 2517 5099 si
2548 5048 2755 5098 tertium
2788 5060 2989 5112 quoque
3020 5043 3280 5094 calamum
3309 5056 3545 5107 sumpse-

1962 5146 2055 5206 ris,
2077 5159 2253 5196 cernes
2276 5141 2582 5203 contritum,
2614 5138 2897 5197 nolentem,
2926 5150 3017 5186 nec
3040 5132 3132 5185 tibi
3157 5142 3543 5199 cooperantein.

1965 5237 2115 5301 Quod
2153 5236 2327 5302 utique
2360 5235 2516 5285 etiam
2557 5230 2796 5297 contigit.
2835 5226 2978 5279 Tunc
3022 5236 3198 5294 aperte
3234 5222 3455 5275 victoria
3502 5236 3534 5271 a

1963 5329 2161 5381 cunctis
2188 5326 2478 5395 praedicata
2528 5322 2646 5389 fuit,
2697 5332 2806 5373 tum
2852 5318 3055 5371 illustre
3097 5326 3351 5384 troptcum
3392 5312 3537 5367 invi-

2036 5504 2123 5575 (1)
2150 5501 2317 5575 Gotel.
2351 5508 2390 5555 t.
2435 5498 2498 5554 Ill
2561 5498 2799 5552 Monum.
2830 5498 3057 5561 Ecclus,
3086 5512 3137 5566 p.
3168 5494 3256 5548 65.

2050 5573 2123 5645 (g')
2150 5573 2267 5625 Lib.
2293 5588 2369 5645 Axn,
2406 5587 2454 5625 c.
2486 5576 2536 5645 El=

2057 5636 2125 5712 7t)
2158 5642 2326 5723 Gotel.
2359 5651 2488 5694 tom.
2521 5639 2608 5708 Ill,
2636 5639 2872 5694 Monum.
2901 5636 3073 5703 Eccl.,
3102 5650 3155 5705 Ρ.
3184 5636 3275 5689 64.

2046 5662 2108 5765 lii
2143 5715 2272 5765 Ibid.
2303 5728 2353 5765 ι).
2380 5710 2468 5765 65.

2071 5710 2114 5783 ι)
2143 5714 2272 5767 Ibid.
2300 5728 2353 5782 p.
2380 5710 2468 5766 65.
