3958 6212
317 403 503 444 LXXIII

1681 381 2212 441 PR‘OLEGOMENA.

317 504 386 554 cti
413 500 660 562 hominis,
697 497 886 552 calami
920 506 1021 551 tres
1051 496 1386 562 exstiterunt,
1414 495 1722 550 Trinitatem
1758 514 1880 549 con-
1914 507 1962 562 Α
1991 499 2322 554 calamorum
2364 500 2415 554 in
2439 497 2728 555 scribendo
2760 497 2933 552 exsilii
2974 497 3192 552 decreto
3227 496 3554 554 fractorum.

316 592 714 646 substantialem
772 591 1083 658 pratdicauti
1135 588 1544 656 patrocinantes.
1603 587 1791 641 Manus
1819 589 1888 640 ad

313 683 683 752 proferendam
712 683 1020 734 sententiam
1052 680 1354 748 festinabat,
1374 690 1420 732 et
1446 680 1638 731 calami
1669 696 1784 732 eam
1808 681 1890 730 in-

309 775 515 841 justam
543 774 991 825 demonstrarunt.
1025 769 1217 824 Manus
1241 787 1457 838 pravum
1477 771 1738 822 calculum
1759 770 1887 824 dare

316 862 672 933 properabat;
714 862 907 916 calami
943 878 1061 915 vero
1099 864 1254 914 inane
1293 862 1525 913 studium
1568 863 1882 914 retinebant.

318 959 520 1013 imbres
552 957 936 1010 miraculorum
981 955 1180 1026 pluisse
1221 956 1296 1008 ait
1334 957 1412 1025 (p.
1443 953 1533 1022 64)
1572 953 1708 1009 idem
1747 955 1884 1008 scri-

317 1059 460 1118 ptor,
498 1064 662 1117 seque
711 1051 814 1102 hoc
864 1064 1026 1101 unum
1077 1051 1144 1101 de
1181 1047 1429 1101 omnibus
1461 1061 1705 1100 narrare.
1740 1048 1882 1100 Idem

317 1141 630 1195 miraculum
656 1149 838 1192 narrat
869 1138 1240 1192 Thcodoretus
1267 1137 1365 1206 (α),
1399 1137 1652 1206 additque
1688 1137 1882 1190 Valen-

318 1243 450 1296 tem,
479 1248 602 1285 cum
635 1233 872 1285 secundo
905 1241 958 1283 et
988 1232 1148 1285 tertio
1168 1230 1406 1284 calamus
1464 1229 1654 1282 fuisset
1689 1229 1884 1281 contri-

316 1335 423 1385 tus,
459 1327 646 1376 dextra
683 1323 862 1376 subito
893 1321 1103 1374 concuti
1136 1333 1197 1372 ac
1235 1328 1464 1372 tremere
1487 1317 1736 1385 cmpisse.

396 1412 526 1466 Vill.
578 1412 753 1467 Locus
803 1412 1021 1481 quidam
1051 1409 1294 1476 Gregorii
1342 1408 1670 1462 Nazianzeni
1706 1407 1882 1460 minus

313 1515 464 1560 recte
497 1505 798 1558 intellectus
821 1505 870 1556 in
897 1504 1161 1556 maximas
1180 1501 1579 1555 Tillemontium
1607 1500 1882 1569 angustias

315 1596 562 1663 conjecit.
603 1595 893 1665 Postquam
933 1593 1451 1662 retulitGregorius,
1483 1590 1754 1646 Valentem
1784 1590 1883 1643 Ba-

313 1690 417 1743 silii
455 1690 812 1742 admiratione
870 1685 1172 1755 perculsqu
1234 1684 1489 1746 vetuisse,
1523 1696 1588 1736 ne
1613 1683 1694 1736 vis
1716 1684 1763 1738 ei
1796 1683 1880 1735 in-

315 1781 564 1845 ferretur,
605 1790 658 1835 et
691 1782 814 1834 dum
839 1781 977 1834 dona
1011 1779 1191 1844 olfert,
1222 1779 1416 1832 mirum
1445 1779 1494 1831 in
1519 1779 1734 1833 modum
1769 1791 1881 1831 tre-

1992 589 2099 644 Sed
2136 589 2353 658 conjicit
2384 590 2471 643 vel
2519 588 2818 642 Antiochia:
2860 603 2979 641 rem
3017 598 3225 658 gestam
3273 602 3428 652 esse,
3462 590 3558 645 ubi

1990 696 2092 734 non
2117 682 2286 735 semel
2307 682 2440 736 inita
2465 682 2531 736 de
2553 682 2800 750 pellendo
2815 681 3012 734 Basilio
3028 681 3251 735 consilia
3274 699 3286 746 ;
3311 682 3395 736 vel
3415 683 3558 737 hanc

1985 785 2180 824 novam
2206 774 2634 840 persecutionem
2658 780 2782 825 ante
2807 771 3105 825 secundum
3127 771 3366 826 Valentis
3388 772 3441 825 in
3467 787 3560 826 ec-

1988 861 2203 915 clesiam
2243 863 2544 931 ingressum
2579 863 2892 934 contigisse,
2921 863 3002 917 vel
3029 864 3080 916 in
3106 863 3213 916 alio
3244 863 3555 918 Caesaream

1987 950 2225 1007 Valentis
2254 956 2510 1020 adventu,
2545 955 2634 1023 qui
2667 953 2720 1007 iu
2756 955 2896 1008 hanc
2929 953 3118 1008 urbem
3141 955 3319 1010 redire
3351 955 3556 1024 potuit,

1985 1044 2082 1098 etsi
2119 1059 2222 1098 non
2253 1044 2452 1113 legitur
2479 1046 2726 1101 rediisse.

2053 1133 2123 1186 At
2181 1135 2382 1190 inutilis
2419 1151 2638 1205 prorsus
2687 1135 2900 1189 videtur
2959 1145 3038 1189 tot
3096 1135 3534 1203 conjecturarum

1983 1235 2145 1290 Opera
2187 1221 2240 1276 in
2297 1238 2355 1277 re
2397 1237 2491 1278 sua
2543 1232 2734 1293 sponte
2770 1223 2943 1278 soluta
2988 1231 3043 1277 et
3102 1225 3384 1294 explicata.
3417 1227 3554 1282 Nam

1984 1317 2098 1371 hare
2127 1316 2374 1385 Gregorii
2408 1318 2569 1372 verba
2603 1334 2615 1369 :
2663 1315 2776 1370 [Ioc
2806 1317 2903 1384 fuit
2940 1317 3274 1383 imperatoris
3304 1333 3428 1386 erga
3457 1335 3554 1372 nos

1983 1407 2329 1463 humanitatis
2353 1410 2583 1475 initium,
2612 1409 2723 1463 Itwc
2747 1411 2919 1478 prima
2955 1424 3126 1460 rerum
3159 1409 3384 1473 sedatio,
3416 1421 3553 1476 etc.,

1983 1514 2087 1552 non
2142 1499 2452 1554 referuntur
2484 1501 2548 1554 ad
2601 1501 2730 1554 illud
2775 1501 3018 1555 Valentis
3050 1501 3192 1553 intra
3221 1502 3396 1555 velum
3425 1518 3552 1556 cum

1981 1587 2178 1643 Basilio
2208 1590 2554 1659 colloquium,
2576 1591 2668 1644 sed
2698 1590 2765 1643 ad
2801 1590 2943 1643 illam
2968 1588 3152 1644 Basilii
3190 1591 3402 1646 virtutis
3451 1594 3552 1646 ad-

1982 1682 2344 1746 mirationem,
2386 1696 2492 1750 qua
2550 1681 2826 1748 perculsus
2859 1679 3056 1735 Valens
3104 1683 3272 1736 vetuit
3331 1683 3383 1737 ei
3440 1683 3549 1736 vim

1984 1771 2191 1826 inferri.
2230 1771 2286 1825 ld
2344 1782 2489 1841 patet
2540 1773 2592 1825 1⁸
2620 1788 2685 1827 ex
2739 1782 2849 1828 tota
2884 1775 3210 1827 narrationis
3241 1775 3401 1829 serie.
3454 1775 3549 1828 Ait

314 1875 513 1928 iuuisse
550 1889 612 1926 ac
667 1874 956 1937 titubasse,
1006 1887 1241 1941 cumque
1290 1885 1476 1925 rursus
1505 1870 1557 1924 in
1589 1871 1878 1925 ecclesiam
1911 1850 1952 1904 Β
1980 1866 2122 1920 enim
2150 1864 2440 1934 Gregorius
2470 1863 2746 1920 Valentem
2776 1905 2792 1932 ,
2821 1867 2908 1922 his
2937 1881 3055 1936 qua:
3090 1865 3324 1921 Basilius
3365 1883 3551 1936 gesse-

313 1968 568 2031 veu'isset,
605 1968 746 2020 intra
781 1966 954 2020 velum
989 1967 1200 2020 divinas
1224 1965 1403 2018 Basilii
1434 1979 1596 2018 voces
1621 1965 1877 2030 audiisse;

314 2071 616 2127 postquam,
673 2059 926 2126 inquam,
985 2059 1096 2110 haec
1137 2059 1405 2116 narravit,
1464 2057 1645 2109 statim
1683 2056 1877 2110 addit:

312 2151 460 2219 Αὐτὴ
479 2150 685 2218 γίνεται
714 2152 811 2219 τῆς
844 2149 936 2200 τοῦ
963 2149 1224 2218 βασιλέως
1256 2149 1381 2219 περὶ
1413 2149 1560 2217 ἡμᾶς
1582 2146 1881 2216 φιλανθρω-

314 2241 442 2302 πίας
475 2241 638 2311 ἀρχὴ,
671 2241 763 2292 καὶ
793 2239 1124 2301 κατάστασις
1157 2239 1368 2310 πρώτη,
1394 2238 1551 2290 τοῦτο
1578 2237 1636 2290 τὸ
1669 2237 1879 2306 λῆμμα,

311 2332 412 2400 τῆς
441 2332 560 2384 τότε
590 2332 904 2402 διοχλούσης
943 2332 1202 2400 ἐπηρείας
1236 2332 1297 2383 τὸ
1326 2331 1573 2382 πλεῖστον
1608 2329 1794 2398 ὥσπερ
1830 2346 1881 2380 τι

315 2423 494 2494 ῥεῦμα
543 2423 804 2476 διέλυσεν.
844 2421 960 2476 Hoc
1001 2424 1202 2475 exstitit
1244 2423 1596 2491 imperatoria:
1635 2437 1757 2490 erga
1789 2437 1882 2472 nos

313 2519 654 2570 humanitatis
681 2527 729 2570 et
765 2518 1051 2571 clementia:
1073 2516 1429 2585 principium:
1463 2515 1572 2569 lucc
1601 2515 1769 2583 prima
1798 2530 1880 2567 se-

313 2610 460 2662 datio
488 2624 508 2663 :
534 2611 642 2662 lucc
674 2611 879 2663 occasio
912 2608 1198 2661 maximam
1226 2607 1583 2676 impressiouis
1601 2604 1741 2658 illius
1759 2621 1884 2670 par-

315 2709 438 2760 tem,
468 2716 571 2767 qua
594 2709 703 2752 tum
741 2699 1082 2760 vexabantur,
1115 2714 1219 2750 non
1248 2713 1394 2750 secus
1423 2713 1484 2749 ac
1508 2697 1700 2765 ﬂuctus
1727 2711 1884 2765 quos-

313 2793 460 2854 dam,
483 2791 634 2861 {regit
667 2808 726 2844 ac
759 2792 1018 2844 dissolvit.
1055 2789 1177 2843 llaec
1220 2789 1388 2844 refert
1412 2788 1789 2842 Tillemontius
1817 2787 1882 2840 ad

313 2879 605 2934 secundum
643 2878 882 2934 Valentis
911 2881 963 2932 in
995 2879 1282 2932 ecclesiam
1322 2878 1651 2946 ingressum,
1671 2891 1735 2930 ac
1758 2877 1882 2930 inde

315 2978 463 3024 certe
519 2971 695 3041 colligi
727 2973 1020 3033 existimat,
1058 2970 1315 3023 Basilium
1371 2984 1434 3022 ac
1478 2983 1668 3023 omnes
1715 2968 1880 3021 etiam

313 3061 668 3130 Cappadocia:
697 3061 956 3115 ecclesias
987 3059 1191 3127 reliquo
1226 3056 1462 3111 Valentis
1497 3057 1711 3126 imperii
1745 3067 1884 3110 tem-

316 3167 467 3220 pore,
493 3152 576 3206 vel
617 3151 807 3206 saltem
838 3151 970 3204 satis
1003 3149 1093 3203 diu
1128 3158 1248 3217 post
1282 3148 1467 3202 Basilii
1499 3164 1621 3203 cum
1654 3148 1880 3203 Valente
1907 3187 1948 3246 ο

315 3243 681 3311 colloquium,
739 3256 922 3310 pacem
975 3243 1280 3298 retinuisse.
1338 3241 1443 3294 Sed
1499 3239 1882 3293 animadvertit

315 3332 690 3387 Tillemontius
717 3332 926 3401 longam
961 3332 1103 3385 illam
1133 3347 1340 3401 pacem,
1379 3346 1540 3400 quam
1577 3333 1876 3386 secundum

316 3421 557 3476 Valentis
606 3421 658 3473 in
709 3422 994 3475 ecclesiam
1039 3423 1341 3489 ingressum
1380 3432 1733 3476 consecutam
1759 3435 1880 3476 esse

315 3523 486 3584 putat,
517 3513 792 3567 conciliari
819 3529 923 3584 non
959 3529 1116 3582 posse
1141 3529 1263 3568 cum
1285 3515 1683 3584 persecutione,
1717 3530 1878 3583 quam

314 3603 493 3658 statim
527 3613 711 3656 narrat
735 3603 1026 3673 Gregorius
1068 3615 1350 3673 postquam
1404 3605 1470 3659 de
1500 3605 1740 3660 secundo
1773 3602 1880 3658 Va-

314 3696 473 3749 lenti’s
501 3695 552 3747 iu
588 3696 876 3750 ecclesiam
921 3695 1164 3765 ingressu
1195 3694 1405 3750 locutus
1437 3707 1540 3750 est.
1579 3695 1705 3751 ιιωυ
1730 3695 1875 3750 cuitu

315 3786 636 3856 persecutio,
661 3788 712 3840 in
745 3801 848 3856 qua
871 3787 1144 3841 decretum
1175 3786 1370 3842 Basilio
1393 3790 1639 3842 exsilium
1663 3789 1880 3842 morbus

313 3876 516 3931 Galatae
542 3879 760 3942 avertit,
785 3879 874 3931 diu
900 3877 1103 3933 differri
1134 3895 1240 3934 non
1275 3889 1484 3950 potest;
1515 3879 1781 3946 siquidem
1811 3894 1877 3932 ex

313 3967 596 4024 Themistii
623 3971 868 4024 oratione
895 3985 1033 4025 anno
1060 3971 1188 4036 575,
1213 3971 1560 4040 pronuntiata
1596 3971 1648 4023 iu
1679 3985 1880 4024 annum

313 4059 578 4114 decimum
605 4060 869 4126 Valentis,
893 4061 1002 4130 jam
1041 4072 1308 4116 mortuum
1336 4079 1453 4117 esse
1479 4061 1722 4116 Galatam
1754 4077 1878 4131 per-

314 4145 559 4212 Spicitur.
594 4145 736 4199 Solvi
771 4156 950 4214 posset
978 4147 1286 4212 dillicultas,
1322 4148 1368 4201 si
1415 4162 1519 4215 qua
1560 4147 1766 4200 ratione
1799 4146 1882 4200 ui-

316 4246 522 4290 teretur
551 4237 694 4305 quod
742 4247 929 4290 narrat
975 4236 1227 4292 Socrates
1253 4277 1266 4301 ,
1309 4248 1477 4293 totam
1526 4253 1641 4292 rem
1683 4237 1879 4292 Antio-

314 4325 450 4380 chiae
481 4335 684 4395 gestam
713 4341 855 4392 esse,
882 4343 1056 4397 eoque
1095 4330 1422 4384 accersitum
1460 4329 1740 4384 Basilium.
1776 4330 1874 4383 Va-

313 4418 500 4484 lesius,
533 4419 624 4488 qui
647 4421 785 4474 hanc
810 4421 1118 4490 Opinionem
1152 4421 1348 4476 merito
1374 4421 1573 4488 reiicit,
1594 4419 1878 4476 Valentem

1985 1964 2066 2009 rat
2099 1957 2316 2021 auditis,
2359 1957 2412 2009 in
2449 1966 2652 2010 tantam
2701 1957 2843 2012 illius
2872 1958 3086 2013 virtutis
3135 1961 3549 2016 admirationem

1983 2046 2218 2110 venisse,
2256 2056 2313 2100 ut
2359 2047 2406 2100 ei
2462 2048 2570 2100 vim
2606 2047 2794 2103 inferri
2842 2051 3107 2114 vetuerit,
3145 2051 3302 2120 eique
3329 2051 3552 2106 satisfa-

1983 2138 2157 2191 ciendi
2210 2153 2374 2193 causa
2425 2140 2476 2193 iu
2540 2141 2828 2195 ecclesiam
2887 2144 3115 2207 venerit,
3146 2144 3234 2198 ubi
3271 2145 3336 2198 ad
3370 2143 3547 2198 solum

1983 2225 2165 2282 Basilii
2211 2239 2484 2296 aspectum
2515 2232 2844 2286 contremuit
2871 2244 2925 2286 et
2970 2234 3238 2299 titubavit,
3267 2248 3328 2287 ac
3362 2242 3550 2302 postea

1984 2321 2197 2375 rediens
2253 2322 2467 2391 longum
2520 2323 2659 2378 illius
2717 2326 2924 2379 videndi
2959 2335 3012 2379 et
3053 2327 3298 2380 audiendi
3333 2326 3551 2380 deside-

1983 2413 2121 2466 rium
2157 2414 2411 2484 explevit.
2435 2415 2585 2482 Quod
2615 2431 2742 2487 ergo
2765 2419 2947 2471 statim
2973 2419 3120 2472 addit
3145 2418 3282 2472 hanc
3318 2419 3551 2488 primam

1985 2503 2150 2558 fuisse
2186 2503 2520 2574 tempestatis
2565 2509 2917 2576 sedationem,
2951 2509 3002 2563 id
3052 2508 3336 2564 manifeste
3382 2509 3554 2565 refer-

1983 2603 2072 2648 tur
2105 2596 2169 2650 ad
2195 2611 2458 2650 summam
2507 2596 2691 2653 Basilii
2735 2600 2790 2653 in
2831 2602 3128 2656 certamine
3162 2602 3549 2666 constantiam,

1985 2686 2136 2754 cujus
2167 2687 2464 2744 admirator
2486 2693 2691 2746 exstitit
2722 2691 2941 2757 Valens,
3001 2701 3056 2746 et
3113 2693 3313 2747 idcirco
3346 2693 3398 2747 in
3454 2707 3550 2748 ec-

1983 2777 2200 2832 clesiam
2234 2781 2416 2836 venire
2438 2784 2626 2837 statuit
2654 2794 2851 2839 etcum
2881 2785 3082 2840 Basilio
3102 2784 3352 2854 colloqui.

2052 2873 2110 2925 2ο
2138 2871 2280 2926 Idem
2321 2875 2548 2943 probant
2587 2885 2670 2930 tta:
2719 2891 2898 2942 voces,
2944 2876 3074 2931 Htec
3099 2878 3272 2944 prima
3323 2877 3550 2941 sedatio,

1985 2978 2103 3032 quae
2151 2963 2202 3016 in
2246 2964 2688 3033 interpretatione
2719 2965 2862 3020 Billii
2915 2969 3131 3022 omissa:
3179 2967 3358 3021 fucum
3412 2963 3555 3023 féce-

1985 3063 2130 3107 runt.
2163 3053 2320 3107 Certa
2361 3055 2502 3110 enim
2533 3065 2588 3109 et
2617 3055 2894 3126 explorata
2929 3072 3015 3112 res
3045 3066 3128 3111 est
3165 3066 3291 3111 tunc
3315 3062 3552 3126 primum

1984 3145 2225 3198 sedatam
2285 3143 2452 3199 fuisse
2506 3139 2901 3216 tempesmtém,
2954 3163 3074 3202 cum
3113 3146 3304 3202 Valens
3349 3146 3554 3203 Basilio

1985 3241 2154 3291 vetuit
2185 3236 2484 3292 molestiam
2512 3239 2752 3293 exhiberi
2790 3257 2803 3293 :
2831 3240 2971 3308 quod
3003 3240 3218 3309 quidem
3248 3242 3420 3295 vetuit
3454 3255 3556 3294 an-

1986 3335 2198 3395 tequam
2235 3327 2289 3381 in
2321 3328 2604 3382 ecclesiam
2637 3329 2865 3383 veniret.
2921 3330 2980 3383 5°
3013 3327 3131 3384 Huc
3160 3332 3369 3385 accedit
3397 3334 3554 3386 testi-

1983 3418 2222 3472 monium
2255 3415 2502 3487 Gregorii
2538 3417 2788 3487 Nysseni,
2829 3421 2918 3490 qui
2951 3420 3133 3474 Basilii
3185 3422 3239 3475 in
3273 3423 3552 3477 sustinen-

1984 3509 2066 3562 dis
2099 3508 2336 3578 praefecti
2370 3509 2667 3565 assultibus
2713 3513 3032 3568 constantiae
3071 3525 3346 3584 acceptam
3386 3514 3556 3569 refert

1985 3601 2454 3670 tranquillitatem,
2482 3618 2642 3672 quam
2686 3603 3024 3674 Cappadocia
3063 3623 3127 3661 ex
3152 3607 3402 3662 omnibus
3425 3623 3557 3676 pro-

1983 3693 2176 3745 vinciis
2203 3691 2416 3747 Valenti
2439 3694 2697 3763 subjectis
2729 3695 2839 3749 sola
2866 3710 3082 3764 experta
3109 3708 3213 3752 est.
3245 3697 3337 3752 Sic
3376 3699 3555 3767 loqui-

1985 3793 2074 3837 tur
2101 3782 2373 3853 Nyssenus
2400 3784 2473 3855 (ὁ)
2511 3803 2524 3838 :
2558 3786 2668 3838 Καὶ
2711 3787 2871 3840 πάλιν
2923 3790 2951 3841 ὁ
3004 3788 3241 3860 ἀθλητὴς
3287 3790 3380 3842 τοῦ
3415 3791 3554 3844 θεοῦ

1981 3875 2094 3934 τοῖς
2119 3871 2390 3943 δευτέροις
2422 3875 2529 3928 τῶν
2574 3875 2820 3943 ἀγώνων,
2857 3879 2950 3930 καὶ
2995 3880 3095 3950 τὴν
3125 3880 3221 3933 ἐπὶ
3267 3883 3377 3944 τοῖς
3422 3900 3558 3954 προ-

1980 3963 2205 4016 λαϐοῦσι
2235 3964 2393 4030 δόξαν
2451 3967 2936 4037 ὑπερϐαλλόμενος.
2980 3970 3043 4022 Ei
3097 3971 3154 4022 δὲ
3204 3969 3384 4041 ζητεῖς
3429 3973 3557 4026 τού-

1981 4073 2088 4107 των
2142 4053 2242 4118 τὰς
2271 4056 2593 4123 ἀποδείξεις,
2621 4059 2700 4121 είς
2734 4058 2873 4112 αὐτὰ
2902 4060 3093 4129 βλέψον
3129 4061 3196 4113 τὰ
3230 4063 3552 4132 πράγματα.

1982 4148 2140 4202 Ποῖον
2176 4150 2274 4202 ούκ
2304 4149 2623 4219 ἐπενείματο
2657 4151 2820 4204 τόπον
2848 4151 2956 4204 τῶν
2986 4153 3320 4224 Ἐκκλησιῶν
3347 4157 3380 4226 ἡ
3406 4172 3559 4226 τηνι-

1983 4239 2157 4292 καῦτα
2213 4241 2598 4310 καταστροφή;
2647 4244 2800 4294 ποῖον
2843 4243 3057 4312 ἔμεινεν
3103 4243 3253 4308 ἔθνος
3295 4245 3396 4315 τῆς
3442 4245 3555 4298 τῶν

1982 4329 2270 4399 αἰρετικῶν
2301 4332 2622 4395 ἐπιστασίας
2645 4332 2975 4404 ἁπείρατον;
3010 4333 3094 4396 τίς
3124 4333 3231 4386 τῶν
3271 4337 3412 4388 κατὰ
3453 4335 3554 4398 τὰς

1994 4419 2322 4490 Ἐκκλησίας
2343 4421 2770 4493 εὐδοκιμούντων
2785 4425 2885 4477 οὐκ
2911 4425 3206 4496 ἀπεσείσθη
3218 4426 3324 4478 τῶν
3351 4427 3550 4492 πόνων;

313 4513 590 4567 existimat
618 4528 739 4567 cum
764 4513 969 4582 aliquot
998 4529 1171 4568 annos
1215 4514 1520 4568 Antiochize
1554 4513 1878 4568 traduxisset

1984 4513 2132 4573 ποῖος
2153 4509 2374 4578 διέφυγε
2399 4511 2527 4574 λαὸς
2549 4514 2649 4583 τὴν
2682 4515 2937 4584 τοιαύτην
2966 4515 3261 4586 ἐπήρειανς
3291 4517 3350 4568 ού
3383 4515 3556 4586 Συρία

313 4613 379 4651 ac
406 4599 600 4653 deinde
625 4599 872 4654 rediisset
907 4599 1236 4665 Caesaream,
1277 4601 1330 4654 iu
1369 4603 1469 4655 hoc
1501 4603 1739 4657 secundo
1785 4601 1878 4655 ad-

311 4698 472 4743 ventu
512 4693 942 4759 persecutionem
993 4692 1411 4761 rediutegrasse.
1465 4692 1570 4746 Sed
1597 4692 1723 4745 huic
1756 4708 1880 4746 sen-

315 4780 497 4832 tentia:
527 4781 706 4834 obstat
753 4796 900 4834 mors
954 4779 1180 4846 Galatae,
1231 4797 1349 4850 qua:
1385 4791 1494 4835 tam
1529 4796 1654 4836 sero
1679 4781 1880 4836 dill'erri

314 4886 420 4922 non
453 4879 647 4938 potest.
681 4871 862 4926 Satius
885 4886 1014 4942 ergo
1041 4873 1252 4926 videtur
1302 4871 1647 4928 Tillemontio
1682 4889 1711 4926 a
1745 4871 1877 4928 Gre-

314 4961 450 5030 gorii
477 4963 797 5016 auctoritate
820 4965 1116 5028 discedere,
1169 4975 1223 5018 et
1258 4963 1582 5019 Theodoreti
1618 4965 1881 5020 inhaerere

315 5053 638 5116 testimonio,
669 5055 758 5122 qui
789 5057 1060 5110 decretum
1091 5056 1288 5110 Basilio
1305 5057 1550 5110 exsilium
1569 5056 1882 5109 etmorbum

313 5143 518 5198 Galatae
575 5146 654 5199 sic
690 5157 901 5210 narrat,
953 5158 1012 5200 ut
1039 5159 1166 5202 ante
1221 5149 1516 5202 secundum
1555 5145 1796 5202 Valentis
1825 5148 1877 5202 in

313 5237 596 5293 ecclesiam
626 5237 924 5305 ingressum
953 5241 1198 5294 evenisse
1235 5239 1538 5294 videantur.

379 5327 669 5397 Postquam
706 5329 893 5397 pedem
923 5345 988 5383 ex
1026 5332 1125 5386 hoc
1154 5332 1498 5386 incommodo
1531 5330 1735 5384 referre
1777 5344 1869 5384 co-

311 5433 470 5477 natus
499 5431 578 5474 est
605 5420 1008 5485 Tillemontius;
1039 5423 1184 5476 aliud
1223 5424 1270 5476 ei
1303 5423 1563 5489 occurrit,
1604 5422 1872 5475 diuturnze

311 5513 452 5583 paci,
481 5527 600 5580 qme
622 5512 912 5565 secundum
949 5512 1185 5568 Valentis
1235 5515 1289 5568 iu
1329 5514 1627 5570 Ecclesium
1657 5514 1869 5585 ingres-

308 5621 425 5662 sum
457 5614 636 5659 secuta
664 5614 765 5669 est,
787 5605 988 5673 pariter
1005 5622 1329 5679 repugnans,
1362 5609 1678 5665 miraculum
1705 5609 1865 5663 trium

380 5793 455 5861 (α)
480 5789 538 5847 L.
569 5806 644 5858 tv,
676 5805 726 5848 c.
760 5790 844 5846 l9.

1977 4601 2144 4660 πᾶσα,
2170 4600 2262 4652 καὶ
2303 4599 2410 4653 τῶν
2449 4602 2708 4672 ποταμῶν
2755 4605 2787 4674 ὴ
2848 4605 2986 4676 μέση
3013 4646 3028 4670 ,
3086 4605 3244 4674 μέχρι
3281 4606 3387 4658 τῶν
3416 4607 3554 4677 πρὸς

1975 4693 2102 4753 τοὺς
2142 4690 2449 4762 βαρϐάρους
2484 4692 2658 4762 ὅρων·
2697 4695 2756 4746 ού
2783 4695 3023 4767 Φοινίκη,
3064 4698 3158 4749 καὶ
3197 4695 3551 4766 Παλαιστίνη,

1978 4782 2367 4854 καὶἈρραὸία,
2395 4784 2490 4835 καὶ
2517 4785 2810 4851 Αἴγυπτος,
2845 4787 2937 4839 καὶ
2962 4788 3030 4841 τὰ
3048 4788 3174 4858 ἔθνη
3201 4789 3300 4858 τῆς
3323 4789 3551 4859 Λιϐύης,

1977 4873 2081 4936 ἕως
2111 4875 2203 4926 τοῦ
2244 4873 2515 4944 τέρματος
2545 4875 2644 4944 τῆς
2677 4877 2801 4929 καθ’
2842 4880 2991 4949 ἡμᾶς
3022 4880 3371 4950 οἰκουμένης,
3395 4882 3454 4932 ού
3481 4881 3553 4934 τὰ

1981 4967 2072 5017 ἐπὶ
2099 4965 2222 5018 τάδε
2255 4966 2451 5030 πάντα,
2479 4967 2730 5020 Ποντικοὶ
2755 5009 2769 5033 ,
2811 4971 2902 5021 καὶ
2930 4970 3170 5034 Κίλικες,
3195 4973 3405 5036 Λύκιοι,
3437 4973 3550 5024 Λυ-

1980 5054 2078 5119 δοὶ,
2111 5053 2341 5118 Πισίδαι,
2371 5055 2677 5124 Πάμφυλοι,
2727 5059 2930 5128 Κᾶρες,
2979 5059 3400 5129 Ἑλλησπόντιοι,
3458 5079 3555 5132 νη-

1982 5147 2190 5211 σιῶται,
2244 5145 2406 5216 μέχρι
2449 5147 2544 5217 τῆς
2589 5149 2946 5220 Προποντίδος
2993 5152 3196 5222 αὑτῆς;
3243 5153 3303 5204 ού
3345 5152 3416 5206 τὰ
3459 5155 3555 5207 ἐπὶ

1979 5239 2198 5308 Θρᾴκης
2225 5238 2425 5301 πάντα,
2450 5238 2554 5301 ἓως
2582 5235 2650 5309 ἦν
2678 5242 2710 5310 ὴ
2742 5240 2953 5312 Θρᾴκη,
2985 5243 3078 5296 καὶ
3103 5244 3172 5297 τὰ
3209 5245 3336 5315 περὶ
3377 5245 3553 5314 αὐτὴν

1977 5327 2128 5398 ἔθνη,
2160 5327 2264 5390 ἕως
2312 5327 2448 5398 πρὸς
2482 5329 2572 5382 τὸν
2606 5330 2806 5400 ἰστρὺν
2836 5333 3029 5398 aeto»);
3078 5333 3130 5385 τί
3178 5334 3284 5387 τῶν
3333 5335 3554 5390 πάντων

1976 5419 2068 5470 ἐπὶ
2093 5419 2366 5488 σχήματος
2397 5417 2598 5488 ἔμεινε,
2630 5421 2765 5490 πλὴν
2790 5423 2836 5473 εἱ
2871 5423 2943 5494 μή
2973 5441 3024 5475 τι
3055 5425 3445 5494 προκατείχετο
3473 5423 3553 5494 τῷ

1974 5510 2200 5580 τοιούτῳ
2226 5509 2413 5580 κακῷ;
2471 5511 2607 5566 ἀλλὰ
2645 5514 2805 5584 μόνος
2843 5516 2908 5568 ὲκ
2941 5517 3159 5570 πάντων
3192 5519 3220 5569 ὁ
3247 5518 3534 5571 Καππαδό-

1975 5619 2123 5666 κειος
2138 5601 2284 5667 λαὸς,
2309 5603 2406 5672 τῆς
2431 5605 2621 5686 κοινῆς
2638 5605 2745 5660 τῶν
2782 5607 3115 5679 Ἐκκλησιῶν
3134 5611 3417 5682 συμφορᾶς
3446 5610 3548 5664 οὐκ

2043 5784 2117 5856 (b)
2150 5803 2164 5840 ι
2200 5784 2430 5844 Eunom.
