3958 6212
1625 360 1785 415 VITA
1826 362 1882 418 S.
1925 361 2189 417 BASlLli.

3292 379 3505 421 ιιῐιιη

240 469 516 546 ,ἐπῄσθετο
535 487 548 499 ·
585 469 644 522 ὃν
678 471 706 521 ὁ
738 470 909 539 μέγας
937 470 1217 541 πρόμαχος
1241 470 1397 541 ἡμῶν
1426 472 1519 523 ἐπὶ
1572 470 1678 525 τῶν
1722 490 1819 524 πει-

1934 488 2150 541 prorsus
2182 479 2264 526 est
2302 471 2427 525 alibi
2459 486 2619 541 quam
2655 471 2917 526 Cmsarete
2946 471 3180 539 dixisse;
3220 488 3503 545 nunquam

256 563 479 636 ρασμῶν
497 560 816 619 διεσώσατο.
861 560 1064 614 Iterum
1100 578 1377 630 generosus
1426 576 1597 615 noster
1635 563 1830 615 athleta

253 658 305 706 in
340 655 629 706 certamine
652 654 995 721 conspicitur,
1025 652 1249 722 gloriam
1282 655 1473 720 prioris
1510 670 1695 721 pugna:
1718 653 1831 706 lon-

253 762 312 814 ge
334 760 676 811 exsuperans.
718 741 874 807 Quod
909 745 954 797 si
1012 745 1233 811 hujusce
1260 746 1334 796 rei
1360 747 1491 812 petis
1531 755 1681 799 testes
1706 786 1719 808 ,
1750 762 1828 797 res

254 837 395 901 ipsas
438 837 665 887 intuere.
702 835 866 900 Quem
928 836 1064 889 enim
1117 835 1286 886 locum
1336 836 1586 887 intactum
1625 836 1829 904 reliquit

255 929 503 992 temporis
545 924 689 978 illius
736 926 1056 978 calamitas?
1084 923 1338 988 Qntenam
1394 941 1517 993 gens
1565 925 1829 978 Ittvretica:

256 1019 562 1071 rastationis
596 1028 644 1070 et
685 1017 1031 1085 grassationis
1059 1034 1237 1081 expers
1284 1018 1525 1071 mansit?
1568 1016 1697 1081 Quis
1739 1034 1825 1070 eo-

254 1126 370 1161 rum
425 1111 516 1177 qui
564 1110 620 1160 in
665 1109 897 1162 Ecclesia
945 1111 1223 1177 florebant,
1276 1125 1379 1161 non
1426 1108 1655 1177 dejertus
1694 1121 1766 1161 est
1798 1127 1828 1162 a

257 1202 440 1266 captis
466 1210 514 1252 et
547 1199 814 1253 laboribus
834 1202 986 1253 suis?
1018 1200 1146 1264 Quis
1172 1200 1393 1268 populus
1436 1201 1828 1254 insultationem

257 1291 402 1341 illam
432 1290 616 1358 e/fugit
639 1291 663 1342 .9
688 1288 811 1343 Non
834 1288 994 1360 Syria
1017 1292 1279 1352 universa,
1314 1307 1415 1343 non
1447 1289 1827 1357 Mesopotamia

257 1397 417 1449 usque
444 1381 514 1433 ad
542 1381 673 1449 fines
704 1382 1070 1447 barbarorum,
1098 1400 1210 1435 non
1253 1380 1548 1446 Phtenicfa,
1573 1400 1674 1435 non
1724 1384 1827 1435 Pa-

256 1473 489 1537 lwstina,
519 1489 622 1525 non
682 1474 902 1534 Arabia,
930 1489 1032 1525 non
1067 1472 1356 1541 quyptus,
1392 1489 1495 1525 non
1529 1474 1713 1527 incola'
1738 1473 1826 1525 Li-

256 1566 366 1631 byae
391 1579 557 1632 usque
581 1564 648 1614 ad
680 1563 927 1615 terminos
960 1565 1125 1615 nostri
1174 1562 1347 1627 orbis;
1374 1582 1475 1616 non
1508 1564 1620 1629 alii,
1646 1567 1735 1633 qui
1773 1566 1825 1617 in

253 1672 311 1708 eo
346 1659 563 1723 degunt,
621 1653 849 1719 Pontici,
889 1652 1105 1716 Cilices,
1152 1654 1320 1723 Lycii,
1372 1654 1551 1724 Lydi,
1614 1656 1822 1719 Pisidii,

257 1743 586 1813 Pamphylii,
641 1743 829 1807 Cares,
886 1743 1252 1812 Hellespontii,
1296 1747 1530 1798 insulani
1562 1763 1721 1816 usque
1757 1750 1824 1798 ad

1931 562 2073 614 enim
2120 562 2459 615 Antiochiam
2492 563 2788 616 accersitus
2816 562 3062 619 Basilius.

2002 648 2261 704 Ctesarea:
2293 651 2453 704 etiam
2512 651 2739 705 collocat
2781 650 3071 721 Gregorius
3107 650 3503 725 Nazianzenus,

1932 755 2051 807 qua:
2107 742 2363 809 pnelecto
2401 740 2643 795 Modesto
2691 744 3053 812 contigerunt.
3086 743 3135 797 ls
3178 746 3348 810 enim,
3378 762 3502 801 cum

1932 830 2115 886 Basilii
2157 833 2518 887 constantiam
2565 842 2620 886 et
2658 834 2821 887 animi
2856 834 3221 889 fortitudinem
3248 847 3505 904 expertus

1931 933 2097 989 esset,
2132 922 2274 977 illius
2306 924 2446 992 apud
2482 923 2649 977 Deum
2688 926 3048 993 patrocinium
3089 929 3275 981 sensit.
3309 928 3504 998 /Egro-

1930 1013 2098 1077 tabat,
2132 1014 2309 1081 inquit
2359 1012 2735 1067 Nazianzenus
2765 1013 2839 1084 (p.
2908 1014 3055 1083 552),
3116 1016 3502 1084 illacrymabat,

1930 1107 2375 1175 distorquebatur,
2400 1105 2658 1158 Basiliam
2693 1106 3007 1169 accersebat,
3035 1106 3339 1160 obsecrabat
3364 1125 3382 1163 :
3404 1108 3506 1162 Sa-

1931 1199 2280 1267 tisfactionem
2339 1199 2516 1263 habes,
2570 1198 2855 1264 clamabat,
2910 1201 2979 1252 da
3029 1200 3276 1254 salutem.
3323 1202 3502 1271 Atque

1931 1292 2069 1345 hanc
2096 1291 2311 1361 quidem
2340 1290 2591 1359 precibus
2618 1288 2800 1344 Basilii
2833 1301 3156 1345 consecutus
3183 1302 3269 1345 est
3297 1333 3312 1356 ,
3344 1293 3505 1362 idque

1932 1381 2042 1448 ipse
2088 1380 2378 1443 fatebatur,
2406 1390 2453 1433 et
2500 1380 2702 1442 multis,
2733 1381 2823 1449 qui
2861 1396 2973 1434 rem
3007 1382 3350 1450 ignorabant,
3382 1398 3503 1451 per-

1930 1474 2208 1528 suadebat.
2241 1472 2394 1526 Unde
2424 1472 2585 1524 etiam
2605 1470 2787 1525 Basilii
2819 1472 3049 1526 virtutes
3072 1472 3255 1525 mirari
3284 1482 3337 1527 et
3362 1488 3504 1541 prte-

1928 1564 2109 1615 dicare
2141 1578 2244 1615 non
2280 1563 2506 1624 destitit,
2543 1578 2606 1616 ac
2657 1564 2971 1618 occasiones
3018 1565 3155 1618 bene
3181 1566 3246 1619 de
3270 1564 3360 1618 illo
3391 1579 3505 1619 nte-

1930 1655 2080 1707 rendi
2108 1669 2373 1722 quaerere,
2406 1654 2652 1723 quamvis
2688 1655 2739 1707 in
2776 1655 2955 1720 ﬁdem,
3000 1670 3107 1725 qua
3148 1656 3222 1709 illi
3268 1655 3503 1710 Basilius

1930 1748 2214 1800 sanitatem
2268 1746 2667 1814 impetraverat,
2699 1746 2922 1813 aequior,
2948 1747 3183 1814 quandiu
3233 1749 3364 1801 vixit
3400 1746 3503 1801 Va-

253 1839 419 1904 ipsam
457 1837 852 1903 Propontidem,
876 1851 979 1887 non
1030 1848 1203 1904 gentes
1237 1836 1496 1901 Thracite,
1537 1854 1638 1906 qua
1687 1849 1826 1904 patet
1862 1810 1902 1868 Β
1937 1838 2077 1902 lens,
2112 1847 2165 1890 et
2194 1837 2365 1890 lenior
2396 1836 2562 1891 fuisse
2602 1852 2707 1890 non
2740 1838 3005 1894 videatur.

255 1927 508 1990 Thracia,
533 1938 579 1978 et
603 1927 811 1993 ﬁnitimi
837 1928 1027 1996 quique
1044 1944 1201 1996 usque
1221 1928 1289 1978 ad
1314 1929 1481 1995 ipsum
1504 1928 1829 1984 Danubium?

256 2016 387 2082 Qua:
433 2033 499 2069 ea:
542 2019 624 2069 his
674 2019 915 2069 omnibus
964 2019 1241 2086 provinciis
1298 2020 1621 2071 calamitatis
1669 2021 1827 2088 hujus

250 2124 431 2174 expers
451 2108 577 2175 fuit,
612 2108 712 2161 nisi
735 2109 872 2176 forte
894 2108 986 2161 illa
1032 2125 1147 2177 qua:
1178 2119 1333 2161 antea
1364 2110 1460 2161 hoc
1496 2110 1636 2162 malo
1685 2120 1828 2163 tene-

251 2199 450 2251 batur?
470 2199 617 2252 solus
642 2216 706 2252 ea:
726 2201 967 2252 omnibus
1001 2200 1223 2268 populus
1256 2200 1542 2268 Cappadox
1590 2218 1826 2255 contmn-

254 2305 368 2341 nem
415 2288 619 2343 cladem
659 2300 705 2343 et
764 2306 1056 2343 (erumnam
1098 2307 1200 2345 non
1226 2294 1406 2359 sensit,
1436 2308 1586 2361 quem
1608 2309 1826 2363 magnus

252 2392 426 2434 noster
470 2393 830 2453 prapugnator
879 2399 943 2436 ea:
997 2385 1233 2437 omnibus
1294 2387 1665 2439 tentationibus
1715 2389 1824 2440 eri-

250 2475 381 2539 putt.

317 2604 376 2659 4⁸
416 2604 495 2659 Ex
541 2606 731 2660 iisdem
771 2606 971 2674 verbis,
1019 2605 1148 2661 [lare
1203 2609 1375 2676 prima
1426 2610 1651 2674 sedatio,
1704 2609 1823 2666 luce

249 2696 447 2751 clarius
514 2707 601 2752 est
664 2708 1036 2767 tempestatem
1074 2716 1178 2753 non
1234 2700 1401 2754 semel
1449 2703 1740 2756 excitatam
1770 2713 1825 2756 et

248 2790 492 2843 sedatam
547 2789 760 2845 fuisse:
818 2790 979 2860 idque
1028 2793 1309 2845 conﬁrmat
1355 2791 1687 2861 Gregorius,
1725 2795 1817 2862 qui

253 2878 461 2933 Galatae
480 2882 653 2935 morbi
674 2890 728 2935 et
748 2882 937 2936 mortis
958 2883 1317 2936 narrationem
1343 2883 1421 2937 sic
1440 2884 1624 2951 incipit
1647 2885 1825 2937 εἝτεσ

250 2989 341 3043 ρον
359 2973 416 3025 δὲ
436 2973 545 3026 τῶν
574 2973 879 3043 εἰρημένων
930 2974 1030 3025 οὐκ
1065 2973 1308 3038 ἔλαττον,
1340 2974 1532 3027 ἐνίκων
1568 2977 1617 3027 ei
1658 2993 1823 3047 πονη-

250 3064 353 3134 poi,
384 3074 491 3119 etc.
524 3064 776 3133 Sequitur
799 3065 944 3116 aliud
968 3065 1030 3116 iis
1060 3081 1176 3131 qua:
1208 3067 1349 3117 dicta
1394 3075 1515 3118 sunt
1554 3083 1656 3119 non
1688 3067 1823 3134 infe-

248 3157 356 3209 rius
384 3169 403 3207 :
423 3155 699 3209 vincebant
730 3156 975 3225 improbi,
1012 3167 1119 3211 etc.
1147 3156 1323 3223 Quare
1352 3173 1526 3226 neque
1565 3160 1688 3223 hoc,
1724 3174 1821 3212 ne-
1851 3145 1895 3205 Ε

249 3261 351 3316 que
374 3251 708 3303 calamorum
750 3249 1040 3303 fractorum
1070 3251 1384 3303 miraculum
1408 3293 1423 3317 ,
1453 3262 1577 3305 ante
1629 3250 1821 3306 Valen-

250 3339 319 3392 tis
350 3337 404 3391 in
457 3338 745 3392 ecclesiam
808 3340 1096 3393 adventum
1160 3340 1414 3395 collocari
1465 3343 1682 3405 debent,
1726 3354 1819 3397 aut

248 3430 589 3483 Antiochiam
642 3430 947 3483 transferri.
985 3430 1127 3483 Mors
1173 3430 1377 3485 Galatae
1435 3434 1701 3499 posterior
1739 3441 1819 3487 est

248 3519 555 3572 secundoin
591 3517 873 3573 ecclesiam
916 3519 1171 3582 adventu,
1210 3520 1300 3587 qui
1330 3518 1567 3573 Valentis
1604 3520 1819 3589 longum

249 3612 497 3665 audiendi
522 3610 1055 3667 Basiliidesiderium
1090 3612 1349 3681 implevit.
1386 3611 1634 3666 Nondum
1689 3628 1819 3681 ergo

250 3702 400 3754 illum
430 3701 523 3754 ﬁlii
559 3716 723 3755 causa
749 3702 1075 3755 accersitum
1109 3702 1373 3755 audierat.
1422 3702 1586 3756 Multo
1629 3703 1821 3757 absur-

248 3793 367 3847 dius
400 3794 454 3847 id
483 3793 785 3848 Antiochize
819 3794 1114 3863 ﬁngeretur
1171 3794 1480 3863 contigisse.
1533 3793 1817 3865 Nunquam

248 3885 393 3938 enim
424 3900 491 3939 eo
526 3886 824 3939 accersitus
854 3883 1106 3946 Basilius,
1136 3900 1233 3939 nec
1277 3901 1424 3940 mors
1462 3885 1665 3941 Galatae
1699 3888 1817 3941 lon-

246 3980 386 4047 gius,
423 3978 614 4047 utjam
650 3978 781 4045 dixi,
814 3977 1015 4032 diﬁ‘erri
1043 3987 1240 4047 potest.
1296 3978 1561 4033 Praeterea
1614 3980 1817 4049 Grego—

246 4071 361 4125 rius
394 4070 477 4124 sic
512 4070 668 4137 hujus
701 4070 945 4124 miraculi
1004 4070 1369 4125 narrationem
1412 4070 1723 4136 concludit,
1760 4080 1817 4125 ut

247 4159 374 4213 illud
422 4173 542 4213 cum
575 4161 785 4213 caeteris
836 4160 995 4214 rebus
1025 4168 1181 4213 antea
1225 4162 1462 4214 narratis
1491 4176 1709 4215 necesse
1746 4164 1817 4216 sit

245 4250 501 4304 Caesareae
523 4253 829 4320 contigisse.
864 4253 954 4304 Ait
991 4254 1131 4307 enim
1165 4270 1179 4304 :
1214 4252 1294 4304 Τὰ
1332 4251 1429 4322 μὲν
1477 4253 1614 4323 πρὸς
1668 4254 1813 4306 ὲκεί-

244 4360 366 4404 νρυς
396 4341 544 4412 αὑτῷ
570 4343 793 4397 τοιαῦτα
819 4344 913 4396 καὶ
934 4344 1012 4405 εἰς
1040 4344 1185 4396 τοῦθ’
1214 4344 1419 4413 ἥκοντα
1441 4343 1648 4408 τέλους.
1684 4345 1814 4409 Qua:

245 4451 359 4486 cum
390 4434 499 4487 illis
537 4436 661 4504 egit,
695 4450 886 4503 nempe
928 4449 1048 4487 cum
1105 4434 1324 4489 Valente
1387 4443 1442 4488 et
1501 4438 1757 4504 praafecto
1795 4476 1810 4502 ,
1845 4474 1888 4529 Ι)

248 4527 373 4579 talia
394 4527 652 4592 exstitere,
692 4537 737 4579 et
756 4543 872 4579 eum
896 4526 1052 4595 ﬁnem
1091 4526 1346 4580 habuere.

305 4656 406 4714 1X.
446 4661 549 4717 Sed
593 4675 710 4730 quae
740 4662 806 4714 ad
853 4660 1094 4714 Galatam
1151 4669 1419 4730 spectant,
1462 4676 1523 4716 ca
1580 4662 1811 4718 libenter

246 4755 445 4808 fatetur
466 4754 839 4809 Tillemontius
870 4769 973 4807 non
1005 4754 1131 4807 alibi
1176 4768 1340 4822 quam
1390 4755 1650 4809 Ctesareze
1678 4771 1809 4810 con-

251 4846 445 4915 :igisse.
476 4846 546 4900 At
594 4861 699 4900 non
739 4848 811 4900 ita
856 4860 1078 4899 aversus
1108 4855 1189 4900 est
1228 4848 1295 4901 ab
1322 4860 1508 4899 eorum
1533 4848 1807 4917 Opinione,

253 4936 331 5004 qui
364 4944 475 4989 tres
510 4935 747 4990 calamos
770 4944 864 4988 aut
895 4934 1219 4995 Antiochia),
1244 4945 1337 4987 aut
1372 4936 1423 4987 in
1454 4936 1558 4991 alio
1606 4937 1807 4992 Valen.

243 5027 310 5079 tis
335 5025 633 5080 Ctesaream
663 5027 894 5081 adventu
920 5026 1120 5081 fractos
1149 5026 1318 5081 fuisse
1362 5028 1695 5081 existimant.
1729 5026 1807 5081 Ne

244 5115 339 5171 hoc
369 5118 581 5187 quidem
615 5117 931 5171 miraculum
963 5116 1225 5171 Caesarea:
1260 5118 1632 5173 auferendum.
1662 5118 1806 5172 Prm-

242 5218 480 5277 terquam
541 5210 681 5279 quod
735 5209 933 5262 Valens
978 5218 1103 5262 ante
1138 5223 1338 5260 annum
1370 5207 1472 5261 578
1528 5208 1651 5277 ﬁngi
1694 5224 1800 5261 non

240 5311 407 5368 potest
446 5301 743 5357 Caesaream
787 5301 1041 5364 rediisse,
1089 5310 1311 5353 sanctus
1360 5300 1604 5366 Ephraem
1637 5307 1802 5352 testa-

241 5404 324 5444 tur
372 5393 599 5449 Arianos
656 5396 975 5462 impetrasse
1017 5392 1263 5446 exsilium
1301 5390 1506 5455 Basilii,
1548 5405 1671 5444 cum
1712 5390 1805 5443 de-

238 5495 592 5540 monstrarent
630 5486 839 5541 V’alenti
881 5485 1037 5537 ﬁdem
1067 5499 1217 5537 suam
1249 5498 1312 5537 eo
1357 5490 1624 5550 praesente
1678 5495 1803 5549 pro-

239 5576 381 5645 gredi
434 5592 539 5632 non
594 5592 813 5646 posse:
871 5577 1013 5648 quod
1049 5577 1263 5647 quidem
1317 5588 1411 5629 eos
1442 5573 1801 5642 improbabile

301 5786 371 5858 (a)
398 5787 492 5858 Ep.
525 5787 618 5841 so.

2000 1927 2068 1980 Χ.
2119 1926 2237 1982 Jam
2284 1927 2519 1982 diximus
2557 1928 2835 1983 Valentem
2883 1944 2985 1982 non
3029 1928 3195 1983 multo
3222 1938 3346 1984 ante
3384 1930 3502 1998 Epic

1930 2021 2145 2089 phania:
2171 2021 2310 2074 diem
2342 2021 2553 2074 venisse
2578 2020 2904 2085 Caesaream,
2928 2022 3001 2074 ita
3033 2029 3091 2074 ut
3126 2024 3358 2092 spatium
3393 2038 3498 2077 non

1930 2112 2219 2165 habuerint
2262 2111 2449 2164 Ariani
2492 2111 2634 2166 illius
2679 2113 2859 2165 animo
2910 2126 3073 2165 novas
3112 2111 3257 2166 faces
3312 2115 3500 2167 admo-

1929 2204 2105 2258 vendi.
2133 2202 2261 2269 Qum
2288 2211 2465 2257 autem
2499 2203 2664 2273 gessit
2715 2202 2948 2255 Basilius
2987 2218 3109 2257 cum
3157 2203 3371 2270 magnis
3406 2218 3501 2271 po-

1931 2295 2214 2349 testatibus
2244 2309 2307 2349 ac
2338 2296 2532 2349 deinde
2555 2310 2676 2348 cum
2715 2294 2831 2362 ipso
2861 2292 3100 2356 Valente,
3127 2308 3188 2346 ea
3226 2294 3498 2348 immerito

1927 2386 2164 2440 nonnulli
2203 2388 2268 2439 ad
2298 2402 2495 2440 annum
2535 2385 2638 2439 570
2669 2394 2721 2438 et
2746 2385 2842 2439 571
2884 2386 3124 2439 referunt
3159 2402 3172 2437 :
3210 2401 3312 2440 nec
3345 2401 3499 2440 com-

1928 2478 2137 2531 modior
2167 2474 2409 2531 Socratis
2458 2486 2511 2531 et
2542 2476 2867 2530 Theodoreti
2920 2478 3210 2542 sententia,
3243 2478 3335 2547 qui
3373 2493 3494 2532 cum

1928 2566 2141 2636 Syriam
2170 2568 2223 2621 et
2260 2566 2465 2620 vicinas
2490 2567 2736 2636 regiones
2766 2576 2891 2619 ante
2923 2583 2953 2618 a
2986 2566 3211 2621 Valente
3251 2569 3493 2621 devictas

1927 2667 2167 2722 narrent,
2194 2672 2354 2726 quam
2379 2666 2778 2725 oppugnaretur
2804 2656 3055 2723 Basilius,
3088 2666 3411 2725 sequeretur
3430 2672 3495 2711 ex

1926 2764 2110 2805 eorum
2141 2750 2454 2803 narratione
2484 2737 2764 2802 Valentem
2796 2763 2826 2802 e
2866 2749 3021 2819 Syria
3061 2748 3365 2803 Caesaream
3407 2765 3499 2804 ve-

1926 2842 2091 2906 nisse,
2122 2841 2283 2908 idque
2314 2856 2419 2895 non
2452 2840 2613 2894 citius
2647 2854 2786 2893 anno
2816 2839 2921 2893 572
2963 2849 3214 2894 exeunte.
3242 2840 3314 2894 At
3371 2855 3495 2909 per-

1925 2931 2128 2985 secutio
2171 2932 2236 2984 ad
2280 2946 2479 2983 annum
2511 2930 2608 2985 571
2654 2941 2939 2985 exeuntem
2975 2942 3029 2985 et
3065 2932 3168 2985 572
3198 2932 3494 3000 ineuntem.

1925 3021 1977 3075 id
2011 3028 2111 3084 est,
2146 3020 2211 3073 ad
2242 3020 2538 3073 secundum
2574 3018 2758 3073 Basilii
2782 3020 3123 3090 episcopatus
3160 3035 3357 3075 annum
3392 3036 3492 3075 ne-

1926 3113 2162 3167 cessario
2194 3112 2496 3166 referenda.
2536 3110 2747 3164 Nullum
2772 3113 2917 3166 enim
2972 3117 3369 3181 persecutionis
3404 3129 3497 3169 ve-

1926 3204 2144 3274 stigium
2190 3218 2330 3258 anno
2368 3202 2473 3257 570
2524 3211 2752 3258 exeunte
2790 3213 2845 3258 ct
2877 3204 3095 3259 ineunte
3139 3205 3263 3271 571,
3300 3206 3352 3259 id
3392 3215 3494 3272 est,

1923 3296 2096 3364 primo
2124 3294 2306 3348 Basilii
2368 3296 2711 3364 episcopatus
2752 3311 2911 3349 anno.
2969 3293 3179 3351 Recens
3227 3306 3352 3351 tunc
3378 3309 3497 3351 erat

1924 3386 1991 3438 ab
2029 3384 2369 3437 ordinatione
2400 3383 2653 3450 Basilius,
2689 3386 2922 3438 nondum
2949 3394 3136 3454 egerat
3164 3400 3285 3439 cum
3329 3387 3497 3439 Atha-

1923 3475 2073 3528 nasio
2099 3476 2163 3528 de
2194 3474 2535 3543 paciﬁcaudis
2566 3475 2818 3529 Ecclesiis
2844 3490 2857 3526 :
2890 3475 2990 3529 hoc
3017 3476 3160 3530 enim
3200 3477 3489 3532 consilium

1923 3580 2025 3618 non
2052 3565 2311 3634 suscepit,
2339 3567 2439 3618 nisi
2470 3566 2786 3633 compositis
2820 3566 2982 3621 rebus
3032 3566 3363 3622 domesticis.
3419 3568 3493 3621 At

1920 3670 1986 3709 ex
2013 3656 2236 3723 epistola
2266 3654 2341 3725 (a)
2372 3658 2438 3709 ad
2467 3657 2825 3710 Athanasium
2852 3657 2901 3710 in
2949 3658 3064 3727 ipso
3098 3660 3495 3728 persecutionis

1919 3756 2052 3800 testu
2084 3747 2314 3816 scripta,
2348 3747 2459 3816 jam
2512 3749 2683 3801 multa
2735 3748 2874 3801 inter
2917 3758 3205 3817 utrumque
3269 3760 3386 3804 acta
3437 3760 3495 3804 et

1919 3839 2215 3892 deliberata
2250 3838 2417 3892 fuisse
2473 3840 2816 3908 perspicitur.
2860 3839 2997 3893 Hine
3044 3838 3275 3895 Basilius
3304 3840 3490 3894 inuua

1918 3939 1972 3985 et
2000 3932 2187 3985 eadem
2232 3929 2460 3999 epistola
2490 3929 2566 4000 (b)
2626 3930 2913 3985 certiorem
2966 3930 3096 3985 facit
3131 3930 3401 3985 Meletium
3434 3940 3491 3984 et

1918 4022 1983 4075 de
2016 4030 2264 4091 suscepto
2291 4019 2515 4076 Romam
2565 4021 2811 4075 mittendi
2853 4022 3107 4076 Dorothei
3135 4021 3387 4087 consilio,
3438 4030 3494 4075 et

1918 4112 1983 4166 de
2012 4112 2399 4179 persecutionis
2434 4112 2613 4177 minis,
2665 4126 2784 4166 cum
2819 4111 2933 4181 jam
2976 4114 3282 4170 advenisset
3327 4112 3494 4183 Euip—

1916 4204 2036 4271 pius
2060 4213 2113 4256 et
2141 4202 2232 4256 alii
2256 4211 2697 4271 exspectarentur
2718 4202 2945 4288 Ariani.‘

1986 4294 2172 4365 Neque
2230 4296 2392 4349 etiam
2442 4309 2585 4348 anno
2628 4294 2733 4349 572
2790 4306 3023 4350 exeunte
3049 4305 3103 4351 et
3139 4296 3360 4353 ineunte
3386 4298 3491 4354 575

1916 4387 2165 4442 collocari
2227 4388 2397 4457 possit
2448 4387 2771 4458 persecutio.
2822 4387 2953 4441 Nam
3014 4388 3167 4443 initio
3220 4390 3345 4443 anni
3389 4391 3493 4445 575

1918 4479 2139 4533 consilia
2168 4479 2301 4533 inita
2326 4488 2452 4533 sunt
2486 4480 2549 4533 de
2578 4480 2826 4549 pellendo
2883 4478 3103 4546 Basilio,
3155 4482 3250 4536 sed
3305 4482 3489 4536 Antio-

1918 4570 2074 4631 chiae,
2107 4586 2213 4624 non
2268 4570 2546 4635 Caesareae,
2574 4579 2631 4622 ut
2674 4570 3001 4638 perspicitur
3044 4586 3110 4623 ex
3136 4572 3357 4640 cpistola
3388 4571 3491 4626 120

1916 4676 2035 4730 qua:
2065 4662 2217 4715 initio
2256 4661 2377 4714 anni
2408 4661 2511 4714 575
2554 4660 2752 4727 scripta
2786 4670 2887 4715 est.
2958 4660 3225 4716 Praeterea
3283 4661 3492 4717 refrixit

1917 4750 2247 4818 aliquautmn
2280 4750 2517 4804 amicitia
2544 4749 2803 4805 Basiliam
2856 4751 2997 4803 inter
3040 4760 3093 4804 et
3144 4750 3488 4806 Eustathium

1917 4856 2060 4895 anno
2095 4839 2200 4894 572
2231 4850 2462 4895 exeunte
2512 4853 2605 4896 aut
2661 4843 2881 4895 ineunte
2914 4840 3038 4905 575,
3088 4854 3210 4894 cum
3264 4843 3489 4911 perﬁdia

1916 4930 2143 4984 duorum
2194 4928 2463 4983 Eustathii
2518 4930 2926 4997 discipulorum,
2980 4944 3113 4999 quos
3175 4930 3319 4986 domi
3378 4948 3490 4987 sua:

1914 5021 2151 5076 habebat
2178 5020 2438 5086 Basilius,
2466 5022 2518 5073 in
2544 5022 2715 5074 oculis
2743 5023 2905 5075 totius
2934 5022 3171 5076 civitatis
3201 5025 3487 5092 erupisset.

1908 5116 1979 5170 At
2009 5131 2130 5170 cum
2163 5114 2395 5168 Basilius
2424 5114 2821 5183 persecutionis
2853 5113 3143 5181 procellam
3169 5116 3485 5178 sustineret,

1909 5208 2212 5262 conﬁdebat
2263 5207 2569 5273 Eustathio,
2603 5219 2664 5261 ut
2710 5222 2832 5261 cum
2866 5207 3125 5272 maxime,
3159 5217 3215 5262 et
3262 5208 3486 5262 missum

1910 5302 1976 5354 ah
2018 5316 2083 5355 eo
2109 5301 2463 5365 Eleusiniam,
2500 5314 2625 5354 cum
2667 5314 2876 5354 summa
2905 5302 3044 5370 grati
3080 5300 3244 5353 animi
3274 5301 3486 5369 signiﬁ-

1911 5391 2145 5453 catione,
2174 5400 2230 5442 ut
2267 5390 2530 5459 optimum
2580 5389 2882 5458 adjutorem
2923 5400 2978 5442 et
3029 5389 3482 5452 commilitonem,

1911 5480 2144 5549 excepit.
2172 5477 2384 5531 Pariter
2417 5488 2716 5549 repugnant
2750 5494 2892 5534 anno
2921 5480 3025 5534 575
3077 5495 3200 5547 quae
3227 5479 3484 5549 deinceps

1912 5571 2287 5636 narrabimus;
2342 5570 2395 5623 in
2442 5570 2629 5639 primis
2670 5586 2922 5641 maguum
2983 5570 3115 5626 illud
3168 5570 3479 5633 aediﬁcium,

1985 5777 2056 5848 (b)
2082 5775 2174 5845 Ep.
2212 5774 2301 5829 68.
