3958 6212
403 314 604 354 IJXXIV

1785 270 2314 351 PBOLEGOMENA.

403 428 546 484 quod
571 429 691 469 cum
725 411 952 469 Basilius
971 411 1130 484 paulo
1156 419 1279 481 post
1295 410 1594 466 discessum
1612 409 1851 468 Valentis
1885 414 1974 467 in—
2005 417 2053 475 Α
2082 420 2280 479 turum,
2298 411 2342 466 si
2358 408 2698 467 occasionem
2719 408 2787 463 de
2803 406 2922 463 aliis
2936 408 3074 463 bene
3091 406 3329 463 merendi
3346 406 3659 477 negligeret.

403 508 651 575 ceperit,
694 506 806 574 jam
841 516 1020 560 tamen
1067 503 1407 575 excipiendis
1451 504 1757 574 h05pitibus
1794 513 1979 574 aptum

403 609 524 654 erat
548 614 690 653 anno
723 598 850 653 575.

475 691 636 745 Venit
661 690 845 760 itaque
875 689 1181 745 Caesaream
1203 689 1398 745 Valens
1431 704 1574 746 anno
1601 689 1702 744 '57I
1725 698 1977 756 exeunte,

404 782 564 852 idque
609 783 829 838 omnino
879 797 1076 838 nexum
1116 792 1173 837 et
1213 782 1563 851 conjunctum
1599 792 1685 837 est
1720 796 1843 836 cum
1895 798 1982 837 re-

400 887 522 927 rum
548 873 690 927 illius
723 882 997 944 gestarum
1028 875 1279 929 historia.
1314 875 1447 928 Nam
1478 889 1601 929 cum
1632 872 1977 929 Antiochiam

402 976 616 1036 peteret
638 967 784 1022 lento
820 968 1036 1031 itinere,
1065 977 1185 1022 erat
1206 968 1433 1039 Ancyrae
1466 965 1608 1023 Julio
1630 980 1817 1021 mense
1852 965 1977 1020 anni

399 1059 525 1124 571,
556 1070 614 1114 ut
639 1071 789 1115 certo
821 1061 1146 1131 perspicitur
1174 1076 1241 1115 ex
1287 1061 1404 1129 lege
1444 1059 1512 1114 76
1566 1059 1632 1114 de
1666 1057 1978 1113 decurioni-

398 1150 502 1205 bus
522 1152 644 1205 data
670 1152 722 1205 in
756 1152 858 1205 hac
887 1151 1019 1207 urbe
1064 1167 1126 1206 ut
1169 1152 1245 1206 Id.
1298 1150 1435 1215 Jul.,
1465 1151 1730 1205 Gratiano
1755 1151 1822 1203 A.
1850 1148 1890 1203 II
1923 1159 1977 1205 et

397 1238 577 1297 Probo
599 1258 731 1308 css.,
755 1244 876 1298 cod.
908 1242 1117 1299 Tlteod.
1150 1244 1246 1298 lib.
1271 1259 1370 1308 xu,
1392 1243 1476 1296 tit.
1503 1243 1557 1309 I,
1585 1259 1639 1314 p.
1665 1242 1793 1297 426.
1841 1241 1976 1298 Cum

399 1345 529 1402 ergo
553 1332 694 1388 illius
717 1335 984 1389 emissarii
1029 1343 1084 1388 et
1129 1348 1497 1404 praecursores
1530 1333 1766 1403 episcopi
1797 1332 1977 1387 Caesa-

398 1438 550 1477 ream
605 1427 852 1479 venerint
897 1440 1081 1479 mense
1145 1424 1451 1493 Septembri
1506 1423 1747 1493 ejusdem
1803 1426 1973 1492 anni,

398 1530 630 1586 cumque
665 1517 944 1572 Valentem
983 1516 1244 1571 Caesareae
1285 1516 1480 1570 festum
1518 1515 1837 1587 Epiphaniae
1882 1531 1976 1572 ce-

398 1605 637 1662 Iebrasse
678 1617 912 1673 constet;
970 1609 1149 1663 nullus
1193 1608 1435 1678 profecto
1492 1610 1774 1665 dubitandi
1825 1608 1977 1663 locus

397 1700 527 1768 quin
584 1700 635 1755 id
686 1715 826 1754 anno
869 1699 975 1753 572
1014 1701 1232 1754 ineunte
1283 1701 1593 1771 contigerit.
1619 1699 1734 1755 Huc
1765 1699 1976 1754 accedit

399 1793 696 1847 auctoritas
727 1792 970 1862 Gregorii
994 1790 1221 1863 Nysseni
1252 1791 1354 1865 (a),
1380 1793 1474 1862 qui
1521 1802 1754 1848 testatur
1782 1792 1979 1847 Valen-

399 1893 506 1937 tem
536 1884 698 1939 rebus
738 1896 928 1939 contra
974 1884 1242 1940 barbaros
1284 1885 1521 1941 feliciter
1554 1886 1720 1956 gestis
1745 1884 1972 1950 elatum,

395 1988 518 2029 cum
541 1974 930 2045 eaPropontide
961 1990 1277 2045 progressus
1305 1975 1614 2047 Bithyniam
1651 1991 1719 2030 ex
1776 1978 1977 2045 impro-

395 2064 516 2119 viso
547 2076 836 2130 vastasset,
867 2080 932 2120 ac
959 2067 1227 2123 Galatiam
1262 2067 1411 2122 nullo
1459 2070 1678 2137 negotio
1718 2070 1972 2138 cepisset,

395 2159 477 2214 sic
511 2160 722 2214 tandem
773 2162 825 2214 in
871 2159 1305 2230 Cappadociam,
1362 2179 1482 2233 quae
1536 2164 1781 2235 proxima
1833 2174 1973 2232 erat,

394 2252 728 2321 pervenisse.
759 2251 1061 2307 Ca‘sareatn
1083 2267 1214 2323 ergo
1247 2254 1445 2310 Valens
1485 2257 1672 2311 eodem
1709 2271 1852 2310 anno
1881 2272 1977 2313 vc-

396 2345 500 2409 nit,
529 2359 636 2413 quo
657 2344 930 2399 Galatiam
955 2348 1298 2415 peragravit;
1329 2362 1392 2402 ac
1435 2347 1593 2403 valde
1639 2347 1894 2403 Socrates
1923 2357 1978 2405 et

397 2432 770 2489 Theodoretus
832 2435 1239 2492 hallucinautur
1288 2437 1379 2506 qui
1415 2437 1529 2505 jam
1571 2436 1788 2508 Syriam
1814 2446 1869 2491 et
1897 2438 1976 2492 vi-

397 2528 549 2581 cinas
584 2528 836 2598 regiones
874 2530 1201 2583 Arianorum
1253 2530 1443 2584 ditioni
1481 2529 1756 2598 subjectas
1807 2529 1976 2586 fuisse

395 2629 625 2690 putant,
657 2637 779 2676 cum
821 2620 1069 2677 Caesarea
1130 2632 1459 2693 oppugnata.
1517 2621 1803 2678 Consentit
1851 2638 1975 2677 cum

394 2711 643 2783 Nyssen’o
687 2713 1065 2769 Nazianzenus
1124 2713 1221 2785 (b),
1276 2715 1369 2785 qui
1428 2713 1713 2770 Valentem
1766 2723 1972 2782 narrat,

396 2818 519 2875 cum
556 2803 763 2858 vicinos
821 2794 1013 2858 omnes
1068 2802 1364 2875 impietatis
1409 2804 1604 2859 robore
1639 2819 1703 2858 ac
1732 2805 1974 2874 potentia

396 2896 714 2963 domuisset,
741 2912 806 2953 ac
832 2897 1021 2952 ditioni
1068 2912 1179 2951 suae
1203 2896 1467 2967 quidquid
1518 2897 1751 2952 obvium~
1768 2896 1971 2953 habue-

395 3000 502 3055 rat,
523 2989 865 3060 subjecisset,
902 2989 981 3043 sic
1014 2988 1232 3043 tandem
1268 2990 1571 3059 peragratis
1596 2989 1849 3044 omnibus
1885 3003 1974 3045 re-

2156 501 2401 559 Delatum
2442 516 2637 557 munus
2685 500 2940 555 Ecclesiae
2997 499 3296 555 Innocentii
3331 509 3453 569 post
3492 502 3662 570 ipsius

2082 603 2311 650 mortem
2362 593 2615 648 curandae
2673 590 2907 646 Basilius
2986 605 3017 644 a
3073 604 3134 645 se
3188 591 3552 659 deprecatur,
3607 602 3665 646 ut

2083 686 2256 755 majus
2307 686 2514 740 viribus
2559 685 2701 747 suis,
2752 684 3007 754 quodque
3055 698 3124 739 ex
3165 692 3314 740 tanto
3373 684 3664 739 intervallo

2083 775 2243 830 facile
2299 776 2799 831 administrarinon
2848 775 3044 844 possit.
3085 773 3257 829 Alteri
3304 782 3485 830 autem
3526 776 3659 844 peti-

2087 869 2219 923 tioni
2250 868 2482 924 libenter
2513 869 2725 934 annuit,
2745 882 2812 923 ac
2850 865 3227 922 Innocentium
3251 864 3456 933 laudat,
3492 867 3659 935 quod,

2080 969 2139 1014 ut
2168 958 2396 1030 Moyses,
2427 974 2799 1016 successorem
2848 974 3004 1014 suum
3065 957 3247 1012 videre
3286 957 3436 1014 velit.
3470 957 3657 1027 Itaque

2080 1067 2288 1107 memor
2319 1051 2459 1107 illius
2491 1052 2780 1116 minarum,
2810 1051 3081 1121 simulque
3131 1050 3486 1107 considerans
3532 1051 3663 1106 civi.

2082 1151 2244 1196 tatem
2280 1141 2511 1212 amplam
2562 1156 2686 1197 esse
2743 1150 2799 1197 et
2856 1141 3147 1206 celebrem,
3179 1154 3314 1211 opus
3358 1140 3659 1198 Innocentii

2078 1236 2219 1303 apud
2259 1235 2457 1290 multos
2499 1234 2731 1300 clarum,
2759 1243 2999 1305 tempora
3054 1234 3312 1299 diﬂicilia,
3353 1236 3660 1306 magnoin-

2079 1324 2317 1395 digentia
2355 1325 2722 1395 gubernatore
2747 1326 2815 1380 ob
2840 1324 3124 1382 continuas
3154 1325 3418 1397 procellas
3437 1365 3453 1392 ,
3490 1327 3661 1396 probe

2079 1417 2346 1474 intellexit
2390 1433 2496 1474 non
2524 1417 2799 1487 juniorem
2849 1418 3082 1488 aliquem
3138 1418 3457 1474 mittendum
3508 1433 3657 1483 esse,

2078 1509 2172 1578 qui
2226 1511 2292 1565 ad
2325 1511 2539 1580 negotia
2573 1519 2785 1565 tantum
2831 1510 3101 1566 exteriora
3134 1510 3365 1566 idoneus
3410 1510 3503 1567 sit.
3548 1510 3657 1564 Sed

2079 1603 2526 1672 circumspiciens
2552 1602 2603 1657 in
2639 1602 2904 1658 Caesareae
2934 1603 3296 1673 presbyterio,
3334 1602 3497 1673 elegit
3531 1618 3660 1674 pre-

2080 1694 2432 1750 tiosissimum
2460 1710 2578 1761 vas,
2617 1695 2897 1751 alumnum
2927 1696 3074 1752 beati
3104 1696 3457 1767 Ilermogenis
3479 1703 3537 1751 et
3585 1695 3658 1751 ab

2077 1804 2143 1844 eo
2180 1791 2512 1855 ordinatum,
2536 1789 2915 1861 presbyterum
2943 1790 3187 1846 ecclesias
3241 1806 3273 1844 a
3313 1789 3497 1845 multis
3541 1788 3657 1858 jam

2078 1883 2255 1945 annis,
2285 1883 2546 1953 gravibus
2571 1897 2634 1937 ac
2673 1881 3049 1938 constantibus
3075 1881 3314 1937 moribus
3343 1881 3656 1953 praeditum,

2075 1976 2432 2032 reverendam
2472 1974 2818 2041 adeuntibus,
2840 1976 3187 2031 adversantes
3219 1974 3273 2029 in
3332 1984 3660 2030 mansuetu-

2077 2069 2203 2125 dine
2257 2068 2665 2138 corripientem,
2728 2067 2964 2138 peritum
3018 2080 3327 2131 canonum,
3375 2065 3658 2120 hominem

2077 2172 2348 2217 accuratas
2396 2160 2543 2228 ﬁdei,
2571 2161 2623 2215 in
2660 2160 2961 2216 continenti
3029 2169 3084 2214 et
3133 2157 3370 2214 ascetico
3406 2157 3659 2212 instituto

2078 2254 2343 2309 hactenus
2371 2253 2681 2323 degentem,
2722 2254 2825 2308 etsi
2875 2252 3019 2308 illius
3046 2266 3268 2308 carnem
3297 2264 3658 2320 consumpse-

2075 2355 2164 2401 rat
2198 2346 2323 2401 vita:
2379 2346 2707 2411 austeritas;
2771 2359 3062 2414 pauperem
3115 2359 3181 2400 ac
3232 2343 3407 2399 nullos
3441 2344 3494 2398 in
3547 2344 3658 2397 hoc

2076 2434 2276 2489 mundo
2302 2434 2507 2489 reditus
2538 2435 2926 2505 possidentem,
2954 2436 3089 2489 adeo
3134 2443 3194 2489 ut
3224 2448 3293 2489 ne
3346 2434 3504 2503 panis
3537 2434 3660 2502 qui-

2075 2527 2196 2583 dem
2223 2527 2323 2598 ipsi
2357 2527 2511 2597 copia
2539 2537 2870 2598 suppeteret,
2891 2528 2987 2583 sed
3018 2526 3204 2583 labore
3233 2541 3487 2581 manuum
3529 2542 3655 2581 cum

2079 2619 2338 2676 fratribus
2368 2621 2571 2676 victum
2600 2621 2702 2676 sibi
2725 2629 3086 2690 compararet.
3123 2618 3280 2674 Hunc
3311 2620 3494 2675 statim
3535 2620 3657 2673 mit-

2077 2722 2193 2769 tere
2222 2714 2483 2783 potuisset
2526 2712 2755 2769 Basilius
2781 2730 2794 2767 :
2829 2714 2922 2769 sed
2953 2711 3080 2783 quia
3100 2710 3461 2768 -Innocentius
3484 2711 3656 2768 alium

2074 2806 2328 2877 petierat,
2352 2805 2583 2876 probum
2633 2805 2780 2861 illum
2823 2805 3066 2876 quidem,
3119 2805 3214 2861 sed
3258 2804 3429 2860 altero
3485 2804 3651 2875 longe

2075 2899 2426 2965 inferiorem;
2462 2908 2615 2970 rogat
2647 2898 3016 2954 Innocentium
3047 2897 3400 2965 Basilius,ut,
3429 2898 3472 2953 si
3501 2899 3655 2969 ejus-

2077 2990 2222 3045 modi
2254 2990 2428 3043 virum
2455 2990 2754 3055 desideret,
2781 2990 2961 3044 mittat
2993 2988 3227 3059 aliquem
3265 3003 3332 3047 ex
3360 2987 3653 3056 fratribus,

394 3082 641 3150 gionibus
660 3080 964 3135 Caesaream
995 3095 1310 3149 aggressum
1339 3094 1482 3136 esse.
1509 3078 1705 3149 Liquet
1738 3079 1969 3134 Nazian-
2000 3104 2042 3162 ο
2077 3083 2165 3152 qui
2189 3098 2312 3138 eum
2344 3084 2490 3139 circa
2515 3082 2718 3154 iejunia
2752 3090 2993 3139 assumat
3026 3098 3041 3137 :
3072 3081 3119 3136 si
3146 3079 3419 3136 neminem
3461 3080 3652 3149 habet,

396 3187 591 3226 aenum
640 3170 784 3241 loqui
824 3171 890 3226 de
948 3168 1258 3241 regionibus
1291 3169 1685 3241 Cappadociam
1729 3171 1870 3225 inter
1920 3179 1977 3226 et

395 3259 919 3331 Constantinopolim
947 3260 1271 3329 interiectis,
1302 3275 1440 3331 quas
1475 3262 1620 3317 lente
1654 3261 1977 3334 peragrabat

396 3354 598 3409 Valens
634 3368 779 3408 anno
813 3352 940 3420 57!,
978 3369 1085 3408 non
1120 3352 1295 3409 solum
1323 3363 1382 3408 ut
1412 3354 1613 3425 ubique
1649 3357 1972 3412 catholicam

396 3448 557 3502 ﬁdem
606 3445 960 3516 opprimeret,
1014 3446 1108 3501 sed
1142 3448 1303 3501 etiam
1336 3456 1394 3501 ut
1420 3461 1549 3503 vere
1601 3448 1819 3505 ineunte
1845 3450 1973 3505 anni

391 3540 501 3596 572
537 3555 569 3596 e
620 3539 961 3610 Cappadocia
990 3540 1196 3610 egredi,
1249 3547 1304 3595 et
1343 3538 1714 3598 intolerabiles
1771 3540 1974 3598 Ciliciae

395 3632 603 3689 calores
631 3632 806 3687 vitare
835 3639 1042 3702 posset.

972 3722 1203 3781 CAPUT
1239 3723 1387 3781 XXI.

392 3816 437 3872 1.
470 3817 542 3873 De
564 3818 785 3887 epistola
810 3817 902 3873 81.
955 3818 1020 3875 11.
1056 3817 1251 3874 Scribit
1281 3818 1574 3876 Athanasio
1608 3820 1847 3877 Basilius
1869 3841 1970 3879 an-

465 3902 671 3957 tequam
711 3889 876 3942 lioma
923 3889 1102 3961 redeat
1136 3888 1433 3961 Daret/reas
1465 3906 1484 3944 :
1548 3903 1699 3961 rogat
1742 3910 1859 3946 eum
1911 3906 1968 3948 ut

460 3961 610 4030 aprior
643 3961 835 4030 scribat
876 3960 1176 4030 episc0pi§._
1201 3956 1291 4030 II_I.
1334 3960 1487 4014 Elia:
1513 3956 1804 4030 hoc'anno
1859 3965 1968 4019 572

459 4027 653 4154 psgwses
684 4029 1056 4098 Cappadociae.
1106 4027 1196 4083 IV.
1232 4027 1308 4083 De
1334 4032 1580 4101 epistolis
1628 4029 1820 4087 Basilii
1870 4036 1967 4091 85-

461 4191 505 4247 1.
542 4191 812 4261 Scriptam
870 4190 1100 4261 conjicio
1127 4200 1255 4249 ante
1287 4192 1771 4266 Quadragesimam
1809 4197 1968 4269 hujus

391 4285 519 4339 anni
549 4282 656 4339 572
683 4282 967 4351 epistolam
998 4281 1059 4338 8I
1096 4284 1165 4337 ad
1219 4285 1586 4341 Innocentium
1628 4289 1964 4361 episcopum,

390 4372 458 4429 ad
496 4387 654 4444 quem
686 4373 853 4426 etiam
884 4381 1068 4427 exstat
1117 4372 1343 4443 epistola
1372 4374 1558 4431 Basilii
1598 4376 1690 4432 50.
1727 4378 1773 4433 ls
1828 4395 1967 4449 prte-

2076 3188 2235 3244 quem
2268 3175 2470 3239 mittat,
2510 3175 2700 3230 saltem
2725 3174 2791 3228 ad
2820 3189 2878 3231 se
2906 3172 3127 3234 scribat.

2148 3265 2375 3320 Videtur
2404 3265 2881 3341 Quadragesimam
2918 3265 3201 3335 designare
3236 3264 3487 3332 Basilius,
3523 3280 3652 3321 cum

2073 3357 2445 3413 Innocentium
2477 3367 2651 3427 rogat,
2680 3367 2737 3412 ut
2774 3357 3007 3428 aliquem
3037 3360 3239 3425 mittat,
3274 3357 3369 3428 qui
3418 3372 3655 3413 venera-

2075 3450 2239 3506 bilem
2297 3450 2444 3510 illum
2498 3452 2873 3521 presbyterum
2935 3449 3110 3505 circa.
3125 3450 3330 3520 jejunia
3386 3463 3653 3506 assumat.

2075 3546 2183 3600 Cur
2207 3555 2392 3602 autem
2420 3546 2536 3599 ham
2560 3559 2703 3599 anno
2729 3543 2834 3599 572
2869 3553 3051 3614 putem
3075 3543 3389 3615 contigisse,
3427 3545 3530 3600 hoc
3553 3557 3657 3612 po-

2074 3639 2342 3693 tissimum
2389 3638 2630 3693 adducor
2681 3646 3037 3708 argumento,
3082 3637 3224 3706 quod
3270 3651 3394 3691 cum
3417 3635 3655 3691 Basilius

2072 3730 2273 3786 multos
2306 3730 2409 3785 hoc
2438 3744 2582 3783 anno
2621 3730 2904 3799 episcopos
2942 3727 3208 3783 creaverit
3246 3727 3656 3799 (multiplicatos

2073 3823 2219 3878 enim
2262 3820 2431 3877 fuisse
2474 3821 2816 3891 episc0patus
2859 3830 3090 3875 testatur
3112 3818 3481 3877 Nazianzenus
3512 3816 3650 3891 [d]),

2071 3930 2180 3970 non
2210 3916 2424 3969 videtur
2455 3928 2725 3969 summum
2762 3911 2909 3965 illum
2946 3915 3142 3978 virum,
3177 3927 3284 3982 quo
3314 3914 3657 3983 praestantio-

2072 4024 2187 4064 rem
2209 4007 2477 4061 neminem
2503 4006 2702 4061 habere
2716 4012 2950 4075 poterat,
2975 4006 3439 4075 praetermissurus
3455 4004 3650 4071 fuisse,

2070 4115 2194 4156 cum
2228 4098 2297 4171 (ε)
2341 4099 2638 4168 praesertim
2670 4097 3041 4163 Pmmenium,
3098 4114 3257 4169 quem
3303 4098 3452 4154 dedit
3490 4098 3654 4153 Sata-

2069 4193 2328 4256 Iensibus,
2366 4193 2595 4247 libenter
2616 4191 2878 4247 Caesarea:
2910 4193 3242 4255 retinuisset,
3273 4206 3375 4247 nec
3401 4192 3561 4245 matri
3588 4200 3652 4246 et

2070 4284 2324 4340 Ecclesia:
2367 4283 2568 4353 lugenti
2600 4283 2952 4350 abstulisset,
2995 4284 3041 4340 si
3072 4299 3232 4354 quem
3263 4284 3314 4339 ei
3351 4283 3652 4339 invenisset

2068 4392 2256 4448 parem
2280 4378 2348 4432 ad
2386 4393 2582 4432 munus
2615 4380 2961 4448 episcopatus
2990 4378 3385 4433 sustinendum.
3424 4374 3656 4430 Videtur

389 4474 509 4522 erat
552 4480 760 4537 magna:
791 4466 933 4532 urbi,
979 4480 1087 4520 non
1116 4481 1306 4536 parum
1360 4467 1605 4525 Caesarea
1628 4472 1873 4538 distanti,
1899 4487 1965 4528 ac
1997 4463 2043 4517 D
2073 4468 2187 4523 haec
2212 4466 2396 4521 Basilii
2429 4465 2724 4522 liberalitas
2756 4466 2810 4520 in
2835 4465 3197 4521 c0ncedeudis
3232 4481 3301 4520 ex
3326 4479 3427 4519 sua
3459 4463 3653 4519 Eccle-

388 4558 444 4613 in
474 4557 843 4628 perfungendo
876 4558 1089 4628 egregie
1115 4559 1458 4629 episcopatus
1489 4575 1715 4617 munere
1744 4563 1959 4619 laudem

388 4659 443 4703 et
470 4648 667 4703 famam
719 4651 943 4719 adeptus
968 4659 1105 4703 erat.
1134 4649 1358 4720 Magnus
1386 4652 1530 4707 enim
1558 4664 1677 4708 erat
1724 4655 1962 4724 Spiritus

388 4745 557 4798 sancti
599 4743 952 4813 gloriﬁcator,
982 4743 1205 4814 ejusque
1256 4743 1553 4801 divinitatis
1588 4745 1842 4803 defensor
1865 4747 1958 4820 (c).

393 4834 498 4889 Sed
524 4850 646 4888 cum
678 4834 968 4890 admodum
994 4844 1155 4890 aetate
1199 4844 1490 4906 provectus
1524 4845 1690 4905 esset,
1720 4853 1786 4893 ac
1810 4841 1960 4910 gregi

388 4940 487 4980 suo
520 4936 640 4995 post
669 4938 895 4981 mortem
927 4940 1082 4981 suam
1116 4936 1400 4994 metueret,
1440 4928 1651 4999 rogavit
1678 4929 1961 4999 Basilium,

388 5027 448 5072 ut
483 5033 670 5073 curam
700 5017 953 5074 Ecclesia
976 5034 1088 5074 suae
1123 5027 1242 5088 post
1274 5027 1502 5074 mortem
1529 5034 1682 5074 suam
1718 5021 1965 5091 suscipe-

388 5119 493 5176 ret,
514 5125 579 5165 ac
603 5125 744 5164 nunc
778 5110 844 5165 ad
870 5126 929 5165 se
965 5112 1205 5168 mit-teret
1233 5126 1264 5168 e
1295 5111 1442 5166 clero
1476 5126 1573 5166 suo
1610 5122 1956 5181 praestantem

388 5201 620 5273 aliquem
650 5202 1025 5272 virum,quem
1053 5216 1421 5258 successorem
1448 5216 1603 5256 suum
1632 5202 1786 5256 vivus
1813 5202 1960 5258 desi-

388 5303 599 5362 gnaret.
632 5293 751 5360 Quo
783 5294 952 5364 magis
986 5293 1243 5350 Basilium
1274 5303 1563 5350 exacueret
1594 5294 1660 5347 ad
1685 5309 1796 5349 rem
1822 5295 1959 5350 tanti

387 5387 668 5451 momenti,
697 5387 1005 5440 minabatur
1026 5400 1084 5443 se
1114 5386 1163 5444 ei
1199 5386 1349 5442 litem
1380 5400 1563 5443 coram
1587 5384 1813 5442 Domino
1840 5386 1960 5442 illa-

461 5524 538 5595 (a)
567 5523 634 5595 Ia
665 5524 896 5580 Eunom.

460 5594 536 5667 (ὁ)
560 5594 801 5667 ῌθιςρτ.
833 5598 924 5653 20.

460 5664 533 5734 (ε)
565 5666 659 5733 Ep.
692 5664 781 5723 50.

462 5735 543 5808 (α)
576 5735 669 5792 Or.
696 5737 787 5792 20.

2071 4560 2149 4614 sia
2186 4558 2489 4629 episcopis,
2535 4558 2608 4612 ita
2638 4557 2841 4612 clerum
2881 4557 3266 4613 Caesariensem
3302 4558 3646 4622 exhausisse,

2070 4662 2130 4706 ut
2152 4653 2421 4708 nemiuem
2459 4649 2526 4723 (Ῑ)
2575 4649 2801 4705 haberet
2827 4665 2970 4704 anno
2995 4649 3097 4704 575
3121 4689 3137 4715 ,
3169 4666 3328 4721 quem
3358 4650 3649 4720 Amphilo-

2070 4747 2193 4801 chio
2230 4744 2479 4809 donaret,
2526 4750 2810 4813 pr0pterea
2841 4743 2983 4812 quod
3018 4743 3065 4798 is
3095 4758 3255 4814 quem
3297 4743 3646 4814 promiserat,

2068 4838 2360 4893 accedente
2390 4835 2457 4890 ad
2487 4845 2719 4890 veterem
2750 4837 2995 4891 morbum
3026 4850 3162 4890 nova
3187 4836 3464 4892 oculorum
3485 4839 3650 4909 aegri-

2074 4927 2277 4995 tudine,
2314 4928 2489 4997 impar
2509 4926 2637 4981 huic
2668 4926 2821 4981 oneri
2854 4926 3030 4982 factus
3057 4936 3223 4982 esset.

2141 5019 2203 5074 11.
2241 5018 2502 5086 Quamvis
2527 5018 2782 5082 Basilius,
2829 5021 3068 5089 quandiu
3103 5019 3365 5077 Caesarea:
3400 5022 3501 5078 fuit
3534 5024 3649 5081 Va-

2068 5110 2205 5180 lens,
2239 5113 2330 5167 vix
2375 5111 2540 5166 ullum
2576 5112 2718 5167 diem
2764 5113 2832 5166 ab
2857 5111 3183 5168 Arianorum
3224 5114 3436 5171 insidiis
3470 5126 3649 5172 tutum

2065 5202 2351 5269 habuerit,
2383 5203 2516 5258 nihil
2559 5213 2739 5258 tamen
2772 5204 2839 5260 de
2886 5218 2984 5258 suo
3027 5205 3487 5274 pacilicandarum
3536 5209 3649 5264 Ec-

2065 5295 2356 5351 clesiarum
2384 5295 2563 5351 studio
2607 5295 2936 5350 remittebat.
2991 5295 3128 5351 Tum
3178 5313 3304 5352 cum
3342 5297 3651 5356 Athanasio

2067 5385 2143 5460 (g)
2186 5387 2457 5444 scriberet
2499 5402 2641 5444 anno
2689 5387 3051 5459 praecedenti,
3103 5403 3253 5461 spem
3287 5390 3337 5446 ei
3382 5388 3649 5449 aﬂ‘erebat

2134 5530 2206 5601 (ρ)
2233 5530 2335 5601 Ep.
2367 5529 2492 5601 I02.

2135 5600 2208 5669 (ί)
2242 5600 2337 5669 Ep.
2365 5600 2497 5654 217.

2135 5669 2208 5743 (g)
2239 5670 2410 5741 Epist.
2448 5669 2539 5727 69.
