  <div class='ocr_page' id='page_1' title='image "/cluster/home/n/w/nwhite01/storage/ocr_20150623/29/mdp.39015012934371/095.png"; bbox 0 0 3958 6212; ppageno 0'>
   <div class='ocr_carea' id='block_1_1' title="bbox 329 338 531 388">
    <p class='ocr_par' dir='ltr' id='par_1_1' title="bbox 329 338 531 388">
     <span class='ocr_line' id='line_1_1' title="bbox 329 338 531 388; baseline -0.01 0"><span class='ocrx_word' id='word_1_1' title='bbox 329 338 531 388; x_wconf 60' lang='lat' dir='ltr'><strong>est“:</strong></span> 
     </span>
    </p>
   </div>
   <div class='ocr_carea' id='block_1_2' title="bbox 1701 332 2236 390">
    <p class='ocr_par' dir='ltr' id='par_1_2' title="bbox 1701 332 2236 390">
     <span class='ocr_line' id='line_1_2' title="bbox 1701 332 2236 390; baseline 0.002 -3"><span class='ocrx_word' id='word_1_2' title='bbox 1701 332 2236 390; x_wconf 78' lang='lat' dir='ltr'><strong>PROLEGOMENA.</strong></span> 
     </span>
    </p>
   </div>
   <div class='ocr_carea' id='block_1_3' title="bbox 332 445 3593 527">
    <p class='ocr_par' dir='ltr' id='par_1_3' title="bbox 332 445 3593 527">
     <span class='ocr_line' id='line_1_3' title="bbox 332 445 3593 527; baseline 0.003 -22"><span class='ocrx_word' id='word_1_3' title='bbox 332 453 579 506; x_wconf 77' lang='lat' dir='ltr'><strong>sincerus</strong></span> <span class='ocrx_word' id='word_1_4' title='bbox 608 461 747 518; x_wconf 13' lang='lat' dir='ltr'><strong>aqua.</strong></span> <span class='ocrx_word' id='word_1_5' title='bbox 776 456 984 511; x_wconf 85' lang='lat' dir='ltr'><strong>custos,</strong></span> <span class='ocrx_word' id='word_1_6' title='bbox 1008 445 1246 504; x_wconf 78' lang='lat' dir='ltr'><strong>aﬂ‘abilis</strong></span> <span class='ocrx_word' id='word_1_7' title='bbox 1275 449 1525 519; x_wconf 90' lang='lat' dir='ltr'><strong>injuriam</strong></span> <span class='ocrx_word' id='word_1_8' title='bbox 1557 450 1905 518; x_wconf 89' lang='lat' dir='ltr'><strong>patientibus,</strong></span> <span class='ocrx_word' id='word_1_9' title='bbox 1937 457 1984 514; x_wconf 74' lang='grc' dir='ltr'><strong>Α</strong></span> <span class='ocrx_word' id='word_1_10' title='bbox 2014 453 2467 510; x_wconf 87' lang='lat' dir='ltr'><strong>facile‘summum</strong></span> <span class='ocrx_word' id='word_1_11' title='bbox 2508 454 2659 510; x_wconf 92' lang='lat' dir='ltr'><strong>illum</strong></span> <span class='ocrx_word' id='word_1_12' title='bbox 2691 453 2891 520; x_wconf 88' lang='lat' dir='ltr'><strong>virum,</strong></span> <span class='ocrx_word' id='word_1_13' title='bbox 2926 453 3121 522; x_wconf 88' lang='lat' dir='ltr'><strong>Eliam,</strong></span> <span class='ocrx_word' id='word_1_14' title='bbox 3169 471 3454 527; x_wconf 73' lang='lat' dir='ltr'><strong>agnosces,</strong></span> <span class='ocrx_word' id='word_1_15' title='bbox 3494 457 3593 527; x_wconf 82' lang='lat' dir='ltr'><strong>qui</strong></span> 
     </span>
    </p>
   </div>
   <div class='ocr_carea' id='block_1_4' title="bbox 333 539 1911 615">
    <p class='ocr_par' dir='ltr' id='par_1_4' title="bbox 333 539 1911 615">
     <span class='ocr_line' id='line_1_4' title="bbox 333 539 1911 615; baseline 0.001 -18"><span class='ocrx_word' id='word_1_16' title='bbox 333 541 595 598; x_wconf 76' lang='lat' dir='ltr'><strong>terribilis</strong></span> <span class='ocrx_word' id='word_1_17' title='bbox 641 539 1102 608; x_wconf 83' lang='lat' dir='ltr'><strong>delinquentibus,</strong></span> <span class='ocrx_word' id='word_1_18' title='bbox 1131 541 1414 610; x_wconf 65' lang='lat' dir='ltr'><strong>aequabilis</strong></span> <span class='ocrx_word' id='word_1_19' title='bbox 1453 550 1508 597; x_wconf 92' lang='lat' dir='ltr'><strong>et</strong></span> <span class='ocrx_word' id='word_1_20' title='bbox 1542 542 1682 598; x_wconf 91' lang='lat' dir='ltr'><strong>idem</strong></span> <span class='ocrx_word' id='word_1_21' title='bbox 1716 559 1911 615; x_wconf 86' lang='lat' dir='ltr'><strong>paupe-</strong></span> 
     </span>
    </p>
   </div>
   <div class='ocr_carea' id='block_1_5' title="bbox 336 629 1914 698">
    <p class='ocr_par' dir='ltr' id='par_1_5' title="bbox 336 629 1914 698">
     <span class='ocr_line' id='line_1_5' title="bbox 336 629 1914 698; baseline -0.001 -7"><span class='ocrx_word' id='word_1_22' title='bbox 336 635 487 691; x_wconf 90' lang='lat' dir='ltr'><strong>ribus</strong></span> <span class='ocrx_word' id='word_1_23' title='bbox 528 641 582 689; x_wconf 87' lang='lat' dir='ltr'><strong>et</strong></span> <span class='ocrx_word' id='word_1_24' title='bbox 629 632 904 687; x_wconf 73' lang='lat' dir='ltr'><strong>divitibus.</strong></span> <span class='ocrx_word' id='word_1_25' title='bbox 949 629 1114 698; x_wconf 83' lang='lat' dir='ltr'><strong>&#39;Quod</strong></span> <span class='ocrx_word' id='word_1_26' title='bbox 1156 642 1338 688; x_wconf 88' lang='lat' dir='ltr'><strong>autem</strong></span> <span class='ocrx_word' id='word_1_27' title='bbox 1390 649 1420 689; x_wconf 92' lang='lat' dir='ltr'><strong>a</strong></span> <span class='ocrx_word' id='word_1_28' title='bbox 1456 635 1771 691; x_wconf 83' lang='lat' dir='ltr'><strong>muneribus</strong></span> <span class='ocrx_word' id='word_1_29' title='bbox 1795 650 1914 690; x_wconf 88' lang='lat' dir='ltr'><strong>om-</strong></span> 
     </span>
    </p>
   </div>
   <div class='ocr_carea' id='block_1_6' title="bbox 334 723 1911 788">
    <p class='ocr_par' dir='ltr' id='par_1_6' title="bbox 334 723 1911 788">
     <span class='ocr_line' id='line_1_6' title="bbox 334 723 1911 788; baseline 0.001 -7"><span class='ocrx_word' id='word_1_30' title='bbox 334 727 483 781; x_wconf 85' lang='lat' dir='ltr'><strong>nium</strong></span> <span class='ocrx_word' id='word_1_31' title='bbox 514 724 747 779; x_wconf 78' lang='lat' dir='ltr'><strong>maxime</strong></span> <span class='ocrx_word' id='word_1_32' title='bbox 791 723 1144 788; x_wconf 87' lang='lat' dir='ltr'><strong>abhorrebat,</strong></span> <span class='ocrx_word' id='word_1_33' title='bbox 1193 725 1245 779; x_wconf 90' lang='lat' dir='ltr'><strong>id</strong></span> <span class='ocrx_word' id='word_1_34' title='bbox 1295 733 1355 780; x_wconf 92' lang='lat' dir='ltr'><strong>ut</strong></span> <span class='ocrx_word' id='word_1_35' title='bbox 1402 725 1574 782; x_wconf 89' lang='lat' dir='ltr'><strong>levius</strong></span> <span class='ocrx_word' id='word_1_36' title='bbox 1605 728 1815 783; x_wconf 66' lang='lat' dir='ltr'><strong>caneris</strong></span> <span class='ocrx_word' id='word_1_37' title='bbox 1844 727 1911 782; x_wconf 84' lang='lat' dir='ltr'><strong>il-</strong></span> 
     </span>
    </p>
   </div>
   <div class='ocr_carea' id='block_1_7' title="bbox 334 814 1910 881">
    <p class='ocr_par' dir='ltr' id='par_1_7' title="bbox 334 814 1910 881">
     <span class='ocr_line' id='line_1_7' title="bbox 334 814 1910 881; baseline 0.001 -9"><span class='ocrx_word' id='word_1_38' title='bbox 334 816 440 872; x_wconf 89' lang='lat' dir='ltr'><strong>lius</strong></span> <span class='ocrx_word' id='word_1_39' title='bbox 488 814 775 869; x_wconf 77' lang='lat' dir='ltr'><strong>virtutibus</strong></span> <span class='ocrx_word' id='word_1_40' title='bbox 832 816 1361 881; x_wconf 66' lang='lat' dir='ltr'><strong>praetermittendum</strong></span> <span class='ocrx_word' id='word_1_41' title='bbox 1416 817 1718 873; x_wconf 77' lang='lat' dir='ltr'><strong>videbatur.</strong></span> <span class='ocrx_word' id='word_1_42' title='bbox 1778 819 1910 873; x_wconf 83' lang='lat' dir='ltr'><strong>Cum</strong></span> 
     </span>
    </p>
   </div>
   <div class='ocr_carea' id='block_1_8' title="bbox 332 905 1914 980">
    <p class='ocr_par' dir='ltr' id='par_1_8' title="bbox 332 905 1914 980">
     <span class='ocr_line' id='line_1_8' title="bbox 332 905 1914 980; baseline -0.001 -14"><span class='ocrx_word' id='word_1_43' title='bbox 332 908 587 967; x_wconf 88' lang='lat' dir='ltr'><strong>eximiam</strong></span> <span class='ocrx_word' id='word_1_44' title='bbox 621 906 752 962; x_wconf 69' lang='lat' dir='ltr'><strong>Elite</strong></span> <span class='ocrx_word' id='word_1_45' title='bbox 778 905 1006 977; x_wconf 73' lang='lat' dir='ltr'><strong>efﬁgiem</strong></span> <span class='ocrx_word' id='word_1_46' title='bbox 1058 907 1140 963; x_wconf 87' lang='lat' dir='ltr'><strong>his</strong></span> <span class='ocrx_word' id='word_1_47' title='bbox 1185 908 1456 964; x_wconf 69' lang='lat' dir='ltr'><strong>color-ibus</strong></span> <span class='ocrx_word' id='word_1_48' title='bbox 1505 912 1773 980; x_wconf 83' lang='lat' dir='ltr'><strong>depictam</strong></span> <span class='ocrx_word' id='word_1_49' title='bbox 1819 913 1914 965; x_wconf 90' lang='lat' dir='ltr'><strong>ha-</strong></span> 
     </span>
    </p>
   </div>
   <div class='ocr_carea' id='block_1_9' title="bbox 332 999 1912 1074">
    <p class='ocr_par' dir='ltr' id='par_1_9' title="bbox 332 999 1912 1074">
     <span class='ocr_line' id='line_1_9' title="bbox 332 999 1912 1074; baseline -0.001 -15"><span class='ocrx_word' id='word_1_50' title='bbox 332 1003 578 1069; x_wconf 85' lang='lat' dir='ltr'><strong>beamus,</strong></span> <span class='ocrx_word' id='word_1_51' title='bbox 616 1000 830 1056; x_wconf 80' lang='lat' dir='ltr'><strong>facilius</strong></span> <span class='ocrx_word' id='word_1_52' title='bbox 857 999 1111 1054; x_wconf 87' lang='lat' dir='ltr'><strong>nonnulla</strong></span> <span class='ocrx_word' id='word_1_53' title='bbox 1139 1001 1206 1057; x_wconf 91' lang='lat' dir='ltr'><strong>ad</strong></span> <span class='ocrx_word' id='word_1_54' title='bbox 1237 1018 1358 1057; x_wconf 89' lang='lat' dir='ltr'><strong>cum</strong></span> <span class='ocrx_word' id='word_1_55' title='bbox 1388 1004 1714 1074; x_wconf 87' lang='lat' dir='ltr'><strong>pertinentia</strong></span> <span class='ocrx_word' id='word_1_56' title='bbox 1756 1005 1912 1060; x_wconf 84' lang='lat' dir='ltr'><strong>deiu-</strong></span> 
     </span>
    </p>
   </div>
   <div class='ocr_carea' id='block_1_10' title="bbox 331 1090 886 1161">
    <p class='ocr_par' dir='ltr' id='par_1_10' title="bbox 331 1090 886 1161">
     <span class='ocr_line' id='line_1_10' title="bbox 331 1090 886 1161; baseline -0.002 -13"><span class='ocrx_word' id='word_1_57' title='bbox 331 1105 461 1160; x_wconf 89' lang='lat' dir='ltr'><strong>ceps</strong></span> <span class='ocrx_word' id='word_1_58' title='bbox 487 1090 886 1161; x_wconf 80' lang='lat' dir='ltr'><strong>dignoscemus.</strong></span> 
     </span>
    </p>
   </div>
   <div class='ocr_carea' id='block_1_11' title="bbox 406 1174 1914 1239">
    <p class='ocr_par' dir='ltr' id='par_1_11' title="bbox 406 1174 1914 1239">
     <span class='ocr_line' id='line_1_11' title="bbox 406 1174 1914 1239; baseline 0 0"><span class='ocrx_word' id='word_1_59' title='bbox 406 1181 494 1239; x_wconf 72' lang='grc' dir='ltr'><strong>ιγ.</strong></span> <span class='ocrx_word' id='word_1_60' title='bbox 526 1184 629 1239; x_wconf 87' lang='lat' dir='ltr'><strong>Tot</strong></span> <span class='ocrx_word' id='word_1_61' title='bbox 655 1174 719 1238; x_wconf 83' lang='lat' dir='ltr'><strong>a&#39;c</strong></span> <span class='ocrx_word' id='word_1_62' title='bbox 748 1192 895 1237; x_wconf 87' lang='lat' dir='ltr'><strong>tanta</strong></span> <span class='ocrx_word' id='word_1_63' title='bbox 930 1183 1189 1237; x_wconf 88' lang='lat' dir='ltr'><strong>virtutum</strong></span> <span class='ocrx_word' id='word_1_64' title='bbox 1217 1192 1539 1239; x_wconf 87' lang='lat' dir='ltr'><strong>ornamenta</strong></span> <span class='ocrx_word' id='word_1_65' title='bbox 1578 1185 1788 1239; x_wconf 89' lang='lat' dir='ltr'><strong>animos</strong></span> <span class='ocrx_word' id='word_1_66' title='bbox 1817 1184 1914 1239; x_wconf 87' lang='lat' dir='ltr'><strong>ad-</strong></span> 
     </span>
    </p>
   </div>
   <div class='ocr_carea' id='block_1_12' title="bbox 335 1274 1912 1348">
    <p class='ocr_par' dir='ltr' id='par_1_12' title="bbox 335 1274 1912 1348">
     <span class='ocr_line' id='line_1_12' title="bbox 335 1274 1912 1348; baseline 0 -15"><span class='ocrx_word' id='word_1_67' title='bbox 335 1277 588 1333; x_wconf 88' lang='lat' dir='ltr'><strong>diderunt</strong></span> <span class='ocrx_word' id='word_1_68' title='bbox 614 1274 835 1341; x_wconf 83' lang='lat' dir='ltr'><strong>Basilio,</strong></span> <span class='ocrx_word' id='word_1_69' title='bbox 866 1285 947 1341; x_wconf 89' lang='lat' dir='ltr'><strong>ut,</strong></span> <span class='ocrx_word' id='word_1_70' title='bbox 981 1291 1102 1331; x_wconf 90' lang='lat' dir='ltr'><strong>cum</strong></span> <span class='ocrx_word' id='word_1_71' title='bbox 1131 1275 1199 1330; x_wconf 90' lang='lat' dir='ltr'><strong>ab</strong></span> <span class='ocrx_word' id='word_1_72' title='bbox 1240 1277 1359 1346; x_wconf 91' lang='lat' dir='ltr'><strong>ipso</strong></span> <span class='ocrx_word' id='word_1_73' title='bbox 1386 1278 1617 1348; x_wconf 60' lang='lat' dir='ltr'><strong>preside</strong></span> <span class='ocrx_word' id='word_1_74' title='bbox 1640 1317 1657 1343; x_wconf 94' lang='lat'><strong>,</strong></span> <span class='ocrx_word' id='word_1_75' title='bbox 1690 1287 1801 1332; x_wconf 84' lang='lat' dir='ltr'><strong>tum</strong></span> <span class='ocrx_word' id='word_1_76' title='bbox 1844 1279 1912 1333; x_wconf 88' lang='lat' dir='ltr'><strong>ab</strong></span> 
     </span>
    </p>
   </div>
   <div class='ocr_carea' id='block_1_13' title="bbox 335 1367 1910 1440">
    <p class='ocr_par' dir='ltr' id='par_1_13' title="bbox 335 1367 1910 1440">
     <span class='ocr_line' id='line_1_13' title="bbox 335 1367 1910 1440; baseline 0 -17"><span class='ocrx_word' id='word_1_77' title='bbox 335 1369 424 1433; x_wconf 91' lang='lat' dir='ltr'><strong>iis,</strong></span> <span class='ocrx_word' id='word_1_78' title='bbox 474 1368 564 1437; x_wconf 91' lang='lat' dir='ltr'><strong>qui</strong></span> <span class='ocrx_word' id='word_1_79' title='bbox 598 1368 700 1421; x_wconf 91' lang='lat' dir='ltr'><strong>sub</strong></span> <span class='ocrx_word' id='word_1_80' title='bbox 746 1367 864 1435; x_wconf 88' lang='lat' dir='ltr'><strong>ipso</strong></span> <span class='ocrx_word' id='word_1_81' title='bbox 898 1368 1135 1437; x_wconf 78' lang='lat' dir='ltr'><strong>aliquam</strong></span> <span class='ocrx_word' id='word_1_82' title='bbox 1169 1367 1660 1424; x_wconf 85' lang='lat' dir='ltr'><strong>administrationis</strong></span> <span class='ocrx_word' id='word_1_83' title='bbox 1688 1380 1910 1440; x_wconf 88' lang='lat' dir='ltr'><strong>.partem</strong></span> 
     </span>
    </p>
   </div>
   <div class='ocr_carea' id='block_1_14' title="bbox 333 1457 1909 1528">
    <p class='ocr_par' dir='ltr' id='par_1_14' title="bbox 333 1457 1909 1528">
     <span class='ocr_line' id='line_1_14' title="bbox 333 1457 1909 1528; baseline 0.003 -14"><span class='ocrx_word' id='word_1_84' title='bbox 333 1458 631 1528; x_wconf 87' lang='lat' dir='ltr'><strong>gerebant,</strong></span> <span class='ocrx_word' id='word_1_85' title='bbox 682 1457 847 1512; x_wconf 91' lang='lat' dir='ltr'><strong>multa</strong></span> <span class='ocrx_word' id='word_1_86' title='bbox 894 1468 1138 1527; x_wconf 83' lang='lat' dir='ltr'><strong>peteret,</strong></span> <span class='ocrx_word' id='word_1_87' title='bbox 1171 1473 1237 1513; x_wconf 90' lang='lat' dir='ltr'><strong>ac</strong></span> <span class='ocrx_word' id='word_1_88' title='bbox 1282 1459 1452 1517; x_wconf 86' lang='lat' dir='ltr'><strong>libere</strong></span> <span class='ocrx_word' id='word_1_89' title='bbox 1484 1461 1830 1528; x_wconf 85' lang='lat' dir='ltr'><strong>admoneret,</strong></span> <span class='ocrx_word' id='word_1_90' title='bbox 1865 1464 1909 1518; x_wconf 90' lang='lat' dir='ltr'><strong>si</strong></span> 
     </span>
    </p>
   </div>
   <div class='ocr_carea' id='block_1_15' title="bbox 332 1549 1911 1627">
    <p class='ocr_par' dir='ltr' id='par_1_15' title="bbox 332 1549 1911 1627">
     <span class='ocr_line' id='line_1_15' title="bbox 332 1549 1911 1627; baseline 0.001 -21"><span class='ocrx_word' id='word_1_91' title='bbox 332 1553 463 1623; x_wconf 89' lang='lat' dir='ltr'><strong>quid</strong></span> <span class='ocrx_word' id='word_1_92' title='bbox 503 1553 615 1607; x_wconf 85' lang='lat' dir='ltr'><strong>ﬁeri</strong></span> <span class='ocrx_word' id='word_1_93' title='bbox 655 1549 868 1605; x_wconf 80' lang='lat' dir='ltr'><strong>videret</strong></span> <span class='ocrx_word' id='word_1_94' title='bbox 908 1565 1014 1605; x_wconf 91' lang='lat' dir='ltr'><strong>non</strong></span> <span class='ocrx_word' id='word_1_95' title='bbox 1046 1552 1263 1608; x_wconf 89' lang='lat' dir='ltr'><strong>decore.</strong></span> <span class='ocrx_word' id='word_1_96' title='bbox 1310 1550 1449 1609; x_wconf 81' lang='lat' dir='ltr'><strong>Hinc</strong></span> <span class='ocrx_word' id='word_1_97' title='bbox 1477 1556 1800 1610; x_wconf 86' lang='lat' dir='ltr'><strong>ceusitnrem</strong></span> <span class='ocrx_word' id='word_1_98' title='bbox 1833 1553 1911 1627; x_wconf 78' lang='grc' dir='ltr'><strong>(α)</strong></span> 
     </span>
    </p>
   </div>
   <div class='ocr_carea' id='block_1_16' title="bbox 334 1642 1913 1716">
    <p class='ocr_par' dir='ltr' id='par_1_16' title="bbox 334 1642 1913 1716">
     <span class='ocr_line' id='line_1_16' title="bbox 334 1642 1913 1716; baseline 0.002 -17"><span class='ocrx_word' id='word_1_99' title='bbox 334 1644 619 1707; x_wconf 87' lang='lat' dir='ltr'><strong>hortatur,</strong></span> <span class='ocrx_word' id='word_1_100' title='bbox 676 1657 835 1713; x_wconf 85' lang='lat' dir='ltr'><strong>quem</strong></span> <span class='ocrx_word' id='word_1_101' title='bbox 893 1642 1033 1698; x_wconf 89' lang='lat' dir='ltr'><strong>fama</strong></span> <span class='ocrx_word' id='word_1_102' title='bbox 1080 1643 1252 1714; x_wconf 87' lang='lat' dir='ltr'><strong>magis</strong></span> <span class='ocrx_word' id='word_1_103' title='bbox 1303 1661 1465 1716; x_wconf 87' lang='lat' dir='ltr'><strong>quam</strong></span> <span class='ocrx_word' id='word_1_104' title='bbox 1522 1648 1913 1702; x_wconf 89' lang='lat' dir='ltr'><strong>consuetudine</strong></span> 
     </span>
    </p>
   </div>
   <div class='ocr_carea' id='block_1_17' title="bbox 333 1735 1913 1809">
    <p class='ocr_par' dir='ltr' id='par_1_17' title="bbox 333 1735 1913 1809">
     <span class='ocr_line' id='line_1_17' title="bbox 333 1735 1913 1809; baseline 0.001 -18"><span class='ocrx_word' id='word_1_105' title='bbox 333 1745 580 1801; x_wconf 82' lang='lat' dir='ltr'><strong>noverat,</strong></span> <span class='ocrx_word' id='word_1_106' title='bbox 607 1746 828 1800; x_wconf 85' lang='lat' dir='ltr'><strong>ut,cum</strong></span> <span class='ocrx_word' id='word_1_107' title='bbox 855 1735 1118 1803; x_wconf 87' lang='lat' dir='ltr'><strong>ejusmodi</strong></span> <span class='ocrx_word' id='word_1_108' title='bbox 1149 1751 1346 1792; x_wconf 89' lang='lat' dir='ltr'><strong>munus</strong></span> <span class='ocrx_word' id='word_1_109' title='bbox 1374 1739 1690 1808; x_wconf 85' lang='lat' dir='ltr'><strong>susceperit,</strong></span> <span class='ocrx_word' id='word_1_110' title='bbox 1724 1740 1775 1793; x_wconf 89' lang='lat' dir='ltr'><strong>in</strong></span> <span class='ocrx_word' id='word_1_111' title='bbox 1805 1753 1913 1809; x_wconf 91' lang='lat' dir='ltr'><strong>quo</strong></span> 
     </span>
    </p>
   </div>
   <div class='ocr_carea' id='block_1_18' title="bbox 335 1826 1913 1901">
    <p class='ocr_par' dir='ltr' id='par_1_18' title="bbox 335 1826 1913 1901">
     <span class='ocr_line' id='line_1_18' title="bbox 335 1826 1913 1901; baseline 0 -15"><span class='ocrx_word' id='word_1_112' title='bbox 335 1829 738 1901; x_wconf 85' lang='lat' dir='ltr'><strong>Cappadociam</strong></span> <span class='ocrx_word' id='word_1_113' title='bbox 767 1828 990 1882; x_wconf 90' lang='lat' dir='ltr'><strong>omnino</strong></span> <span class='ocrx_word' id='word_1_114' title='bbox 1020 1826 1135 1881; x_wconf 88' lang='lat' dir='ltr'><strong>solo</strong></span> <span class='ocrx_word' id='word_1_115' title='bbox 1166 1840 1434 1898; x_wconf 83' lang='lat' dir='ltr'><strong>aequatam</strong></span> <span class='ocrx_word' id='word_1_116' title='bbox 1465 1830 1770 1886; x_wconf 84' lang='lat' dir='ltr'><strong>instaurare</strong></span> <span class='ocrx_word' id='word_1_117' title='bbox 1796 1845 1913 1901; x_wconf 88' lang='lat' dir='ltr'><strong>pos-</strong></span> 
     </span>
    </p>
   </div>
   <div class='ocr_carea' id='block_1_19' title="bbox 332 1924 1912 1997">
    <p class='ocr_par' dir='ltr' id='par_1_19' title="bbox 332 1924 1912 1997">
     <span class='ocr_line' id='line_1_19' title="bbox 332 1924 1912 1997; baseline 0.001 -17"><span class='ocrx_word' id='word_1_118' title='bbox 332 1926 424 1991; x_wconf 85' lang='lat' dir='ltr'><strong>sit,</strong></span> <span class='ocrx_word' id='word_1_119' title='bbox 478 1924 799 1979; x_wconf 87' lang='lat' dir='ltr'><strong>miserorum</strong></span> <span class='ocrx_word' id='word_1_120' title='bbox 846 1938 1118 1979; x_wconf 67' lang='lat' dir='ltr'><strong>aerumnas</strong></span> <span class='ocrx_word' id='word_1_121' title='bbox 1159 1924 1389 1990; x_wconf 78' lang='lat' dir='ltr'><strong>allevet;</strong></span> <span class='ocrx_word' id='word_1_122' title='bbox 1441 1926 1599 1997; x_wconf 81' lang='lat' dir='ltr'><strong>eique</strong></span> <span class='ocrx_word' id='word_1_123' title='bbox 1630 1942 1912 1982; x_wconf 86' lang='lat' dir='ltr'><strong>commen-</strong></span> 
     </span>
    </p>
   </div>
   <div class='ocr_carea' id='block_1_20' title="bbox 331 2014 1911 2086">
    <p class='ocr_par' dir='ltr' id='par_1_20' title="bbox 331 2014 1911 2086">
     <span class='ocr_line' id='line_1_20' title="bbox 331 2014 1911 2086; baseline 0.002 -16"><span class='ocrx_word' id='word_1_124' title='bbox 331 2017 426 2071; x_wconf 88' lang='lat' dir='ltr'><strong>dat</strong></span> <span class='ocrx_word' id='word_1_125' title='bbox 456 2030 609 2070; x_wconf 88' lang='lat' dir='ltr'><strong>suam</strong></span> <span class='ocrx_word' id='word_1_126' title='bbox 642 2014 931 2085; x_wconf 84' lang='lat' dir='ltr'><strong>quamdam</strong></span> <span class='ocrx_word' id='word_1_127' title='bbox 974 2015 1370 2084; x_wconf 87' lang='lat' dir='ltr'><strong>possessionem</strong></span> <span class='ocrx_word' id='word_1_128' title='bbox 1390 2058 1405 2083; x_wconf 91' lang='lat'><strong>,</strong></span> <span class='ocrx_word' id='word_1_129' title='bbox 1433 2032 1553 2086; x_wconf 68' lang='lat' dir='ltr'><strong>qua:</strong></span> <span class='ocrx_word' id='word_1_130' title='bbox 1590 2021 1732 2073; x_wconf 85' lang='lat' dir='ltr'><strong>circa</strong></span> <span class='ocrx_word' id='word_1_131' title='bbox 1761 2019 1911 2074; x_wconf 70' lang='lat' dir='ltr'><strong>Cha-</strong></span> 
     </span>
    </p>
   </div>
   <div class='ocr_carea' id='block_1_21' title="bbox 334 2106 1912 2180">
    <p class='ocr_par' dir='ltr' id='par_1_21' title="bbox 334 2106 1912 2180">
     <span class='ocr_line' id='line_1_21' title="bbox 334 2106 1912 2180; baseline 0.003 -18"><span class='ocrx_word' id='word_1_132' title='bbox 334 2122 620 2163; x_wconf 88' lang='lat' dir='ltr'><strong>manenem</strong></span> <span class='ocrx_word' id='word_1_133' title='bbox 646 2106 753 2161; x_wconf 90' lang='lat' dir='ltr'><strong>sita</strong></span> <span class='ocrx_word' id='word_1_134' title='bbox 783 2106 1003 2161; x_wconf 87' lang='lat' dir='ltr'><strong>tributis</strong></span> <span class='ocrx_word' id='word_1_135' title='bbox 1031 2107 1385 2176; x_wconf 83' lang='lat' dir='ltr'><strong>premebatur</strong></span> <span class='ocrx_word' id='word_1_136' title='bbox 1420 2127 1435 2162; x_wconf 90' lang='lat'><strong>:</strong></span> <span class='ocrx_word' id='word_1_137' title='bbox 1475 2124 1627 2163; x_wconf 91' lang='lat' dir='ltr'><strong>suam</strong></span> <span class='ocrx_word' id='word_1_138' title='bbox 1658 2121 1912 2180; x_wconf 89' lang='lat' dir='ltr'><strong>peracute</strong></span> 
     </span>
    </p>
   </div>
   <div class='ocr_carea' id='block_1_22' title="bbox 333 2198 1908 2273">
    <p class='ocr_par' dir='ltr' id='par_1_22' title="bbox 333 2198 1908 2273">
     <span class='ocr_line' id='line_1_22' title="bbox 333 2198 1908 2273; baseline 0.003 -20"><span class='ocrx_word' id='word_1_139' title='bbox 333 2213 556 2267; x_wconf 88' lang='lat' dir='ltr'><strong>vocans,</strong></span> <span class='ocrx_word' id='word_1_140' title='bbox 590 2213 706 2268; x_wconf 61' lang='lat' dir='ltr'><strong>quas</strong></span> <span class='ocrx_word' id='word_1_141' title='bbox 731 2207 851 2253; x_wconf 89' lang='lat' dir='ltr'><strong>erat</strong></span> <span class='ocrx_word' id='word_1_142' title='bbox 881 2198 1039 2253; x_wconf 89' lang='lat' dir='ltr'><strong>unius</strong></span> <span class='ocrx_word' id='word_1_143' title='bbox 1066 2212 1130 2252; x_wconf 82' lang='lat' dir='ltr'><strong>ex</strong></span> <span class='ocrx_word' id='word_1_144' title='bbox 1159 2198 1373 2254; x_wconf 84' lang='lat' dir='ltr'><strong>amicis.</strong></span> <span class='ocrx_word' id='word_1_145' title='bbox 1410 2199 1623 2271; x_wconf 88' lang='lat' dir='ltr'><strong>Scripta</strong></span> <span class='ocrx_word' id='word_1_146' title='bbox 1654 2202 1769 2258; x_wconf 64' lang='lat' dir='ltr'><strong>hate</strong></span> <span class='ocrx_word' id='word_1_147' title='bbox 1793 2204 1908 2273; x_wconf 83' lang='lat' dir='ltr'><strong>epi-</strong></span> 
     </span>
    </p>
   </div>
   <div class='ocr_carea' id='block_1_23' title="bbox 330 2288 1909 2364">
    <p class='ocr_par' dir='ltr' id='par_1_23' title="bbox 330 2288 1909 2364">
     <span class='ocr_line' id='line_1_23' title="bbox 330 2288 1909 2364; baseline 0.002 -19"><span class='ocrx_word' id='word_1_148' title='bbox 330 2289 469 2345; x_wconf 84' lang='lat' dir='ltr'><strong>stola</strong></span> <span class='ocrx_word' id='word_1_149' title='bbox 499 2305 603 2345; x_wconf 91' lang='lat' dir='ltr'><strong>non</strong></span> <span class='ocrx_word' id='word_1_150' title='bbox 644 2290 816 2344; x_wconf 91' lang='lat' dir='ltr'><strong>multo</strong></span> <span class='ocrx_word' id='word_1_151' title='bbox 845 2298 967 2359; x_wconf 92' lang='lat' dir='ltr'><strong>post</strong></span> <span class='ocrx_word' id='word_1_152' title='bbox 991 2288 1313 2344; x_wconf 87' lang='lat' dir='ltr'><strong>divisionem</strong></span> <span class='ocrx_word' id='word_1_153' title='bbox 1342 2290 1714 2361; x_wconf 82' lang='lat' dir='ltr'><strong>Cappadociae,</strong></span> <span class='ocrx_word' id='word_1_154' title='bbox 1749 2310 1909 2364; x_wconf 87' lang='lat' dir='ltr'><strong>quam</strong></span> 
     </span>
    </p>
   </div>
   <div class='ocr_carea' id='block_1_24' title="bbox 330 2378 1910 2450">
    <p class='ocr_par' dir='ltr' id='par_1_24' title="bbox 330 2378 1910 2450">
     <span class='ocr_line' id='line_1_24' title="bbox 330 2378 1910 2450; baseline 0.003 -15"><span class='ocrx_word' id='word_1_155' title='bbox 330 2379 596 2447; x_wconf 85' lang='lat' dir='ltr'><strong>Basilius,</strong></span> <span class='ocrx_word' id='word_1_156' title='bbox 643 2388 703 2432; x_wconf 90' lang='lat' dir='ltr'><strong>ut</strong></span> <span class='ocrx_word' id='word_1_157' title='bbox 751 2378 958 2434; x_wconf 86' lang='lat' dir='ltr'><strong>recenti</strong></span> <span class='ocrx_word' id='word_1_158' title='bbox 1002 2379 1182 2435; x_wconf 87' lang='lat' dir='ltr'><strong>adhuc</strong></span> <span class='ocrx_word' id='word_1_159' title='bbox 1219 2380 1443 2436; x_wconf 88' lang='lat' dir='ltr'><strong>vulnere</strong></span> <span class='ocrx_word' id='word_1_160' title='bbox 1472 2424 1486 2450; x_wconf 92' lang='lat'><strong>,</strong></span> <span class='ocrx_word' id='word_1_161' title='bbox 1540 2384 1751 2438; x_wconf 83' lang='lat' dir='ltr'><strong>omnino</strong></span> <span class='ocrx_word' id='word_1_162' title='bbox 1797 2385 1910 2440; x_wconf 83' lang='lat' dir='ltr'><strong>solo</strong></span> 
     </span>
    </p>
   </div>
   <div class='ocr_carea' id='block_1_25' title="bbox 324 2471 920 2544">
    <p class='ocr_par' dir='ltr' id='par_1_25' title="bbox 324 2471 920 2544">
     <span class='ocr_line' id='line_1_25' title="bbox 324 2471 920 2544; baseline -0.003 -18"><span class='ocrx_word' id='word_1_163' title='bbox 324 2482 593 2544; x_wconf 58' lang='lat' dir='ltr'><strong>aquatum</strong></span> <span class='ocrx_word' id='word_1_164' title='bbox 620 2471 920 2527; x_wconf 72' lang='lat' dir='ltr'><strong>existimat.</strong></span> 
     </span>
    </p>
   </div>
   <div class='ocr_carea' id='block_1_26' title="bbox 404 2563 1908 2639">
    <p class='ocr_par' dir='ltr' id='par_1_26' title="bbox 404 2563 1908 2639">
     <span class='ocr_line' id='line_1_26' title="bbox 404 2563 1908 2639; baseline 0.002 -19"><span class='ocrx_word' id='word_1_165' title='bbox 404 2563 675 2634; x_wconf 85' lang='lat' dir='ltr'><strong>Scriptam</strong></span> <span class='ocrx_word' id='word_1_166' title='bbox 698 2563 969 2618; x_wconf 87' lang='lat' dir='ltr'><strong>credimus</strong></span> <span class='ocrx_word' id='word_1_167' title='bbox 992 2564 1057 2619; x_wconf 85' lang='lat' dir='ltr'><strong>ad</strong></span> <span class='ocrx_word' id='word_1_168' title='bbox 1078 2563 1246 2619; x_wconf 85' lang='lat' dir='ltr'><strong>Eliam</strong></span> <span class='ocrx_word' id='word_1_169' title='bbox 1269 2564 1552 2636; x_wconf 88' lang='lat' dir='ltr'><strong>epistolam</strong></span> <span class='ocrx_word' id='word_1_170' title='bbox 1575 2575 1908 2639; x_wconf 84' lang='lat' dir='ltr'><strong>sequentem.</strong></span> 
     </span>
    </p>
   </div>
   <div class='ocr_carea' id='block_1_27' title="bbox 329 2655 1909 2732">
    <p class='ocr_par' dir='ltr' id='par_1_27' title="bbox 329 2655 1909 2732">
     <span class='ocr_line' id='line_1_27' title="bbox 329 2655 1909 2732; baseline 0.001 -18"><span class='ocrx_word' id='word_1_171' title='bbox 329 2657 739 2728; x_wconf 71' lang='lat' dir='ltr'><strong>leprovinciam</strong></span> <span class='ocrx_word' id='word_1_172' title='bbox 776 2657 852 2710; x_wconf 82' lang='lat' dir='ltr'><strong>ita</strong></span> <span class='ocrx_word' id='word_1_173' title='bbox 894 2655 1144 2712; x_wconf 79' lang='lat' dir='ltr'><strong>afﬂictam</strong></span> <span class='ocrx_word' id='word_1_174' title='bbox 1179 2667 1235 2713; x_wconf 89' lang='lat' dir='ltr'><strong>et</strong></span> <span class='ocrx_word' id='word_1_175' title='bbox 1284 2658 1640 2715; x_wconf 88' lang='lat' dir='ltr'><strong>deformatam</strong></span> <span class='ocrx_word' id='word_1_176' title='bbox 1683 2676 1909 2732; x_wconf 80' lang='lat' dir='ltr'><strong>accepe-</strong></span> 
     </span>
    </p>
   </div>
   <div class='ocr_carea' id='block_1_28' title="bbox 329 2748 1909 2824">
    <p class='ocr_par' dir='ltr' id='par_1_28' title="bbox 329 2748 1909 2824">
     <span class='ocr_line' id='line_1_28' title="bbox 329 2748 1909 2824; baseline 0.004 -20"><span class='ocrx_word' id='word_1_177' title='bbox 329 2758 446 2814; x_wconf 87' lang='lat' dir='ltr'><strong>rat,</strong></span> <span class='ocrx_word' id='word_1_178' title='bbox 476 2757 554 2815; x_wconf 84' lang='lat' dir='ltr'><strong>ut,</strong></span> <span class='ocrx_word' id='word_1_179' title='bbox 589 2748 835 2818; x_wconf 84' lang='lat' dir='ltr'><strong>quamvis</strong></span> <span class='ocrx_word' id='word_1_180' title='bbox 870 2764 1066 2806; x_wconf 89' lang='lat' dir='ltr'><strong>omnes</strong></span> <span class='ocrx_word' id='word_1_181' title='bbox 1110 2766 1240 2806; x_wconf 90' lang='lat' dir='ltr'><strong>suas</strong></span> <span class='ocrx_word' id='word_1_182' title='bbox 1282 2753 1639 2824; x_wconf 80' lang='lat' dir='ltr'><strong>cogitationes</strong></span> <span class='ocrx_word' id='word_1_183' title='bbox 1678 2756 1745 2810; x_wconf 89' lang='lat' dir='ltr'><strong>ad</strong></span> <span class='ocrx_word' id='word_1_184' title='bbox 1790 2771 1909 2811; x_wconf 90' lang='lat' dir='ltr'><strong>eam</strong></span> 
     </span>
    </p>
   </div>
   <div class='ocr_carea' id='block_1_29' title="bbox 328 2840 1911 2907">
    <p class='ocr_par' dir='ltr' id='par_1_29' title="bbox 328 2840 1911 2907">
     <span class='ocr_line' id='line_1_29' title="bbox 328 2840 1911 2907; baseline 0.004 -10"><span class='ocrx_word' id='word_1_185' title='bbox 328 2840 713 2897; x_wconf 73' lang='lat' dir='ltr'><strong>sultievandam</strong></span> <span class='ocrx_word' id='word_1_186' title='bbox 750 2842 1021 2907; x_wconf 85' lang='lat' dir='ltr'><strong>incitaret,</strong></span> <span class='ocrx_word' id='word_1_187' title='bbox 1054 2842 1311 2898; x_wconf 87' lang='lat' dir='ltr'><strong>nonnulla</strong></span> <span class='ocrx_word' id='word_1_188' title='bbox 1357 2853 1536 2900; x_wconf 89' lang='lat' dir='ltr'><strong>tamen</strong></span> <span class='ocrx_word' id='word_1_189' title='bbox 1578 2845 1785 2902; x_wconf 85' lang='lat' dir='ltr'><strong>faceret</strong></span> <span class='ocrx_word' id='word_1_190' title='bbox 1831 2850 1911 2903; x_wconf 83' lang='lat' dir='ltr'><strong>in-</strong></span> 
     </span>
    </p>
   </div>
   <div class='ocr_carea' id='block_1_30' title="bbox 327 2933 1909 3009">
    <p class='ocr_par' dir='ltr' id='par_1_30' title="bbox 327 2933 1909 3009">
     <span class='ocr_line' id='line_1_30' title="bbox 327 2933 1909 3009; baseline 0.005 -21"><span class='ocrx_word' id='word_1_191' title='bbox 327 2933 495 2999; x_wconf 67' lang='lat' dir='ltr'><strong>ritus,</strong></span> <span class='ocrx_word' id='word_1_192' title='bbox 524 2943 632 2988; x_wconf 19' lang='lat' dir='ltr'><strong>aaut</strong></span> <span class='ocrx_word' id='word_1_193' title='bbox 675 2933 791 2989; x_wconf 85' lang='lat' dir='ltr'><strong>ﬁeri</strong></span> <span class='ocrx_word' id='word_1_194' title='bbox 836 2936 1074 3000; x_wconf 79' lang='lat' dir='ltr'><strong>sineret,</strong></span> <span class='ocrx_word' id='word_1_195' title='bbox 1115 2936 1283 3006; x_wconf 90' lang='lat' dir='ltr'><strong>ipsius</strong></span> <span class='ocrx_word' id='word_1_196' title='bbox 1341 2938 1665 2995; x_wconf 86' lang='lat' dir='ltr'><strong>humanitati</strong></span> <span class='ocrx_word' id='word_1_197' title='bbox 1717 2955 1909 3009; x_wconf 89' lang='lat' dir='ltr'><strong>parum</strong></span> 
     </span>
    </p>
   </div>
   <div class='ocr_carea' id='block_1_31' title="bbox 327 3025 1907 3102">
    <p class='ocr_par' dir='ltr' id='par_1_31' title="bbox 327 3025 1907 3102">
     <span class='ocr_line' id='line_1_31' title="bbox 327 3025 1907 3102; baseline 0.004 -21"><span class='ocrx_word' id='word_1_198' title='bbox 327 3026 709 3095; x_wconf 83' lang='lat' dir='ltr'><strong>congruentia.</strong></span> <span class='ocrx_word' id='word_1_199' title='bbox 738 3025 939 3081; x_wconf 87' lang='lat' dir='ltr'><strong>Senem</strong></span> <span class='ocrx_word' id='word_1_200' title='bbox 968 3026 1257 3095; x_wconf 83' lang='lat' dir='ltr'><strong>quemdam</strong></span> <span class='ocrx_word' id='word_1_201' title='bbox 1287 3043 1409 3082; x_wconf 91' lang='lat' dir='ltr'><strong>cum</strong></span> <span class='ocrx_word' id='word_1_202' title='bbox 1438 3029 1676 3098; x_wconf 88' lang='lat' dir='ltr'><strong>diploma</strong></span> <span class='ocrx_word' id='word_1_203' title='bbox 1703 3033 1907 3102; x_wconf 79' lang='lat' dir='ltr'><strong>regium</strong></span> 
     </span>
    </p>
   </div>
   <div class='ocr_carea' id='block_1_32' title="bbox 2014 545 3096 617">
    <p class='ocr_par' dir='ltr' id='par_1_32' title="bbox 2014 545 3096 617">
     <span class='ocr_line' id='line_1_32' title="bbox 2014 545 3096 617; baseline 0.002 -17"><span class='ocrx_word' id='word_1_204' title='bbox 2014 561 2175 615; x_wconf 86' lang='lat' dir='ltr'><strong>supra</strong></span> <span class='ocrx_word' id='word_1_205' title='bbox 2210 545 2396 600; x_wconf 84' lang='lat' dir='ltr'><strong>Basilii</strong></span> <span class='ocrx_word' id='word_1_206' title='bbox 2430 545 2681 615; x_wconf 87' lang='lat' dir='ltr'><strong>penicillo</strong></span> <span class='ocrx_word' id='word_1_207' title='bbox 2718 547 2963 617; x_wconf 90' lang='lat' dir='ltr'><strong>depictus</strong></span> <span class='ocrx_word' id='word_1_208' title='bbox 2989 558 3096 603; x_wconf 89' lang='lat' dir='ltr'><strong>est.</strong></span> 
     </span>
    </p>
   </div>
   <div class='ocr_carea' id='block_1_33' title="bbox 2087 634 3592 710">
    <p class='ocr_par' dir='ltr' id='par_1_33' title="bbox 2087 634 3592 710">
     <span class='ocr_line' id='line_1_33' title="bbox 2087 634 3592 710; baseline 0.004 -20"><span class='ocrx_word' id='word_1_209' title='bbox 2087 636 2259 691; x_wconf 87' lang='lat' dir='ltr'><strong>Tanta</strong></span> <span class='ocrx_word' id='word_1_210' title='bbox 2306 638 2549 693; x_wconf 88' lang='lat' dir='ltr'><strong>erathis</strong></span> <span class='ocrx_word' id='word_1_211' title='bbox 2598 640 2938 708; x_wconf 88' lang='lat' dir='ltr'><strong>temporibus</strong></span> <span class='ocrx_word' id='word_1_212' title='bbox 2984 639 3266 696; x_wconf 88' lang='lat' dir='ltr'><strong>calamitas</strong></span> <span class='ocrx_word' id='word_1_213' title='bbox 3308 634 3592 710; x_wconf 75' lang='lat' dir='ltr'><strong>Cappado-</strong></span> 
     </span>
    </p>
   </div>
   <div class='ocr_carea' id='block_1_34' title="bbox 2015 732 3597 803">
    <p class='ocr_par' dir='ltr' id='par_1_34' title="bbox 2015 732 3597 803">
     <span class='ocr_line' id='line_1_34' title="bbox 2015 732 3597 803; baseline -0.001 -16"><span class='ocrx_word' id='word_1_214' title='bbox 2015 735 2132 800; x_wconf 64' lang='lat' dir='ltr'><strong>cia,</strong></span> <span class='ocrx_word' id='word_1_215' title='bbox 2171 741 2229 786; x_wconf 94' lang='lat' dir='ltr'><strong>ut</strong></span> <span class='ocrx_word' id='word_1_216' title='bbox 2257 748 2361 786; x_wconf 88' lang='lat' dir='ltr'><strong>una</strong></span> <span class='ocrx_word' id='word_1_217' title='bbox 2397 747 2499 786; x_wconf 79' lang='lat' dir='ltr'><strong>vox</strong></span> <span class='ocrx_word' id='word_1_218' title='bbox 2531 732 2734 803; x_wconf 90' lang='lat' dir='ltr'><strong>ubique</strong></span> <span class='ocrx_word' id='word_1_219' title='bbox 2767 733 3085 794; x_wconf 87' lang='lat' dir='ltr'><strong>audiretur,</strong></span> <span class='ocrx_word' id='word_1_220' title='bbox 3130 741 3448 786; x_wconf 81' lang='lat' dir='ltr'><strong>exactorum</strong></span> <span class='ocrx_word' id='word_1_221' title='bbox 3477 770 3495 795; x_wconf 92' lang='lat'><strong>,</strong></span> <span class='ocrx_word' id='word_1_222' title='bbox 3537 737 3597 786; x_wconf 84' lang='lat' dir='ltr'><strong>et</strong></span> 
     </span>
    </p>
   </div>
   <div class='ocr_carea' id='block_1_35' title="bbox 2013 822 3599 894">
    <p class='ocr_par' dir='ltr' id='par_1_35' title="bbox 2013 822 3599 894">
     <span class='ocr_line' id='line_1_35' title="bbox 2013 822 3599 894; baseline -0.001 -16"><span class='ocrx_word' id='word_1_223' title='bbox 2013 838 2200 878; x_wconf 80' lang='lat' dir='ltr'><strong>eorum</strong></span> <span class='ocrx_word' id='word_1_224' title='bbox 2236 839 2265 877; x_wconf 90' lang='lat' dir='ltr'><strong>a</strong></span> <span class='ocrx_word' id='word_1_225' title='bbox 2295 824 2491 893; x_wconf 88' lang='lat' dir='ltr'><strong>quibus</strong></span> <span class='ocrx_word' id='word_1_226' title='bbox 2518 825 2839 894; x_wconf 78' lang='lat' dir='ltr'><strong>exigebatur</strong></span> <span class='ocrx_word' id='word_1_227' title='bbox 2864 865 2881 890; x_wconf 97' lang='lat'><strong>,</strong></span> <span class='ocrx_word' id='word_1_228' title='bbox 2927 824 3127 893; x_wconf 90' lang='lat' dir='ltr'><strong>quique</strong></span> <span class='ocrx_word' id='word_1_229' title='bbox 3162 822 3391 893; x_wconf 83' lang='lat' dir='ltr'><strong>ﬂagellis</strong></span> <span class='ocrx_word' id='word_1_230' title='bbox 3419 822 3599 877; x_wconf 61' lang='lat' dir='ltr'><strong>caede-</strong></span> 
     </span>
    </p>
   </div>
   <div class='ocr_carea' id='block_1_36' title="bbox 2016 909 3596 983">
    <p class='ocr_par' dir='ltr' id='par_1_36' title="bbox 2016 909 3596 983">
     <span class='ocr_line' id='line_1_36' title="bbox 2016 909 3596 983; baseline -0.004 -12"><span class='ocrx_word' id='word_1_231' title='bbox 2016 916 2238 981; x_wconf 87' lang='lat' dir='ltr'><strong>bantur,</strong></span> <span class='ocrx_word' id='word_1_232' title='bbox 2273 924 2333 970; x_wconf 95' lang='lat' dir='ltr'><strong>ut</strong></span> <span class='ocrx_word' id='word_1_233' title='bbox 2368 924 2607 971; x_wconf 87' lang='lat' dir='ltr'><strong>testatur</strong></span> <span class='ocrx_word' id='word_1_234' title='bbox 2638 914 2872 971; x_wconf 87' lang='lat' dir='ltr'><strong>Basilius</strong></span> <span class='ocrx_word' id='word_1_235' title='bbox 2902 913 2957 969; x_wconf 92' lang='lat' dir='ltr'><strong>in</strong></span> <span class='ocrx_word' id='word_1_236' title='bbox 2987 915 3148 983; x_wconf 87' lang='lat' dir='ltr'><strong>epist.</strong></span> <span class='ocrx_word' id='word_1_237' title='bbox 3179 913 3271 977; x_wconf 64' lang='lat'><strong>74,</strong></span> <span class='ocrx_word' id='word_1_238' title='bbox 3307 930 3363 967; x_wconf 82' lang='grc' dir='ltr'>ιι.</span> <span class='ocrx_word' id='word_1_239' title='bbox 3391 912 3446 966; x_wconf 78' lang='lat'><strong>3.</strong></span> <span class='ocrx_word' id='word_1_240' title='bbox 3496 909 3596 968; x_wconf 73' lang='lat' dir='ltr'><strong>Vi-</strong></span> 
     </span>
    </p>
   </div>
   <div class='ocr_carea' id='block_1_37' title="bbox 2014 1005 3599 1077">
    <p class='ocr_par' dir='ltr' id='par_1_37' title="bbox 2014 1005 3599 1077">
     <span class='ocr_line' id='line_1_37' title="bbox 2014 1005 3599 1077; baseline -0.004 -13"><span class='ocrx_word' id='word_1_241' title='bbox 2014 1010 2174 1065; x_wconf 86' lang='lat' dir='ltr'><strong>detur</strong></span> <span class='ocrx_word' id='word_1_242' title='bbox 2221 1009 2509 1065; x_wconf 89' lang='lat' dir='ltr'><strong>molestum</strong></span> <span class='ocrx_word' id='word_1_243' title='bbox 2560 1007 2694 1063; x_wconf 89' lang='lat' dir='ltr'><strong>illud</strong></span> <span class='ocrx_word' id='word_1_244' title='bbox 2730 1017 2949 1077; x_wconf 83' lang='lat' dir='ltr'><strong>tempus</strong></span> <span class='ocrx_word' id='word_1_245' title='bbox 2997 1020 3222 1077; x_wconf 89' lang='lat' dir='ltr'><strong>pravam</strong></span> <span class='ocrx_word' id='word_1_246' title='bbox 3276 1005 3418 1058; x_wconf 88' lang='lat' dir='ltr'><strong>hanc</strong></span> <span class='ocrx_word' id='word_1_247' title='bbox 3468 1018 3599 1059; x_wconf 88' lang='lat' dir='ltr'><strong>con-</strong></span> 
     </span>
    </p>
   </div>
   <div class='ocr_carea' id='block_1_38' title="bbox 2014 1091 3600 1158">
    <p class='ocr_par' dir='ltr' id='par_1_38' title="bbox 2014 1091 3600 1158">
     <span class='ocr_line' id='line_1_38' title="bbox 2014 1091 3600 1158; baseline -0.006 -2"><span class='ocrx_word' id='word_1_248' title='bbox 2014 1099 2354 1156; x_wconf 87' lang='lat' dir='ltr'><strong>suetudinem</strong></span> <span class='ocrx_word' id='word_1_249' title='bbox 2398 1098 2678 1155; x_wconf 78' lang='lat' dir='ltr'><strong>induxisse</strong></span> <span class='ocrx_word' id='word_1_250' title='bbox 2711 1098 2793 1153; x_wconf 88' lang='lat' dir='ltr'><strong>vel</strong></span> <span class='ocrx_word' id='word_1_251' title='bbox 2829 1097 3021 1153; x_wconf 84' lang='lat' dir='ltr'><strong>saltem</strong></span> <span class='ocrx_word' id='word_1_252' title='bbox 3053 1094 3295 1158; x_wconf 79' lang='lat' dir='ltr'><strong>auxisse,</strong></span> <span class='ocrx_word' id='word_1_253' title='bbox 3320 1101 3382 1147; x_wconf 90' lang='lat' dir='ltr'><strong>ut</strong></span> <span class='ocrx_word' id='word_1_254' title='bbox 3409 1091 3600 1148; x_wconf 78' lang='lat' dir='ltr'><strong>rustici</strong></span> 
     </span>
    </p>
   </div>
   <div class='ocr_carea' id='block_1_39' title="bbox 2013 1183 3602 1264">
    <p class='ocr_par' dir='ltr' id='par_1_39' title="bbox 2013 1183 3602 1264">
     <span class='ocr_line' id='line_1_39' title="bbox 2013 1183 3602 1264; baseline -0.006 -15"><span class='ocrx_word' id='word_1_255' title='bbox 2013 1194 2082 1249; x_wconf 94' lang='lat' dir='ltr'><strong>ob</strong></span> <span class='ocrx_word' id='word_1_256' title='bbox 2116 1193 2399 1264; x_wconf 77' lang='lat' dir='ltr'><strong>vectigalia</strong></span> <span class='ocrx_word' id='word_1_257' title='bbox 2435 1193 2488 1247; x_wconf 91' lang='lat' dir='ltr'><strong>in</strong></span> <span class='ocrx_word' id='word_1_258' title='bbox 2525 1191 2907 1263; x_wconf 84' lang='lat' dir='ltr'><strong>jusjurandum</strong></span> <span class='ocrx_word' id='word_1_259' title='bbox 2933 1189 3299 1259; x_wconf 81' lang='lat' dir='ltr'><strong>adigerentur.</strong></span> <span class='ocrx_word' id='word_1_260' title='bbox 3353 1183 3471 1240; x_wconf 83' lang='lat' dir='ltr'><strong>Non</strong></span> <span class='ocrx_word' id='word_1_261' title='bbox 3504 1186 3602 1240; x_wconf 90' lang='lat' dir='ltr'><strong>de-</strong></span> 
     </span>
    </p>
   </div>
   <div class='ocr_carea' id='block_1_40' title="bbox 2013 1274 3605 1347">
    <p class='ocr_par' dir='ltr' id='par_1_40' title="bbox 2013 1274 3605 1347">
     <span class='ocr_line' id='line_1_40' title="bbox 2013 1274 3605 1347; baseline -0.009 -5"><span class='ocrx_word' id='word_1_262' title='bbox 2013 1287 2224 1342; x_wconf 87' lang='lat' dir='ltr'><strong>sinebat</strong></span> <span class='ocrx_word' id='word_1_263' title='bbox 2249 1285 2483 1341; x_wconf 87' lang='lat' dir='ltr'><strong>Basilius</strong></span> <span class='ocrx_word' id='word_1_264' title='bbox 2534 1285 2588 1340; x_wconf 93' lang='lat' dir='ltr'><strong>in</strong></span> <span class='ocrx_word' id='word_1_265' title='bbox 2639 1284 2786 1339; x_wconf 90' lang='lat' dir='ltr'><strong>omni</strong></span> <span class='ocrx_word' id='word_1_266' title='bbox 2838 1292 3108 1337; x_wconf 89' lang='lat' dir='ltr'><strong>conventu</strong></span> <span class='ocrx_word' id='word_1_267' title='bbox 3159 1287 3216 1334; x_wconf 88' lang='lat' dir='ltr'><strong>et</strong></span> <span class='ocrx_word' id='word_1_268' title='bbox 3263 1279 3317 1332; x_wconf 91' lang='lat' dir='ltr'><strong>in</strong></span> <span class='ocrx_word' id='word_1_269' title='bbox 3369 1274 3605 1347; x_wconf 85' lang='lat' dir='ltr'><strong>privatis</strong></span> 
     </span>
    </p>
   </div>
   <div class='ocr_carea' id='block_1_41' title="bbox 2013 1369 3603 1450">
    <p class='ocr_par' dir='ltr' id='par_1_41' title="bbox 2013 1369 3603 1450">
     <span class='ocr_line' id='line_1_41' title="bbox 2013 1369 3603 1450; baseline -0.006 -16"><span class='ocrx_word' id='word_1_270' title='bbox 2013 1379 2298 1450; x_wconf 84' lang='lat' dir='ltr'><strong>colloquiis</strong></span> <span class='ocrx_word' id='word_1_271' title='bbox 2320 1380 2423 1435; x_wconf 88' lang='lat' dir='ltr'><strong>huc</strong></span> <span class='ocrx_word' id='word_1_272' title='bbox 2459 1377 2649 1433; x_wconf 85' lang='lat' dir='ltr'><strong>vitium</strong></span> <span class='ocrx_word' id='word_1_273' title='bbox 2685 1375 2941 1431; x_wconf 78' lang='lat' dir='ltr'><strong>inseetari</strong></span> <span class='ocrx_word' id='word_1_274' title='bbox 2972 1391 2987 1440; x_wconf 88' lang='lat'><strong>;</strong></span> <span class='ocrx_word' id='word_1_275' title='bbox 3029 1374 3123 1429; x_wconf 89' lang='lat' dir='ltr'><strong>sed</strong></span> <span class='ocrx_word' id='word_1_276' title='bbox 3175 1372 3394 1427; x_wconf 89' lang='lat' dir='ltr'><strong>tandem</strong></span> <span class='ocrx_word' id='word_1_277' title='bbox 3435 1384 3501 1425; x_wconf 84' lang='lat' dir='ltr'><strong>ea</strong></span> <span class='ocrx_word' id='word_1_278' title='bbox 3529 1369 3603 1424; x_wconf 86' lang='lat' dir='ltr'><strong>de</strong></span> 
     </span>
    </p>
   </div>
   <div class='ocr_carea' id='block_1_42' title="bbox 2015 1462 3600 1535">
    <p class='ocr_par' dir='ltr' id='par_1_42' title="bbox 2015 1462 3600 1535">
     <span class='ocr_line' id='line_1_42' title="bbox 2015 1462 3600 1535; baseline -0.008 -9"><span class='ocrx_word' id='word_1_279' title='bbox 2015 1486 2075 1526; x_wconf 91' lang='lat' dir='ltr'><strong>re</strong></span> <span class='ocrx_word' id='word_1_280' title='bbox 2105 1469 2455 1527; x_wconf 86' lang='lat' dir='ltr'><strong>scribendum</strong></span> <span class='ocrx_word' id='word_1_281' title='bbox 2496 1485 2616 1526; x_wconf 89' lang='lat' dir='ltr'><strong>esse</strong></span> <span class='ocrx_word' id='word_1_282' title='bbox 2669 1470 2820 1524; x_wconf 78' lang='lat' dir='ltr'><strong>duxit</strong></span> <span class='ocrx_word' id='word_1_283' title='bbox 2847 1468 2925 1522; x_wconf 47' lang='lat' dir='ltr'><strong>.ad</strong></span> <span class='ocrx_word' id='word_1_284' title='bbox 2972 1467 3299 1523; x_wconf 85' lang='lat' dir='ltr'><strong>censitoretn</strong></span> <span class='ocrx_word' id='word_1_285' title='bbox 3330 1462 3418 1535; x_wconf 86' lang='lat' dir='ltr'><strong>(ad</strong></span> <span class='ocrx_word' id='word_1_286' title='bbox 3455 1463 3600 1518; x_wconf 84' lang='lat' dir='ltr'><strong>hunc</strong></span> 
     </span>
    </p>
   </div>
   <div class='ocr_carea' id='block_1_43' title="bbox 2013 1555 3601 1634">
    <p class='ocr_par' dir='ltr' id='par_1_43' title="bbox 2013 1555 3601 1634">
     <span class='ocr_line' id='line_1_43' title="bbox 2013 1555 3601 1634; baseline -0.008 -15"><span class='ocrx_word' id='word_1_287' title='bbox 2013 1564 2158 1620; x_wconf 88' lang='lat' dir='ltr'><strong>enim</strong></span> <span class='ocrx_word' id='word_1_288' title='bbox 2204 1564 2406 1634; x_wconf 88' lang='lat' dir='ltr'><strong>scripta</strong></span> <span class='ocrx_word' id='word_1_289' title='bbox 2445 1563 2662 1617; x_wconf 87' lang='lat' dir='ltr'><strong>videtur</strong></span> <span class='ocrx_word' id='word_1_290' title='bbox 2691 1562 2819 1617; x_wconf 64' lang='lat' dir='ltr'><strong>haec</strong></span> <span class='ocrx_word' id='word_1_291' title='bbox 2871 1560 3096 1630; x_wconf 89' lang='lat' dir='ltr'><strong>epistola</strong></span> <span class='ocrx_word' id='word_1_292' title='bbox 3132 1558 3200 1614; x_wconf 82' lang='lat'><strong>85</strong></span> <span class='ocrx_word' id='word_1_293' title='bbox 3243 1555 3601 1627; x_wconf 87' lang='lat' dir='ltr'><strong>inscriptione</strong></span> 
     </span>
    </p>
   </div>
   <div class='ocr_carea' id='block_1_44' title="bbox 2013 1650 3601 1729">
    <p class='ocr_par' dir='ltr' id='par_1_44' title="bbox 2013 1650 3601 1729">
     <span class='ocr_line' id='line_1_44' title="bbox 2013 1650 3601 1729; baseline -0.009 -16"><span class='ocrx_word' id='word_1_294' title='bbox 2013 1657 2287 1729; x_wconf 89' lang='lat' dir='ltr'><strong>carens),</strong></span> <span class='ocrx_word' id='word_1_295' title='bbox 2335 1656 2423 1712; x_wconf 87' lang='lat' dir='ltr'><strong>cui</strong></span> <span class='ocrx_word' id='word_1_296' title='bbox 2480 1657 2854 1724; x_wconf 32' lang='lat' dir='ltr'><strong>demonstrat.</strong></span> <span class='ocrx_word' id='word_1_297' title='bbox 2899 1655 3001 1709; x_wconf 92' lang='lat' dir='ltr'><strong>hoc</strong></span> <span class='ocrx_word' id='word_1_298' title='bbox 3062 1650 3440 1720; x_wconf 84' lang='lat' dir='ltr'><strong>jusjurandum</strong></span> <span class='ocrx_word' id='word_1_299' title='bbox 3496 1660 3601 1701; x_wconf 88' lang='lat' dir='ltr'><strong>nec</strong></span> 
     </span>
    </p>
   </div>
   <div class='ocr_carea' id='block_1_45' title="bbox 2014 1738 3599 1820">
    <p class='ocr_par' dir='ltr' id='par_1_45' title="bbox 2014 1738 3599 1820">
     <span class='ocr_line' id='line_1_45' title="bbox 2014 1738 3599 1820; baseline -0.006 -19"><span class='ocrx_word' id='word_1_300' title='bbox 2014 1748 2367 1820; x_wconf 82' lang='lat' dir='ltr'><strong>vectigalibus</strong></span> <span class='ocrx_word' id='word_1_301' title='bbox 2390 1749 2651 1818; x_wconf 89' lang='lat' dir='ltr'><strong>prodesse</strong></span> <span class='ocrx_word' id='word_1_302' title='bbox 2678 1747 3126 1804; x_wconf 87' lang='lat' dir='ltr'><strong>et-certissimam</strong></span> <span class='ocrx_word' id='word_1_303' title='bbox 3149 1743 3458 1808; x_wconf 76' lang='lat' dir='ltr'><strong>perniciem</strong></span> <span class='ocrx_word' id='word_1_304' title='bbox 3481 1738 3599 1794; x_wconf 85' lang='lat' dir='ltr'><strong>ani-</strong></span> 
     </span>
    </p>
   </div>
   <div class='ocr_carea' id='block_1_46' title="bbox 2012 1841 2463 1896">
    <p class='ocr_par' dir='ltr' id='par_1_46' title="bbox 2012 1841 2463 1896">
     <span class='ocr_line' id='line_1_46' title="bbox 2012 1841 2463 1896; baseline -0.002 0"><span class='ocrx_word' id='word_1_305' title='bbox 2012 1842 2206 1896; x_wconf 89' lang='lat' dir='ltr'><strong>mabus</strong></span> <span class='ocrx_word' id='word_1_306' title='bbox 2240 1841 2463 1896; x_wconf 86' lang='lat' dir='ltr'><strong>inferre.</strong></span> 
     </span>
    </p>
   </div>
   <div class='ocr_carea' id='block_1_47' title="bbox 2082 1920 3601 2000">
    <p class='ocr_par' dir='ltr' id='par_1_47' title="bbox 2082 1920 3601 2000">
     <span class='ocr_line' id='line_1_47' title="bbox 2082 1920 3601 2000; baseline -0.009 -14"><span class='ocrx_word' id='word_1_307' title='bbox 2082 1931 2211 1986; x_wconf 88' lang='lat' dir='ltr'><strong>Erat</strong></span> <span class='ocrx_word' id='word_1_308' title='bbox 2232 1930 2545 1986; x_wconf 84' lang='lat' dir='ltr'><strong>Dorotheus</strong></span> <span class='ocrx_word' id='word_1_309' title='bbox 2576 1930 2881 2000; x_wconf 78' lang='lat' dir='ltr'><strong>presbyter,</strong></span> <span class='ocrx_word' id='word_1_310' title='bbox 2915 1935 2973 1982; x_wconf 90' lang='lat' dir='ltr'><strong>ut</strong></span> <span class='ocrx_word' id='word_1_311' title='bbox 2999 1940 3164 1996; x_wconf 81' lang='lat' dir='ltr'><strong>supra</strong></span> <span class='ocrx_word' id='word_1_312' title='bbox 3201 1923 3457 1986; x_wconf 87' lang='lat' dir='ltr'><strong>vidimus,</strong></span> <span class='ocrx_word' id='word_1_313' title='bbox 3494 1920 3601 1974; x_wconf 81' lang='lat' dir='ltr'><strong>Ba-</strong></span> 
     </span>
    </p>
   </div>
   <div class='ocr_carea' id='block_1_48' title="bbox 2013 2011 3600 2084">
    <p class='ocr_par' dir='ltr' id='par_1_48' title="bbox 2013 2011 3600 2084">
     <span class='ocr_line' id='line_1_48' title="bbox 2013 2011 3600 2084; baseline -0.009 -5"><span class='ocrx_word' id='word_1_314' title='bbox 2013 2023 2117 2079; x_wconf 89' lang='lat' dir='ltr'><strong>silii</strong></span> <span class='ocrx_word' id='word_1_315' title='bbox 2167 2024 2533 2079; x_wconf 84' lang='lat' dir='ltr'><strong>eollactaueus</strong></span> <span class='ocrx_word' id='word_1_316' title='bbox 2570 2043 2583 2077; x_wconf 74' lang='grc' dir='ltr'>ε</span> <span class='ocrx_word' id='word_1_317' title='bbox 2618 2021 2704 2078; x_wconf 88' lang='lat' dir='ltr'><strong>cui</strong></span> <span class='ocrx_word' id='word_1_318' title='bbox 2755 2036 2877 2076; x_wconf 89' lang='lat' dir='ltr'><strong>cum</strong></span> <span class='ocrx_word' id='word_1_319' title='bbox 2932 2018 3285 2081; x_wconf 81' lang='lat' dir='ltr'><strong>frumentum,</strong></span> <span class='ocrx_word' id='word_1_320' title='bbox 3333 2015 3476 2084; x_wconf 90' lang='lat' dir='ltr'><strong>quod</strong></span> <span class='ocrx_word' id='word_1_321' title='bbox 3528 2011 3600 2065; x_wconf 86' lang='lat' dir='ltr'><strong>ad</strong></span> 
     </span>
    </p>
   </div>
   <div class='ocr_carea' id='block_1_49' title="bbox 2014 2101 3601 2176">
    <p class='ocr_par' dir='ltr' id='par_1_49' title="bbox 2014 2101 3601 2176">
     <span class='ocr_line' id='line_1_49' title="bbox 2014 2101 3601 2176; baseline -0.006 -8"><span class='ocrx_word' id='word_1_322' title='bbox 2014 2115 2382 2169; x_wconf 88' lang='lat' dir='ltr'><strong>necessarium</strong></span> <span class='ocrx_word' id='word_1_323' title='bbox 2411 2113 2535 2167; x_wconf 67' lang='lat' dir='ltr'><strong>vitm</strong></span> <span class='ocrx_word' id='word_1_324' title='bbox 2572 2128 2727 2167; x_wconf 90' lang='lat' dir='ltr'><strong>usum</strong></span> <span class='ocrx_word' id='word_1_325' title='bbox 2761 2110 3016 2175; x_wconf 84' lang='lat' dir='ltr'><strong>habebat,</strong></span> <span class='ocrx_word' id='word_1_326' title='bbox 3057 2108 3275 2176; x_wconf 88' lang='lat' dir='ltr'><strong>quidam</strong></span> <span class='ocrx_word' id='word_1_327' title='bbox 3306 2105 3357 2159; x_wconf 90' lang='lat' dir='ltr'><strong>in</strong></span> <span class='ocrx_word' id='word_1_328' title='bbox 3388 2101 3601 2158; x_wconf 74' lang='lat' dir='ltr'><strong>Berisis</strong></span> 
     </span>
    </p>
   </div>
   <div class='ocr_carea' id='block_1_50' title="bbox 2013 2194 3595 2275">
    <p class='ocr_par' dir='ltr' id='par_1_50' title="bbox 2013 2194 3595 2275">
     <span class='ocr_line' id='line_1_50' title="bbox 2013 2194 3595 2275; baseline -0.008 -17"><span class='ocrx_word' id='word_1_329' title='bbox 2013 2204 2383 2274; x_wconf 87' lang='lat' dir='ltr'><strong>diripuissent,</strong></span> <span class='ocrx_word' id='word_1_330' title='bbox 2431 2214 2586 2275; x_wconf 89' lang='lat' dir='ltr'><strong>rogat</strong></span> <span class='ocrx_word' id='word_1_331' title='bbox 2612 2202 2842 2259; x_wconf 82' lang='lat' dir='ltr'><strong>Basilius</strong></span> <span class='ocrx_word' id='word_1_332' title='bbox 2868 2199 2941 2272; x_wconf 91' lang='lat' dir='ltr'><strong>(b)</strong></span> <span class='ocrx_word' id='word_1_333' title='bbox 2972 2197 3319 2271; x_wconf 66' lang='lat' dir='ltr'><strong>praepositum</strong></span> <span class='ocrx_word' id='word_1_334' title='bbox 3353 2194 3500 2264; x_wconf 82' lang='lat' dir='ltr'><strong>pagi,</strong></span> <span class='ocrx_word' id='word_1_335' title='bbox 3532 2202 3595 2247; x_wconf 89' lang='lat' dir='ltr'><strong>ut</strong></span> 
     </span>
    </p>
   </div>
   <div class='ocr_carea' id='block_1_51' title="bbox 2016 2286 3595 2364">
    <p class='ocr_par' dir='ltr' id='par_1_51' title="bbox 2016 2286 3595 2364">
     <span class='ocr_line' id='line_1_51' title="bbox 2016 2286 3595 2364; baseline -0.005 -15"><span class='ocrx_word' id='word_1_336' title='bbox 2016 2295 2142 2349; x_wconf 90' lang='lat' dir='ltr'><strong>illud</strong></span> <span class='ocrx_word' id='word_1_337' title='bbox 2190 2295 2478 2351; x_wconf 90' lang='lat' dir='ltr'><strong>restituere</strong></span> <span class='ocrx_word' id='word_1_338' title='bbox 2503 2304 2802 2364; x_wconf 79' lang='lat' dir='ltr'><strong>cogantur,</strong></span> <span class='ocrx_word' id='word_1_339' title='bbox 2835 2307 2937 2349; x_wconf 90' lang='lat' dir='ltr'><strong>nec</strong></span> <span class='ocrx_word' id='word_1_340' title='bbox 2970 2292 3052 2347; x_wconf 91' lang='lat' dir='ltr'><strong>eis</strong></span> <span class='ocrx_word' id='word_1_341' title='bbox 3104 2289 3263 2344; x_wconf 88' lang='lat' dir='ltr'><strong>liceat</strong></span> <span class='ocrx_word' id='word_1_342' title='bbox 3286 2287 3502 2356; x_wconf 89' lang='lat' dir='ltr'><strong>culpam</strong></span> <span class='ocrx_word' id='word_1_343' title='bbox 3536 2286 3595 2341; x_wconf 89' lang='lat' dir='ltr'><strong>in</strong></span> 
     </span>
    </p>
   </div>
   <div class='ocr_carea' id='block_1_52' title="bbox 2014 2385 2425 2455">
    <p class='ocr_par' dir='ltr' id='par_1_52' title="bbox 2014 2385 2425 2455">
     <span class='ocr_line' id='line_1_52' title="bbox 2014 2385 2425 2455; baseline 0.002 -16"><span class='ocrx_word' id='word_1_344' title='bbox 2014 2385 2149 2440; x_wconf 78' lang='lat' dir='ltr'><strong>alios</strong></span> <span class='ocrx_word' id='word_1_345' title='bbox 2178 2385 2425 2455; x_wconf 86' lang='lat' dir='ltr'><strong>rejicere.</strong></span> 
     </span>
    </p>
   </div>
   <div class='ocr_carea' id='block_1_53' title="bbox 2083 2470 3597 2547">
    <p class='ocr_par' dir='ltr' id='par_1_53' title="bbox 2083 2470 3597 2547">
     <span class='ocr_line' id='line_1_53' title="bbox 2083 2470 3597 2547; baseline -0.007 -16"><span class='ocrx_word' id='word_1_346' title='bbox 2083 2476 2365 2532; x_wconf 81' lang='lat' dir='ltr'><strong>Manifesta</strong></span> <span class='ocrx_word' id='word_1_347' title='bbox 2398 2484 2483 2532; x_wconf 89' lang='lat' dir='ltr'><strong>est</strong></span> <span class='ocrx_word' id='word_1_348' title='bbox 2520 2476 2765 2547; x_wconf 68' lang='lat' dir='ltr'><strong>epistola:</strong></span> <span class='ocrx_word' id='word_1_349' title='bbox 2814 2470 3162 2544; x_wconf 60' lang='lat' dir='ltr'><strong>octogesima:</strong></span> <span class='ocrx_word' id='word_1_350' title='bbox 3204 2477 3372 2525; x_wconf 76' lang='lat' dir='ltr'><strong>sexta:</strong></span> <span class='ocrx_word' id='word_1_351' title='bbox 3400 2481 3597 2522; x_wconf 85' lang='lat' dir='ltr'><strong>neces-</strong></span> 
     </span>
    </p>
   </div>
   <div class='ocr_carea' id='block_1_54' title="bbox 2013 2561 3595 2640">
    <p class='ocr_par' dir='ltr' id='par_1_54' title="bbox 2013 2561 3595 2640">
     <span class='ocr_line' id='line_1_54' title="bbox 2013 2561 3595 2640; baseline -0.006 -19"><span class='ocrx_word' id='word_1_352' title='bbox 2013 2568 2192 2622; x_wconf 87' lang='lat' dir='ltr'><strong>situdo</strong></span> <span class='ocrx_word' id='word_1_353' title='bbox 2236 2584 2358 2623; x_wconf 90' lang='lat' dir='ltr'><strong>cum</strong></span> <span class='ocrx_word' id='word_1_354' title='bbox 2389 2569 2717 2640; x_wconf 85' lang='lat' dir='ltr'><strong>octogesima</strong></span> <span class='ocrx_word' id='word_1_355' title='bbox 2762 2567 2992 2635; x_wconf 87' lang='lat' dir='ltr'><strong>septima</strong></span> <span class='ocrx_word' id='word_1_356' title='bbox 3018 2605 3034 2631; x_wconf 94' lang='lat'><strong>,</strong></span> <span class='ocrx_word' id='word_1_357' title='bbox 3075 2579 3198 2635; x_wconf 72' lang='lat' dir='ltr'><strong>qua:</strong></span> <span class='ocrx_word' id='word_1_358' title='bbox 3242 2572 3296 2617; x_wconf 90' lang='lat' dir='ltr'><strong>et</strong></span> <span class='ocrx_word' id='word_1_359' title='bbox 3335 2562 3389 2616; x_wconf 92' lang='lat' dir='ltr'><strong>in</strong></span> <span class='ocrx_word' id='word_1_360' title='bbox 3436 2561 3595 2614; x_wconf 88' lang='lat' dir='ltr'><strong>codi-</strong></span> 
     </span>
    </p>
   </div>
   <div class='ocr_carea' id='block_1_55' title="bbox 2011 2654 3599 2728">
    <p class='ocr_par' dir='ltr' id='par_1_55' title="bbox 2011 2654 3599 2728">
     <span class='ocr_line' id='line_1_55' title="bbox 2011 2654 3599 2728; baseline -0.008 -11"><span class='ocrx_word' id='word_1_361' title='bbox 2011 2662 2166 2717; x_wconf 91' lang='lat' dir='ltr'><strong>cibus</strong></span> <span class='ocrx_word' id='word_1_362' title='bbox 2213 2662 2499 2717; x_wconf 73' lang='lat' dir='ltr'><strong>Harlzrano</strong></span> <span class='ocrx_word' id='word_1_363' title='bbox 2549 2671 2604 2717; x_wconf 90' lang='lat' dir='ltr'><strong>et</strong></span> <span class='ocrx_word' id='word_1_364' title='bbox 2648 2662 2911 2717; x_wconf 82' lang='lat' dir='ltr'><strong>Vaticano</strong></span> <span class='ocrx_word' id='word_1_365' title='bbox 2957 2667 3014 2713; x_wconf 92' lang='lat' dir='ltr'><strong>et</strong></span> <span class='ocrx_word' id='word_1_366' title='bbox 3062 2657 3305 2728; x_wconf 90' lang='lat' dir='ltr'><strong>pluribus</strong></span> <span class='ocrx_word' id='word_1_367' title='bbox 3352 2655 3477 2709; x_wconf 90' lang='lat' dir='ltr'><strong>aliis</strong></span> <span class='ocrx_word' id='word_1_368' title='bbox 3509 2654 3599 2708; x_wconf 69' lang='lat' dir='ltr'><strong>&#39;al-</strong></span> 
     </span>
    </p>
   </div>
   <div class='ocr_carea' id='block_1_56' title="bbox 2014 2744 3600 2823">
    <p class='ocr_par' dir='ltr' id='par_1_56' title="bbox 2014 2744 3600 2823">
     <span class='ocr_line' id='line_1_56' title="bbox 2014 2744 3600 2823; baseline -0.005 -17"><span class='ocrx_word' id='word_1_369' title='bbox 2014 2761 2186 2807; x_wconf 89' lang='lat' dir='ltr'><strong>teram</strong></span> <span class='ocrx_word' id='word_1_370' title='bbox 2232 2753 2484 2823; x_wconf 89' lang='lat' dir='ltr'><strong>sequitur</strong></span> <span class='ocrx_word' id='word_1_371' title='bbox 2523 2767 2647 2809; x_wconf 91' lang='lat' dir='ltr'><strong>cum</strong></span> <span class='ocrx_word' id='word_1_372' title='bbox 2709 2751 2814 2807; x_wconf 86' lang='lat' dir='ltr'><strong>hac</strong></span> <span class='ocrx_word' id='word_1_373' title='bbox 2852 2751 3254 2821; x_wconf 88' lang='lat' dir='ltr'><strong>inscriptione,</strong></span> <span class='ocrx_word' id='word_1_374' title='bbox 3296 2748 3439 2819; x_wconf 82' lang='grc' dir='ltr'>ὑπὲρ</span> <span class='ocrx_word' id='word_1_375' title='bbox 3482 2744 3600 2799; x_wconf 81' lang='grc' dir='ltr'><strong>τῶν</strong></span> 
     </span>
    </p>
   </div>
   <div class='ocr_carea' id='block_1_57' title="bbox 2012 2838 3599 2912">
    <p class='ocr_par' dir='ltr' id='par_1_57' title="bbox 2012 2838 3599 2912">
     <span class='ocr_line' id='line_1_57' title="bbox 2012 2838 3599 2912; baseline -0.005 -14"><span class='ocrx_word' id='word_1_376' title='bbox 2012 2845 2193 2899; x_wconf 80' lang='grc' dir='ltr'>αὐτῶν</span> <span class='ocrx_word' id='word_1_377' title='bbox 2219 2887 2236 2912; x_wconf 84' lang='grc'><strong><em>,</em></strong></span> <span class='ocrx_word' id='word_1_378' title='bbox 2276 2848 2341 2900; x_wconf 88' lang='lat' dir='ltr'><strong>de</strong></span> <span class='ocrx_word' id='word_1_379' title='bbox 2371 2845 2559 2901; x_wconf 88' lang='lat' dir='ltr'><strong>iisdem</strong></span> <span class='ocrx_word' id='word_1_380' title='bbox 2597 2845 2794 2910; x_wconf 80' lang='lat' dir='ltr'><strong>rebus;</strong></span> <span class='ocrx_word' id='word_1_381' title='bbox 2845 2853 2902 2901; x_wconf 91' lang='lat' dir='ltr'><strong>et</strong></span> <span class='ocrx_word' id='word_1_382' title='bbox 2942 2859 3129 2899; x_wconf 87' lang='lat' dir='ltr'><strong>revera</strong></span> <span class='ocrx_word' id='word_1_383' title='bbox 3174 2842 3238 2898; x_wconf 91' lang='lat' dir='ltr'><strong>de</strong></span> <span class='ocrx_word' id='word_1_384' title='bbox 3264 2840 3453 2896; x_wconf 90' lang='lat' dir='ltr'><strong>eodem</strong></span> <span class='ocrx_word' id='word_1_385' title='bbox 3486 2838 3599 2909; x_wconf 85' lang='lat' dir='ltr'><strong>agit</strong></span> 
     </span>
    </p>
   </div>
   <div class='ocr_carea' id='block_1_58' title="bbox 2014 2931 3603 3007">
    <p class='ocr_par' dir='ltr' id='par_1_58' title="bbox 2014 2931 3603 3007">
     <span class='ocr_line' id='line_1_58' title="bbox 2014 2931 3603 3007; baseline -0.006 -17"><span class='ocrx_word' id='word_1_386' title='bbox 2014 2939 2365 3007; x_wconf 79' lang='lat' dir='ltr'><strong>presbytero,</strong></span> <span class='ocrx_word' id='word_1_387' title='bbox 2391 2937 2484 3005; x_wconf 91' lang='lat' dir='ltr'><strong>qui</strong></span> <span class='ocrx_word' id='word_1_388' title='bbox 2516 2934 2662 3005; x_wconf 90' lang='lat' dir='ltr'><strong>quod</strong></span> <span class='ocrx_word' id='word_1_389' title='bbox 2709 2935 2928 2990; x_wconf 91' lang='lat' dir='ltr'><strong>unicum</strong></span> <span class='ocrx_word' id='word_1_390' title='bbox 2965 2932 3202 2989; x_wconf 87' lang='lat' dir='ltr'><strong>habebat</strong></span> <span class='ocrx_word' id='word_1_391' title='bbox 3234 2931 3356 2986; x_wconf 68' lang='lat' dir='ltr'><strong>vita:</strong></span> <span class='ocrx_word' id='word_1_392' title='bbox 3389 2938 3603 2985; x_wconf 72' lang='grc' dir='ltr'>ειιειθιιο</span> 
     </span>
    </p>
   </div>
   <div class='ocr_carea' id='block_1_59' title="bbox 2015 3018 3601 3096">
    <p class='ocr_par' dir='ltr' id='par_1_59' title="bbox 2015 3018 3601 3096">
     <span class='ocr_line' id='line_1_59' title="bbox 2015 3018 3601 3096; baseline -0.006 -16"><span class='ocrx_word' id='word_1_393' title='bbox 2015 3029 2190 3081; x_wconf 71' lang='lat' dir='ltr'><strong>tandm</strong></span> <span class='ocrx_word' id='word_1_394' title='bbox 2227 3027 2558 3096; x_wconf 69' lang='lat' dir='ltr'><strong>prtesidium,</strong></span> <span class='ocrx_word' id='word_1_395' title='bbox 2593 3040 2657 3080; x_wconf 92' lang='lat' dir='ltr'><strong>eo</strong></span> <span class='ocrx_word' id='word_1_396' title='bbox 2691 3025 2955 3096; x_wconf 85' lang='lat' dir='ltr'><strong>spoliatus</strong></span> <span class='ocrx_word' id='word_1_397' title='bbox 2993 3035 3094 3080; x_wconf 91' lang='lat' dir='ltr'><strong>est.</strong></span> <span class='ocrx_word' id='word_1_398' title='bbox 3127 3022 3309 3091; x_wconf 85' lang='lat' dir='ltr'><strong>Quare</strong></span> <span class='ocrx_word' id='word_1_399' title='bbox 3338 3036 3463 3076; x_wconf 90' lang='lat' dir='ltr'><strong>cum</strong></span> <span class='ocrx_word' id='word_1_400' title='bbox 3490 3018 3601 3072; x_wconf 88' lang='lat' dir='ltr'><strong>Ba-</strong></span> 
     </span>
    </p>
   </div>
   <div class='ocr_carea' id='block_1_60' title="bbox 327 3116 3598 3199">
    <p class='ocr_par' dir='ltr' id='par_1_60' title="bbox 327 3116 3598 3199">
     <span class='ocr_line' id='line_1_60' title="bbox 327 3116 3598 3199; baseline -0.002 -28"><span class='ocrx_word' id='word_1_401' title='bbox 327 3116 559 3187; x_wconf 70' lang='lat' dir='ltr'><strong>publicis</strong></span> <span class='ocrx_word' id='word_1_402' title='bbox 584 3116 896 3171; x_wconf 88' lang='lat' dir='ltr'><strong>muneribus</strong></span> <span class='ocrx_word' id='word_1_403' title='bbox 917 3125 1216 3183; x_wconf 74' lang='lat' dir='ltr'><strong>exemerat,</strong></span> <span class='ocrx_word' id='word_1_404' title='bbox 1262 3128 1372 3173; x_wconf 91' lang='lat' dir='ltr'><strong>tum</strong></span> <span class='ocrx_word' id='word_1_405' title='bbox 1414 3121 1528 3190; x_wconf 90' lang='lat' dir='ltr'><strong>ipsa</strong></span> <span class='ocrx_word' id='word_1_406' title='bbox 1568 3130 1694 3177; x_wconf 86' lang='lat' dir='ltr'><strong>ante</strong></span> <span class='ocrx_word' id='word_1_407' title='bbox 1726 3130 1907 3194; x_wconf 75' lang='lat' dir='ltr'><strong>regem</strong></span> <span class='ocrx_word' id='word_1_408' title='bbox 1937 3135 1983 3199; x_wconf 70' lang='grc' dir='ltr'><strong>ρ</strong></span> <span class='ocrx_word' id='word_1_409' title='bbox 2013 3119 2169 3174; x_wconf 88' lang='lat' dir='ltr'><strong>silius</strong></span> <span class='ocrx_word' id='word_1_410' title='bbox 2200 3120 2344 3173; x_wconf 86' lang='lat' dir='ltr'><strong>dicat</strong></span> <span class='ocrx_word' id='word_1_411' title='bbox 2374 3120 2426 3172; x_wconf 91' lang='lat' dir='ltr'><strong>in</strong></span> <span class='ocrx_word' id='word_1_412' title='bbox 2463 3119 2686 3187; x_wconf 90' lang='lat' dir='ltr'><strong>epistola</strong></span> <span class='ocrx_word' id='word_1_413' title='bbox 2729 3119 3060 3189; x_wconf 87' lang='lat' dir='ltr'><strong>octogesima</strong></span> <span class='ocrx_word' id='word_1_414' title='bbox 3099 3118 3327 3187; x_wconf 87' lang='lat' dir='ltr'><strong>septima</strong></span> <span class='ocrx_word' id='word_1_415' title='bbox 3360 3130 3419 3170; x_wconf 90' lang='lat' dir='ltr'><strong>se</strong></span> <span class='ocrx_word' id='word_1_416' title='bbox 3454 3116 3598 3169; x_wconf 89' lang='lat' dir='ltr'><strong>scri-</strong></span> 
     </span>
    </p>
   </div>
   <div class='ocr_carea' id='block_1_61' title="bbox 329 3208 1909 3286">
    <p class='ocr_par' dir='ltr' id='par_1_61' title="bbox 329 3208 1909 3286">
     <span class='ocr_line' id='line_1_61' title="bbox 329 3208 1909 3286; baseline 0.005 -23"><span class='ocrx_word' id='word_1_417' title='bbox 329 3217 583 3264; x_wconf 82' lang='lat' dir='ltr'><strong>senectus</strong></span> <span class='ocrx_word' id='word_1_418' title='bbox 614 3208 1024 3262; x_wconf 71' lang='lat' dir='ltr'><strong>inmunitatem</strong></span> <span class='ocrx_word' id='word_1_419' title='bbox 1064 3209 1308 3265; x_wconf 86' lang='lat' dir='ltr'><strong>dederat.</strong></span> <span class='ocrx_word' id='word_1_420' title='bbox 1341 3211 1668 3268; x_wconf 89' lang='lat' dir='ltr'><strong>Beueticium</strong></span> <span class='ocrx_word' id='word_1_421' title='bbox 1704 3216 1909 3286; x_wconf 86' lang='lat' dir='ltr'><strong>regium</strong></span> 
     </span>
    </p>
   </div>
   <div class='ocr_carea' id='block_1_62' title="bbox 326 3301 1909 3370">
    <p class='ocr_par' dir='ltr' id='par_1_62' title="bbox 326 3301 1909 3370">
     <span class='ocr_line' id='line_1_62' title="bbox 326 3301 1909 3370; baseline 0.004 -14"><span class='ocrx_word' id='word_1_422' title='bbox 326 3301 997 3370; x_wconf 64' lang='lat' dir='ltr'><strong>conlirmaverat&#39;prmses,</strong></span> <span class='ocrx_word' id='word_1_423' title='bbox 1041 3302 1138 3356; x_wconf 90' lang='lat' dir='ltr'><strong>sed</strong></span> <span class='ocrx_word' id='word_1_424' title='bbox 1184 3317 1310 3359; x_wconf 87' lang='lat' dir='ltr'><strong>eum</strong></span> <span class='ocrx_word' id='word_1_425' title='bbox 1349 3319 1539 3360; x_wconf 87' lang='lat' dir='ltr'><strong>rursus</strong></span> <span class='ocrx_word' id='word_1_426' title='bbox 1580 3306 1686 3361; x_wconf 86' lang='lat' dir='ltr'><strong>alia</strong></span> <span class='ocrx_word' id='word_1_427' title='bbox 1721 3309 1806 3363; x_wconf 87' lang='lat' dir='ltr'><strong>via</strong></span> <span class='ocrx_word' id='word_1_428' title='bbox 1858 3309 1909 3363; x_wconf 91' lang='lat' dir='ltr'><strong>in</strong></span> 
     </span>
    </p>
   </div>
   <div class='ocr_carea' id='block_1_63' title="bbox 328 3391 1910 3464">
    <p class='ocr_par' dir='ltr' id='par_1_63' title="bbox 328 3391 1910 3464">
     <span class='ocr_line' id='line_1_63' title="bbox 328 3391 1910 3464; baseline 0.004 -17"><span class='ocrx_word' id='word_1_429' title='bbox 328 3391 546 3462; x_wconf 86' lang='lat' dir='ltr'><strong>negetia</strong></span> <span class='ocrx_word' id='word_1_430' title='bbox 577 3400 946 3462; x_wconf 85' lang='lat' dir='ltr'><strong>protraxerat,</strong></span> <span class='ocrx_word' id='word_1_431' title='bbox 986 3392 1130 3449; x_wconf 86' lang='lat' dir='ltr'><strong>illius</strong></span> <span class='ocrx_word' id='word_1_432' title='bbox 1164 3404 1382 3464; x_wconf 85' lang='lat' dir='ltr'><strong>nepete,</strong></span> <span class='ocrx_word' id='word_1_433' title='bbox 1416 3396 1507 3463; x_wconf 90' lang='lat' dir='ltr'><strong>qui</strong></span> <span class='ocrx_word' id='word_1_434' title='bbox 1542 3398 1778 3452; x_wconf 90' lang='lat' dir='ltr'><strong>nondum</strong></span> <span class='ocrx_word' id='word_1_435' title='bbox 1810 3413 1910 3453; x_wconf 86' lang='lat' dir='ltr'><strong>an-</strong></span> 
     </span>
    </p>
   </div>
   <div class='ocr_carea' id='block_1_64' title="bbox 325 3485 1908 3552">
    <p class='ocr_par' dir='ltr' id='par_1_64' title="bbox 325 3485 1908 3552">
     <span class='ocr_line' id='line_1_64' title="bbox 325 3485 1908 3552; baseline 0.003 -15"><span class='ocrx_word' id='word_1_436' title='bbox 325 3497 426 3538; x_wconf 90' lang='lat' dir='ltr'><strong>nos</strong></span> <span class='ocrx_word' id='word_1_437' title='bbox 457 3492 691 3552; x_wconf 87' lang='lat' dir='ltr'><strong>quatuor</strong></span> <span class='ocrx_word' id='word_1_438' title='bbox 723 3493 881 3537; x_wconf 86' lang='lat' dir='ltr'><strong>natus</strong></span> <span class='ocrx_word' id='word_1_439' title='bbox 914 3493 1031 3538; x_wconf 89' lang='lat' dir='ltr'><strong>erat</strong></span> <span class='ocrx_word' id='word_1_440' title='bbox 1053 3523 1069 3549; x_wconf 93' lang='lat'><strong>,</strong></span> <span class='ocrx_word' id='word_1_441' title='bbox 1121 3485 1288 3539; x_wconf 80' lang='lat' dir='ltr'><strong>curiae</strong></span> <span class='ocrx_word' id='word_1_442' title='bbox 1329 3486 1565 3541; x_wconf 92' lang='lat' dir='ltr'><strong>addicto.</strong></span> <span class='ocrx_word' id='word_1_443' title='bbox 1617 3486 1753 3542; x_wconf 86' lang='lat' dir='ltr'><strong>Nam</strong></span> <span class='ocrx_word' id='word_1_444' title='bbox 1788 3504 1908 3543; x_wconf 90' lang='lat' dir='ltr'><strong>cum</strong></span> 
     </span>
    </p>
   </div>
   <div class='ocr_carea' id='block_1_65' title="bbox 326 3572 1912 3647">
    <p class='ocr_par' dir='ltr' id='par_1_65' title="bbox 326 3572 1912 3647">
     <span class='ocr_line' id='line_1_65' title="bbox 326 3572 1912 3647; baseline 0.005 -22"><span class='ocrx_word' id='word_1_445' title='bbox 326 3572 590 3641; x_wconf 84' lang='lat' dir='ltr'><strong>puerulus</strong></span> <span class='ocrx_word' id='word_1_446' title='bbox 633 3572 777 3628; x_wconf 88' lang='lat' dir='ltr'><strong>inter</strong></span> <span class='ocrx_word' id='word_1_447' title='bbox 797 3574 1029 3629; x_wconf 89' lang='lat' dir='ltr'><strong>curiales</strong></span> <span class='ocrx_word' id='word_1_448' title='bbox 1061 3575 1329 3629; x_wconf 82' lang='lat' dir='ltr'><strong>recenseri</strong></span> <span class='ocrx_word' id='word_1_449' title='bbox 1377 3590 1485 3630; x_wconf 87' lang='lat' dir='ltr'><strong>non</strong></span> <span class='ocrx_word' id='word_1_450' title='bbox 1536 3588 1756 3647; x_wconf 88' lang='lat' dir='ltr'><strong>posset,</strong></span> <span class='ocrx_word' id='word_1_451' title='bbox 1811 3594 1912 3633; x_wconf 89' lang='lat' dir='ltr'><strong>nec</strong></span> 
     </span>
    </p>
   </div>
   <div class='ocr_carea' id='block_1_66' title="bbox 326 3658 1907 3740">
    <p class='ocr_par' dir='ltr' id='par_1_66' title="bbox 326 3658 1907 3740">
     <span class='ocr_line' id='line_1_66' title="bbox 326 3658 1907 3740; baseline 0.004 -21"><span class='ocrx_word' id='word_1_452' title='bbox 326 3666 528 3719; x_wconf 85' lang='lat' dir='ltr'><strong>tributa</strong></span> <span class='ocrx_word' id='word_1_453' title='bbox 563 3658 820 3735; x_wconf 82' lang='lat' dir='ltr'><strong>colligere</strong></span> <span class='ocrx_word' id='word_1_454' title='bbox 845 3708 859 3731; x_wconf 88' lang='lat'><strong>,</strong></span> <span class='ocrx_word' id='word_1_455' title='bbox 907 3677 1001 3720; x_wconf 85' lang='lat' dir='ltr'><strong>aut</strong></span> <span class='ocrx_word' id='word_1_456' title='bbox 1037 3667 1300 3722; x_wconf 86' lang='lat' dir='ltr'><strong>militibus</strong></span> <span class='ocrx_word' id='word_1_457' title='bbox 1344 3683 1617 3722; x_wconf 80' lang='lat' dir='ltr'><strong>annonam</strong></span> <span class='ocrx_word' id='word_1_458' title='bbox 1651 3671 1907 3740; x_wconf 86' lang='lat' dir='ltr'><strong>suppedi-</strong></span> 
     </span>
    </p>
   </div>
   <div class='ocr_carea' id='block_1_67' title="bbox 326 3759 1910 3826">
    <p class='ocr_par' dir='ltr' id='par_1_67' title="bbox 326 3759 1910 3826">
     <span class='ocr_line' id='line_1_67' title="bbox 326 3759 1910 3826; baseline 0.003 -14"><span class='ocrx_word' id='word_1_459' title='bbox 326 3769 484 3826; x_wconf 70' lang='lat' dir='ltr'><strong>tare;</strong></span> <span class='ocrx_word' id='word_1_460' title='bbox 513 3773 738 3814; x_wconf 88' lang='lat' dir='ltr'><strong>necesse</strong></span> <span class='ocrx_word' id='word_1_461' title='bbox 782 3767 900 3812; x_wconf 86' lang='lat' dir='ltr'><strong>erat</strong></span> <span class='ocrx_word' id='word_1_462' title='bbox 951 3759 1134 3813; x_wconf 86' lang='lat' dir='ltr'><strong>miseri</strong></span> <span class='ocrx_word' id='word_1_463' title='bbox 1178 3759 1329 3814; x_wconf 89' lang='lat' dir='ltr'><strong>senis</strong></span> <span class='ocrx_word' id='word_1_464' title='bbox 1371 3759 1633 3815; x_wconf 86' lang='lat' dir='ltr'><strong>canitiem</strong></span> <span class='ocrx_word' id='word_1_465' title='bbox 1674 3762 1910 3817; x_wconf 89' lang='lat' dir='ltr'><strong>dedeco-</strong></span> 
     </span>
    </p>
   </div>
   <div class='ocr_carea' id='block_1_68' title="bbox 326 3849 1909 3919">
    <p class='ocr_par' dir='ltr' id='par_1_68' title="bbox 326 3849 1909 3919">
     <span class='ocr_line' id='line_1_68' title="bbox 326 3849 1909 3919; baseline 0.003 -17"><span class='ocrx_word' id='word_1_466' title='bbox 326 3850 472 3915; x_wconf 80' lang='lat' dir='ltr'><strong>rari,</strong></span> <span class='ocrx_word' id='word_1_467' title='bbox 513 3850 737 3919; x_wconf 88' lang='lat' dir='ltr'><strong>etquod</strong></span> <span class='ocrx_word' id='word_1_468' title='bbox 777 3849 1017 3905; x_wconf 78' lang='lat' dir='ltr'><strong>solamen</strong></span> <span class='ocrx_word' id='word_1_469' title='bbox 1058 3850 1314 3906; x_wconf 86' lang='lat' dir='ltr'><strong>orbitatis</strong></span> <span class='ocrx_word' id='word_1_470' title='bbox 1357 3864 1480 3905; x_wconf 86' lang='lat' dir='ltr'><strong>esse</strong></span> <span class='ocrx_word' id='word_1_471' title='bbox 1528 3851 1813 3918; x_wconf 81' lang='lat' dir='ltr'><strong>debuerat,</strong></span> <span class='ocrx_word' id='word_1_472' title='bbox 1857 3853 1909 3907; x_wconf 94' lang='lat' dir='ltr'><strong>id</strong></span> 
     </span>
    </p>
   </div>
   <div class='ocr_carea' id='block_1_69' title="bbox 325 3941 1908 3998">
    <p class='ocr_par' dir='ltr' id='par_1_69' title="bbox 325 3941 1908 3998">
     <span class='ocr_line' id='line_1_69' title="bbox 325 3941 1908 3998; baseline 0.002 -4"><span class='ocrx_word' id='word_1_473' title='bbox 325 3941 376 3994; x_wconf 81' lang='lat' dir='ltr'><strong>ei</strong></span> <span class='ocrx_word' id='word_1_474' title='bbox 405 3941 457 3994; x_wconf 89' lang='lat' dir='ltr'><strong>in</strong></span> <span class='ocrx_word' id='word_1_475' title='bbox 482 3941 825 3996; x_wconf 84' lang='lat' dir='ltr'><strong>occasionem</strong></span> <span class='ocrx_word' id='word_1_476' title='bbox 852 3941 1332 3996; x_wconf 78' lang='lat' dir='ltr'><strong>innumerabilium</strong></span> <span class='ocrx_word' id='word_1_477' title='bbox 1355 3941 1620 3996; x_wconf 87' lang='lat' dir='ltr'><strong>malorum</strong></span> <span class='ocrx_word' id='word_1_478' title='bbox 1644 3945 1908 3998; x_wconf 85' lang='lat' dir='ltr'><strong>converti.</strong></span> 
     </span>
    </p>
   </div>
   <div class='ocr_carea' id='block_1_70' title="bbox 327 4032 1912 4104">
    <p class='ocr_par' dir='ltr' id='par_1_70' title="bbox 327 4032 1912 4104">
     <span class='ocr_line' id='line_1_70' title="bbox 327 4032 1912 4104; baseline 0.002 -17"><span class='ocrx_word' id='word_1_479' title='bbox 327 4032 517 4103; x_wconf 84' lang='lat' dir='ltr'><strong>Itaque</strong></span> <span class='ocrx_word' id='word_1_480' title='bbox 544 4033 797 4098; x_wconf 82' lang='lat' dir='ltr'><strong>Basilius,</strong></span> <span class='ocrx_word' id='word_1_481' title='bbox 845 4036 938 4104; x_wconf 85' lang='lat' dir='ltr'><strong>qui</strong></span> <span class='ocrx_word' id='word_1_482' title='bbox 984 4049 1273 4089; x_wconf 85' lang='lat' dir='ltr'><strong>commune</strong></span> <span class='ocrx_word' id='word_1_483' title='bbox 1321 4033 1626 4104; x_wconf 89' lang='lat' dir='ltr'><strong>perfugium</strong></span> <span class='ocrx_word' id='word_1_484' title='bbox 1659 4045 1780 4089; x_wconf 88' lang='lat' dir='ltr'><strong>erat</strong></span> <span class='ocrx_word' id='word_1_485' title='bbox 1812 4036 1912 4090; x_wconf 82' lang='lat' dir='ltr'><strong>mi-</strong></span> 
     </span>
    </p>
   </div>
   <div class='ocr_carea' id='block_1_71' title="bbox 326 4125 1907 4198">
    <p class='ocr_par' dir='ltr' id='par_1_71' title="bbox 326 4125 1907 4198">
     <span class='ocr_line' id='line_1_71' title="bbox 326 4125 1907 4198; baseline 0.003 -17"><span class='ocrx_word' id='word_1_486' title='bbox 326 4141 598 4190; x_wconf 79' lang='lat' dir='ltr'><strong>sororum,</strong></span> <span class='ocrx_word' id='word_1_487' title='bbox 649 4134 706 4180; x_wconf 89' lang='lat' dir='ltr'><strong>et</strong></span> <span class='ocrx_word' id='word_1_488' title='bbox 738 4125 962 4194; x_wconf 88' lang='lat' dir='ltr'><strong>parvulo</strong></span> <span class='ocrx_word' id='word_1_489' title='bbox 997 4134 1053 4181; x_wconf 86' lang='lat' dir='ltr'><strong>et</strong></span> <span class='ocrx_word' id='word_1_490' title='bbox 1084 4126 1198 4181; x_wconf 81' lang='lat' dir='ltr'><strong>seni</strong></span> <span class='ocrx_word' id='word_1_491' title='bbox 1247 4125 1684 4181; x_wconf 87' lang='lat' dir='ltr'><strong>misericordiam</strong></span> <span class='ocrx_word' id='word_1_492' title='bbox 1714 4127 1907 4198; x_wconf 65' lang='lat' dir='ltr'><strong>prasi-</strong></span> 
     </span>
    </p>
   </div>
   <div class='ocr_carea' id='block_1_72' title="bbox 323 4216 716 4286">
    <p class='ocr_par' dir='ltr' id='par_1_72' title="bbox 323 4216 716 4286">
     <span class='ocr_line' id='line_1_72' title="bbox 323 4216 716 4286; baseline -0.008 -15"><span class='ocrx_word' id='word_1_493' title='bbox 323 4217 412 4271; x_wconf 82' lang='lat' dir='ltr'><strong>dis</strong></span> <span class='ocrx_word' id='word_1_494' title='bbox 443 4216 716 4286; x_wconf 89' lang='lat' dir='ltr'><strong>implorat.</strong></span> 
     </span>
    </p>
   </div>
   <div class='ocr_carea' id='block_1_73' title="bbox 407 4303 1909 4376">
    <p class='ocr_par' dir='ltr' id='par_1_73' title="bbox 407 4303 1909 4376">
     <span class='ocr_line' id='line_1_73' title="bbox 407 4303 1909 4376; baseline 0.001 -16"><span class='ocrx_word' id='word_1_495' title='bbox 407 4306 531 4361; x_wconf 70' lang='lat' dir='ltr'><strong>[hec</strong></span> <span class='ocrx_word' id='word_1_496' title='bbox 561 4315 741 4361; x_wconf 85' lang='lat' dir='ltr'><strong>autem</strong></span> <span class='ocrx_word' id='word_1_497' title='bbox 768 4304 1079 4376; x_wconf 86' lang='lat' dir='ltr'><strong>contigisse,</strong></span> <span class='ocrx_word' id='word_1_498' title='bbox 1112 4303 1618 4361; x_wconf 67' lang='lat' dir='ltr'><strong>cum&#39;Ctesariensis</strong></span> <span class='ocrx_word' id='word_1_499' title='bbox 1650 4306 1784 4361; x_wconf 88' lang='lat' dir='ltr'><strong>ordo</strong></span> <span class='ocrx_word' id='word_1_500' title='bbox 1813 4306 1909 4362; x_wconf 91' lang='lat' dir='ltr'><strong>ab-</strong></span> 
     </span>
    </p>
   </div>
   <div class='ocr_carea' id='block_1_74' title="bbox 328 4397 1906 4470">
    <p class='ocr_par' dir='ltr' id='par_1_74' title="bbox 328 4397 1906 4470">
     <span class='ocr_line' id='line_1_74' title="bbox 328 4397 1906 4470; baseline 0.001 -17"><span class='ocrx_word' id='word_1_501' title='bbox 328 4397 454 4455; x_wconf 82' lang='lat' dir='ltr'><strong>latis</strong></span> <span class='ocrx_word' id='word_1_502' title='bbox 495 4398 770 4470; x_wconf 83' lang='lat' dir='ltr'><strong>plerisque</strong></span> <span class='ocrx_word' id='word_1_503' title='bbox 818 4399 1228 4469; x_wconf 79' lang='lat' dir='ltr'><strong>magistratibus</strong></span> <span class='ocrx_word' id='word_1_504' title='bbox 1257 4413 1396 4469; x_wconf 89' lang='lat' dir='ltr'><strong>pene</strong></span> <span class='ocrx_word' id='word_1_505' title='bbox 1430 4399 1782 4461; x_wconf 86' lang='lat' dir='ltr'><strong>concidisset,</strong></span> <span class='ocrx_word' id='word_1_506' title='bbox 1823 4399 1906 4454; x_wconf 86' lang='lat' dir='ltr'><strong>vel</strong></span> 
     </span>
    </p>
   </div>
   <div class='ocr_carea' id='block_1_75' title="bbox 2014 3206 3597 3280">
    <p class='ocr_par' dir='ltr' id='par_1_75' title="bbox 2014 3206 3597 3280">
     <span class='ocr_line' id='line_1_75' title="bbox 2014 3206 3597 3280; baseline -0.003 -17"><span class='ocrx_word' id='word_1_507' title='bbox 2014 3210 2185 3279; x_wconf 91' lang='lat' dir='ltr'><strong>psisse</strong></span> <span class='ocrx_word' id='word_1_508' title='bbox 2215 3209 2281 3262; x_wconf 89' lang='lat' dir='ltr'><strong>ad</strong></span> <span class='ocrx_word' id='word_1_509' title='bbox 2318 3210 2665 3279; x_wconf 65' lang='lat' dir='ltr'><strong>praepositum</strong></span> <span class='ocrx_word' id='word_1_510' title='bbox 2720 3211 2945 3280; x_wconf 69' lang='lat' dir='ltr'><strong>patrire,</strong></span> <span class='ocrx_word' id='word_1_511' title='bbox 3000 3208 3124 3265; x_wconf 89' lang='lat' dir='ltr'><strong>inde</strong></span> <span class='ocrx_word' id='word_1_512' title='bbox 3166 3209 3469 3280; x_wconf 80' lang='lat' dir='ltr'><strong>colligimus</strong></span> <span class='ocrx_word' id='word_1_513' title='bbox 3525 3206 3597 3259; x_wconf 92' lang='lat' dir='ltr'><strong>ad</strong></span> 
     </span>
    </p>
   </div>
   <div class='ocr_carea' id='block_1_76' title="bbox 2014 3298 3601 3373">
    <p class='ocr_par' dir='ltr' id='par_1_76' title="bbox 2014 3298 3601 3373">
     <span class='ocr_line' id='line_1_76' title="bbox 2014 3298 3601 3373; baseline -0.002 -18"><span class='ocrx_word' id='word_1_514' title='bbox 2014 3300 2159 3355; x_wconf 86' lang='lat' dir='ltr'><strong>hunc</strong></span> <span class='ocrx_word' id='word_1_515' title='bbox 2188 3301 2533 3370; x_wconf 67' lang='lat' dir='ltr'><strong>praepositum</strong></span> <span class='ocrx_word' id='word_1_516' title='bbox 2567 3301 2829 3371; x_wconf 88' lang='lat' dir='ltr'><strong>scriptam</strong></span> <span class='ocrx_word' id='word_1_517' title='bbox 2867 3315 2990 3358; x_wconf 87' lang='lat' dir='ltr'><strong>esse</strong></span> <span class='ocrx_word' id='word_1_518' title='bbox 3017 3302 3302 3373; x_wconf 86' lang='lat' dir='ltr'><strong>epistolam</strong></span> <span class='ocrx_word' id='word_1_519' title='bbox 3327 3298 3601 3369; x_wconf 68' lang='lat' dir='ltr'><strong>octogesio</strong></span> 
     </span>
    </p>
   </div>
   <div class='ocr_carea' id='block_1_77' title="bbox 2013 3389 3603 3462">
    <p class='ocr_par' dir='ltr' id='par_1_77' title="bbox 2013 3389 3603 3462">
     <span class='ocr_line' id='line_1_77' title="bbox 2013 3389 3603 3462; baseline -0.003 -15"><span class='ocrx_word' id='word_1_520' title='bbox 2013 3409 2157 3449; x_wconf 90' lang='lat' dir='ltr'><strong>mam</strong></span> <span class='ocrx_word' id='word_1_521' title='bbox 2186 3403 2419 3459; x_wconf 89' lang='lat' dir='ltr'><strong>sextam,</strong></span> <span class='ocrx_word' id='word_1_522' title='bbox 2443 3401 2499 3448; x_wconf 91' lang='lat' dir='ltr'><strong>et</strong></span> <span class='ocrx_word' id='word_1_523' title='bbox 2529 3394 2858 3449; x_wconf 91' lang='lat' dir='ltr'><strong>Dorotheum</strong></span> <span class='ocrx_word' id='word_1_524' title='bbox 2892 3393 2994 3449; x_wconf 93' lang='lat' dir='ltr'><strong>loci</strong></span> <span class='ocrx_word' id='word_1_525' title='bbox 3028 3391 3199 3459; x_wconf 89' lang='lat' dir='ltr'><strong>illius,</strong></span> <span class='ocrx_word' id='word_1_526' title='bbox 3250 3407 3409 3462; x_wconf 88' lang='lat' dir='ltr'><strong>quem</strong></span> <span class='ocrx_word' id='word_1_527' title='bbox 3446 3389 3603 3444; x_wconf 85' lang='lat' dir='ltr'><strong>Basi-</strong></span> 
     </span>
    </p>
   </div>
   <div class='ocr_carea' id='block_1_78' title="bbox 2013 3480 3316 3554">
    <p class='ocr_par' dir='ltr' id='par_1_78' title="bbox 2013 3480 3316 3554">
     <span class='ocr_line' id='line_1_78' title="bbox 2013 3480 3316 3554; baseline -0.003 -17"><span class='ocrx_word' id='word_1_528' title='bbox 2013 3483 2118 3539; x_wconf 88' lang='lat' dir='ltr'><strong>lius</strong></span> <span class='ocrx_word' id='word_1_529' title='bbox 2153 3484 2388 3554; x_wconf 80' lang='lat' dir='ltr'><strong>patriam</strong></span> <span class='ocrx_word' id='word_1_530' title='bbox 2423 3481 2679 3551; x_wconf 86' lang='lat' dir='ltr'><strong>appellat,</strong></span> <span class='ocrx_word' id='word_1_531' title='bbox 2714 3484 3089 3554; x_wconf 81' lang='lat' dir='ltr'><strong>presbyterum</strong></span> <span class='ocrx_word' id='word_1_532' title='bbox 3126 3480 3316 3537; x_wconf 88' lang='lat' dir='ltr'><strong>fuisse.</strong></span> 
     </span>
    </p>
   </div>
   <div class='ocr_carea' id='block_1_79' title="bbox 2092 3567 3601 3643">
    <p class='ocr_par' dir='ltr' id='par_1_79' title="bbox 2092 3567 3601 3643">
     <span class='ocr_line' id='line_1_79' title="bbox 2092 3567 3601 3643; baseline -0.005 -15"><span class='ocrx_word' id='word_1_533' title='bbox 2092 3572 2388 3643; x_wconf 88' lang='lat' dir='ltr'><strong>Utramque</strong></span> <span class='ocrx_word' id='word_1_534' title='bbox 2413 3579 2592 3626; x_wconf 90' lang='lat' dir='ltr'><strong>autem</strong></span> <span class='ocrx_word' id='word_1_535' title='bbox 2628 3572 2913 3641; x_wconf 90' lang='lat' dir='ltr'><strong>epistolam</strong></span> <span class='ocrx_word' id='word_1_536' title='bbox 2947 3574 3015 3629; x_wconf 82' lang='lat' dir='ltr'><strong>ad</strong></span> <span class='ocrx_word' id='word_1_537' title='bbox 3047 3574 3190 3627; x_wconf 90' lang='lat' dir='ltr'><strong>hunc</strong></span> <span class='ocrx_word' id='word_1_538' title='bbox 3216 3585 3417 3625; x_wconf 91' lang='lat' dir='ltr'><strong>annum</strong></span> <span class='ocrx_word' id='word_1_539' title='bbox 3456 3567 3601 3622; x_wconf 85' lang='lat' dir='ltr'><strong>refe-</strong></span> 
     </span>
    </p>
   </div>
   <div class='ocr_carea' id='block_1_80' title="bbox 2017 3660 3601 3736">
    <p class='ocr_par' dir='ltr' id='par_1_80' title="bbox 2017 3660 3601 3736">
     <span class='ocr_line' id='line_1_80' title="bbox 2017 3660 3601 3736; baseline -0.007 -13"><span class='ocrx_word' id='word_1_540' title='bbox 2017 3669 2207 3734; x_wconf 89' lang='lat' dir='ltr'><strong>rimus,</strong></span> <span class='ocrx_word' id='word_1_541' title='bbox 2241 3666 2366 3736; x_wconf 90' lang='lat' dir='ltr'><strong>quia</strong></span> <span class='ocrx_word' id='word_1_542' title='bbox 2393 3664 2722 3734; x_wconf 87' lang='lat' dir='ltr'><strong>octogesima</strong></span> <span class='ocrx_word' id='word_1_543' title='bbox 2755 3665 2986 3735; x_wconf 86' lang='lat' dir='ltr'><strong>septima</strong></span> <span class='ocrx_word' id='word_1_544' title='bbox 3019 3663 3084 3718; x_wconf 91' lang='lat' dir='ltr'><strong>ad</strong></span> <span class='ocrx_word' id='word_1_545' title='bbox 3115 3663 3398 3734; x_wconf 69' lang='lat' dir='ltr'><strong>prmsidem</strong></span> <span class='ocrx_word' id='word_1_546' title='bbox 3426 3660 3601 3715; x_wconf 82' lang='lat' dir='ltr'><strong>Etiam</strong></span> 
     </span>
    </p>
   </div>
   <div class='ocr_carea' id='block_1_81' title="bbox 2013 3756 3603 3828">
    <p class='ocr_par' dir='ltr' id='par_1_81' title="bbox 2013 3756 3603 3828">
     <span class='ocr_line' id='line_1_81' title="bbox 2013 3756 3603 3828; baseline -0.004 -14"><span class='ocrx_word' id='word_1_547' title='bbox 2013 3761 2225 3815; x_wconf 89' lang='lat' dir='ltr'><strong>videtur</strong></span> <span class='ocrx_word' id='word_1_548' title='bbox 2255 3758 2475 3828; x_wconf 90' lang='lat' dir='ltr'><strong>scripta.</strong></span> <span class='ocrx_word' id='word_1_549' title='bbox 2525 3757 2741 3815; x_wconf 80' lang='lat' dir='ltr'><strong>Laudat</strong></span> <span class='ocrx_word' id='word_1_550' title='bbox 2773 3758 3008 3813; x_wconf 79' lang='lat' dir='ltr'><strong>Basilius</strong></span> <span class='ocrx_word' id='word_1_551' title='bbox 3050 3758 3101 3812; x_wconf 91' lang='lat' dir='ltr'><strong>iu</strong></span> <span class='ocrx_word' id='word_1_552' title='bbox 3146 3756 3261 3811; x_wconf 82' lang='lat' dir='ltr'><strong>Elia</strong></span> <span class='ocrx_word' id='word_1_553' title='bbox 3286 3798 3302 3824; x_wconf 89' lang='lat'><strong>,</strong></span> <span class='ocrx_word' id='word_1_554' title='bbox 3336 3767 3394 3810; x_wconf 90' lang='lat' dir='ltr'><strong>ut</strong></span> <span class='ocrx_word' id='word_1_555' title='bbox 3435 3769 3603 3824; x_wconf 84' lang='lat' dir='ltr'><strong>supra</strong></span> 
     </span>
    </p>
   </div>
   <div class='ocr_carea' id='block_1_82' title="bbox 2016 3847 3601 3920">
    <p class='ocr_par' dir='ltr' id='par_1_82' title="bbox 2016 3847 3601 3920">
     <span class='ocr_line' id='line_1_82' title="bbox 2016 3847 3601 3920; baseline -0.003 -16"><span class='ocrx_word' id='word_1_556' title='bbox 2016 3852 2269 3916; x_wconf 89' lang='lat' dir='ltr'><strong>vidimus,</strong></span> <span class='ocrx_word' id='word_1_557' title='bbox 2308 3866 2578 3905; x_wconf 88' lang='lat' dir='ltr'><strong>summam</strong></span> <span class='ocrx_word' id='word_1_558' title='bbox 2615 3850 2670 3904; x_wconf 90' lang='lat' dir='ltr'><strong>in</strong></span> <span class='ocrx_word' id='word_1_559' title='bbox 2711 3851 2836 3920; x_wconf 90' lang='lat' dir='ltr'><strong>jure</strong></span> <span class='ocrx_word' id='word_1_560' title='bbox 2862 3850 3221 3905; x_wconf 80' lang='lat' dir='ltr'><strong>describenda</strong></span> <span class='ocrx_word' id='word_1_561' title='bbox 3252 3847 3601 3919; x_wconf 68' lang='lat' dir='ltr'><strong>aequabilita-</strong></span> 
     </span>
    </p>
   </div>
   <div class='ocr_carea' id='block_1_83' title="bbox 2015 3941 3606 4014">
    <p class='ocr_par' dir='ltr' id='par_1_83' title="bbox 2015 3941 3606 4014">
     <span class='ocr_line' id='line_1_83' title="bbox 2015 3941 3606 4014; baseline -0.004 -16"><span class='ocrx_word' id='word_1_562' title='bbox 2015 3952 2148 4007; x_wconf 91' lang='lat' dir='ltr'><strong>tem,</strong></span> <span class='ocrx_word' id='word_1_563' title='bbox 2174 3957 2570 4014; x_wconf 48' lang='lat' dir='ltr'><strong>,magnumque</strong></span> <span class='ocrx_word' id='word_1_564' title='bbox 2609 3942 2735 3998; x_wconf 85' lang='lat' dir='ltr'><strong>fidei</strong></span> <span class='ocrx_word' id='word_1_565' title='bbox 2769 3941 3053 3997; x_wconf 86' lang='lat' dir='ltr'><strong>catholicae</strong></span> <span class='ocrx_word' id='word_1_566' title='bbox 3105 3951 3162 3996; x_wconf 89' lang='lat' dir='ltr'><strong>et</strong></span> <span class='ocrx_word' id='word_1_567' title='bbox 3212 3942 3363 4011; x_wconf 91' lang='lat' dir='ltr'><strong>pacis</strong></span> <span class='ocrx_word' id='word_1_568' title='bbox 3420 3942 3606 3994; x_wconf 83' lang='lat' dir='ltr'><strong>eccle-</strong></span> 
     </span>
    </p>
   </div>
   <div class='ocr_carea' id='block_1_84' title="bbox 2012 4032 3604 4102">
    <p class='ocr_par' dir='ltr' id='par_1_84' title="bbox 2012 4032 3604 4102">
     <span class='ocr_line' id='line_1_84' title="bbox 2012 4032 3604 4102; baseline -0.004 -12"><span class='ocrx_word' id='word_1_569' title='bbox 2012 4034 2247 4092; x_wconf 82' lang='lat' dir='ltr'><strong>siasticae</strong></span> <span class='ocrx_word' id='word_1_570' title='bbox 2278 4035 2539 4090; x_wconf 90' lang='lat' dir='ltr'><strong>studium.</strong></span> <span class='ocrx_word' id='word_1_571' title='bbox 2595 4034 2777 4101; x_wconf 83' lang='lat' dir='ltr'><strong>Quare</strong></span> <span class='ocrx_word' id='word_1_572' title='bbox 2805 4048 2928 4089; x_wconf 90' lang='lat' dir='ltr'><strong>cum</strong></span> <span class='ocrx_word' id='word_1_573' title='bbox 2958 4049 3107 4100; x_wconf 91' lang='lat' dir='ltr'><strong>eum,</strong></span> <span class='ocrx_word' id='word_1_574' title='bbox 3150 4033 3217 4086; x_wconf 90' lang='lat' dir='ltr'><strong>ad</strong></span> <span class='ocrx_word' id='word_1_575' title='bbox 3265 4047 3425 4102; x_wconf 87' lang='lat' dir='ltr'><strong>quem</strong></span> <span class='ocrx_word' id='word_1_576' title='bbox 3459 4032 3604 4086; x_wconf 88' lang='lat' dir='ltr'><strong>scri-</strong></span> 
     </span>
    </p>
   </div>
   <div class='ocr_carea' id='block_1_85' title="bbox 2012 4120 3605 4195">
    <p class='ocr_par' dir='ltr' id='par_1_85' title="bbox 2012 4120 3605 4195">
     <span class='ocr_line' id='line_1_85' title="bbox 2012 4120 3605 4195; baseline -0.004 -15"><span class='ocrx_word' id='word_1_577' title='bbox 2012 4126 2093 4180; x_wconf 89' lang='lat' dir='ltr'><strong>bit</strong></span> <span class='ocrx_word' id='word_1_578' title='bbox 2145 4125 2427 4195; x_wconf 89' lang='lat' dir='ltr'><strong>epistolam</strong></span> <span class='ocrx_word' id='word_1_579' title='bbox 2452 4124 2545 4187; x_wconf 85' lang='lat'><strong>87,</strong></span> <span class='ocrx_word' id='word_1_580' title='bbox 2577 4139 2681 4178; x_wconf 89' lang='lat' dir='ltr'><strong>non</strong></span> <span class='ocrx_word' id='word_1_581' title='bbox 2727 4124 2886 4179; x_wconf 88' lang='lat' dir='ltr'><strong>modo</strong></span> <span class='ocrx_word' id='word_1_582' title='bbox 2925 4139 3030 4178; x_wconf 90' lang='lat' dir='ltr'><strong>non</strong></span> <span class='ocrx_word' id='word_1_583' title='bbox 3062 4121 3376 4192; x_wconf 90' lang='lat' dir='ltr'><strong>permittere</strong></span> <span class='ocrx_word' id='word_1_584' title='bbox 3403 4120 3605 4175; x_wconf 87' lang='lat' dir='ltr'><strong>debere</strong></span> 
     </span>
    </p>
   </div>
   <div class='ocr_carea' id='block_1_86' title="bbox 2012 4213 3601 4285">
    <p class='ocr_par' dir='ltr' id='par_1_86' title="bbox 2012 4213 3601 4285">
     <span class='ocr_line' id='line_1_86' title="bbox 2012 4213 3601 4285; baseline -0.005 -11"><span class='ocrx_word' id='word_1_585' title='bbox 2012 4219 2170 4285; x_wconf 82' lang='lat' dir='ltr'><strong>dicit,</strong></span> <span class='ocrx_word' id='word_1_586' title='bbox 2212 4218 2305 4273; x_wconf 80' lang='lat' dir='ltr'><strong>sed</strong></span> <span class='ocrx_word' id='word_1_587' title='bbox 2359 4218 2524 4272; x_wconf 88' lang='lat' dir='ltr'><strong>etiam</strong></span> <span class='ocrx_word' id='word_1_588' title='bbox 2566 4218 2694 4271; x_wconf 86' lang='lat' dir='ltr'><strong>totis</strong></span> <span class='ocrx_word' id='word_1_589' title='bbox 2745 4216 2953 4270; x_wconf 88' lang='lat' dir='ltr'><strong>viribus</strong></span> <span class='ocrx_word' id='word_1_590' title='bbox 2986 4215 3254 4284; x_wconf 91' lang='lat' dir='ltr'><strong>impedire</strong></span> <span class='ocrx_word' id='word_1_591' title='bbox 3306 4213 3601 4283; x_wconf 86' lang='lat' dir='ltr'><strong>quominus</strong></span> 
     </span>
    </p>
   </div>
   <div class='ocr_carea' id='block_1_87' title="bbox 2011 4303 3603 4375">
    <p class='ocr_par' dir='ltr' id='par_1_87' title="bbox 2011 4303 3603 4375">
     <span class='ocr_line' id='line_1_87' title="bbox 2011 4303 3603 4375; baseline -0.005 -12"><span class='ocrx_word' id='word_1_592' title='bbox 2011 4309 2127 4364; x_wconf 65' lang='lat' dir='ltr'><strong>haec</strong></span> <span class='ocrx_word' id='word_1_593' title='bbox 2155 4307 2585 4372; x_wconf 87' lang='lat' dir='ltr'><strong>committantur,</strong></span> <span class='ocrx_word' id='word_1_594' title='bbox 2610 4306 2843 4361; x_wconf 79' lang='lat' dir='ltr'><strong>maxime</strong></span> <span class='ocrx_word' id='word_1_595' title='bbox 2868 4306 3088 4375; x_wconf 87' lang='lat' dir='ltr'><strong>quidem</strong></span> <span class='ocrx_word' id='word_1_596' title='bbox 3126 4304 3178 4359; x_wconf 92' lang='lat' dir='ltr'><strong>in</strong></span> <span class='ocrx_word' id='word_1_597' title='bbox 3207 4318 3396 4359; x_wconf 88' lang='lat' dir='ltr'><strong>omnes</strong></span> <span class='ocrx_word' id='word_1_598' title='bbox 3424 4303 3603 4356; x_wconf 87' lang='lat' dir='ltr'><strong>homi-</strong></span> 
     </span>
    </p>
   </div>
   <div class='ocr_carea' id='block_1_88' title="bbox 2012 4399 3590 4473">
    <p class='ocr_par' dir='ltr' id='par_1_88' title="bbox 2012 4399 3590 4473">
     <span class='ocr_line' id='line_1_88' title="bbox 2012 4399 3590 4473; baseline -0.008 -18"><span class='ocrx_word' id='word_1_599' title='bbox 2012 4417 2140 4467; x_wconf 91' lang='lat' dir='ltr'><strong>nes;</strong></span> <span class='ocrx_word' id='word_1_600' title='bbox 2172 4403 2255 4455; x_wconf 88' lang='lat' dir='ltr'><strong>sin</strong></span> <span class='ocrx_word' id='word_1_601' title='bbox 2294 4400 2473 4455; x_wconf 90' lang='lat' dir='ltr'><strong>minus</strong></span> <span class='ocrx_word' id='word_1_602' title='bbox 2500 4399 2692 4473; x_wconf 85' lang='lat' dir='ltr'><strong>saltem</strong></span> <span class='ocrx_word' id='word_1_603' title='bbox 2720 4407 2911 4453; x_wconf 85' lang='lat' dir='ltr'><strong>contra</strong></span> <span class='ocrx_word' id='word_1_604' title='bbox 2940 4400 3310 4469; x_wconf 76' lang='lat' dir='ltr'><strong>presbyteros,</strong></span> <span class='ocrx_word' id='word_1_605' title='bbox 3346 4410 3432 4448; x_wconf 86' lang='lat' dir='ltr'><strong>eos</strong></span> <span class='ocrx_word' id='word_1_606' title='bbox 3458 4407 3590 4461; x_wconf 75' lang='lat' dir='ltr'><strong>pm:-</strong></span> 
     </span>
    </p>
   </div>
   <div class='ocr_carea' id='block_1_89' title="bbox 325 4476 3600 4564">
    <p class='ocr_par' dir='ltr' id='par_1_89' title="bbox 325 4476 3600 4564">
     <span class='ocr_line' id='line_1_89' title="bbox 325 4476 3600 4564; baseline -0.003 -16"><span class='ocrx_word' id='word_1_607' title='bbox 325 4494 500 4562; x_wconf 87' lang='lat' dir='ltr'><strong>ipsum</strong></span> <span class='ocrx_word' id='word_1_608' title='bbox 543 4493 748 4548; x_wconf 88' lang='lat' dir='ltr'><strong>clamat</strong></span> <span class='ocrx_word' id='word_1_609' title='bbox 774 4492 1031 4563; x_wconf 66' lang='lat' dir='ltr'><strong>praesidis</strong></span> <span class='ocrx_word' id='word_1_610' title='bbox 1066 4491 1294 4560; x_wconf 89' lang='lat' dir='ltr'><strong>factum,</strong></span> <span class='ocrx_word' id='word_1_611' title='bbox 1327 4507 1488 4563; x_wconf 91' lang='lat' dir='ltr'><strong>quem</strong></span> <span class='ocrx_word' id='word_1_612' title='bbox 1526 4491 1731 4547; x_wconf 82' lang='lat' dir='ltr'><strong>talibus</strong></span> <span class='ocrx_word' id='word_1_613' title='bbox 1766 4508 1910 4564; x_wconf 75' lang='lat' dir='ltr'><strong>pm-</strong></span> <span class='ocrx_word' id='word_1_614' title='bbox 1944 4483 1987 4537; x_wconf 75' lang='grc' dir='ltr'><strong>Β</strong></span> <span class='ocrx_word' id='word_1_615' title='bbox 2015 4476 2194 4549; x_wconf 78' lang='lat' dir='ltr'><strong>sertim</strong></span> <span class='ocrx_word' id='word_1_616' title='bbox 2218 4533 2232 4559; x_wconf 96' lang='lat'><strong>,</strong></span> <span class='ocrx_word' id='word_1_617' title='bbox 2266 4493 2468 4562; x_wconf 86' lang='lat' dir='ltr'><strong>inquit,</strong></span> <span class='ocrx_word' id='word_1_618' title='bbox 2498 4491 2589 4560; x_wconf 84' lang='lat' dir='ltr'><strong>qui</strong></span> <span class='ocrx_word' id='word_1_619' title='bbox 2627 4490 2773 4545; x_wconf 87' lang='lat' dir='ltr'><strong>nobis</strong></span> <span class='ocrx_word' id='word_1_620' title='bbox 2802 4491 3077 4544; x_wconf 77' lang='lat' dir='ltr'><strong>unanimes</strong></span> <span class='ocrx_word' id='word_1_621' title='bbox 3121 4499 3255 4555; x_wconf 68' lang='lat' dir='ltr'><strong>sunt</strong></span> <span class='ocrx_word' id='word_1_622' title='bbox 3281 4496 3331 4544; x_wconf 81' lang='lat' dir='ltr'><strong>et</strong></span> <span class='ocrx_word' id='word_1_623' title='bbox 3362 4484 3600 4540; x_wconf 77' lang='lat' dir='ltr'><strong>eamdem</strong></span> 
     </span>
    </p>
   </div>
   <div class='ocr_carea' id='block_1_90' title="bbox 234 4583 1904 4655">
    <p class='ocr_par' dir='ltr' id='par_1_90' title="bbox 234 4583 1904 4655">
     <span class='ocr_line' id='line_1_90' title="bbox 234 4583 1904 4655; baseline -0.001 -14"><span class='ocrx_word' id='word_1_624' title='bbox 234 4614 236 4617; x_wconf 63' lang='grc' dir='ltr'><strong><em>τ</em></strong></span> <span class='ocrx_word' id='word_1_625' title='bbox 324 4587 496 4641; x_wconf 89' lang='lat' dir='ltr'><strong>ditum</strong></span> <span class='ocrx_word' id='word_1_626' title='bbox 527 4587 770 4643; x_wconf 84' lang='lat' dir='ltr'><strong>moribus</strong></span> <span class='ocrx_word' id='word_1_627' title='bbox 793 4625 810 4654; x_wconf 92' lang='lat'><strong>,</strong></span> <span class='ocrx_word' id='word_1_628' title='bbox 844 4587 1033 4654; x_wconf 85' lang='lat' dir='ltr'><strong>quales</strong></span> <span class='ocrx_word' id='word_1_629' title='bbox 1062 4586 1323 4655; x_wconf 71' lang='lat' dir='ltr'><strong>praedicat</strong></span> <span class='ocrx_word' id='word_1_630' title='bbox 1356 4583 1623 4647; x_wconf 86' lang='lat' dir='ltr'><strong>Basilius,</strong></span> <span class='ocrx_word' id='word_1_631' title='bbox 1660 4585 1772 4640; x_wconf 86' lang='lat' dir='ltr'><strong>sola</strong></span> <span class='ocrx_word' id='word_1_632' title='bbox 1813 4600 1904 4639; x_wconf 87' lang='lat' dir='ltr'><strong>ne-</strong></span> 
     </span>
    </p>
   </div>
   <div class='ocr_carea' id='block_1_91' title="bbox 324 4676 1913 4748">
    <p class='ocr_par' dir='ltr' id='par_1_91' title="bbox 324 4676 1913 4748">
     <span class='ocr_line' id='line_1_91' title="bbox 324 4676 1913 4748; baseline 0.001 -15"><span class='ocrx_word' id='word_1_633' title='bbox 324 4677 553 4733; x_wconf 80' lang='lat' dir='ltr'><strong>cessitas</strong></span> <span class='ocrx_word' id='word_1_634' title='bbox 586 4692 782 4748; x_wconf 83' lang='lat' dir='ltr'><strong>cogere</strong></span> <span class='ocrx_word' id='word_1_635' title='bbox 809 4676 1007 4746; x_wconf 88' lang='lat' dir='ltr'><strong>potuit,</strong></span> <span class='ocrx_word' id='word_1_636' title='bbox 1040 4686 1099 4730; x_wconf 86' lang='lat' dir='ltr'><strong>ut</strong></span> <span class='ocrx_word' id='word_1_637' title='bbox 1121 4691 1244 4731; x_wconf 89' lang='lat' dir='ltr'><strong>cum</strong></span> <span class='ocrx_word' id='word_1_638' title='bbox 1281 4692 1412 4733; x_wconf 90' lang='lat' dir='ltr'><strong>sene</strong></span> <span class='ocrx_word' id='word_1_639' title='bbox 1455 4687 1512 4733; x_wconf 92' lang='lat' dir='ltr'><strong>et</strong></span> <span class='ocrx_word' id='word_1_640' title='bbox 1543 4678 1688 4733; x_wconf 78' lang='lat' dir='ltr'><strong>illius</strong></span> <span class='ocrx_word' id='word_1_641' title='bbox 1716 4688 1913 4748; x_wconf 78' lang='lat' dir='ltr'><strong>nepete</strong></span> 
     </span>
    </p>
   </div>
   <div class='ocr_carea' id='block_1_92' title="bbox 326 4769 1914 4840">
    <p class='ocr_par' dir='ltr' id='par_1_92' title="bbox 326 4769 1914 4840">
     <span class='ocr_line' id='line_1_92' title="bbox 326 4769 1914 4840; baseline 0.002 -17"><span class='ocrx_word' id='word_1_642' title='bbox 326 4769 517 4825; x_wconf 85' lang='lat' dir='ltr'><strong>durius</strong></span> <span class='ocrx_word' id='word_1_643' title='bbox 562 4779 766 4840; x_wconf 88' lang='lat' dir='ltr'><strong>ageret.</strong></span> <span class='ocrx_word' id='word_1_644' title='bbox 823 4770 1032 4825; x_wconf 88' lang='lat' dir='ltr'><strong>Deinde</strong></span> <span class='ocrx_word' id='word_1_645' title='bbox 1062 4786 1193 4825; x_wconf 90' lang='lat' dir='ltr'><strong>vero</strong></span> <span class='ocrx_word' id='word_1_646' title='bbox 1236 4785 1478 4840; x_wconf 68' lang='lat' dir='ltr'><strong>praeses,</strong></span> <span class='ocrx_word' id='word_1_647' title='bbox 1523 4772 1608 4826; x_wconf 92' lang='lat' dir='ltr'><strong>cui</strong></span> <span class='ocrx_word' id='word_1_648' title='bbox 1661 4786 1824 4828; x_wconf 83' lang='lat' dir='ltr'><strong>senex</strong></span> <span class='ocrx_word' id='word_1_649' title='bbox 1855 4781 1914 4826; x_wconf 89' lang='lat' dir='ltr'><strong>et</strong></span> 
     </span>
    </p>
   </div>
   <div class='ocr_carea' id='block_1_93' title="bbox 328 4862 1910 4932">
    <p class='ocr_par' dir='ltr' id='par_1_93' title="bbox 328 4862 1910 4932">
     <span class='ocr_line' id='line_1_93' title="bbox 328 4862 1910 4932; baseline 0.001 -17"><span class='ocrx_word' id='word_1_650' title='bbox 328 4877 462 4932; x_wconf 90' lang='lat' dir='ltr'><strong>puer</strong></span> <span class='ocrx_word' id='word_1_651' title='bbox 493 4863 944 4918; x_wconf 88' lang='lat' dir='ltr'><strong>commendantur</strong></span> <span class='ocrx_word' id='word_1_652' title='bbox 974 4904 990 4928; x_wconf 92' lang='lat'><strong>,</strong></span> <span class='ocrx_word' id='word_1_653' title='bbox 1035 4866 1245 4918; x_wconf 85' lang='lat' dir='ltr'><strong>amicus</strong></span> <span class='ocrx_word' id='word_1_654' title='bbox 1296 4872 1416 4917; x_wconf 88' lang='lat' dir='ltr'><strong>erat</strong></span> <span class='ocrx_word' id='word_1_655' title='bbox 1461 4862 1685 4928; x_wconf 80' lang='lat' dir='ltr'><strong>Basilii,</strong></span> <span class='ocrx_word' id='word_1_656' title='bbox 1736 4873 1796 4918; x_wconf 92' lang='lat' dir='ltr'><strong>ut</strong></span> <span class='ocrx_word' id='word_1_657' title='bbox 1844 4877 1910 4917; x_wconf 85' lang='lat' dir='ltr'><strong>ex</strong></span> 
     </span>
    </p>
   </div>
   <div class='ocr_carea' id='block_1_94' title="bbox 328 4954 1917 5025">
    <p class='ocr_par' dir='ltr' id='par_1_94' title="bbox 328 4954 1917 5025">
     <span class='ocr_line' id='line_1_94' title="bbox 328 4954 1917 5025; baseline -0.003 -16"><span class='ocrx_word' id='word_1_658' title='bbox 328 4955 485 5009; x_wconf 88' lang='lat' dir='ltr'><strong>initio</strong></span> <span class='ocrx_word' id='word_1_659' title='bbox 516 4963 573 5009; x_wconf 91' lang='lat' dir='ltr'><strong>et</strong></span> <span class='ocrx_word' id='word_1_660' title='bbox 617 4956 722 5010; x_wconf 85' lang='lat' dir='ltr'><strong>tine</strong></span> <span class='ocrx_word' id='word_1_661' title='bbox 760 4956 1002 5025; x_wconf 66' lang='lat' dir='ltr'><strong>epistola:</strong></span> <span class='ocrx_word' id='word_1_662' title='bbox 1042 4964 1225 5025; x_wconf 88' lang='lat' dir='ltr'><strong>patet,</strong></span> <span class='ocrx_word' id='word_1_663' title='bbox 1258 4969 1323 5010; x_wconf 78' lang='lat' dir='ltr'><strong>ac</strong></span> <span class='ocrx_word' id='word_1_664' title='bbox 1360 4970 1571 5010; x_wconf 88' lang='lat' dir='ltr'><strong>summa</strong></span> <span class='ocrx_word' id='word_1_665' title='bbox 1602 4954 1655 5009; x_wconf 85' lang='lat' dir='ltr'><strong>in</strong></span> <span class='ocrx_word' id='word_1_666' title='bbox 1676 4954 1801 5024; x_wconf 86' lang='lat' dir='ltr'><strong>jure</strong></span> <span class='ocrx_word' id='word_1_667' title='bbox 1829 4958 1917 5008; x_wconf 77' lang='lat' dir='ltr'><strong>de—</strong></span> 
     </span>
    </p>
   </div>
   <div class='ocr_carea' id='block_1_95' title="bbox 328 5044 1914 5115">
    <p class='ocr_par' dir='ltr' id='par_1_95' title="bbox 328 5044 1914 5115">
     <span class='ocr_line' id='line_1_95' title="bbox 328 5044 1914 5115; baseline -0.002 -14"><span class='ocrx_word' id='word_1_668' title='bbox 328 5046 617 5101; x_wconf 82' lang='lat' dir='ltr'><strong>scribenda</strong></span> <span class='ocrx_word' id='word_1_669' title='bbox 647 5054 702 5100; x_wconf 90' lang='lat' dir='ltr'><strong>et</strong></span> <span class='ocrx_word' id='word_1_670' title='bbox 736 5046 1075 5103; x_wconf 90' lang='lat' dir='ltr'><strong>calamitosis</strong></span> <span class='ocrx_word' id='word_1_671' title='bbox 1116 5047 1372 5115; x_wconf 89' lang='lat' dir='ltr'><strong>juvandis</strong></span> <span class='ocrx_word' id='word_1_672' title='bbox 1427 5046 1758 5101; x_wconf 86' lang='lat' dir='ltr'><strong>constantia.</strong></span> <span class='ocrx_word' id='word_1_673' title='bbox 1813 5044 1914 5099; x_wconf 77' lang='lat' dir='ltr'><strong>Mi-</strong></span> 
     </span>
    </p>
   </div>
   <div class='ocr_carea' id='block_1_96' title="bbox 329 5138 1911 5208">
    <p class='ocr_par' dir='ltr' id='par_1_96' title="bbox 329 5138 1911 5208">
     <span class='ocr_line' id='line_1_96' title="bbox 329 5138 1911 5208; baseline 0 -15"><span class='ocrx_word' id='word_1_674' title='bbox 329 5138 480 5194; x_wconf 83' lang='lat' dir='ltr'><strong>rifice</strong></span> <span class='ocrx_word' id='word_1_675' title='bbox 503 5138 620 5194; x_wconf 64' lang='lat' dir='ltr'><strong>haec</strong></span> <span class='ocrx_word' id='word_1_676' title='bbox 652 5138 924 5208; x_wconf 79' lang='lat' dir='ltr'><strong>quadrent</strong></span> <span class='ocrx_word' id='word_1_677' title='bbox 976 5154 1097 5194; x_wconf 89' lang='lat' dir='ltr'><strong>cum</strong></span> <span class='ocrx_word' id='word_1_678' title='bbox 1142 5140 1316 5195; x_wconf 90' lang='lat' dir='ltr'><strong>libero</strong></span> <span class='ocrx_word' id='word_1_679' title='bbox 1345 5138 1476 5193; x_wconf 69' lang='lat' dir='ltr'><strong>Elite</strong></span> <span class='ocrx_word' id='word_1_680' title='bbox 1505 5149 1561 5192; x_wconf 92' lang='lat' dir='ltr'><strong>et</strong></span> <span class='ocrx_word' id='word_1_681' title='bbox 1610 5138 1795 5193; x_wconf 85' lang='lat' dir='ltr'><strong>nescio</strong></span> <span class='ocrx_word' id='word_1_682' title='bbox 1825 5152 1911 5193; x_wconf 87' lang='lat' dir='ltr'><strong>as-</strong></span> 
     </span>
    </p>
   </div>
   <div class='ocr_carea' id='block_1_97' title="bbox 328 5231 1907 5301">
    <p class='ocr_par' dir='ltr' id='par_1_97' title="bbox 328 5231 1907 5301">
     <span class='ocr_line' id='line_1_97' title="bbox 328 5231 1907 5301; baseline 0 -14"><span class='ocrx_word' id='word_1_683' title='bbox 328 5233 651 5288; x_wconf 85' lang='lat' dir='ltr'><strong>sentationis</strong></span> <span class='ocrx_word' id='word_1_684' title='bbox 681 5235 879 5287; x_wconf 89' lang='lat' dir='ltr'><strong>animo.</strong></span> <span class='ocrx_word' id='word_1_685' title='bbox 911 5231 1120 5301; x_wconf 84' lang='lat' dir='ltr'><strong>Quibus</strong></span> <span class='ocrx_word' id='word_1_686' title='bbox 1162 5235 1414 5289; x_wconf 90' lang='lat' dir='ltr'><strong>laudibus</strong></span> <span class='ocrx_word' id='word_1_687' title='bbox 1445 5234 1491 5287; x_wconf 89' lang='lat' dir='ltr'><strong>si</strong></span> <span class='ocrx_word' id='word_1_688' title='bbox 1526 5233 1695 5286; x_wconf 86' lang='lat' dir='ltr'><strong>addas</strong></span> <span class='ocrx_word' id='word_1_689' title='bbox 1722 5232 1907 5287; x_wconf 84' lang='lat' dir='ltr'><strong>Basilii</strong></span> 
     </span>
    </p>
   </div>
   <div class='ocr_carea' id='block_1_98' title="bbox 328 5325 1910 5396">
    <p class='ocr_par' dir='ltr' id='par_1_98' title="bbox 328 5325 1910 5396">
     <span class='ocr_line' id='line_1_98' title="bbox 328 5325 1910 5396; baseline -0.002 -17"><span class='ocrx_word' id='word_1_690' title='bbox 328 5338 536 5389; x_wconf 87' lang='lat' dir='ltr'><strong>votum,</strong></span> <span class='ocrx_word' id='word_1_691' title='bbox 562 5328 706 5396; x_wconf 79' lang='lat' dir='ltr'><strong>quod</strong></span> <span class='ocrx_word' id='word_1_692' title='bbox 745 5328 956 5396; x_wconf 59' lang='lat' dir='ltr'><strong>praesidi</strong></span> <span class='ocrx_word' id='word_1_693' title='bbox 987 5327 1054 5381; x_wconf 84' lang='lat' dir='ltr'><strong>ab</strong></span> <span class='ocrx_word' id='word_1_694' title='bbox 1082 5326 1339 5381; x_wconf 90' lang='lat' dir='ltr'><strong>omnibus</strong></span> <span class='ocrx_word' id='word_1_695' title='bbox 1376 5326 1523 5381; x_wconf 91' lang='lat' dir='ltr'><strong>illius</strong></span> <span class='ocrx_word' id='word_1_696' title='bbox 1561 5325 1910 5379; x_wconf 86' lang='lat' dir='ltr'><strong>administra-</strong></span> 
     </span>
    </p>
   </div>
   <div class='ocr_carea' id='block_1_99' title="bbox 330 5417 1913 5488">
    <p class='ocr_par' dir='ltr' id='par_1_99' title="bbox 330 5417 1913 5488">
     <span class='ocr_line' id='line_1_99' title="bbox 330 5417 1913 5488; baseline -0.001 -17"><span class='ocrx_word' id='word_1_697' title='bbox 330 5418 531 5473; x_wconf 89' lang='lat' dir='ltr'><strong>tionem</strong></span> <span class='ocrx_word' id='word_1_698' title='bbox 563 5419 802 5488; x_wconf 80' lang='lat' dir='ltr'><strong>expertis</strong></span> <span class='ocrx_word' id='word_1_699' title='bbox 844 5417 1029 5474; x_wconf 90' lang='lat' dir='ltr'><strong>deberi</strong></span> <span class='ocrx_word' id='word_1_700' title='bbox 1065 5418 1216 5484; x_wconf 89' lang='lat' dir='ltr'><strong>dicit,</strong></span> <span class='ocrx_word' id='word_1_701' title='bbox 1257 5430 1311 5472; x_wconf 89' lang='lat' dir='ltr'><strong>ut</strong></span> <span class='ocrx_word' id='word_1_702' title='bbox 1352 5420 1492 5473; x_wconf 86' lang='lat' dir='ltr'><strong>omni</strong></span> <span class='ocrx_word' id='word_1_703' title='bbox 1521 5418 1791 5472; x_wconf 83' lang='lat' dir='ltr'><strong>hominum</strong></span> <span class='ocrx_word' id='word_1_704' title='bbox 1821 5433 1913 5486; x_wconf 88' lang='lat' dir='ltr'><strong>ge-</strong></span> 
     </span>
    </p>
   </div>
   <div class='ocr_carea' id='block_1_100' title="bbox 326 5508 1902 5580">
    <p class='ocr_par' dir='ltr' id='par_1_100' title="bbox 326 5508 1902 5580">
     <span class='ocr_line' id='line_1_100' title="bbox 326 5508 1902 5580; baseline -0.002 -16"><span class='ocrx_word' id='word_1_705' title='bbox 326 5508 440 5564; x_wconf 76' lang='lat' dir='ltr'><strong>neri</strong></span> <span class='ocrx_word' id='word_1_706' title='bbox 467 5509 814 5574; x_wconf 78' lang='lat' dir='ltr'><strong>custodiatur,</strong></span> <span class='ocrx_word' id='word_1_707' title='bbox 849 5508 1190 5579; x_wconf 76' lang='lat' dir='ltr'><strong>prwfecturas</strong></span> <span class='ocrx_word' id='word_1_708' title='bbox 1229 5525 1293 5562; x_wconf 78' lang='lat' dir='ltr'><strong>ea:</strong></span> <span class='ocrx_word' id='word_1_709' title='bbox 1321 5510 1659 5580; x_wconf 74' lang='lat' dir='ltr'><strong>prwfecturis</strong></span> <span class='ocrx_word' id='word_1_710' title='bbox 1696 5523 1902 5578; x_wconf 80' lang='lat' dir='ltr'><strong>gerens,</strong></span> 
     </span>
    </p>
   </div>
   <div class='ocr_carea' id='block_1_101' title="bbox 328 5599 1906 5673">
    <p class='ocr_par' dir='ltr' id='par_1_101' title="bbox 328 5599 1906 5673">
     <span class='ocr_line' id='line_1_101' title="bbox 328 5599 1906 5673; baseline -0.001 -18"><span class='ocrx_word' id='word_1_711' title='bbox 328 5611 377 5655; x_wconf 82' lang='lat' dir='ltr'><strong>et</strong></span> <span class='ocrx_word' id='word_1_712' title='bbox 401 5599 537 5654; x_wconf 86' lang='lat' dir='ltr'><strong>alios</strong></span> <span class='ocrx_word' id='word_1_713' title='bbox 587 5612 738 5673; x_wconf 79' lang='lat' dir='ltr'><strong>atque</strong></span> <span class='ocrx_word' id='word_1_714' title='bbox 771 5601 902 5656; x_wconf 84' lang='lat' dir='ltr'><strong>alios</strong></span> <span class='ocrx_word' id='word_1_715' title='bbox 948 5618 1047 5656; x_wconf 85' lang='lat' dir='ltr'><strong>sua</strong></span> <span class='ocrx_word' id='word_1_716' title='bbox 1089 5602 1553 5659; x_wconf 78' lang='lat' dir='ltr'><strong>administratione</strong></span> <span class='ocrx_word' id='word_1_717' title='bbox 1600 5601 1906 5670; x_wconf 80' lang='lat' dir='ltr'><strong>adjuvans;</strong></span> 
     </span>
    </p>
   </div>
   <div class='ocr_carea' id='block_1_102' title="bbox 336 5777 712 5865">
    <p class='ocr_par' dir='ltr' id='par_1_102' title="bbox 336 5777 712 5865">
     <span class='ocr_line' id='line_1_102' title="bbox 336 5777 712 5865; baseline 0.021 -34"><span class='ocrx_word' id='word_1_718' title='bbox 336 5856 347 5865; x_wconf 31' lang='lat'><em>.</em></span> <span class='ocrx_word' id='word_1_719' title='bbox 392 5779 467 5853; x_wconf 77' lang='grc' dir='ltr'><strong>(τι)</strong></span> <span class='ocrx_word' id='word_1_720' title='bbox 499 5777 594 5850; x_wconf 60' lang='grc' dir='ltr'><strong>[ιβ.</strong></span> <span class='ocrx_word' id='word_1_721' title='bbox 622 5779 712 5839; x_wconf 80' lang='grc'><strong>83.</strong></span> 
     </span>
    </p>
   </div>
   <div class='ocr_carea' id='block_1_103' title="bbox 2013 4577 3600 4655">
    <p class='ocr_par' dir='ltr' id='par_1_103' title="bbox 2013 4577 3600 4655">
     <span class='ocr_line' id='line_1_103' title="bbox 2013 4577 3600 4655; baseline -0.004 -18"><span class='ocrx_word' id='word_1_722' title='bbox 2013 4585 2226 4655; x_wconf 74' lang='lat' dir='ltr'><strong>pietatis</strong></span> <span class='ocrx_word' id='word_1_723' title='bbox 2262 4586 2398 4638; x_wconf 77' lang='lat' dir='ltr'><strong>viam</strong></span> <span class='ocrx_word' id='word_1_724' title='bbox 2431 4584 2654 4649; x_wconf 85' lang='lat' dir='ltr'><strong>ineunt;</strong></span> <span class='ocrx_word' id='word_1_725' title='bbox 2695 4582 2830 4649; x_wconf 76' lang='lat' dir='ltr'><strong>lucc,</strong></span> <span class='ocrx_word' id='word_1_726' title='bbox 2876 4581 3121 4651; x_wconf 88' lang='lat' dir='ltr'><strong>inquam,</strong></span> <span class='ocrx_word' id='word_1_727' title='bbox 3153 4595 3275 4636; x_wconf 91' lang='lat' dir='ltr'><strong>cum</strong></span> <span class='ocrx_word' id='word_1_728' title='bbox 3307 4577 3459 4643; x_wconf 91' lang='lat' dir='ltr'><strong>dicit,</strong></span> <span class='ocrx_word' id='word_1_729' title='bbox 3489 4590 3600 4630; x_wconf 86' lang='lat' dir='ltr'><strong>non</strong></span> 
     </span>
    </p>
   </div>
   <div class='ocr_carea' id='block_1_104' title="bbox 2012 4670 3602 4744">
    <p class='ocr_par' dir='ltr' id='par_1_104' title="bbox 2012 4670 3602 4744">
     <span class='ocr_line' id='line_1_104' title="bbox 2012 4670 3602 4744; baseline -0.003 -14"><span class='ocrx_word' id='word_1_730' title='bbox 2012 4677 2180 4731; x_wconf 85' lang='lat' dir='ltr'><strong>alium</strong></span> <span class='ocrx_word' id='word_1_731' title='bbox 2228 4678 2444 4731; x_wconf 90' lang='lat' dir='ltr'><strong>videtur</strong></span> <span class='ocrx_word' id='word_1_732' title='bbox 2491 4675 2695 4744; x_wconf 92' lang='lat' dir='ltr'><strong>alloqui</strong></span> <span class='ocrx_word' id='word_1_733' title='bbox 2756 4690 2918 4744; x_wconf 89' lang='lat' dir='ltr'><strong>quam</strong></span> <span class='ocrx_word' id='word_1_734' title='bbox 2964 4675 3159 4730; x_wconf 90' lang='lat' dir='ltr'><strong>Eliam.</strong></span> <span class='ocrx_word' id='word_1_735' title='bbox 3220 4673 3408 4743; x_wconf 80' lang='lat' dir='ltr'><strong>Neque</strong></span> <span class='ocrx_word' id='word_1_736' title='bbox 3452 4670 3602 4725; x_wconf 87' lang='lat' dir='ltr'><strong>enim</strong></span> 
     </span>
    </p>
   </div>
   <div class='ocr_carea' id='block_1_105' title="bbox 2016 4764 3598 4838">
    <p class='ocr_par' dir='ltr' id='par_1_105' title="bbox 2016 4764 3598 4838">
     <span class='ocr_line' id='line_1_105' title="bbox 2016 4764 3598 4838; baseline -0.006 -15"><span class='ocrx_word' id='word_1_737' title='bbox 2016 4770 2181 4823; x_wconf 83' lang='lat' dir='ltr'><strong>alium</strong></span> <span class='ocrx_word' id='word_1_738' title='bbox 2213 4769 2477 4824; x_wconf 86' lang='lat' dir='ltr'><strong>habemus</strong></span> <span class='ocrx_word' id='word_1_739' title='bbox 2513 4768 2868 4838; x_wconf 66' lang='lat' dir='ltr'><strong>Cappadociae</strong></span> <span class='ocrx_word' id='word_1_740' title='bbox 2903 4767 3217 4837; x_wconf 70' lang='lat' dir='ltr'><strong>praesidem,</strong></span> <span class='ocrx_word' id='word_1_741' title='bbox 3257 4764 3397 4836; x_wconf 93' lang='lat' dir='ltr'><strong>apud</strong></span> <span class='ocrx_word' id='word_1_742' title='bbox 3429 4776 3598 4832; x_wconf 88' lang='lat' dir='ltr'><strong>quem</strong></span> 
     </span>
    </p>
   </div>
   <div class='ocr_carea' id='block_1_106' title="bbox 2018 4852 3601 4932">
    <p class='ocr_par' dir='ltr' id='par_1_106' title="bbox 2018 4852 3601 4932">
     <span class='ocr_line' id='line_1_106' title="bbox 2018 4852 3601 4932; baseline -0.006 -15"><span class='ocrx_word' id='word_1_743' title='bbox 2018 4863 2135 4917; x_wconf 64' lang='lat' dir='ltr'><strong>haec</strong></span> <span class='ocrx_word' id='word_1_744' title='bbox 2166 4860 2596 4932; x_wconf 86' lang='lat' dir='ltr'><strong>reprehendendi</strong></span> <span class='ocrx_word' id='word_1_745' title='bbox 2625 4869 2682 4915; x_wconf 92' lang='lat' dir='ltr'><strong>et</strong></span> <span class='ocrx_word' id='word_1_746' title='bbox 2726 4860 3143 4917; x_wconf 88' lang='lat' dir='ltr'><strong>commendandi</strong></span> <span class='ocrx_word' id='word_1_747' title='bbox 3180 4859 3320 4912; x_wconf 89' lang='lat' dir='ltr'><strong>ratio</strong></span> <span class='ocrx_word' id='word_1_748' title='bbox 3349 4852 3601 4911; x_wconf 87' lang='lat' dir='ltr'><strong>adhiberi</strong></span> 
     </span>
    </p>
   </div>
   <div class='ocr_carea' id='block_1_107' title="bbox 2015 4943 3603 5023">
    <p class='ocr_par' dir='ltr' id='par_1_107' title="bbox 2015 4943 3603 5023">
     <span class='ocr_line' id='line_1_107' title="bbox 2015 4943 3603 5023; baseline -0.003 -17"><span class='ocrx_word' id='word_1_749' title='bbox 2015 4952 2280 5023; x_wconf 87' lang='lat' dir='ltr'><strong>potuerit.</strong></span> <span class='ocrx_word' id='word_1_750' title='bbox 2316 4951 2660 5022; x_wconf 90' lang='lat' dir='ltr'><strong>Perspicitur</strong></span> <span class='ocrx_word' id='word_1_751' title='bbox 2693 4952 2859 5006; x_wconf 90' lang='lat' dir='ltr'><strong>etiam</strong></span> <span class='ocrx_word' id='word_1_752' title='bbox 2915 4965 2983 5005; x_wconf 87' lang='lat' dir='ltr'><strong>ex</strong></span> <span class='ocrx_word' id='word_1_753' title='bbox 3030 4950 3226 5006; x_wconf 85' lang='lat' dir='ltr'><strong>iisdem</strong></span> <span class='ocrx_word' id='word_1_754' title='bbox 3272 4948 3450 5004; x_wconf 84' lang='lat' dir='ltr'><strong>verbis</strong></span> <span class='ocrx_word' id='word_1_755' title='bbox 3490 4943 3603 5001; x_wconf 76' lang='lat' dir='ltr'><strong>alia</strong></span> 
     </span>
    </p>
   </div>
   <div class='ocr_carea' id='block_1_108' title="bbox 2015 5041 3238 5109">
    <p class='ocr_par' dir='ltr' id='par_1_108' title="bbox 2015 5041 3238 5109">
     <span class='ocr_line' id='line_1_108' title="bbox 2015 5041 3238 5109; baseline -0.001 -12"><span class='ocrx_word' id='word_1_756' title='bbox 2015 5044 2133 5099; x_wconf 88' lang='lat' dir='ltr'><strong>laus</strong></span> <span class='ocrx_word' id='word_1_757' title='bbox 2160 5044 2313 5109; x_wconf 73' lang='lat' dir='ltr'><strong>Elite,</strong></span> <span class='ocrx_word' id='word_1_758' title='bbox 2347 5058 2559 5098; x_wconf 87' lang='lat' dir='ltr'><strong>summa</strong></span> <span class='ocrx_word' id='word_1_759' title='bbox 2593 5059 2715 5097; x_wconf 89' lang='lat' dir='ltr'><strong>cum</strong></span> <span class='ocrx_word' id='word_1_760' title='bbox 2747 5041 2949 5098; x_wconf 88' lang='lat' dir='ltr'><strong>Basilio</strong></span> <span class='ocrx_word' id='word_1_761' title='bbox 2978 5043 3238 5097; x_wconf 84' lang='lat' dir='ltr'><strong>amicitia.</strong></span> 
     </span>
    </p>
   </div>
   <div class='ocr_carea' id='block_1_109' title="bbox 2088 5129 3599 5205">
    <p class='ocr_par' dir='ltr' id='par_1_109' title="bbox 2088 5129 3599 5205">
     <span class='ocr_line' id='line_1_109' title="bbox 2088 5129 3599 5205; baseline -0.003 -16"><span class='ocrx_word' id='word_1_762' title='bbox 2088 5135 2145 5189; x_wconf 91' lang='lat' dir='ltr'><strong>In</strong></span> <span class='ocrx_word' id='word_1_763' title='bbox 2196 5135 2443 5204; x_wconf 87' lang='lat' dir='ltr'><strong>sequenti</strong></span> <span class='ocrx_word' id='word_1_764' title='bbox 2500 5135 2726 5205; x_wconf 87' lang='lat' dir='ltr'><strong>epistola</strong></span> <span class='ocrx_word' id='word_1_765' title='bbox 2770 5132 2838 5189; x_wconf 82' lang='lat'><strong>88</strong></span> <span class='ocrx_word' id='word_1_766' title='bbox 2886 5134 3043 5189; x_wconf 87' lang='lat' dir='ltr'><strong>facile</strong></span> <span class='ocrx_word' id='word_1_767' title='bbox 3089 5132 3401 5204; x_wconf 84' lang='lat' dir='ltr'><strong>agnoscitur</strong></span> <span class='ocrx_word' id='word_1_768' title='bbox 3451 5129 3599 5185; x_wconf 89' lang='lat' dir='ltr'><strong>idem</strong></span> 
     </span>
    </p>
   </div>
   <div class='ocr_carea' id='block_1_110' title="bbox 2019 5225 3603 5297">
    <p class='ocr_par' dir='ltr' id='par_1_110' title="bbox 2019 5225 3603 5297">
     <span class='ocr_line' id='line_1_110' title="bbox 2019 5225 3603 5297; baseline -0.002 -14"><span class='ocrx_word' id='word_1_769' title='bbox 2019 5227 2197 5292; x_wconf 85' lang='lat' dir='ltr'><strong>Elias,</strong></span> <span class='ocrx_word' id='word_1_770' title='bbox 2228 5227 2323 5297; x_wconf 91' lang='lat' dir='ltr'><strong>qui</strong></span> <span class='ocrx_word' id='word_1_771' title='bbox 2385 5242 2483 5295; x_wconf 91' lang='lat' dir='ltr'><strong>pro</strong></span> <span class='ocrx_word' id='word_1_772' title='bbox 2528 5242 2740 5280; x_wconf 85' lang='lat' dir='ltr'><strong>summa</strong></span> <span class='ocrx_word' id='word_1_773' title='bbox 2787 5239 2886 5279; x_wconf 89' lang='lat' dir='ltr'><strong>sua</strong></span> <span class='ocrx_word' id='word_1_774' title='bbox 2953 5226 3285 5279; x_wconf 86' lang='lat' dir='ltr'><strong>humanitate</strong></span> <span class='ocrx_word' id='word_1_775' title='bbox 3336 5225 3603 5280; x_wconf 80' lang='lat' dir='ltr'><strong>hactenus</strong></span> 
     </span>
    </p>
   </div>
   <div class='ocr_carea' id='block_1_111' title="bbox 2020 5315 3601 5390">
    <p class='ocr_par' dir='ltr' id='par_1_111' title="bbox 2020 5315 3601 5390">
     <span class='ocr_line' id='line_1_111' title="bbox 2020 5315 3601 5390; baseline -0.003 -15"><span class='ocrx_word' id='word_1_776' title='bbox 2020 5319 2401 5390; x_wconf 87' lang='lat' dir='ltr'><strong>Cappadocum</strong></span> <span class='ocrx_word' id='word_1_777' title='bbox 2430 5321 2687 5375; x_wconf 88' lang='lat' dir='ltr'><strong>misertus</strong></span> <span class='ocrx_word' id='word_1_778' title='bbox 2713 5328 2853 5385; x_wconf 89' lang='lat' dir='ltr'><strong>erat,</strong></span> <span class='ocrx_word' id='word_1_779' title='bbox 2884 5329 2938 5372; x_wconf 90' lang='lat' dir='ltr'><strong>et</strong></span> <span class='ocrx_word' id='word_1_780' title='bbox 2966 5331 3087 5372; x_wconf 91' lang='lat' dir='ltr'><strong>cum</strong></span> <span class='ocrx_word' id='word_1_781' title='bbox 3122 5316 3227 5369; x_wconf 88' lang='lat' dir='ltr'><strong>illis</strong></span> <span class='ocrx_word' id='word_1_782' title='bbox 3259 5315 3601 5386; x_wconf 88' lang='lat' dir='ltr'><strong>indulgenter</strong></span> 
     </span>
    </p>
   </div>
   <div class='ocr_carea' id='block_1_112' title="bbox 2019 5413 3604 5485">
    <p class='ocr_par' dir='ltr' id='par_1_112' title="bbox 2019 5413 3604 5485">
     <span class='ocr_line' id='line_1_112' title="bbox 2019 5413 3604 5485; baseline -0.004 -14"><span class='ocrx_word' id='word_1_783' title='bbox 2019 5422 2242 5485; x_wconf 81' lang='lat' dir='ltr'><strong>egerat,</strong></span> <span class='ocrx_word' id='word_1_784' title='bbox 2276 5429 2533 5482; x_wconf 75' lang='lat' dir='ltr'><strong>nusquam</strong></span> <span class='ocrx_word' id='word_1_785' title='bbox 2583 5431 2616 5466; x_wconf 90' lang='lat' dir='ltr'><strong>a</strong></span> <span class='ocrx_word' id='word_1_786' title='bbox 2659 5413 2764 5465; x_wconf 85' lang='lat' dir='ltr'><strong>leni</strong></span> <span class='ocrx_word' id='word_1_787' title='bbox 2808 5413 2900 5465; x_wconf 85' lang='lat' dir='ltr'><strong>illo</strong></span> <span class='ocrx_word' id='word_1_788' title='bbox 2940 5427 3144 5466; x_wconf 87' lang='lat' dir='ltr'><strong>morum</strong></span> <span class='ocrx_word' id='word_1_789' title='bbox 3197 5425 3413 5464; x_wconf 82' lang='lat' dir='ltr'><strong>suorum</strong></span> <span class='ocrx_word' id='word_1_790' title='bbox 3455 5419 3604 5465; x_wconf 76' lang='lat' dir='ltr'><strong>statu</strong></span> 
     </span>
    </p>
   </div>
   <div class='ocr_carea' id='block_1_113' title="bbox 2017 5500 3604 5569">
    <p class='ocr_par' dir='ltr' id='par_1_113' title="bbox 2017 5500 3604 5569">
     <span class='ocr_line' id='line_1_113' title="bbox 2017 5500 3604 5569; baseline -0.002 -9"><span class='ocrx_word' id='word_1_791' title='bbox 2017 5508 2288 5561; x_wconf 80' lang='lat' dir='ltr'><strong>discedens</strong></span> <span class='ocrx_word' id='word_1_792' title='bbox 2337 5507 2400 5559; x_wconf 88' lang='lat' dir='ltr'><strong>ob</strong></span> <span class='ocrx_word' id='word_1_793' title='bbox 2443 5514 2635 5559; x_wconf 82' lang='lat' dir='ltr'><strong>metum</strong></span> <span class='ocrx_word' id='word_1_794' title='bbox 2682 5520 2898 5569; x_wconf 77' lang='lat' dir='ltr'><strong>eorum,</strong></span> <span class='ocrx_word' id='word_1_795' title='bbox 2953 5519 3074 5567; x_wconf 69' lang='lat' dir='ltr'><strong>qua:</strong></span> <span class='ocrx_word' id='word_1_796' title='bbox 3128 5520 3159 5555; x_wconf 82' lang='grc' dir='ltr'><em>α</em></span> <span class='ocrx_word' id='word_1_797' title='bbox 3205 5500 3604 5557; x_wconf 79' lang='lat' dir='ltr'><strong>sublimioribus</strong></span> 
     </span>
    </p>
   </div>
   <div class='ocr_carea' id='block_1_114' title="bbox 2013 5594 3605 5670">
    <p class='ocr_par' dir='ltr' id='par_1_114' title="bbox 2013 5594 3605 5670">
     <span class='ocr_line' id='line_1_114' title="bbox 2013 5594 3605 5670; baseline -0.003 -17"><span class='ocrx_word' id='word_1_798' title='bbox 2013 5597 2358 5670; x_wconf 78' lang='lat' dir='ltr'><strong>potestatibus</strong></span> <span class='ocrx_word' id='word_1_799' title='bbox 2384 5597 2741 5655; x_wconf 79' lang='lat' dir='ltr'><strong>imminebant.</strong></span> <span class='ocrx_word' id='word_1_800' title='bbox 2777 5596 3015 5670; x_wconf 83' lang='lat' dir='ltr'><strong>Tempus</strong></span> <span class='ocrx_word' id='word_1_801' title='bbox 3047 5595 3210 5652; x_wconf 87' lang='lat' dir='ltr'><strong>etiam</strong></span> <span class='ocrx_word' id='word_1_802' title='bbox 3242 5594 3444 5650; x_wconf 86' lang='lat' dir='ltr'><strong>ootime</strong></span> <span class='ocrx_word' id='word_1_803' title='bbox 3474 5609 3605 5652; x_wconf 87' lang='lat' dir='ltr'><strong>cou-</strong></span> 
     </span>
    </p>
   </div>
   <div class='ocr_carea' id='block_1_115' title="bbox 2090 5775 2395 5849">
    <p class='ocr_par' dir='ltr' id='par_1_115' title="bbox 2090 5775 2395 5849">
     <span class='ocr_line' id='line_1_115' title="bbox 2090 5775 2395 5849; baseline 0.003 -16"><span class='ocrx_word' id='word_1_804' title='bbox 2090 5779 2142 5849; x_wconf 70' lang='grc' dir='ltr'><strong>ὁ)</strong></span> <span class='ocrx_word' id='word_1_805' title='bbox 2178 5775 2275 5848; x_wconf 82' lang='lat' dir='ltr'><strong>Ep.</strong></span> <span class='ocrx_word' id='word_1_806' title='bbox 2306 5776 2395 5834; x_wconf 81' lang='lat'><strong>86.</strong></span> 
     </span>
    </p>
   </div>
  </div>
