3958 6212
1663 350 1825 407 vn'A
1868 349 1927 435 s,
1961 348 2230 406 essm".

3368 367 3586 410 ιῖχινη

307 472 474 543 gruit.
522 469 657 525 Nam
696 470 940 540 plerique
982 470 1395 542 magistratuum
1434 482 1591 528 erant
1634 472 1685 525 in
1726 473 1890 541 agris.
1924 477 1965 531 Α
2000 470 2197 532 nianis,
2254 466 2343 537 qui
2388 482 2450 522 eo
2490 468 2707 523 nomine
2738 476 2956 522 vocatur
3001 467 3053 521 in
3095 467 3320 537 epistoli
3361 468 3585 527 Liberiis

308 565 439 619 Hluc
465 567 609 619 enim
642 574 1009 628 secesserant,
1064 574 1121 617 ut
1150 564 1386 621 vidimus
1420 565 1473 618 in
1520 563 1893 633 superioribus

306 658 552 726 epistolis
584 658 685 727 (a),
726 658 965 711 animum
996 658 1047 710 in
1081 666 1156 711 tot
1191 657 1447 711 aerumnis
1474 656 1889 725 despondentes.

307 750 442 805 Cum
474 761 657 804 autem
696 750 1154 818 apprOpiuquarct
1197 760 1441 818 tempus,
1491 749 1632 817 quod
1678 750 1746 803 ad
1784 747 1895 803 sol-

310 842 540 896 vendum
580 857 772 895 aurum
818 841 1256 910 comparatitium
1303 841 1785 908 prmstituebatur,
1840 848 1893 892 ct

308 930 375 981 ad
418 931 796 999 praescriptam
826 946 1093 984 summam
1145 930 1347 998 aliquid
1394 931 1628 996 deesset,
1664 929 1894 985 Basilius

309 1021 619 1075 universam
653 1024 928 1077 civitatem
970 1023 1219 1076 hortulus
1247 1032 1350 1085 est,
1391 1032 1449 1075 ut
1486 1038 1637 1077 suam
1666 1024 1892 1092 quisque

307 1113 607 1182 symbolam
638 1116 808 1168 daret.
860 1114 965 1168 Sed
1016 1115 1455 1184 perincommode
1493 1114 1801 1178 ceciderat,
1840 1126 1894 1169 ut

308 1204 552 1271 plerique
588 1206 1006 1273 magistratuum
1036 1205 1167 1259 urbe
1196 1207 1468 1259 abessent.
1504 1206 1682 1272 Quare
1717 1207 1888 1260 Eliam

309 1303 484 1363 rogat,
520 1306 578 1347 ut
609 1297 690 1349 vel
725 1312 992 1353 summam
1042 1298 1181 1359 auri,
1215 1297 1389 1364 qualis
1420 1297 1683 1352 hactenus
1712 1300 1890 1368 colligi

306 1399 576 1458 potuerat,
614 1390 665 1442 in
715 1391 1009 1444 thesauros
1044 1391 1256 1456 mittat;
1287 1390 1552 1459 reliquum
1586 1401 1768 1459 postea
1807 1409 1896 1447 so-

305 1482 477 1535 lutum
509 1483 570 1535 iri
602 1483 923 1550 pollicetur:
959 1483 1065 1547 vel,
1101 1484 1145 1537 si
1179 1493 1347 1537 totum
1374 1498 1595 1537 necesse
1619 1492 1705 1537 est
1730 1485 1894 1548 mitti,

305 1574 382 1626 ita
411 1583 471 1628 ut
513 1561 645 1628 nihil
685 1590 914 1643 prorsus
947 1574 1220 1642 reliquum
1263 1575 1369 1639 sit,
1415 1577 1648 1643 spatium
1680 1592 1896 1639 eorum.

304 1665 397 1733 qui
427 1666 562 1718 urbe
594 1667 841 1731 aberant,
872 1668 1335 1721 admonendorum
1362 1667 1647 1722 concedat.
1674 1667 1889 1734 Scripta

306 1771 435 1825 ergo
482 1757 601 1811 hrec
649 1758 874 1824 eliistola
939 1759 1041 1812 hoc
1086 1774 1228 1813 anno
1270 1758 1376 1812 572
1422 1760 1565 1812 circa
1611 1757 1891 1812 Martium.

307 1846 441 1900 Nam
473 1857 687 1915 tempus
717 1850 838 1903 auri
871 1852 1241 1919 comparatitii
1269 1851 1557 1921 colligendi
1588 1869 1616 1905 a
1636 1852 1893 1906 Kalendis
1925 1835 1973 1895 Β

308 1941 649 2008 Septembris
682 1942 747 1996 ad
779 1941 898 1995 Kal.
928 1943 1099 2011 April.
1127 1944 1541 2009 extentlehatur,
1576 1955 1634 1997 ut
1674 1945 1726 1998 in
1760 1944 1890 1998 Nota

306 2034 378 2088 ad
408 2033 547 2087 hanc
580 2034 865 2103 epistolam
904 2036 1331 2089 observavimus.

874 2124 1103 2180 CAPUT
1159 2124 1321 2181 XXII.

310 2213 355 2271 ί.
384 2216 444 2271 S.
471 2216 799 2269 Atnanasius
863 2216 1136 2273 respondet
1178 2214 1384 2267 Basilio
1435 2230 1526 2282 per
1573 2212 1893 2267 Dorotlteum

381 2286 546 2339 Roma
579 2296 939 2338 revertentem.
972 2283 1140 2353 Negat
1170 2303 1222 2337 se
1256 2286 1483 2351 priorem
1514 2301 1660 2351 posse
1686 2283 1741 2339 S.
1777 2284 1893 2337 Me-

377 2357 500 2410 letio
532 2356 778 2411 scribere.
822 2355 882 2408 Il.
916 2352 1183 2407 Probatur
1206 2356 1552 2406 Athanasium
1588 2355 1759 2418 illum,
1804 2356 1894 2421 qui

379 2443 431 2481 se
470 2446 501 2478 a
539 2426 753 2479 Meletio
780 2428 891 2479 sine
924 2427 1288 2477 communione
1317 2426 1593 2477 dimissum
1634 2427 1891 2492 queritur,

381 2498 804 2550 Alexandrinum
852 2512 981 2548 esse.
1038 2494 1120 2547 Ill.
1156 2494 1449 2547 Dorotheus
1489 2497 1656 2547 reddit
1690 2493 1893 2547 Basilio

382 2569 580 2619 litteras
622 2565 1067 2618 Occidentalium.
1105 2566 1190 2617 IV.
1217 2563 1455 2617 Basilius
1493 2568 1764 2631 respondet
1803 2581 1895 2630 per

380 2634 637 2693 Sabinum
661 2638 963 2687 diaconum.
988 2636 1048 2688 V.
1079 2634 1311 2703 Epistola
1335 2638 1623 2687 communis
1653 2635 1895 2687 Orienta-

380 2708 505 2758 lium
546 2708 708 2758 missa
750 2722 841 2770 per
879 2706 1115 2757 eumdem
1147 2704 1423 2758 Sabinum.
1478 2706 1560 2758 Vl.
1585 2704 1895 2759 Consulitut'

380 2776 613 2831 Basilius
642 2778 706 2828 de
731 2776 1028 2828 domesticis
1065 2774 1536 2828 communionibus.

379 2892 418 2946 Ι.
458 2891 632 2960 Supra
680 2890 914 2942 vidimus
954 2888 1257 2958 episcopos,
1312 2904 1448 2959 quos
1494 2889 1723 2944 Basilius
1772 2905 1893 2944 cum

314 2983 608 3036 Athanasio
657 2979 987 3049 conjungere
1031 2982 1260 3045 volebat,
1304 2984 1525 3050 petiisse
1566 2995 1621 3036 ut
1652 2984 1895 3037 Athana-

313 3076 421 3129 sius
458 3075 610 3143 prior
637 3075 704 3127 ad
733 3089 793 3128 se
837 3073 1121 3137 scriberet,
1172 3086 1229 3128 et
1263 3075 1393 3143 quid
1424 3078 1686 3145 agendum
1724 3077 1795 3130 sit
1828 3077 1895 3129 ad

312 3166 677 3234 paciﬁcandas
714 3165 987 3219 Ecclesias
1009 3176 1325 3235 exponeret.
1350 3167 1577 3229 Basilius
1602 3168 1675 3239 (ὑ)
1706 3184 1892 3223 eorum

312 3258 575 3327 postulata
612 3257 916 3311 Athanasio
945 3257 1285 3327 signiﬁcavit,
1329 3273 1391 3311 ac
1418 3272 1537 3310 eum
1577 3262 1803 3329 rogavit,
1843 3268 1899 3312 nt

310 3354 407 3407 sibi
447 3357 543 3406 has
577 3352 786 3405 litteras
817 3352 1077 3416 mitteret,
1129 3352 1242 3404 sive
1285 3367 1379 3419 per
1414 3352 1650 3421 aliquem
1695 3367 1725 3406 θ
1757 3352 1898 3405 clem

311 3444 696 3511 Alexandrino,
727 3445 841 3499 sive
878 3458 975 3511 per
998 3442 1345 3505 Dormheum,
1380 3459 1539 3511 quem
1586 3444 1895 3497 redeuntem

311 3537 633 3589 Alexandria
669 3537 1025 3591 transiturum
1049 3536 1274 3589 sciebat.
1309 3534 1456 3589 Satis
1485 3548 1785 3605 opportune
1814 3553 1899 3591 re-

312 3625 405 3677 diit
447 3623 778 3691 Dorotbeus,
814 3635 872 3678 ut
907 3626 959 3679 ei
1001 3625 1333 3679 Athanasius
1363 3625 1449 3680 his
1481 3628 1763 3695 postulatis
1809 3645 1896 3683 re-

310 3730 501 3784 sponsa
556 3718 942 3770 committeret.
997 3715 1131 3769 Nam
1181 3716 1432 3781 Basilius,
1482 3732 1548 3771 eo
1579 3719 1899 3774 adveniente

308 3806 634 3873 Caesaream,
682 3808 898 3876 scripsit
952 3805 1012 3861 S.
1061 3807 1293 3873 Meletio,
1335 3824 1571 3878 eumque
1614 3811 1679 3865 de
1711 3824 1899 3865 sancto

310 3898 607 3951 Athanasio
627 3900 706 3951 sic
738 3896 1029 3965 alloquitur
1058 3897 1167 3967 (c):
1202 3897 1325 3951 lam
1370 3901 1511 3967 quod
1555 3901 1623 3953 ad
1668 3918 1899 3954 reveren-

310 3993 583 4044 dissimum
616 3992 912 4058 episc0pum
944 3991 1289 4045 Athanasium
1319 3994 1533 4054 attinet,
1559 3994 1715 4061 probe
1740 3997 1901 4047 scien-

311 4091 409 4135 tem
430 4085 679 4136 eximiam
703 4094 847 4135 tuam
878 4085 1214 4152 prudentiam
1245 4087 1482 4149 monebo,
1514 4088 1629 4153 ﬁeri
1653 4104 1756 4141 non
1774 4105 1900 4155 pos-

309 4192 363 4229 se
392 4185 447 4229 ut
477 4177 607 4229 meis
638 4176 824 4229 litteris
853 4176 1055 4248 aliquid
1075 4190 1457 4247 promoventur,
1495 4192 1585 4235 aut
1614 4182 1900 4251 quidquam

310 4283 489 4321 eorum
520 4285 639 4337 qua:
660 4279 856 4337 oportet
882 4268 1207 4338 perﬁciatur,
1234 4271 1334 4323 nisi
1368 4282 1414 4325 et
1436 4287 1470 4323 α
1495 4272 1635 4324 vobis
1666 4274 1756 4341 qui
1779 4284 1899 4325 tunc

312 4362 475 4425 ipsius
496 4362 915 4414 communionem
942 4364 1391 4431 procrastinastis,
1428 4365 1563 4417 lianc
1591 4365 1760 4433 ipsam
1795 4365 1900 4416 ali-

314 4462 417 4515 quo
460 4461 613 4515 pacto
665 4452 912 4517 accipiat.
958 4452 1120 4504 Aiunt
1149 4455 1285 4505 enim
1322 4454 1489 4517 ipsum
1532 4454 1741 4507 omnino
1772 4471 1899 4522 pro-

2000 562 2107 618 Sed
2163 572 2339 616 tamen
2379 563 2447 616 ita
2482 562 2611 614 mihi
2654 560 2925 630 quadrare
2972 561 3150 615 omnia
3198 561 3462 622 videntur,
3510 560 3581 615 ita

1998 666 2118 722 apta
2141 670 2261 710 esse
2283 664 2335 709 et
2370 655 2585 719 innexa,
2607 665 2667 708 ut
2689 656 2751 707 ad
2774 655 2937 710 alium
2956 670 3117 725 quam
3149 670 3397 726 magnum
3417 655 3588 709 Atha-

2000 747 2208 801 nasium
2243 746 2432 800 referri
2477 762 2579 799 non
2610 747 2835 814 possint.

2070 839 2126 891 l-
2165 838 2309 892 inter
2366 839 2667 906 episcopos,
2729 852 2865 905 quos
2918 836 3149 892 Basilius
3204 854 3324 893 cum
3393 855 3588 911 magno

1996 930 2295 984 Athanasio
2342 929 2668 997 conjungere
2713 941 2936 984 conatus
2975 943 3075 990 est.
3121 933 3387 1002 prmcipua
3446 934 3588 987 illius

1999 1037 2127 1077 cura
2169 1023 2267 1077 fuit
2292 1033 2509 1077 sanctus
2547 1022 2811 1076 Me’letius.
2853 1022 2988 1077 llinc
3014 1025 3174 1077 etiam
3220 1035 3382 1095 atque
3417 1031 3582 1080 etiam

1999 1115 2136 1184 petit
2157 1114 2207 1168 in
2239 1113 2482 1183 epistolis
2511 1112 2601 1176 66,
2640 1113 2705 1166 67
2730 1122 2782 1165 el
2812 1111 2902 1175 69,
2952 1123 3009 1165 ut
3039 1114 3250 1167 initium
3298 1114 3590 1183 pacifican-

2000 1208 2080 1261 daz
2113 1205 2367 1260 Ecclesia:
2411 1205 2479 1259 ab
2521 1205 2860 1259 Antiocheua
2904 1204 3144 1260 Ecclesia
3191 1206 3438 1260 ducatur.
3481 1207 3587 1264 llas

2000 1297 2185 1367 procul
2215 1297 2374 1352 dubio
2399 1299 2611 1352 litteras
2643 1299 2866 1361 indicat,
2894 1313 3023 1353 cum
3058 1299 3133 1353 ait
3169 1300 3384 1354 Meletio
3420 1317 3478 1355 se
3512 1304 3589 1355 ni-

2004 1390 2077 1445 hil
2121 1390 2312 1445 litteris
2354 1392 2467 1445 suis
2505 1405 2840 1459 promovere.
2903 1393 2969 1445 At
3018 1400 3075 1445 ut
3133 1391 3405 1447 Meletium
3465 1408 3588 1448 cum

2002 1482 2383 1538 Macedoniano
2452 1483 2630 1552 aliquo
2684 1481 3057 1554 conjungerct,
3120 1500 3227 1538 non
3288 1486 3497 1541 videtur
3537 1488 3589 1541 id

2001 1592 2124 1631 eum
2178 1577 2334 1631 valde
2388 1576 2731 1643 sollicitasse,
2802 1592 2902 1631 nec
2960 1577 3064 1630 ulla
3127 1593 3347 1647 prorsus
3416 1591 3592 1636 exstat

2002 1687 2063 1725 ea
2109 1672 2175 1725 de
2217 1686 2275 1725 re
2309 1669 2552 1739 epistola,
2593 1670 2796 1725 nullum
2830 1671 2973 1726 illius
3012 1672 3214 1727 laboris
3268 1690 3591 1731 monumen-

2008 1772 2141 1817 tum.

2070 1876 2130 1928 2-
2168 1877 2505 1932 Athanasius
2530 1877 2638 1944 ille,
2675 1878 2741 1934 de
2774 1894 2883 1948 quo
2916 1880 3157 1948 loquitur
3188 1881 3435 1949 Basilius,
3465 1901 3593 1955 pro-

2000 1982 2199 2038 pensus
2229 1979 2424 2024 eratut
2450 1970 2868 2039 coniungeretur
2901 1986 3021 2024 cum
3057 1972 3304 2037 Mclelio;
3338 1977 3431 2030 sed
3454 1977 3589 2032 nihil

2000 2058 2068 2113 ab
2103 2073 2167 2113 eo
2222 2060 2499 2129 impetrari
2550 2070 2787 2130 poterat,
2827 2061 2927 2116 nisi
2956 2062 3200 2117 Meletius
3228 2065 3403 2135 aliqua
3436 2084 3588 2123 com-

2001 2152 2275 2206 munionis
2307 2152 2460 2221 signa
2490 2152 2637 2222 prior
2666 2154 2985 2223 impertiret.
3008 2155 3079 2209 At
3113 2157 3235 2226 quis
3266 2159 3380 2213 haec
3414 2171 3592 2230 postu-

2000 2243 2115 2299 lare
2142 2246 2334 2313 potuit,
2368 2246 2468 2299 nisi
2512 2261 2741 2317 magnus
2764 2246 3113 2315 Athanasius,
3153 2252 3237 2305 cui
3280 2253 3441 2321 paulo
3463 2264 3591 2311 ante

2000 2333 2227 2389 Basilius
2252 2335 2328 2407 (d)
2357 2336 2777 2405 signiﬁcaverat,
2811 2339 3094 2408 episcopos
3119 2354 3301 2411 petere
3331 2354 3385 2396 ut
3414 2345 3586 2400 Atha-

2003 2428 2188 2481 nasius
2219 2428 2286 2479 ad
2319 2442 2412 2481 cos
2440 2430 2587 2495 prior
2619 2430 2919 2484 scriberet?
2952 2431 3268 2487 Necessario
3304 2450 3432 2506 ergo
3456 2454 3590 2491 cun.

1996 2518 2181 2587 juncta
2208 2519 2381 2589 magni
2409 2520 2687 2575 Athanasii
2721 2524 3000 2592 responsio
3028 2539 3149 2580 cum
3172 2526 3455 2595 postulatis
3476 2532 3589 2599 epi-

2003 2625 2313 2679 sc0porum.

2072 2722 2130 2776 3-
2169 2722 2411 2789 Querelre
2439 2723 2743 2790 Athanasii,
2774 2728 2913 2795 quod
2940 2744 2969 2781 a
3000 2726 3215 2786 Meletio
3238 2731 3497 2787 dimissus
3520 2732 3594 2787 sit

2002 2814 2120 2870 sine
2158 2817 2559 2881 communione,
2615 2818 2953 2871 manifestam
2999 2820 3202 2876 habent
3241 2826 3598 2880 necessitudi-

2004 2920 2125 2960 nem
2161 2922 2281 2960 cum
2318 2908 2383 2961 iis
2414 2924 2533 2976 qua:
2561 2906 2831 2961 Melctium
2868 2910 3010 2965 inter
3048 2923 3103 2965 et
3144 2928 3395 2984 magnum
3418 2916 3593 2971 Atha-

2004 3000 2215 3053 nasium
2262 3000 2363 3053 sub
2394 2998 2619 3054 Joviano
2654 3000 3096 3056 intercesserunt.
3150 3005 3281 3059 Rem
3318 3007 3591 3062 illustrant

2004 3092 2120 3146 hate
2144 3093 2307 3146 verba
2334 3091 2513 3146 Basilii
2542 3094 2595 3146 in
2618 3093 2841 3161 epistola
2866 3094 2971 3148 258
3000 3096 3065 3149 ad
3092 3096 3467 3165 Epiphanium,
3501 3101 3590 3153 ubi

2004 3184 2083 3235 sic
2115 3183 2370 3250 loquitur,
2424 3202 2475 3235 ιι.
2512 3185 2543 3237 5
2584 3206 2597 3237 :
2645 3184 2801 3237 Ἐπεὶ
2838 3186 2932 3238 καὶ
2964 3189 2991 3240 ὁ
3029 3186 3449 3259 μακαριώτατος
3482 3191 3591 3244 πάι

2003 3292 2111 3339 πας
2154 3275 2491 3340 ’Λοανὰσιο;,
2536 3278 2764 3341 ἐπιστὰς
2807 3279 2916 3331 ἀπὸ
2961 3280 3392 3353 Ἀλεξανδρείας,
3446 3284 3590 3339 πάνυ

2001 3367 2253 3421 ἐϐούλετο
2312 3367 2462 3438 αὐτῷ
2506 3368 2604 3439 τὴν
2671 3370 2808 3442 πρὸς
2863 3360 3026 3425 αὑτὸν
3089 3375 3373 3429 κοινωνίαν
3422 3393 3591 3431 κατα-

2002 3462 2333 3533 πραχθῆναι.
2409 3462 2571 3515 Ἀλλὰ
2637 3464 2810 3535 κακία
2875 3466 3199 3537 συμϐούλιον
3266 3470 3346 3532 εἰς
3406 3471 3593 3542 ἕτερον

2002 3554 2192 3626 καιρὸν
2261 3554 2563 3625 ὑπερετέοη
2639 3556 2816 3610 αὐτῶν
2888 3561 2921 3629 ἡ
2988 3560 3285 3629 συνάφεια·
3358 3562 3435 3626 ὡς
3493 3564 3599 3621 οὐκ

2001 3646 2254 3717 ὠφειλεν.
2312 3646 2453 3699 Nam
2489 3660 2532 3700 et
2562 3649 2893 3704 beatissimus
2930 3668 3069 3721 papa
3101 3654 3443 3722 Athanasius,
3475 3675 3594 3712 cum

2002 3738 2328 3790 Alexandria
2356 3742 2594 3803 venisset,
2625 3740 2841 3791 omnino
2871 3742 3103 3807 optabat,
3137 3744 3310 3795 utsibi
3341 3762 3458 3798 cum
3481 3749 3593 3812 ipso

2003 3833 2299 3883 communio
2332 3830 2735 3896 conciliaretur;
2788 3834 2875 3885 sed
2910 3834 3117 3886 malitia
3164 3837 3593 3893 consiliariorum

2002 3923 2059 3975 in
2085 3924 2233 3975 aliud
2266 3934 2463 3989 tempus
2488 3924 2653 3977 dilata
2672 3941 2850 3977 eorum
2878 3925 3198 3994 conjunctio,
3224 3930 3363 3997 quod
3393 3933 3595 3986 utinam

2003 4032 2107 4068 non
2133 4017 2412 4069 evenisset!
2443 4017 2575 4070 Cum
2595 4018 2678 4071 his
2707 4018 2906 4080 verbis.
2939 4017 3005 4072 In
3027 4021 3177 4073 aliud
3209 4034 3405 4085 tempus
3427 4025 3592 4078 dilata

2002 4120 2181 4158 eorum
2211 4106 2531 4173 conjunctio,
2567 4122 2756 4176 nempe
2790 4105 2848 4163 S.
2882 4108 3161 4164 Athanasii
3193 4121 3249 4166 et
3276 4112 3333 4171 S.
3370 4113 3590 4179 Melctii,

2002 4194 2346 4248 manifestam
2386 4195 2550 4249 habet
2592 4198 3048 4253 necessitudinem
3093 4202 3223 4256 illud
3262 4204 3501 4273 epistola:
3525 4206 3593 4261 89

2004 4285 2071 4338 ad
2137 4285 2433 4351 Meletium,
2477 4286 2579 4352 Qui
2634 4297 2756 4341 tunc
2815 4289 3002 4357 ipsius,
3056 4309 3249 4364 nempe
3288 4296 3593 4360 Athanasii,

2002 4378 2419 4431 communionem
2447 4381 2904 4448 procrastinastis.

2076 4468 2247 4522 Dilata
2286 4484 2415 4539 ergo
2451 4468 2629 4525 fuerat
2660 4470 2930 4527 lllelctium
2974 4474 3117 4530 inter
3152 4486 3205 4531 et
3236 4478 3592 4535 Athanasium

315 4538 559 4603 pendere,
601 4549 657 4592 ut
694 4540 959 4593 nobiscum
989 4541 1363 4611 conjungatur,
1407 4553 1455 4595 et
1485 4543 1737 4612 quidquid
1760 4554 1895 4611 pote-

2007 4562 2354 4627 communio;
2388 4577 2489 4616 nec
2520 4564 2625 4618 alio
2652 4581 2795 4621 nunc
2826 4577 3070 4635 spectant
3091 4570 3371 4626 Athanasii
3407 4588 3595 4642 querco

316 4628 383 4679 rit
424 4628 761 4696 collaturum,
804 4632 896 4683 sed
934 4631 1107 4683 dolere
1147 4633 1283 4699 quod
1316 4642 1361 4684 et
1394 4640 1515 4684 tunc
1546 4632 1795 4685 dimissus
1828 4632 1898 4685 sit

314 4720 427 4771 sine
446 4723 828 4788 communione,
855 4732 901 4775 et
931 4722 1218 4775 etiamnum
1247 4722 1505 4791 promissa
1538 4734 1782 4777 maneant
1817 4724 1891 4775 ir-

317 4810 443 4864 rita.

390 4917 453 4972 ll.
484 4920 599 4974 Non
641 4934 793 4991 putat
821 4924 1198 4979 Tillemontius
1241 4926 1353 4980 haec
1399 4926 1464 4979 de
1497 4942 1690 4995 magno
1724 4928 1896 4981 Atha-

319 5010 471 5063 nasio
524 5012 748 5082 intelligi
805 5031 999 5085 posse;
1056 5032 1225 5085 neque
1262 5017 1406 5071 enim
1454 5017 1735 5086 probabile
1778 5034 1900 5073 esse

320 5112 563 5158 sanctum
597 5105 863 5160 Meletium
893 5109 941 5163 ei
976 5124 1210 5177 unquam
1242 5111 1536 5178 denegasse
1558 5113 1899 5164 communiu-

321 5208 441 5247 nem
466 5208 639 5260 suam,
662 5197 820 5265 idque
850 5209 1132 5266 postquam
1158 5201 1301 5254 illam
1333 5201 1690 5268 promisisset.
1718 5202 1897 5269 Quare

322 5288 491 5342 satius
524 5302 644 5341 esse
669 5300 820 5357 putat
854 5291 1016 5344 alium
1042 5292 1397 5347 Athanasium
1440 5293 1761 5363 intelligere.
1795 5310 1900 5349 non

326 5378 468 5431 illum
499 5380 713 5449 quidem
747 5381 1091 5451 Ancyranum
1140 5382 1225 5453 (is
1250 5384 1393 5438 enim
1434 5385 1658 5439 concilio
1703 5384 1902 5439 Meletii

324 5468 638 5525 interfuerat
672 5486 811 5525 anno
836 5471 989 5542 565),
1027 5477 1119 5530 sed
1173 5475 1311 5533 forte
1355 5493 1516 5531 uutttn
1554 5493 1615 5531 ex
1658 5478 1907 5539 Macctlo~

390 5712 465 5848 π)
509 5714 603 5783 Ep.
630 5716 719 5777 7A,
747 5718 835 5791 75,
863 5718 955 5773 76.

448 5794 462 5848 )
500 5785 595 5848 Ep.
628 5788 711 5841 82.

448 5794 462 5850 )
500 5785 595 5851 Ep.
628 5788 711 5841 82.

2007 4651 2092 4720 lae,
2127 4653 2217 4722 qui
2265 4657 2515 4723 quamvis
2552 4654 2737 4710 Basilii
2777 4659 3030 4727 precibus
3057 4660 3350 4729 plurimum
3384 4666 3593 4722 tribue-

2002 4752 2109 4808 ret,
2158 4745 2370 4813 roganti
2418 4755 2623 4809 tamen.
2659 4757 2717 4801 ut
2748 4750 2898 4817 prior
2943 4751 3152 4806 litteras
3190 4758 3595 4814 communionis

2008 4835 2293 4902 scriberet,
2322 4837 2545 4892 minimc
2575 4840 2787 4906 annuit,
2815 4842 3160 4897 committere
3190 4845 3379 4901 nolens
3404 4858 3458 4902 ut
3490 4850 3592 4903 ite-

2007 4946 2128 4984 rum
2176 4931 2565 4999 despiceretur.
2612 4933 2727 4988 Etsi
2779 4934 2927 4990 enim
2979 4935 3209 4993 Basilius
3262 4938 3313 4993 in
3368 4942 3594 5007 cpistola

2007 5022 2072 5075 ad
2105 5021 2467 5092 Epiphaniam
2512 5024 2724 5094 culpam
2775 5041 2880 5081 non
2935 5028 3112 5096 rejicit
3164 5032 3479 5085 nominatim
3539 5034 3593 5087 in

2006 5113 2212 5169 amicos
2244 5114 2463 5181 Meletii,
2498 5119 2876 5188 potius‘quam
2908 5120 3216 5195 Athanasii,
3251 5126 3344 5179 sed
3388 5141 3499 5180 rem
3540 5128 3593 5180 in

2006 5203 2261 5271 ambiguo
2301 5205 2592 5275 relinquit;
2645 5216 2823 5261 tamen
2863 5225 2927 5264 cx
2978 5213 3079 5266 hac
3105 5214 3330 5283 epistola
3363 5216 3431 5271 89
3468 5232 3590 5286 pcr-

2002 5292 2287 5360 spicimus,
2328 5309 2432 5348 non
2479 5311 2576 5363 per
2614 5294 2997 5367 Athanasium,
3036 5306 3132 5358 sed
3184 5320 3279 5373 per
3315 5305 3589 5362 Meletium

2005 5387 2246 5450 stetisse,
2272 5388 2564 5454 quominus
2590 5393 2898 5446 communio
2924 5395 3065 5449 inter
3092 5405 3378 5467 utrumque
3410 5398 3592 5453 ﬁrma.

2006 5490 2179 5537 retur.
2212 5497 2275 5534 ac
2308 5482 2535 5550 proinde
2572 5485 2939 5555 consiliarios,
2988 5491 3077 5558 qui
3128 5504 3238 5545 rem
3270 5490 3592 5565 interpella-

2078 5719 2151 5785 (ε)
2194 5720 2289 5788 Ep.
2324 5721 2412 5781 89.
2440 5741 2491 5777 tt.
2522 5724 2575 5777 2.

2081 5792 2158 5858 (d)
2202 5794 2293 5857 lip.
2325 5794 2411 5847 82.
