3958 6212
306 327 554 374 LXXXVIII

1642 315 2184 372 PROLEGOMENA.

306 441 457 499 runt,
509 443 616 487 non
656 426 718 485 S.
747 425 1054 488 Athanasii.
1101 422 1195 481 sed
1237 425 1411 483 sancti
1444 425 1640 483 Meletii
1674 429 1883 485 amicos
1911 439 1958 498 Α
1988 432 2123 488 nihil
2153 432 2267 487 fere
2299 431 2365 486 de
2394 432 2557 487 rebus
2590 429 2993 488 ecclesiasticis.
3023 425 3118 487 lla:
3143 438 3318 485 autem
3352 430 3571 491 Damasi

306 525 496 580 fuisse.
528 521 586 577 In
612 535 719 592 quo
749 535 879 577 sane
910 515 1100 575 mirari
1131 519 1295 586 subit,
1335 535 1433 573 cur
1459 535 1582 575 cum
1616 518 1675 574 S.
1716 520 1883 578 Mele-

307 616 368 671 tii
412 616 547 671 nihil
582 614 753 686 magis
796 614 1082 668 interesset
1118 613 1183 668 ad
1210 611 1350 681 juris
1376 615 1458 669 sui
1501 622 1556 669 et
1581 628 1762 670 causae
1790 615 1885 671 de-

306 708 628 774 fensionem,
667 724 827 777 quam
854 709 1371 765 communicatorem
1398 706 1599 762 habere
1629 707 1686 762 S.
1714 708 1884 762 Atha-

305 802 538 867 nasium,
573 801 730 856 rebus
753 799 870 857 suis
899 815 1006 855 tam
1038 800 1177 854 male
1212 798 1565 851 consuluerit.
1599 796 1704 851 Sed
1741 798 1881 853 idem

305 892 383 947 illi
404 893 582 946 evenit
602 906 665 945 ac
692 889 909 957 Basilio,
938 907 997 945 ut
1023 890 1075 943 in
1111 886 1300 942 amicis
1329 896 1384 941 et
1405 887 1885 943 communicatori-

305 982 407 1038 bus
454 983 570 1038 suis
617 981 906 1038 nonnullos
963 982 1191 1036 haberet
1234 977 1390 1048 longe
1431 979 1515 1032 sui
1569 978 1878 1042 dissimiles,

303 1077 397 1146 qui
428 1074 737 1132 dili'ereudae
769 1090 893 1131 cum
926 1073 1228 1128 Athanasio
1257 1069 1655 1127 communionis
1690 1084 1884 1126 causas

305 1170 668 1226 innectereut.

373 1260 490 1317 Non
521 1258 1067 1317 favcut'l‘illemoutio
1092 1256 1209 1311 haec
1246 1255 1431 1312 Basilii
1478 1255 1639 1311 verba
1671 1273 1684 1310 :
1717 1254 1881 1309 Aiunt

302 1357 443 1412 enim
476 1359 644 1426 ipsum
674 1356 883 1411 omnino
905 1357 1224 1423 propendere
1258 1362 1314 1406 ut
1359 1351 1627 1407 nobiscum
1660 1349 1884 1420 conjun-

302 1459 480 1519 gatur.
519 1447 777 1514 Quamvis
800 1447 945 1502 enim
976 1444 1209 1502 Basilius
1251 1444 1633 1501 communione
1669 1452 1724 1497 et
1747 1442 1884 1496 ami-

302 1542 428 1597 citia
487 1540 955 1610 coniunctissimus
1012 1555 1136 1595 cum
1197 1548 1386 1595 sancto
1439 1536 1741 1591 Athanasio
1796 1549 1884 1590 es-

302 1646 406 1699 set,
460 1635 583 1704 quia
639 1645 816 1689 tamen
882 1632 1029 1688 illius
1072 1631 1505 1688 communionem
1555 1630 1668 1684 suis
1718 1628 1881 1683 etiam

302 1727 493 1783 amicis
530 1726 821 1781 conciliare
848 1725 1066 1787 avebat,
1097 1724 1301 1778 idcirco
1338 1729 1596 1791 tanquam
1645 1735 1784 1775 unus
1812 1733 1877 1773 ex

1987 525 2053 580 ad
2083 524 2342 579 Basilium
2368 523 2563 581 littera:
2592 539 2698 580 non
2727 522 2895 578 solius
2918 523 3130 579 Damasi
3162 523 3338 588 fuere,
3368 525 3461 579 sed
3488 534 3573 581 to—

1992 618 2099 671 tius
2148 616 2362 672 concilii
2407 615 2637 671 Romaui
2680 617 3061 685 episcoporum
3120 617 3190 672 95
3223 632 3291 672 ex
3328 617 3476 672 Italia
3514 627 3572 673 et

1986 706 2180 773 Gallia,
2208 704 2355 776 quod
2387 706 2453 761 de
2476 706 2640 762 rebus
2673 707 2871 779 Illyrici
2896 706 3217 773 habebatur,
3241 722 3362 763 cum
3396 707 3570 761 Doro-

1989 800 2146 856 theus
2172 800 2415 865 advenit,
2437 801 2737 856 autsaltem
2762 799 2922 869 paqu
2953 808 3240 870 antequam
3267 801 3570 856 adveniret.

1987 893 2312 966 Synodicam
2346 895 2560 950 concilii
2598 895 2886 966 epistolam
2920 894 3143 963 pertulit
3179 895 3414 949 Sabinus
3455 895 3575 948 dia-

1986 1000 2177 1053 conus,
2223 987 2460 1059 primum
2512 988 2729 1059 quidem
2787 988 2856 1043 ad
2912 988 3146 1058 Illyrios,
3191 1002 3324 1057 quos
3367 1002 3430 1039 ea
3471 1002 3571 1055 po—

1989 1078 2257 1135 tissimum
2297 1077 2598 1149 spectabat,
2646 1079 2841 1135 deinde
2884 1079 2937 1133 in
2969 1078 3263 1151 Egyptum
3294 1089 3347 1133 et
3378 1078 3572 1133 Orien-

1988 1182 2095 1226 tem
2157 1185 2279 1226 cum
2361 1170 2559 1225 litteris
2623 1171 2691 1226 ad
2750 1171 3106 1226 Athanasium
3172 1179 3226 1223 et
3289 1170 3567 1225 Basiliam.

1992 1263 2088 1318 Vix
2112 1263 2328 1319 dubium
2351 1274 2434 1319 est
2461 1264 2589 1333 quin
2616 1279 2741 1319 eum
2774 1264 3073 1320 Dorotltens
3111 1277 3426 1333 perpetuum
3471 1266 3573 1317 vite

1986 1354 2241 1409 comitem
2312 1355 2603 1423 habuerit;
2673 1354 2836 1410 ambo
2901 1353 3046 1408 enim
3117 1353 3278 1406 simul
3338 1353 3576 1406 advene-

1985 1456 2134 1501 runt.
3053 1456 3064 1467 ’

2055 1539 2148 1597 IV.
2189 1531 2422 1597 Basilius
2449 1548 2640 1597 sancto
2666 1539 2881 1618 Meletio
2906 1539 3119 1594 nuntiat
3146 1539 3221 1609 (Ῑ)
3244 1539 3370 1609 quid
3394 1539 3575 1607 priva-

1985 1633 2080 1688 tim
2107 1649 2206 1689 suo
2239 1636 2458 1691 nomine
2483 1636 2825 1705 scripsisset;
2866 1636 2959 1690 sed
3001 1635 3123 1703 quia
3149 1644 3571 1689 consentaneum

1986 1732 2122 1789 erat,
2154 1732 2215 1778 ut
2237 1724 2470 1794 aliquem
2516 1726 2798 1780 mitterent
2832 1724 3156 1791 Orientales,
3192 1726 3284 1795 qui
3320 1740 3572 1779 commu-

301 1817 406 1872 illis
442 1816 697 1885 loquitur.
739 1816 879 1870 Hinc
917 1817 970 1870 in
1016 1813 1246 1885 cpistola
1276 1811 1366 1878 89,
1401 1811 1754 1867 Athanasium
1790 1825 1881 1864 ro-
1910 1807 1955 1862 Β
1990 1828 2085 1868 nes
2104 1813 2313 1870 litteras
2340 1816 2595 1885 deferret,
2631 1828 2790 1886 rogat
2815 1818 3110 1885 Meletium,
3145 1828 3203 1872 ut
3235 1819 3329 1872 has
3359 1817 3574 1871 litteras

298 1919 411 1982 gat,
468 1920 523 1964 ut
586 1910 732 1963 nobis
791 1908 1053 1972 omnibus,
1106 1907 1300 1977 inquit,
1363 1903 1562 1959 scribas
1605 1902 1879 1974 epistolam

300 2015 480 2057 uuam,
510 2016 627 2067 qua:
662 1999 788 2071 quid
811 1999 1067 2068 agendum
1097 1999 1165 2050 sit
1190 1997 1492 2051 admoneat.
1539 1994 1689 2050 Licet
1717 1996 1878 2049 etiam

301 2091 737 2146 animadvertere
764 2106 926 2161 quam
955 2100 1147 2145 cautus
1173 2097 1315 2144 esset
1338 2087 1571 2143 Basilius
1596 2088 1651 2143 in
1676 2086 1764 2141 his
1794 2102 1881 2143 re-

301 2186 402 2240 bus
456 2184 921 2248 administrandis,
970 2185 1084 2252 qui,
1123 2182 1370 2251 quamvis
1417 2196 1675 2252 responsa
1705 2181 1877 2236 Atha-

305 2278 447 2334 nasii
518 2293 616 2347 per
672 2277 999 2332 Dorotbeum
1061 2275 1393 2345 accepisset,
1450 2274 1632 2328 arcani
1698 2283 1877 2327 tamen

303 2370 515 2442 tegendi
567 2385 752 2435 causa,
803 2370 971 2422 tttitur
1017 2369 1102 2423 his
1149 2365 1350 2431 verbis,
1409 2366 1567 2420 Aiunt
1617 2366 1753 2420 enim
1799 2368 1880 2436 ip-

299 2482 441 2530 sum,
463 2474 569 2518 etc.

376 2555 462 2610 111.
504 2555 650 2610 Misit
693 2555 856 2609 etiam
889 2554 953 2609 S.
990 2554 1320 2611 Athanasius
1369 2556 1427 2613 S.
1452 2554 1647 2610 Basilio
1677 2552 1750 2624 (ll)
1788 2551 1879 2605 Iit-

296 2658 464 2710 teras,
495 2663 628 2715 quas
655 2648 722 2701 ab
760 2647 1049 2703 Occidente
1086 2661 1395 2718 acceperat,
1440 2658 1500 2701 ut
1538 2662 1632 2703 eas
1677 2645 1876 2699 Basilio

299 2738 648 2809 perferendas
694 2747 930 2813 curaret.
974 2738 1082 2793 llas
1134 2739 1305 2794 Roma
1353 2739 1536 2793 attulit
1574 2737 1879 2793 Dorotheus

299 2832 580 2893 diaconus,
626 2831 711 2884 vel
755 2829 992 2885 Sabinus
1040 2830 1325 2893 diaconus,
1359 2831 1451 2900 qui
1495 2831 1543 2885 ei
1588 2843 1770 2885 comes
1802 2826 1874 2898 (ὁ)

295 2922 508 2979 videtur
534 2924 819 2993 adjunctus
845 2922 1012 2976 fuisse
1042 2923 1111 2975 ab
1137 2922 1587 2986 Occidentalibus,
1619 2930 1684 2985 ,et
1725 2919 1877 2973 Basi-

295 3012 369 3069 lio
416 3014 696 3084 epistolam
742 3011 1013 3068 V'aleriani
1045 3010 1310 3082 Aquileia:
1341 3013 1580 3082 episcOpi
1621 3011 1872 3065 reddidit.

297 3106 550 3171 Basilius,
579 3105 840 3160 facultate
869 3105 1049 3160 oblata
1084 3103 1268 3159 Sabini
1299 3103 1534 3167 diaconi,
1561 3102 1779 3171 scripsit
1803 3099 1872 3173 (ε)

1994 1914 2209 1959 exaret.
2230 1905 2443 1976 Scripta
2477 1908 2694 1977 quidem
2723 1910 3031 1964 communis
3050 1909 3295 1980 epistola,
3326 1909 3421 1963 sed
3446 1924 3569 1963 eam

1990 1993 2136 2050 solus
2161 1996 2375 2053 rediens
2398 1997 2633 2054 Sabinus
2656 2000 2894 2068 pertulit,
2928 2016 3027 2056 nec
3048 2004 3340 2071 quisquam
3370 2001 3571 2054 missus

1988 2082 2344 2144 O‘rientalium
2379 2091 2616 2146 nomine.
2658 2090 2828 2161 Hujus
2870 2091 3113 2161 epistolae
3157 2091 3378 2161 conjicit
3407 2090 3572 2144 Tillc-

1989 2180 2224 2236 montius
2251 2191 2527 2237 auctorem
2552 2198 2673 2239 esse
2695 2194 2939 2238 sanctum
2973 2183 3264 2247 Meletium,
3300 2184 3384 2238 cui
3416 2183 3571 2235 Basi-

1986 2270 2091 2326 lius
2126 2274 2228 2328 hec
2260 2287 2455 2329 munus
2478 2274 2763 2331 detulerat.
2793 2274 2899 2332 Sed
2927 2285 3105 2330 tamen
3129 2276 3354 2330 omnino
3383 2274 3567 2330 Basilii

1987 2364 2184 2435 stylum
2214 2365 2438 2420 redolet.

2061 2457 2321 2513 Videntur
2341 2467 2521 2513 autem
2561 2459 2700 2514 tituli
2736 2460 2789 2515 in
2826 2461 2912 2516 his
2938 2460 3183 2524 epistolis
3220 2460 3567 2516 librariorum

1988 2548 2198 2604 incuria
2232 2550 2441 2606 confusi
2473 2560 2528 2606 et
2557 2552 2853 2622 perturbati
2877 2552 3063 2608 fuisse.
3100 2552 3236 2607 Nam
3269 2568 3390 2607 cum
3418 2552 3572 2606 Basi-

1986 2642 2092 2696 lius
2125 2642 2273 2697 dicat
2309 2643 2362 2697 in
2399 2644 2624 2714 epistola
2654 2645 2727 2700 89
2780 2659 2841 2699 se
2889 2645 3174 2714 scripsisse
3221 2646 3289 2699 ad
3328 2645 3489 2699 Italos
3513 2653 3569 2697 et

1984 2734 2204 2801 Gallos;
2236 2752 2469 2806 ctunque
2509 2736 2779 2792 Meletium
2826 2747 2996 2806 roget,
3041 2747 3097 2792 ut
3130 2752 3472 2793 communem
3501 2737 3566 2789 ad

1984 2828 2358 2885 Occidentales
2412 2830 2696 2898 epistolam
2754 2831 2940 2896 dictet,
2993 2831 3188 2885 .nescio
3236 2845 3350 2899 quo
3410 2838 3568 2899 pacto

1985 2917 2234 2986 contigit,
2259 2928 2320 2973 ut
2341 2920 2550 2987 privata
2569 2920 2796 2990 epistola
2833 2919 3289 2983 Occidentalibus,
3320 2934 3567 2973 commit.

1984 3009 2068 3065 nis
2103 3010 2266 3064 Italiae
2306 3020 2362 3064 et
2397 3010 2582 3066 Gallia:
2615 3012 2885 3082 episcopis
2924 3011 3313 3069 inscriberetur
3360 3028 3376 3065 :
3423 3010 3567 3082 quod

1981 3113 2171 3157 contra
2207 3105 2511 3173 oportebat.

292 3202 363 3254 ad
388 3169 615 3270 Illyrios,
647 3209 699 3253 et
726 3199 791 3252 ad
820 3197 985 3252 Italiae
1018 3207 1073 3252 et
1094 3196 1281 3251 Gallia)
1308 3195 1614 3266 episcopos,
1642 3169 1879 3264 etquos-
1907 3169 1953 3231 (ἶ
2054 3194 2109 3249 In
2154 3169 2257 3250 hac
2288 3175 2534 3267 epistola.
2556 3213 2718 3265 quam
2751 3198 2984 3254 Basilius
3018 3198 3092 3272 (g)
3136 3199 3285 3255 Italis
3315 3210 3369 3255 et
3399 3197 3569 3255 Gallis

283 3295 423 3369 Idam
464 3292 619 3358 alios,
670 3292 760 3361 qui
813 3291 1061 3360 privatim
1090 3291 1303 3345 litteras
1344 3290 1411 3344 ad
1443 3304 1564 3344 eum
1594 3288 1875 3344 dederant.

295 3384 375 3439 Ex
415 3384 481 3439 iis
512 3383 695 3438 Basilii
736 3383 980 3453 epistolis
1028 3384 1147 3439 diue
1173 3392 1408 3448 exstant,
1448 3398 1552 3436 una
1578 3380 1876 3452 generatim

298 3472 735 3530 Occidentalibus
763 3473 1044 3542 inscripta,
1080 3475 1252 3528 altera
1278 3470 1572 3528 Valeriano
1621 3471 1879 3540 Aquileia:

298 3565 571 3634 episcopo,
598 3563 692 3632 qui
724 3562 794 3617 ob
827 3563 1158 3618 vicinitatem
1183 3563 1383 3635 Illyrici
1409 3563 1694 3633 episcopus
1722 3563 1774 3616 in
1809 3563 1879 3614 ti-

301 3654 412 3708 tnlo
447 3654 666 3709 dicitur.
702 3651 870 3724 Illyrii
899 3663 1076 3708 autem
1107 3664 1158 3709 et
1185 3655 1353 3709 Italia:
1377 3670 1441 3708 ac
1463 3653 1647 3709 Gallia:
1672 3656 1879 3722 episco-

297 3747 349 3816 pi
378 3760 483 3801 non
509 3747 809 3815 generatim
835 3746 1224 3812 Orientalibus,
1264 3747 1359 3802 sed
1390 3746 1488 3800 soli
1522 3746 1717 3801 Basilio
1740 3747 1878 3801 scri-

295 3855 455 3917 psere
483 3856 498 3893 :
533 3855 634 3896 nee
671 3842 827 3896 video
851 3841 981 3911 quid
1009 3838 1355 3894 Tillemontio
1383 3839 1713 3908 persuaserit
1733 3854 1881 3893 com-

304 3949 520 3987 munem
559 3931 983 3987 Occidentalium
1023 3928 1428 3985 ad'Orieutales
1461 3928 1742 3996 epistolam
1775 3942 1877 3981 non

295 4025 554 4086 defuisse.
588 4025 774 4094 Neque
805 4027 948 4079 enim
977 4038 1074 4078 suo
1103 4023 1323 4075 nomine
1357 4021 1591 4076 Basilius
1617 4020 1881 4088 rescribe;-

299 4122 384 4171 ret
410 4116 575 4171 Italiae
602 4124 656 4169 et
685 4115 872 4169 Galliae
895 4114 1189 4184 episcopis,
1217 4114 1259 4167 si
1290 4128 1475 4167 eorum
1509 4113 1699 4166 litterze
1734 4127 1881 4166 com-

299 4224 492 4266 munes
531 4209 629 4279 ipsi
659 4224 779 4264 cum
816 4209 936 4264 aliis
966 4208 1216 4263 fuissent.
1263 4207 1529 4261 Praeterea
1576 4206 1880 4262 Orientales

298 4302 354 4356 in
379 4315 465 4369 ep.
498 4298 569 4354 92
599 4298 797 4353 nullam
824 4297 892 4351 ab
919 4296 1353 4352 Occidentalibus
1381 4305 1654 4366 acceptam
1679 4296 1881 4367 episto-

299 4393 408 4450 lam
459 4399 783 4449 memorant.
827 4390 988 4445 Solus
1033 4389 1263 4445 Basilius
1296 4391 1373 4461 (Δ)
1406 4391 1609 4462 gratias
1660 4391 1769 4461 agit
1803 4388 1878 4443 ob

298 4494 581 4554 acceptum
615 4499 677 4538 ex
710 4497 896 4537 eorum
919 4481 1112 4535 litteris
1142 4483 1417 4537 solatium.
1460 4480 1646 4550 Neque
1693 4483 1744 4535 id
1778 4481 1881 4534 mi-

301 4592 422 4634 rum
451 4576 620 4631 videri
649 4576 827 4641 debet,
857 4591 981 4630 nam
1022 4575 1168 4631 solus
1202 4575 1433 4629 Basilius
1473 4574 1703 4627 Damaso
1742 4574 1880 4628 scri-

306 4674 530 4737 pserat:
562 4676 615 4718 et
639 4664 994 4728 Athanasium
1030 4673 1335 4734 rogaverat,
1374 4674 1433 4716 ut
1460 4664 1689 4732 aliquem
1715 4678 1743 4716 c
1767 4663 1879 4718 suis

304 4757 518 4812 clericis
554 4757 808 4811 comitem
846 4756 1126 4810 Dorotbeo
1148 4755 1320 4820 daret,
1355 4769 1590 4823 suasque
1621 4753 1879 4824 adjnnge-

303 4857 389 4904 ret
416 4848 647 4903 litteras.
678 4850 856 4915 Quare
883 4865 1003 4904 cum
1026 4849 1361 4903 Athanasius
1382 4847 1563 4901 Basilii
1592 4848 1876 4916 epistolam

299 4939 528 4994 Romam
572 4939 833 5005 misisset,
870 4940 1109 4995 vicissim
1157 4940 1422 4993 Damasus
1470 4939 1597 4993 huic
1632 4939 1876 5008 epistolae

298 5048 555 5103 responsa
580 5034 646 5086 ad
671 5034 1026 5089 Athanasium
1054 5033 1220 5100 misit,
1247 5042 1305 5086 nt
1328 5047 1389 5086 ea
1414 5033 1614 5087 Basilio
1644 5034 1879 5086 redden-

297 5125 371 5182 da
402 5134 637 5180 curaret.
670 5126 746 5180 Eo
782 5127 952 5196 magis
975 5126 1150 5181 hacin
1181 5142 1240 5179 re
1264 5126 1494 5181 Basilius
1517 5139 1654 5193 opus
1690 5126 1878 5178 habuit

296 5221 357 5277 S.
384 5221 701 5286 Athanasio,
729 5220 871 5289 quod
898 5221 1012 5289 ipse
1036 5234 1123 5273 res
1149 5229 1326 5274 tantas
1352 5219 1503 5274 solus
1525 5218 1741 5288 aggredi
1769 5232 1872 5271 non

295 5312 551 5380 audebat,
610 5311 771 5380 idque
811 5324 906 5381 per
945 5324 1182 5363 canones
1233 5325 1337 5363 non
1374 5309 1534 5362 licere
1575 5308 1649 5360 ait
1693 5308 1743 5360 in
1781 5323 1868 5375 ep.

296 5402 425 5461 141.
449 5401 625 5456 Voluit
645 5403 867 5472 quidem
892 5402 1040 5457 solus
1066 5402 1305 5457 scribere
1337 5418 1478 5455 anno
1508 5399 1615 5455 575
1649 5398 1741 5470 (ε),
1770 5400 1866 5453 sed

368 5518 444 5590 (α)
485 5520 585 5588 Ep.
623 5518 710 5573 90.

367 5591 443 5661 (b)
486 5593 578 5658 lip.
612 5591 670 5643 91
688 5629 702 5643 .

369 5669 439 5731 (c)
483 5662 575 5729 ISp.
603 5662 695 5715 90.

364 5733 444 5870 ἑά)
486 5732 582 5798 Ep.
621 5731 709 5787 90.
745 5747 797 5784 tt.
829 5732 881 5789 l'.

388 5804 437 5870 ε)
481 5804 573 5870 ΕΡ.
605 5803 731 5869 259,
762 5820 811 5856 lt.
845 5804 879 5856 τι

388 5804 437 5870 ε)
481 5804 573 5871 ΕΡ.
605 5803 731 5869 259,
762 5820 811 5856 lt.
845 5804 900 5857 τι.

1981 3300 2078 3339 suo
2104 3287 2325 3356 scripsit
2353 3288 2593 3355 nomine,
2627 3288 2869 3343 laetitiam
2898 3305 3052 3344 suam
3080 3291 3347 3361 significat
3378 3305 3447 3344 ex
3471 3305 3569 3343 eo-

1978 3394 2101 3432 rum
2154 3377 2349 3435 litteris
2382 3390 2684 3449 acceptam,
2737 3398 2803 3436 ex
2845 3384 3041 3453 quibus
3075 3398 3344 3438 summam
3373 3398 3564 3437 eorum

1982 3469 2325 3524 concordiam
2380 3479 2436 3524 et
2476 3472 2735 3527 unitatem
2781 3485 3158 3545 perspexerat.
3213 3474 3319 3530 Sed
3356 3483 3413 3527 ut
3442 3490 3572 3544 pro-

1981 3560 2157 3628 prium
2183 3576 2340 3616 suum
2369 3576 2490 3617 esse
2512 3563 2657 3617 ducit
2679 3563 2892 3620 felicem
2926 3567 3140 3622 illorum
3177 3566 3435 3622 Ecclesiae
3455 3578 3571 3622 sta-

1982 3662 2118 3718 tum,
2144 3652 2216 3706 ita
2243 3667 2338 3708 eos
2367 3665 2541 3725 rogat,
2578 3670 2637 3709 nt
2674 3658 2912 3712 vicissim
2938 3657 3176 3714 Orientis
3224 3660 3382 3715 malis
3418 3675 3573 3714 com-

1981 3753 2321 3799 moveantur.
2384 3746 2613 3817 Egregie
2656 3747 2922 3804 describit
2966 3750 3066 3805 has
3108 3764 3403 3813 aerumnas,
3448 3766 3573 3820 quae

1978 3835 2089 3904 jam
2117 3852 2215 3906 per
2250 3846 2421 3892 totum
2446 3839 2633 3892 orbem
2662 3852 3095 3907 personuerant.-
3121 3842 3345 3898 Nuntiat
3378 3842 3574 3899 Patres

1979 3938 2037 3982 et
2078 3930 2394 3983 traditiones
2422 3932 2718 3997 contemni,
2768 3943 3090 3997 novaturum
3124 3947 3429 3990 commenta
3470 3936 3568 3989 do-

1981 4009 2203 4085 minari,
2238 4021 2446 4076 abaetis
2478 4025 2782 4091 pastoribus
2823 4024 2980 4094 lupos
3023 4025 3293 4079 introduci
3332 4045 3344 4080 :
3376 4027 3572 4080 domus

1983 4112 2250 4167 orationis
2291 4113 2536 4169 desertas
2570 4130 2723 4182 esse;
2781 4115 3101 4171 solitudines
3144 4116 3570 4171 lamentantibus

1984 4203 2211 4258 refertas
2240 4219 2381 4260 esse.
2412 4206 2581 4273 Rogat
2612 4222 2740 4277 ergo
2775 4206 2940 4262 Italiae
2970 4218 3025 4262 et
3051 4207 3237 4263 Gallia:
3260 4209 3565 4278 episcopos,

1983 4305 2041 4350 ut
2073 4297 2289 4351 tandem
2323 4296 2563 4352 Orientis
2598 4299 2797 4356 auxilio
2820 4302 3058 4355 veniant.
3085 4300 3352 4356 Assentiri
3386 4316 3445 4356 se
3467 4301 3570 4356 (le-

1980 4389 2152 4443 clarat
2197 4390 2264 4445 iis
2306 4392 2580 4461 omnibus,
2624 4407 2747 4462 qua:
2780 4394 3039 4449 canonice
3085 4403 3206 4449 acta
3240 4392 3456 4449 fuerant
3507 4393 3564 4446 in

1986 4481 2191 4551 synodo
2221 4481 2487 4540 Romana.

2060 4572 2271 4643 Scripta
2305 4584 2385 4629 est
2429 4576 2481 4628 in
2533 4575 2778 4630 eamdem
2823 4577 3149 4631 sententiam
3199 4574 3428 4646 epistola
3481 4586 3569 4627 se-

1987 4679 2157 4733 quens
2185 4663 2261 4738 (Ii)
2286 4669 2350 4719 ad
2385 4667 2748 4732 Valerianum,
2772 4669 2925 4737 cujus
2953 4669 3275 4723 eltaritalem
3304 4682 3371 4722 eo
3396 4666 3569 4735 magis

1989 4758 2222 4808 miratur
2256 4756 2515 4821 Basilius,
2570 4760 2711 4827 quod
2765 4760 2811 4813 is
2839 4759 2988 4828 prior
3033 4759 3349 4828 scripserat,
3407 4755 3567 4808 nullis

1984 4848 2338 4917 compellatus
2365 4850 2580 4904 litteris.
2626 4849 2857 4905 Necesse
2897 4864 3019 4905 esse
3054 4851 3150 4916 ait,
3184 4850 3230 4904 si
3274 4848 3432 4903 modo
3457 4860 3565 4899 non

1976 4939 2090 5007 jam
2124 4939 2435 4993 conclusum
2472 4949 2553 4993 est
2583 4940 2764 4993 mttndi
2797 4949 3030 5009 tempus,
3085 4942 3181 4994 sed
3223 4939 3402 4993 adhuc
3440 4938 3567 4989 vitae

1986 5031 2236 5087 humana:
2286 5033 2402 5086 dies
2461 5041 2771 5102 supersunt,
2833 5041 2891 5086 ut
2955 5032 3335 5088 Occidentales
3401 5029 3563 5083 fidem

1984 5120 2223 5178 Orientis
2253 5135 2536 5188 renovent,
2569 5133 2623 5177 et
2654 5125 2942 5187 bonorum,
2977 5140 3097 5192 qua:
3117 5125 3183 5177 ab
3213 5122 3435 5178 Oriente
3468 5136 3563 5175 ac-

1983 5224 2263 5285 ceperunt,
2319 5216 2812 5272 remunerationem
2877 5216 2950 5270 illi
3012 5218 3065 5270 in
3121 5224 3366 5284 tempore
3435 5227 3561 5281 per-

1982 5309 2217 5363 Solvanl.

2052 5398 2116 5453 V.
2166 5399 2414 5468 Epistolrc
2444 5399 2507 5472 (i)
2537 5398 2706 5455 Gallis
2730 5397 2946 5454 ctltalis
2971 5397 3188 5466 scripta:
3212 5392 3559 5451 subscribunt

2053 5514 2129 5598 (Γ)
2165 5516 2263 5598 ἓν·

2053 5592 2127 5656 (ρ)
2171 5587 2267 5653 Ep.
2294 5587 2382 5639 90.

2055 5661 2131 5724 (Ιι)
2176 5658 2266 5722 Ep.
2300 5657 2383 5712 9|.

2056 5725 2118 5800 (ι)
2160 5725 2256 5796 Ep.
2293 5729 2381 5780 92.
