3958 6212
1737 407 1896 463 ἮΤΑ
1939 407 1998 465 S.
2039 410 2300 466 BASILII.

3420 424 3623 468 ικιιιιι

383 517 618 587 episcOpi
651 521 741 584 52,
770 521 915 577 inter
949 539 1084 594 quos
1112 522 1352 596 insignes
1387 540 1514 584 sunt
1557 542 1775 586 sanetns
1796 530 1956 586 Mete-
1984 537 2031 592 Α
2075 532 2278 588 Pascha
2317 531 2513 589 dimitti
2549 531 2694 601 velit,
2739 532 2863 602 quia
2907 545 3164 603 responsa
3201 529 3498 586 Samosatis
3526 545 3626 584 cx-

384 611 505 675 tius,
550 611 610 664 S.
645 610 913 669 Eusebius
957 615 1371 686 Samosatensis,
1425 630 1642 676 sanctus
1697 623 1949 687 Basilius,

382 699 671 769 Gregorius
702 703 962 775 Theologi
1005 716 1180 774 pater,
1228 707 1474 777 Pelagius
1497 710 1806 777 Laodicacae,
1839 715 1954 767 An-

381 791 580 845 thimus
601 791 937 863 Tyanorum,
991 795 1298 853 Theodotus
1341 800 1764 868 Nicopolitanus,
1801 803 1953 859 Vitus

382 882 709 935 Uatrhorum
745 885 797 936 in
829 884 1239 954 Mesopotamia,
1262 891 1533 944 Abraham
1561 891 1865 946 Urimorum
1899 895 1951 947 in

381 970 562 1037 Syria,
608 975 697 1042 qui
728 977 959 1030 concilio
991 980 1326 1035 Antiocheno
1368 981 1610 1035 interfuit
1637 998 1776 1036 anno
1805 983 1949 1049 565;

383 1064 523 1116 alter
567 1066 835 1119 Abraham
886 1068 1205 1135 Batnornm,
1256 1073 1318 1124 ad
1354 1089 1513 1142 quem
1559 1083 1734 1128 exstat
1771 1075 1953 1129 Basilii

379 1153 629 1221 epistola,
666 1155 811 1210 Zeno
841 1158 991 1227 Tyri,
1041 1160 1374 1227 Eustathius,
1421 1172 1477 1215 ut
1530 1164 1821 1218 verisimile
1852 1170 1949 1229 est,

383 1243 737 1300 Sebastenus.
770 1250 870 1303 Pro
893 1251 1110 1315 Narses,
1137 1253 1260 1322 legit
1294 1253 1531 1308 Valesius
1564 1255 1759 1309 Barses
1789 1254 1955 1310 Edes-

385 1350 482 1389 ξω.
515 1336 621 1391 Sed
646 1355 768 1392 cum
815 1341 860 1393 is
899 1342 1039 1395 inter
1067 1354 1365 1410 postremos
1390 1344 1713 1406 subscribat,
1739 1347 1955 1417 conjicit

389 1424 762 1480 Tilletuontius
819 1445 941 1483 eum
987 1433 1183 1500 potius,
1235 1433 1324 1501 qui
1355 1434 1552 1488 Bassus
1582 1436 1799 1499 dicitur,
1835 1453 1955 1492 esse

383 1514 604 1569 Barsam
692 1518 930 1575 Edessat.
1012 1520 1117 1575 Pro
1187 1523 1347 1578 Iatrio
1421 1525 1648 1579 libenter
1722 1527 1952 1598 legerent

381 1605 628 1658 Otreium
666 1607 1083 1664 Illelitinensem.
1121 1613 1327 1667 Favent
1356 1616 1481 1668 huic
1509 1618 1787 1671 sententiae
1820 1635 1954 1671 non-

382 1697 513 1748 nulli
555 1697 792 1762 codices,
848 1702 898 1754 in
943 1704 1139 1771 quibus
1187 1703 1379 1772 legitur
1420 1707 1656 1761 Atreius.
1698 1707 1951 1774 Iosacem,

381 1789 497 1842 sive
549 1787 786 1844 Isaacetn
843 1793 1214 1850 Tillemontius
1278 1799 1525 1851 eumdem
1592 1814 1711 1853 esse
1769 1801 1954 1854 existi-

2055 626 2354 694 spectabat.

2139 715 2225 769 Ἦ.
2278 715 2560 770 Consuluit
2617 717 2869 772 Basiliam
2921 727 3168 770 matrona
3218 714 3498 782 quzedam,
3552 725 3621 765 an

2062 808 2191 861 utile
2238 809 2309 861 sit
2349 809 2586 876 quoddie
2635 808 3062 872 communicare,
3109 817 3164 859 et
3211 806 3262 859 in
3314 803 3625 858 domesticis

2063 898 2530 953 communionibus
2561 914 2626 952 an
2660 899 2818 953 liceat
2851 899 3021 962 laicis,
3056 898 3278 951 absente
3307 895 3622 964 presbytero

2060 1000 2152 1042 aut
2184 991 2431 1055 diacono,
2463 991 2888 1045 communionem
2913 989 3127 1058 propria
3159 1003 3318 1040 mantt
3351 987 3620 1053 accipere.

2069 1081 2278 1135 Laudat
2305 1082 2530 1136 Basilius
2569 1082 3000 1135 communionem
3039 1080 3432 1148 quotidianam,
3462 1091 3620 1144 quam

2067 1185 2242 1228 tamen
2275 1173 2472 1227 fatetur
2506 1174 2642 1240 apud
2671 1172 3028 1225 Ca‘sarienses
3056 1173 3307 1224 usitatam
3341 1185 3444 1222 non
3479 1183 3618 1222 esse.

2063 1257 2171 1313 IIos
2201 1258 2341 1312 enim
2390 1267 2578 1326 quater
2607 1256 2828 1324 singulis
2865 1257 3290 1309 hebdomadibus
3320 1253 3625 1307 communi-

2066 1361 2214 1413 care,
2243 1349 2514 1402 Dominica
2536 1348 2643 1409 die,
2669 1357 2860 1416 quarta
2886 1347 2989 1413 die,
3017 1347 3067 1398 in
3091 1345 3386 1398 Pal-asceve
3411 1352 3465 1396 et
3494 1342 3625 1395 Sab-

2061 1439 2210 1502 hato,
2242 1449 2295 1492 et
2319 1439 2437 1492 aliis
2471 1441 2682 1502 diebus,
2713 1440 2754 1490 si
2780 1439 2949 1491 Sancti
2979 1435 3206 1503 alicujus
3236 1442 3488 1488 occurrat
3510 1447 3625 1485 me-

2061 1533 2254 1589 moria.
2311 1532 2480 1586 Alteri
2542 1532 2820 1598 qumstioni
2876 1529 3162 1598 respondet
3217 1528 3348 1580 nihil
3404 1539 3625 1595 prorsus

2063 1623 2390 1676 incommodi
2442 1637 2579 1685 esse,
2642 1623 2684 1676 si
2735 1622 2855 1689 quis
2904 1619 3293 1689 persecutionis
3345 1625 3620 1684 tempore,

2057 1715 2279 1768 absente
2323 1713 2638 1784 presbytero
2675 1722 2729 1766 et
2771 1713 3015 1773 diacono,
3069 1709 3461 1762 Encharistiam
3496 1720 3626 1774 pro-

2058 1808 2172 1875 pria
2205 1823 2362 1860 tnanu
2392 1807 2644 1874 accipiat.
2677 1806 2728 1858 Id
2763 1805 2902 1858 enim
2941 1814 2993 1856 et
3029 1802 3323 1856 monachos
3351 1801 3402 1853 in
3435 1799 3624 1852 solitu-

382 1888 516 1942 mal.
564 1895 629 1934 ac
682 1881 946 1936 lsacocem
995 1886 1260 1940 Armenia:
1305 1889 1525 1957 majoris
1554 1890 1651 1959 (a).
1695 1892 1950 1959 Equidem
1987 1869 2030 1927 Β
2063 1898 2298 1961 dinibus,
2329 1909 2383 1952 et
2427 1912 2861 1968 unumquemque
2904 1897 2968 1949 de
3007 1895 3159 1961 plebe
3197 1889 3534 1945 Alexandria:
3572 1895 3628 1942 et

382 1983 482 2036 pro
510 1984 574 2022 eo
603 1971 746 2038 quod
779 1981 862 2025 est
890 1974 941 2026 in
971 1975 1130 2030 editis
1165 1977 1422 2049 Ἰωσάκης
1453 1979 1702 2034 libentius
1727 1983 1956 2052 legerem

399 2057 674 2130 Ἰσαάκης.
713 2062 804 2117 Sic
827 2065 969 2117 enim
1008 2067 1059 2118 in
1091 2067 1246 2134 epist.
1280 2069 1401 2133 158,
1428 2085 1545 2123 cum
1579 2082 1804 2138 quatuor
1827 2089 1954 2126 mss.
1992 2109 1999 2120 ι

388 2151 652 2206 haberent
697 2155 979 2226 'sta’txng,
1009 2159 1156 2225 sequi
1193 2160 1352 2214 malui
1383 2162 1515 2215 alios
1552 2165 1787 2218 melioris
1824 2177 1960 2219 notre

387 2244 442 2297 in
505 2247 702 2313 quibus
764 2248 959 2315 legitur
1009 2250 1280 2321 Ἰσαάκης.
1333 2253 1432 2308 Hic
1485 2265 1662 2308 autem
1721 2257 1850 2310 nihil
1905 2260 1956 2311 in

384 2345 642 2389 contextu
703 2339 1029 2393 mutavimus
1096 2341 1166 2395 ob
1232 2360 1495 2398 summam
1555 2348 1797 2401 codicum
1869 2365 1959 2403 ve-

387 2435 564 2481 terum
625 2429 1068 2504 discrepantiam,
1125 2438 1219 2492 sed
1275 2449 1452 2492 tamen
1501 2439 1735 2494 Isaacem
1796 2443 1960 2496 inter-

391 2529 640 2586 pretatus
706 2539 854 2583 sum.
909 2525 1201 2597 Gregorius
1249 2541 1427 2584 autem
1483 2531 1619 2584 alter
1681 2548 1784 2585 non
1826 2533 1960 2587 alius

390 2612 604 2665 Videtur
653 2627 776 2667 esse
831 2630 994 2686 quam
1052 2617 1349 2687 Nyssenus,
1404 2636 1561 2690 quem
1619 2622 1978 2690 probavimus

386 2706 496 2772 jam
549 2717 663 2760 tum
718 2707 888 2762 fuisse
937 2710 1266 2778 episcopum.
1322 2713 1512 2768 Cceteri
1552 2715 1706 2769 nobis
1742 2731 1960 2785 prorsus

391 2800 577 2866 ignoti.

459 2889 603 2943 Nihil
635 2891 1028 2961 signiﬁcantius
1061 2895 1162 2949 hac
1205 2897 1450 2966 epistola,
1488 2897 1620 2952 nihil
1644 2899 1709 2952 ad
1749 2914 1962 2968 permo-

392 2985 599 3038 vendos
645 2986 857 3039 animos
894 2987 1092 3054 aptius.
1147 2980 1407 3042 Fatentur
1443 2988 1590 3056 justo
1636 2990 1727 3044 Dei
1760 2991 1962 3060 judicio

391 3077 662 3141 evenisse,
695 3087 916 3142 ut,cum
945 3079 1314 3135 Occidentales
1333 3082 1538 3135 tristem
1572 3081 1810 3137 Orientis
1845 3093 1962 3136 sta-

2062 1990 2112 2042 in
2160 1990 2395 2060 Egypto
2438 1990 2616 2044 facere
2655 1989 2849 2052 solere,
2885 1997 2943 2040 ut
2976 1985 3369 2038 Eucharistiam
3407 1981 3621 2034 domum

2059 2081 2328 2146 auferant,
2381 2089 2433 2134 et
2466 2096 2560 2149 per
2601 2094 2660 2133 se
2698 2078 2795 2147 ipsi
2837 2076 3260 2130 communicent.
3290 2073 3457 2126 Porro
3503 2085 3624 2124 cum

2061 2173 2390 2227 sacrificium
2424 2172 2680 2226 sacerdos
2712 2169 2961 2235 absolvit,
2990 2169 3030 2222 si
3064 2168 3183 2236 quis
3218 2166 3282 2218 ab
3313 2179 3377 2217 eo
3412 2162 3626 2216 Eucha-

2061 2265 2270 2318 ristiam
2300 2265 2365 2316 ad
2394 2264 2576 2332 plures
2604 2263 2712 2316 dies
2745 2261 2994 2329 accipiat,
3029 2259 3073 2312 is
3103 2276 3132 2312 a
3174 2255 3455 2309 sacerdote
3495 2268 3627 2306 cen-

2060 2367 2210 2409 setur
2236 2356 2502 2423 accipere,
2538 2355 2748 2422 quoties
2777 2353 2987 2423 propria
3019 2365 3178 2419 manu
3211 2344 3596 2402 communicat.

2132 2449 2278 2502 IIanc
2308 2447 2586 2514 epistolam
2621 2447 2765 2500 circa
2808 2460 3007 2497 annum
3036 2442 3142 2497 572
3174 2441 3431 2507 scriptam
3461 2437 3647 2506 conji--

2060 2540 2256 2602 cimus,
2299 2539 2420 2606 quia
2467 2537 2772 2604 persecutio
2814 2535 3101 2604 praesentia
3154 2531 3398 2587 Valentis
3446 2529 3632 2598 ingra-

2061 2645 2284 2684 vesceus
2329 2630 2380 2682 in
2412 2627 2630 2682 Oriente
2659 2637 2712 2681 et
2759 2627 3002 2680 linitimis
3045 2625 3196 2686 locis,
3241 2623 3453 2675 videtur
3486 2619 3634 2686 ejus-1

2059 2723 2201 2777 modi
2251 2720 2534 2790 qumslioni
2584 2719 2760 2773 locum
2810 2719 3040 2772 dedisse.
3087 2715 3345 2781 Quamvis
3385 2713 3526 2767 enim
3573 2710 3636 2764 ir

2061 2813 2301 2879 pluribus
2327 2810 2457 2865 locis
2487 2809 2770 2870 Catholicr,
2804 2818 2862 2859 ιιι
2887 2821 3054 2874 supra
3085 2805 3339 2865 vidimus,
3369 2803 3489 2856 odio
3518 2801 3618 2854 Ine-

2060 2907 2196 2957 resis
2237 2914 2389 2956 extra
2427 2902 2612 2954 urbem
2658 2901 2755 2952 sub
2787 2900 2873 2951 dio
2921 2904 3291 2966 precarentur,
3332 2906 3506 2960 neque
3545 2892 3628 2945 his

2062 2993 2413 3049 conventibus
2438 2992 2736 3062 presbyteri
2767 2999 2822 3043 et
2846 2991 3061 3042 diaconi
3086 2986 3356 3046 deessent,
3389 2994 3447 3036 ut
3479 2992 3632 3052 patet

2060 3099 2126 3138 ex
2197 3086 2288 3139 lib.
2343 3101 2396 3141 tv
2464 3081 2812 3144 Theodoreti,
2864 3081 2952 3134 ubi
3017 3079 3290 3132 Modestus
3340 3077 3655 3129 Edessena!

393 3175 500 3218 tum
545 3168 860 3234 didicerint,
896 3172 1128 3222 nondum
1165 3180 1339 3223 tamen
1371 3185 1526 3238 opem
1572 3171 1808 3224 tulerint.
1853 3171 1958 3225 Sed
1988 3219 2037 3280 Ο
2066 3177 2204 3244 plebi
2260 3191 2357 3244 pro
2395 3176 2663 3229 moenibus
2703 3174 2882 3227 eﬁ'usm
2926 3184 3147 3240 parcere
3190 3178 3438 3229 coactus,
3482 3165 3662 3219 solos.

393 3273 530 3280 ιη..-
572 3259 977 3280 ,1----ε--ξ--ε--.ε-
1014 3261 1260 3280 ....--ξιμ--μ
1297 3277 1348 3280 --
1368 3271 1480 3280 ______.
1531 3271 1584 3280 μ-.
1615 3273 1654 3280 .-
1726 3263 1764 3280 I,
1791 3278 1820 3280 κ-
1864 3263 1923 3280 -II
2085 3270 2093 3280 .
2283 3267 2294 3277 ο
2323 3267 2334 3280 ι
2442 3277 2450 3280 Α
2629 3266 2640 3280 I
2705 3277 2715 3280 -
2909 3273 2918 3280 .
2985 3264 3039 3280 μγ
3066 3278 3108 3280 κη
3166 3277 3215 3280 ,κ
3289 3258 3588 3280 .,......-ν12ι....
3612 3273 3626 3280 -

393 3273 533 3311 nunc
567 3259 979 3314 demississimis
1013 3261 1262 3329 precibus
1297 3271 1506 3330 rogant,
1531 3271 1589 3315 ut
1615 3263 1826 3315 tandem
1858 3263 1956 3316 ali—

393 3349 605 3414 quando
633 3359 972 3415 succurrant,
1014 3352 1101 3404 ubi
1129 3351 1306 3404 omnia
1342 3367 1371 3404 a
1419 3352 1618 3405 Sabino
1655 3353 1957 3408 didicerint.

392 3439 506 3492 Non
534 3441 679 3493 enim
708 3456 865 3494 unam
899 3442 1188 3510 periclitari
1233 3442 1684 3505 Ecclesiam,-sed
1724 3442 1894 3498 ferme
1929 3459 1958 3496 a

394 3530 590 3584 ﬁnibus
623 3531 818 3599 Illyrici
855 3547 1027 3601 usque
1053 3535 1118 3586 ad
1154 3533 1479 3588 Thebaidem
1520 3535 1768 3590 hatresim
1810 3550 1962 3603 gras-

391 3623 521 3675 sari.
560 3622 703 3678 Iiinc
751 3624 987 3678 confusa:
1020 3624 1272 3680 Ecclesia:
1303 3625 1469 3695 leges,
1501 3625 1840 3697 episc0patns
1869 3627 1962 3678 im-

395 3715 578 3783 pietati
607 3716 661 3768 in
687 3717 972 3784 praemium
995 3717 1320 3784 proltosit'us.
1357 3719 1576 3771 Summa
1599 3718 1862 3794 peccandi
1893 3717 1960 3770 li-

392 3808 596 3870 bertas,
650 3809 917 3877 episcopis
953 3810 1130 3863 omnia
1176 3811 1240 3863 ad
1280 3811 1505 3880 gratiam
1555 3823 1608 3864 et
1635 3811 1960 3878 voluptatem

395 3915 580 3953 eorum
616 3899 963 3964 facientibus,
990 3917 1019 3954 a
1052 3901 1246 3970 quibus
1282 3903 1650 3972 episcopatum
1681 3918 1958 3971 accepere.

396 3989 651 4043 Nonnulli
676 4007 862 4045 ansam
900 4006 1050 4047 same
1077 3993 1339 4047 doctrina:
1365 3993 1654 4063 arripiunt,
1683 4004 1742 4048 ut
1775 3996 1964 4048 adver-

398 4081 572 4134 sarios
606 4081 958 4135 ulciscantur.
1001 4081 1104 4134 Alii
1141 4082 1464 4138 discordiam
1493 4084 1663 4148 alunt,
1700 4094 1758 4138 ut
1781 4085 1966 4139 crimi-

396 4188 462 4225 na
489 4189 586 4226 sua
622 4175 895 4229 occultent
945 4175 1134 4244 Populi
1164 4162 1261 4244 pro
1286 4177 1556 4232 mamilius
1581 4177 1853 4246 elinsi'sub
1879 4178 1965 4231 dio

394 4279 586 4334 preces
616 4263 870 4329 fundunt,
897 4281 960 4320 ac
989 4267 1323 4333 precationis
1345 4269 1558 4331 domos,
1586 4278 1642 4320 ut
1675 4269 1964 4337 impietatis

395 4355 608 4410 scholas
632 4355 865 4426 fugiunt.
891 4357 1170 4427 Rogantur
1194 4372 1325 4427 ergo
1347 4356 1741 4417 Occidentales.
1771 4370 1828 4412 ut
1858 4361 1966 4414 cito

397 4446 574 4514 plures
630 4449 681 4502 in
730 4449 1008 4503 Orientem
1046 4449 1240 4505 fratres
1277 4450 1520 4513 mittant,
1563 4461 1618 4503 ut
1657 4466 1762 4504 non
1795 4453 1965 4506 solmn

2065 3270 2244 3329 duces,
2283 3267 2335 3320 id
2377 3277 2459 3320 est
2504 3266 2848 3336 presbyteros
2871 3273 2925 3316 et
2967 3264 3239 3325 diaconos,
3276 3258 3588 3325 aggreditur
3610 3273 3660 3314 ιη

2065 3373 2168 3411 non
2193 3369 2368 3410 tamen
2397 3358 2676 3428 probabile
2697 3364 2781 3410 est
2806 3355 3132 3408 sacriﬁcium
3159 3353 3256 3404 sub
3281 3353 3367 3404 dio
3390 3349 3628 3403 oblatum
3657 3383 3659 3385 -

2064 3449 2250 3512 fuisse,
2285 3448 2376 3501 sed
2418 3456 2622 3500 tantum
2653 3446 2703 3497 in
2747 3445 2971 3510 privatis
3007 3443 3230 3495 mtiihus.
3280 3439 3431 3494 Utttlc
3473 3436 3626 3489 Basi-

2063 3539 2168 3592 lius
2204 3539 2255 3591 in
2287 3539 2446 3606 epist.
2477 3537 2606 3601 “2-1-5,
2641 3554 2692 3591 ιι.
2728 3537 2800 3589 5:
2842 3535 3037 3588 l’ucant
3076 3535 3269 3586 altaria
3303 3531 3446 3584 cultu
3471 3527 3632 3596 spiria

2064 3629 2213 3682 tituli.
2265 3627 2388 3682 Non
2427 3629 2543 3698 jam
2596 3638 2871 3680 conventus
2925 3625 3418 3679 Christianorum...
3471 3635 3658 3688 neque

2065 3719 2213 3771 (tenta
2247 3718 2339 3771 illa
2387 3719 2681 3770 animarum
2733 3716 3036 3780 exsultatio,
3077 3730 3193 3783 qua:
3243 3729 3306 3765 ea;
3345 3709 3644 3780 synaxibus-

2065 3823 2111 3863 et
2145 3810 2612 3862 communicatione
2640 3810 2901 3859 donarunt
2923 3806 3279 3872 spiritualium
3309 3843 3324 3867 ,
3351 3803 3628 3855 animabus

2066 3902 2385 3956 credentium
2414 3901 2464 3952 in
2487 3899 2768 3952 Dominum
2793 3899 3104 3952 innascitur.
3124 3896 3300 3960 Quare
3326 3910 3449 3946 cum
3472 3892 3634 3945 sacri-

2067 3995 2246 4048 licium
2284 4001 2525 4046 nontam
2571 3992 2882 4056 frequenter
2921 3987 3182 4041 celebrari
3221 3994 3418 4054 posset,
3467 3998 3630 4052 quam

2066 4084 2240 4152 pietas
2302 4081 2537 4135 lidelium
2575 4083 2818 4148 optabat,
2867 4091 3086 4131 necesse
3130 4084 3250 4128 erat
3300 4084 3359 4128 ιιι
3417 4088 3661 4128 sacrum.-

2069 4174 2380 4226 alimentum
2411 4170 2510 4225 sibi
2544 4173 2593 4222 in
2625 4171 2818 4222 multos
2848 4168 2962 4220 dies
2988 4166 3352 4236 providerent.

2139 4266 2321 4320 Ilasilii
2350 4281 2451 4317 non
2484 4278 2603 4316 esse
2631 4263 2770 4314 hanc
2793 4259 3070 4327 epistolam
3103 4257 3408 4325 suspicatur
3435 4252 3638 4308 doctis-

2069 4359 2242 4412 simus
2285 4356 2552 4410 Arnobius
2601 4354 2669 4422 (ε)
2724 4369 2736 4405 :
2791 4353 2882 4405 sed
2947 4351 3148 4405 nullam
3203 4347 3473 4416 opinionis
3528 4360 3659 4399 suas-

2073 4453 2334 4502 rationem
2373 4447 2550 4500 alTert.
2582 4443 2809 4512 Conjicit
2841 4441 3221 4500 ’I‘illen'tontius
3246 4435 3500 4506 longioris
3526 4437 3640 4504 epi-

397 4541 658 4606 gravitate
715 4556 836 4604 sua,
891 4544 984 4596 sed
1022 4543 1185 4596 etiam
1233 4557 1461 4596 numero
1510 4542 1718 4612 pondus
1770 4553 1823 4595 et
1871 4557 1967 4595 au-
1998 4563 2052 4622 Ι)
2076 4541 2225 4593 stolae
2253 4538 2611 4607 fragmentum
2640 4551 2781 4597 esse,
2810 4545 2868 4587 et
2893 4533 3182 4586 Cavsariam
3217 4527 3527 4590 l’atriciam,
3552 4525 3647 4578 cui-

395 4633 699 4685 ctoritatem
762 4633 992 4687 habeant
1043 4634 1110 4688 ad
1168 4635 1418 4689 haeresim
1484 4635 1856 4698 evertendam,
1915 4643 1968 4688 et.

396 4723 736 4776 concordiam
778 4725 921 4777 inter
961 4739 1055 4778 eos
1103 4725 1188 4793 qui
1237 4725 1376 4778 idem
1418 4723 1655 4779 sentiunt
1685 4725 1968 4781 restituen-

397 4814 537 4867 dam.

466 4902 599 4956 Cum
648 4904 972 4970 DorOtheus,
1019 4906 1110 4975 qui
1166 4905 1500 4976 aliquantum
1548 4907 1601 4960 in
1653 4906 1868 4977 Illyrico
1913 4917 1968 4962 et

396 4995 741 5051 Alexandria:
792 5008 1035 5053 moratus
1082 5008 1183 5064 est,
1234 5011 1362 5054 ante
1409 5000 1618 5054 Pascha
1663 5000 1964 5054 Caesaream

397 5089 709 5155 advenerit;
760 5091 812 5144 id
847 5101 1166 5160 argumento
1199 5102 1282 5147 est
1325 5093 1611 5147 concilium
1665 5092 1965 5145 Romanum

399 5193 507 5232 non
533 5182 710 5234 serius
737 5181 904 5236 initiis
929 5182 1054 5235 anui
1077 5181 1182 5235 572
1212 5181 1450 5237 habitum
1479 5182 1644 5237 fuisse
1673 5183 1767 5253 (ὁ).
1795 5182 1970 5254 Roget

398 5273 542 5324 enim
596 5271 869 5327 Meletium
923 5273 1178 5340 Basilius,
1234 5284 1292 5329 ut
1342 5277 1530 5328 statim
1587 5284 1708 5344 post
1755 5274 1965 5330 Pascha

400 5363 756 5426 Dorotneum,
785 5364 852 5417 ad
881 5365 1182 5433 propositas
1219 5380 1305 5420 res
1338 5363 1674 5435 peragendas
1707 5364 1963 5420 dimittat.

398 5453 480 5509 Ex
518 5469 625 5523 quo
669 5455 871 5509 frustra
917 5455 1173 5523 conjicias
1218 5456 1447 5510 voluisse
1497 5455 1775 5521 Basiliam,
1813 5464 1870 5510 ut
1925 5459 1968 5511 is

402 5543 630 5600 Romam
651 5547 875 5601 rediret.
907 5547 1190 5601 Rationem
1216 5549 1357 5604 enim
1383 5548 1549 5614 addit,
1579 5563 1676 5604 cur
1706 5563 1826 5604 eum
1851 5559 1970 5619 post

473 5749 552 5817 (η)
590 5750 797 5803 Socrat.
831 5752 923 5805 lib.
961 5767 1041 5817 ιιι,
1072 5766 1118 5807 c.
1151 5750 1232 5805 I5.

473 5822 548 5891 (ὁ)
585 5819 678 5891 Ep.
710 5819 795 5887 89,
823 5839 876 5877 ιι.
910 5821 965 5877 2.

2076 4633 2332 4701 inscripta
2356 4639 2457 4693 est,
2488 4645 2711 4682 uxorem
2741 4641 2857 4681 esse
2883 4625 3115 4680 Petronii
3152 4620 3387 4692 patricii,
3412 4617 3500 4686 qui
3532 4617 3640 4670 Va-

2077 4718 2234 4770 lentis
2275 4731 2430 4770 socer
2475 4715 2591 4777 fuit,
2636 4730 2699 4767 ac
2727 4715 2871 4767 solus
2916 4714 3000 4766 his
3048 4710 3377 4777 temporibus
3428 4707 3640 4775 patricii

2076 4807 2388 4877 dignitatem
2415 4805 2620 4859 habuit.
2651 4805 2756 4860 Sed
2787 4815 2843 4856 ut
2868 4803 3114 4856 omittam
3142 4798 3378 4853 Caesario
3417 4796 3644 4866 patricio

2076 4899 2358 4967 epistolam
2397 4898 2614 4952 inscribi
2659 4898 2710 4949 in
2756 4895 2940 4949 codice
2975 4891 3306 4954 Colhertino,
3339 4903 3402 4944 ac
3436 4889 3640 4956 simpli-

2072 4994 2207 5044 citer
2245 4991 2483 5046 Carsario
2507 4989 2560 5042 in
2591 5004 2696 5040 uno
2720 5003 2783 5040 ex
2817 4986 3000 5056 Regiis
3029 4984 3336 5048 codicibus;
3367 4990 3513 5036 certe
3544 4982 3637 5035 ho:

2072 5081 2328 5140 [ariciae
2353 5095 2542 5134 nomen
2566 5097 2670 5133 non
2699 5077 3006 5132 necessario
3029 5073 3344 5143 dignitatem
3371 5071 3627 5142 designat.

2632 5169 2858 5225 CAPUT
2893 5167 3079 5223 XXIII.

2069 5264 2107 5327 ..ι’
2155 5268 2430 5320 Ant/timus
2464 5263 2748 5333 Tyrinensis
2788 5261 3184 5333 metropolitano
3211 5258 3340 5333 jura
3374 5258 3425 5333 in
3456 5273 3644 5333 secun-

2156 5341 2267 5392 dum
2302 5327 2686 5404 Cappadociam
2719 5333 2816 5385 sibi
2848 5327 3082 5399 arrbgat.
3119 5329 3484 5404 II..(-'_regori_ns
3523 5327 3641 5404 {Ya-

2152 5396 2434 5460 zianzcnus
2467 5405 2667 5459 Basilio
2698 5419 2906 5469 operam
2937 5396 3482 5469 suamporrigitalll;
3516 5396 3642 5448 [law

2150 5479 2404 5529 dissensio
2430 5488 2544 5527 orta
2571 5485 2683 5542 post
2716 5465 3002 5542 discessum
3043 5465 3292 5542 Valentis.
3321 5467 3405 5542 IV.
3443 5465 3643 5542 Pugnis

2153 5563 2308 5614 prope
2341 5544 2548 5598 Sasima
2571 5538 2797 5597 interest
2839 5541 3121 5611 Gregorius
3158 5556 3218 5593 ac
3255 5539 3458 5595 rediens
3496 5538 3644 5591 arcti-

2161 5747 2232 5820 (c)
2271 5746 2430 5818 Freq.
2469 5765 2598 5803 cont.
2629 5747 2721 5804 lib.
2745 5762 2786 5815 ι,
2813 5762 2870 5802 c.
2899 5743 2962 5800 8..
