4040 6216
404 401 467 440 xc
1737 375 2265 433 PROLEGOMBNA.

473 512 627 553 natur
677 499 1001 553 Sasimorum
1047 496 1333 565 episcopus.
1359 496 1444 549 .V.
1494 497 1847 565 Reprehensus
1905 496 1966 550 ob
1998 501 2044 557 Α
2072 494 2356 550 discordia!
2379 503 2579 565 repulit
2604 509 2668 550 ex
2699 495 2921 558 invidia,
2949 494 3329 564 episcoporum
3355 492 3630 556 videlicet,

471 573 603 624 hanc
644 571 1018 621 ordinationem
1051 564 1296 617 Basilius.
1341 569 1421 620 Vl.
1463 564 1679 620 Peracta
1725 580 1796 620 est
1849 566 1964 619 Na-

473 642 666 702 zianzi,
699 648 746 690 et
789 640 898 702 ipsa
941 637 1023 687 die
1052 634 1327 703 Gregorius
1366 640 1652 690 oralionem
1687 637 1964 703 septimam

470 711 791 776 pronuntiat.
829 704 933 758 VII.
965 704 1273 776 Paulorpost
1299 707 1548 776 invisitur
1572 724 1604 759 a
1649 704 1887 776 Nysseno
1915 716 1960 756 et

474 780 758 830 orationem
807 785 1008 828 sextam
1064 775 1232 826 habet.
1283 775 1414 828 VIII.
1466 775 1623 841 Fugit
1680 775 1963 842 Gregorius

473 848 688 914 objectis
721 843 960 915 Sasimis.
993 855 1039 896 et
1069 845 1312 913 doloremI
1337 861 1488 898 suum
1532 846 1730 898 Basilio
1759 843 1966 915 signiﬁ-

469 927 553 971 cat
580 917 814 984 pluribus
841 914 1054 968 litteris.

471 1050 510 1105 Ι.
548 1048 750 1104 Divisio
783 1050 1154 1119 Cappadocim,
1190 1064 1255 1104 ex
1295 1065 1396 1119 qua
1437 1059 1512 1104 tot
1557 1050 1694 1104 mala
1731 1050 1784 1104 in
1823 1049 1964 1104 hanc

398 1141 730 1212 provinciam
778 1141 994 1195 ﬁnxisse
1036 1142 1288 1202 vidimus,
1344 1142 1410 1196 ad
1460 1142 1628 1210 ipsius
1677 1142 1838 1197 etiam
1885 1141 1959 1195 rei

399 1231 774 1287 ecclesiastica:
819 1231 1276 1300 perturbationem
1325 1232 1663 1286 redundavit.
1715 1233 1790 1300 (α)
1849 1233 1960 1285 An-

401 1323 602 1376 thimus
626 1321 922 1390 Tyanensis
956 1323 1238 1391 episcopus
1270 1322 1632 1376 contendebat
1658 1323 1797 1376 hanc
1831 1322 1963 1375 civi-

401 1421 586 1476 tatem,
619 1426 738 1478 qua:
780 1411 1030 1465 secunda:
1078 1410 1430 1480 Cappadocia:
1479 1411 1790 1480 metropolis
1825 1409 1962 1464 facta

399 1501 596 1566 fuerat,
625 1502 829 1556 eodem
860 1501 979 1568 jure
1019 1504 1070 1557 in
1105 1502 1486 1557 ecclesiasticis
1515 1502 1678 1556 rebus
1715 1517 1835 1556 esse
1866 1503 1961 1556 de-

398 1592 547 1648 bere.
591 1591 790 1646 Coutra
831 1591 1058 1646 Basilius
1093 1594 1258 1647 veteri
1303 1593 1681 1648 consuetudini
1718 1607 1781 1646 ac
1825 1591 1965 1647 divi-

397 1679 533 1732 sioni
584 1694 612 1732 a
655 1681 898 1747 patribus
937 1681 1095 1734 facta:
1143 1680 1534 1736 inhaerendum.
1579 1681 1761 1735 Basilii
1799 1696 1963 1736 causa

398 1771 584 1824 multis
611 1772 920 1824 nominibus
952 1772 1126 1840 potior
1153 1771 1320 1826 videri
1351 1781 1581 1842 poterat.
1617 1772 1770 1838 Nam,
1801 1782 1859 1826 ut
1888 1772 1963 1827 ait

2068 586 2264 654 quibus
2306 586 2406 641 hoc
2439 586 2626 640 vitium
2658 586 2903 640 attribuit
2931 585 2986 638 iu
3018 593 3158 638 orat.
3185 583 3278 636 ΞΟ.
3316 581 3424 637 Sed
3449 592 3627 635 tamen

2069 678 2250 745 plures
2295 691 2359 730 ex
2418 677 2506 737 iis,
2558 678 2646 746 qui
2701 675 2882 728 Basilii
2924 675 3064 728 latus
3119 675 3426 743 cingebant,
3477 684 3628 726 extra

2066 768 2276 836 culpam
2326 785 2430 823 non
2465 783 2584 822 esse
2633 769 2964 836 pronuntiat,
2995 777 3054 821 ut
3103 769 3195 836 qui
3228 765 3502 820 commoda
3533 781 3630 817 sua

2070 875 2162 928 per
2192 860 2449 913 Basilium
2477 869 2742 928 quarrant,
2779 869 2836 914 et
2873 858 3227 913 dissensionis
3263 857 3504 911 fomitem
3532 871 3628 909 ac-

2067 951 2317 1004 cendant.
2354 949 2551 1005 Censet
2591 951 2968 1004 Tillemontins
3016 948 3283 1013 Eustathii
3335 946 3632 1016 discipulos

2067 1041 2135 1092 ab
2175 1055 2240 1094 eo
2290 1040 2563 1108 designari
2603 1057 2615 1094 :
2663 1055 2838 1109 neque
2884 1042 2996 1094 hate
3037 1037 3405 1107 improbabilis
3447 1036 3633 1102 conje-

2067 1143 2236 1186 ctura.
2269 1131 2493 1186 Videtur
2541 1135 2686 1186 enim
2726 1133 3009 1185 Eustathio
3057 1131 3264 1184 amicus
3307 1145 3411 1183 non
3461 1130 3630 1181 fuisse

2066 1225 2374 1288 Anthimus,
2408 1223 2498 1294 qui
2549 1240 2672 1279 cum
2709 1225 2982 1278 luereticis
3013 1223 3346 1292 pendendum
3376 1235 3478 1274 non
3506 1234 3628 1273 esse

2067 1317 2324 1370 tributtun
2351 1316 2573 1381 diceret,
2608 1325 2713 1368 tam
2747 1316 3030 1369 inhoneste
3062 1314 3398 1367 conviciandi
3434 1327 3628 1366 ansam

2068 1410 2281 1464 aliunde
2305 1409 2548 1478 arripere
2579 1423 2686 1460 non
2733 1407 2923 1475 potuit,
2952 1421 3130 1475 quam
3179 1421 3245 1459 ex
3277 1404 3462 1458 Basilii
3502 1417 3625 1456 cum

2068 1500 2350 1558 Eustathio
2399 1499 2798 1566 conjunctione.
2840 1499 3128 1568 Postquam
3175 1497 3438 1552 Basiliam
3491 1496 3635 1549 inter

2064 1604 2117 1645 et
2145 1591 2480 1647 Eustathium
2513 1602 2663 1659 rupta
2693 1591 3022 1656 communio,
3052 1589 3283 1643 Basilius
3313 1588 3627 1641 Anthimum

2066 1690 2223 1736 vocat
2252 1681 2557 1734 unanimem
2586 1695 2740 1734 suum
2767 1681 2821 1733 in
2851 1680 3012 1748 epist.
3043 1679 3170 1741 210,
3199 1695 3252 1731 ιι.
3281 1678 3335 1734 5.
3375 1676 3488 1729 Non
3522 1677 3628 1730 im-

2067 1773 2341 1842 probabile
2384 1787 2512 1841 ergo
2541 1782 2622 1826 est
2651 1773 2918 1826 Eustathii
2952 1770 3266 1838 discipulos,
3311 1785 3430 1823 cum
3472 1766 3634 1820 intel-

396 1861 450 1913 iu
495 1876 552 1914 re
599 1861 758 1914 simili
797 1860 1137 1916 Innocentius
1173 1862 1228 1929 I,
1265 1863 1318 1916 in
1363 1864 1586 1932 epistola
1623 1864 1687 1917 ad
1730 1864 1964 1918 Alexan-
1996 1834 2036 1888 Β
2066 1864 2290 1934 ligerent
2336 1865 2464 1933 quid
2507 1865 2570 1916 de
2599 1865 2727 1932 ipsis
2760 1864 2988 1916 sentiret
3038 1862 3349 1924 Anthimus,
3393 1875 3490 1929 pro
3520 1874 3624 1913 sua

396 1953 554 2006 drum
584 1952 1001 2018 Antiochenum,
1044 1968 1147 2006 non
1181 1954 1322 2007 decet
1373 1953 1441 2006 ad
1490 1952 1830 2007 mobilitatem
1877 1970 1964 2007 ne-

396 2048 699 2101 cessitatum
747 2047 1133 2099 mundanorum
1165 2044 1260 2098 Dei
1300 2043 1588 2100 Ecclesiam
1622 2046 1962 2108 commutari;

395 2141 716 2207 honoresque
736 2149 824 2190 aut
849 2137 1123 2190 divisiones
1146 2135 1358 2205 perpeti,
1384 2152 1514 2203 quas
1536 2151 1629 2203 pro
1653 2138 1766 2188 suis
1789 2138 1962 2189 causis

397 2230 665 2298 faciendas
691 2229 900 2281 duxerit
930 2229 1231 2298 imperator.
1268 2225 1399 2290 Sed,
1425 2228 1566 2297 quod
1602 2227 1844 2280 Anthiuti
1877 2243 1963 2281 res

394 2323 682 2392 plurimum
715 2322 997 2388 promovit,
1028 2320 1292 2390 episcopis
1325 2319 1678 2389 Cappadociae
1718 2336 1824 2376 non
1853 2321 1964 2376 dis.-

396 2412 584 2482 plicuit
639 2411 853 2465 occasio
932 2410 1209 2481 rejiciendi
1263 2410 1468 2474 Basilii,
1517 2411 1604 2464 cui
1661 2411 1835 2465 tribus
1895 2413 1961 2464 de

397 2503 580 2557 causis
621 2502 782 2556 amici
833 2517 936 2556 non
973 2512 1146 2557 erant.
1188 2499 1319 2554 Nam
1367 2515 1466 2556 nec
1501 2501 1552 2554 in
1603 2500 1706 2556 ﬁde
1737 2516 1859 2556 cum
1899 2516 1964 2556 eo

395 2594 830 2656 consentiebant,
862 2592 962 2647 nisi
995 2601 1256 2661 quantum
1299 2591 1349 2644 id
1381 2590 1533 2660 ipsis,
1571 2600 1794 2661 cogente
1822 2592 1961 2646 mul-

399 2685 644 2748 titudine,
681 2684 986 2738 faciendum
1034 2691 1190 2748 erat;
1230 2697 1329 2736 nec
1372 2692 1691 2752 conceptum
1724 2682 1962 2738 dolorem

395 2789 462 2828 ex
509 2775 650 2828 illius
699 2773 1039 2827 ordinatione
1086 2773 1496 2841 deposuerant:
1541 2782 1594 2826 et
1635 2771 1806 2840 gloria
1855 2782 1961 2826 tam

396 2863 553 2934 longe
584 2864 651 2918 ab
693 2879 758 2918 eo
785 2862 1028 2932 superari
1061 2865 1502 2919 molestissimum
1537 2865 1640 2917 illis
1665 2873 1806 2928 erat,
1841 2863 1966 2921 licet

398 2956 556 3012 fateri
590 2957 984 3024 turpissimum.
1015 2954 1138 3010 Haec
1162 2957 1420 3010 discimus
1445 2971 1512 3012 ex
1540 2957 1828 3026 Gregorio,
1860 2971 1960 3010 cu-

389 3049 484 3118 jus
513 3047 881 3103 testimonium
922 3047 1205 3100 conﬁrmat
1243 3045 1477 3102 Basilius
1511 3047 1561 3100 in
1597 3046 1820 3115 epistola
1852 3046 1920 3102 98
1945 3085 1971 3111 λ

399 3143 450 3194 in
499 3156 603 3210 qua
645 3139 723 3210 (η.
773 3139 828 3204 ‘2)
877 3140 954 3192 sic
1005 3139 1238 3208 loquitur
1281 3141 1348 3192 de
1390 3139 1658 3208 episcopis
1714 3140 1963 3194 secunda:
1992 3165 2032 3216 ρ

393 3230 746 3300 Cappadocia:
777 3247 791 3282 :
828 3228 1117 3298 Postquam
1163 3229 1404 3294 alterius,
1439 3230 1636 3298 inquit,
1678 3231 1960 3298 provincia:

397 3339 582 3376 nomen
607 3323 926 3389 habuerunt,
956 3322 1130 3374 subito
1167 3321 1537 3374 existimarunt
1565 3337 1619 3374 se
1656 3337 1720 3374 ea:
1764 3321 1870 3374 alia
1901 3339 1962 3375 ac

396 3431 489 3468 nos
516 3414 724 3467 natione
751 3423 798 3466 et
825 3423 973 3480 gente
995 3427 1128 3474 esse,
1157 3420 1468 3482 tantumque
1494 3429 1586 3466 nos
1625 3413 1969 3482 ignorarunt,

396 3517 645 3576 quantum
680 3504 768 3575 qui
811 3503 1012 3557 nullum
1055 3520 1270 3572 prorsus
1311 3503 1602 3575 periculum
1645 3504 1835 3573 fecere,
1871 3521 1962 3562 nec

398 3613 624 3664 unquam
653 3597 704 3648 in
741 3595 1056 3664 colloquium
1086 3605 1362 3653 venerunt.
1394 3596 1470 3650 De
1498 3595 1628 3664 ipsis
1659 3597 1823 3650 etiam
1847 3597 1964 3666 epi-

399 3687 577 3754 scOpis
603 3686 788 3754 prima:
814 3684 1163 3753 Cappadociae
1187 3693 1499 3753 querentem
1534 3684 1838 3739 videbimus
1860 3684 1964 3739 Ba-

397 3777 576 3830 silium
621 3778 674 3829 in
720 3777 962 3846 epistolis
994 3775 1119 3830 anni
1149 3776 1426 3847 sequentis
1455 3775 1522 3832 ad
1563 3775 1622 3832 S.
1669 3775 1971 3834 Eusebium

395 3869 853 3922 Samosatensem.

475 3961 752 4015 ‘tnthimus
790 3962 891 4016 hoc
941 3960 1193 4030 praesidio
1245 3960 1487 4015 munitus
1527 3960 1695 4028 erepit
1723 3975 1960 4016 conven-

398 4063 483 4106 lus
503 4069 530 4105 a
559 4053 758 4106 Basilio
782 4063 1051 4118 avertere,
1093 4053 1297 4107 reditus
1332 4052 1588 4107 Ecclesia:
1609 4052 1975 4108 Caesariensis.

399 4138 652 4206 diripere,
696 4138 1058 4192 Ecclesiarum
1109 4141 1456 4209 presbyteros
1511 4140 1710 4208 partim
1751 4154 1960 4194 sermo~

397 4245 523 4283 num
571 4229 849 4284 blanditiis
899 4231 1147 4297 allicere,
1187 4231 1383 4300 partim
1427 4231 1704 4300 expellere
1738 4240 1792 4286 et
1829 4231 1964 4286 alios

398 4321 747 4374 substituere.
808 4320 864 4374 Si
900 4322 1029 4390 quid
1082 4331 1262 4376 autem
1318 4322 1394 4377 de-
1449 4322 1639 4377 Basilii
1699 4323 1976 4380 reditibus.

397 4410 752 4480 prazdaretur,
800 4413 1095 4481 speciosam
1140 4412 1427 4468 latrocinio
1471 4422 1527 4467 et
1553 4414 1794 4467 avaritia:
1829 4428 1964 4468 cau-

2067 1967 2218 2026 parte
2246 1955 2486 2010 fomitem
2515 1955 2870 2009 dissensionis
2899 1953 3222 2008 incendisse.

2138 2047 2454 2104 Necessario
2491 2046 2773 2100 referenda
2804 2054 2890 2099 est
2919 2046 2985 2098 ad
3013 2059 3151 2110 eam,
3189 2058 3350 2116 quam
3380 2042 3630 2103 dicimus,

2066 2139 2390 2193 discordiam
2428 2137 2544 2193 haec
2572 2135 2902 2189 Nazianzeni
2934 2133 3183 2202 epistola.
3223 2133 3295 2187 Ut
3320 2131 3464 2184 enim
3498 2131 3635 2183 invi-

2067 2232 2209 2284 diam
2241 2231 2615 2300 episcoporum
2643 2238 2694 2280 et
2723 2225 2894 2278 factas
2922 2224 3126 2278 Basilio
3161 2222 3385 2289 injurias
3409 2231 3636 2288 practer-

2067 2323 2276 2381 m'tuam
2296 2359 2311 2383 ,
2348 2320 2468 2387 ipsa
2497 2316 2583 2370 illa
2625 2331 2768 2384 Spes,
2795 2330 2960 2384 quam
2999 2314 3100 2368 sibi
3127 2312 3425 2382 Gregorius
3451 2311 3632 2363 inesse

2068 2422 2316 2473 testatur,
2350 2409 2482 2466 nihil
2514 2410 2776 2464 facturum
2811 2407 3085 2471 Basilium,
3109 2407 3250 2474 quod
3283 2402 3629 2471 phi|050phia

2067 2505 2342 2574 indignant
2370 2503 2462 2566 sit,
2489 2501 2689 2568 Optime
2710 2499 2958 2565 congruit
2983 2495 3246 2563 ejusmodi
3273 2493 3626 2553 dissensioni,

2067 2595 2117 2648 in
2149 2609 2256 2664 qua
2295 2608 2400 2646 non
2436 2592 2566 2645 ﬁdes
2596 2601 2688 2646 aut
2725 2591 2992 2649 doctrina,
3039 2588 3132 2642 sed
3173 2586 3372 2640 reditus
3403 2592 3458 2638 et
3487 2583 3634 2636 sedis

2067 2685 2362 2754 atuplitudo
2415 2683 2713 2750 agebantur
2752 2698 2765 2734 :
2814 2681 3008 2734 deinde
3055 2693 3182 2731 vero
3233 2677 3486 2731 exhibita:
3528 2674 3631 2727 Illae

2063 2774 2322 2830 molestia:
2349 2773 2409 2827 ob
2441 2784 2692 2826 recentem
2722 2787 2898 2824 rerum
2934 2770 3287 2832 novationem,
3322 2777 3370 2819 et
3411 2775 3524 2819 orta
3551 2779 3620 2821 ea

2065 2867 2345 2934 sophistica
2375 2867 2602 2936 quadam
2643 2874 2690 2918 et
2731 2865 2927 2916 usitata
2962 2877 3162 2922 eorum,
3193 2861 3281 2927 qui
3312 2874 3485 2911 rerum
3535 2873 3633 2926 po-

2066 2957 2293 3020 tiuntur,
2332 2957 2635 3009 curiositate
2670 2957 2899 3024 negotia,
2930 2968 3036 3007 nou
3072 2961 3296 3022 possunt
3325 2953 3393 3005 ad
3421 2951 3629 3020 Cappa-

2065 3051 2234 3105 docia:
2271 3049 2585 3103 divisionem
2621 3061 2726 3102 non
2763 3046 2972 3101 referri.

2137 3141 2223 3197 Ill.
2272 3142 2598 3196 Divisiouem
2645 3139 2856 3192 civilem
2908 3135 3261 3205 Cappadocia:
3299 3149 3403 3188 non
3445 3133 3630 3188 statim

2066 3241 2252 3287 secuta
2306 3239 2388 3284 est
2441 3228 2828 3283 ecclesiasticae
2883 3226 3172 3295 provincia:
3219 3225 3435 3278 divisio.
3495 3222 3631 3277 Nam

2067 3323 2239 3394 prima
2270 3321 2370 3377 sub
2395 3321 2604 3374 initium
2639 3319 2832 3372 hiemis
2860 3319 3129 3382 instituta,
3155 3316 3321 3370 altera
3347 3329 3473 3369 vero
3502 3324 3625 3383 post

2066 3415 2358 3469 discessum
2392 3409 2653 3474 Valentis,
2684 3412 2733 3464 id
2762 3421 2866 3472 est,
2895 3411 3042 3464 circa
3087 3422 3326 3462 mensem
3371 3405 3628 3460 Martium

2067 3505 2226 3574 hujus
2256 3503 2388 3558 anni
2403 3501 2526 3563 572,.
2561 3501 2666 3556 Res
2690 3500 2901 3571 probari
2936 3507 3110 3570 potest
3133 3513 3239 3552 non
3266 3496 3514 3552 obscuris
3541 3495 3627 3549 in-

2065 3596 2240 3652 diciis.

2140 3688 2189 3742 ιο
2241 3687 2461 3742 Smnma
2506 3694 2622 3741 erat
2659 3685 3033 3756 episcoporum
3063 3683 3350 3754 concordia
3380 3681 3636 3736 sarviente

2065 3781 2464 3851 persecutione,
2511 3787 2571 3832 ut
2619 3787 2845 3832 testatur
2892 3776 3122 3831 Basilius
3160 3776 3230 3845 (e)
3276 3776 3332 3828 in
3366 3772 3634 3848 epistola,

2065 3888 2224 3942 quam
2258 3882 2384 3926 tunc
2414 3871 2479 3924 ad
2525 3872 2584 3926 S.
2617 3869 2977 3923 Athanasium
3011 3867 3304 3922 scribebat.
3341 3865 3450 3919 Nec
3501 3879 3635 3919 sane

2065 3976 2245 4036 aptum
2277 3975 2394 4019 erat
2427 3964 2615 4017 litibus
2647 3962 3038 4031 persequendis
3079 3960 3182 4014 hoc
3214 3969 3448 4027 tempus,
3484 3957 3632 4027 quod

2063 4059 2273 4112 animos
2311 4057 2379 4110 ad
2410 4058 2712 4110 communis
2742 4069 2920 4108 causa:
2955 4052 3322 4106 defensionem
3372 4063 3632 4104 revocare

2065 4149 2267 4204 debuit.
2301 4147 2563 4202 Praeterea
2593 4161 2695 4200 non
2727 4147 2906 4200 statim
2939 4143 3142 4214 Tyanis
3169 4141 3404 4197 secunda
3431 4151 3634 4194 metro-

2065 4239 2202 4310 polis
2233 4229 2544 4301 constituta,
2584 4237 2678 4292 sed
2723 4252 2849 4307 pars
2894 4235 3059 4291 curiae
3088 4233 3401 4288 Podandum
3457 4233 3634 4302 primo

2069 4324 2322 4380 translata
2370 4323 2592 4379 fuerat:
2640 4325 2780 4378 unde
2813 4339 2924 4379 non
2969 4324 3166 4376 mirum
3213 4331 3314 4384 est,
3371 4322 3415 4376 si
3457 4322 3639 4374 serius

2069 4425 2191 4467 nata
2227 4414 2484 4469 Anthimo
2509 4412 2903 4480 iurisdictionis
2929 4413 3031 4467 sibi
3059 4411 3374 4480 arrogandae
3395 4412 3632 4464 occasio.

402 4516 517 4554 sam
577 4501 933 4569 prmtexebat,
982 4501 1118 4555 ﬁlios
1161 4500 1474 4570 spirituales
1517 4513 1574 4557 et
1627 4503 1834 4556 animas
1859 4541 1876 4566 ,
1908 4511 1963 4556 et
1995 4491 2041 4552 1)
2136 4504 2194 4564 2·
2233 4502 2322 4557 Sic
2363 4503 2610 4558 discessit
2635 4502 2880 4556 Caesarea
2910 4501 3104 4556 Valens
3127 4511 3184 4554 ut
3214 4499 3409 4554 Basilio
3435 4502 3633 4552 mirum

399 4589 519 4645 ﬁdei
552 4591 888 4656 doctrinam,
931 4590 1168 4660 itemque
1214 4591 1374 4658 illud,
1401 4591 1663 4647 tributum
1703 4608 1809 4646 non
1844 4607 1966 4647 esse

399 4683 666 4740 haereticis
694 4685 1052 4753 pendendum.

469 4773 531 4827 ll.
573 4774 705 4828 Erat
731 4774 996 4842 ejusmodi
1026 4773 1228 4830 bellum
1253 4783 1308 4829 et
1330 4775 1599 4844 episcopis
1626 4790 1846 4844 prorsus
1879 4776 1964 4830 iii-

399 4861 709 4928 honestum,
755 4876 812 4919 et
857 4864 1071 4935 populis
1105 4866 1492 4936 perniciosum.
1543 4865 1676 4921 Cum
1725 4868 1964 4922 audisset

395 4953 689 5023 Gregorius
718 4954 918 5011 Basilio
957 4956 1238 5012 molestias
1272 4958 1545 5024 exhiberi,
1569 4958 1808 5012 debitum
1835 4958 1962 5013 huic

397 5047 622 5113 tempori
675 5045 908 5101 olIicium
962 5063 1067 5102 non
1125 5049 1476 5116 prietermisit
1526 5048 1626 5118 (b).
1677 5047 1844 5103 Suam
1907 5051 1956 5103 ei

395 5136 593 5190 obtulit
621 5151 867 5205 Operam,
898 5153 1066 5207 seque
1094 5139 1400 5197 Ctesaream
1436 5147 1718 5191 venturum
1752 5139 1961 5209 promi-

397 5229 486 5289 sit,
541 5230 582 5282 si
627 5230 696 5282 ita
731 5228 927 5283 Basilio
959 5231 1262 5294 videretur,
1295 5238 1408 5282 tum
1449 5238 1506 5280 ut
1555 5243 1678 5282 eum
1733 5227 1962 5282 consilio

395 5321 628 5388 iuvaret,
682 5330 791 5372 tum
853 5330 910 5373 ut
959 5319 1312 5374 contumelias
1360 5335 1481 5372 cum
1535 5333 1600 5373 eo
1647 5318 1960 5387 partiretur.

395 5412 710 5480 Quanquam
758 5410 1000 5466 declarat
1037 5426 1096 5464 se
1142 5425 1247 5464 non
1282 5419 1548 5473 metuere,
1589 5424 1658 5464 ne
1701 5409 1827 5475 quid
1861 5409 1962 5461 Ba-

398 5503 552 5557 silius
607 5505 884 5576 indignum
958 5502 1297 5575 leiIOSOleIa
1355 5502 1680 5559 committat.
1729 5499 1959 5556 Causam

462 5637 535 5708 (al
585 5637 710 5694 Nar.
741 5655 821 5695 or.
853 5638 942 5693 20.

468 5715 539 5777 (t2)
584 5709 712 5764 Naz.
745 5726 827 5777 cp.
870 5710 960 5765 25.

481 5795 546 5851 re)
593 5779 757 5850 Epist.
789 5781 877 5836 8‘2.

2066 4593 2118 4647 in
2145 4595 2360 4647 modum
2395 4592 2617 4648 faveret.
2645 4591 2823 4658 Quare
2853 4592 2896 4645 si
2925 4606 2990 4645 eo
3019 4600 3286 4659 praesente
3316 4599 3630 4645 contraver-

2061 4684 2140 4739 sia
2175 4685 2474 4752 erupisset,
2507 4684 2638 4738 satis
2669 4683 2817 4736 durae
2861 4683 3104 4740 Anthimi
3145 4691 3328 4751 partes
3362 4681 3594 4734 fuissent
3618 4719 3636 4744 ,

2063 4771 2152 4840 qui
2183 4781 2358 4824 tamen
2391 4771 2459 4824 ab
2492 4771 2621 4840 ipsis
2651 4770 2817 4824 initiis
2848 4769 2994 4824 velut
3044 4772 3094 4824 in
3131 4771 3356 4824 victoria
3387 4768 3636 4823 exsulta-

2066 4865 2176 4916 bat;
2201 4865 2272 4918 At
2299 4862 2572 4918 Valentem
2601 4877 2662 4916 ea
2689 4863 2753 4915 de
2782 4878 2838 4916 re
2869 4877 2974 4915 non
3008 4863 3172 4916 modo
3198 4861 3330 4915 nihil
3357 4861 3636 4921 statuisse,

2068 4955 2159 5009 sed
2206 4971 2271 5009 ne
2311 4955 2578 5010 audivisse
2624 4956 2839 5024 quidem
2889 4953 3013 5008 inde
3043 4954 3224 5023 colligi
3255 4963 3451 5022 potest,
3493 4955 3638 5022 quod

2070 5054 2189 5115 post
2229 5043 2345 5115 ejus
2379 5046 2670 5101 discessum
2713 5047 3004 5101 Anthimus
3035 5055 3090 5101 et
3141 5048 3190 5100 ei
3237 5046 3476 5100 faventes
3521 5045 3640 5113 epi-

2067 5138 2213 5205 sc0pi
2241 5136 2345 5209 (tl),
2378 5147 2436 5191 ut
2470 5138 2521 5191 in
2556 5153 2614 5192 re
2652 5153 2874 5205 prorsus
2923 5140 3130 5208 integra
3161 5149 3214 5191 et
3260 5138 3461 5191 intacta
3495 5151 3637 5205 prte-

2071 5227 2238 5282 sidein
2275 5227 2548 5293 adierunt,
2586 5244 2821 5298 eumque
2850 5231 2903 5285 in
2935 5246 3061 5284 suas
3093 5241 3275 5296 partes
3301 5229 3518 5282 trahere
3549 5242 3640 5282 co-

2071 5318 2179 5370 nati
2216 5326 2360 5373 sunt.
2393 5317 2508 5386 Ipse
2541 5320 2704 5373 etiam
2740 5320 2966 5374 Basilius
2990 5320 3057 5390 (e)
3099 5335 3218 5374 cum
3259 5318 3488 5385 praeside
3516 5328 3642 5386 post

2071 5410 2412 5480 imperatoris
2441 5411 2741 5466 discessum
2769 5427 2931 5479 agere
2961 5428 3019 5466 ea
3053 5412 3119 5466 de
3153 5425 3211 5466 re
3239 5409 3498 5465 voluerat.
3529 5411 3637 5465 Sed

2070 5516 2126 5556 se
2160 5501 2274 5570 ipse
2307 5503 2584 5571 repressit,
2628 5512 2739 5558 tum
2771 5519 2834 5559 ne
2862 5502 3061 5559 homini
3091 5509 3171 5559 tot
3201 5504 3427 5575 negotiis
3463 5518 3630 5558 occu-

2138 5637 2216 5778 id;
2253 5638 2344 5718 Ep.
2377 5637 2468 5695 94.

2144 5712 2189 5778 (ι’
2248 5709 2376 5764 Ibtd.

2144 5709 2216 5781 (e)
2248 5709 2376 5764 Ibid.
