4040 6216
1751 401 1918 458 VITA
1955 402 2014 458 S.
2061 401 2326 461 BASIL".
3567 409 3663 460 xc!

381 524 514 589 pato
539 528 734 570 novum
761 528 901 570 onus
927 513 1174 580 adderet,
1211 525 1323 572 tum
1356 529 1424 572 ne
1445 531 1634 586 puram
1669 517 1816 576 illi-us
1848 523 1967 576 aui-
2005 531 2052 586 Α
2082 523 2365 579 ordinatus
2409 533 2508 578 est.
2557 523 2756 578 Locum
2791 525 3009 596 egregie
3055 521 3314 579 describit
3365 523 3657 592 Gregorius

385 623 532 662 mam
551 609 928 676 episcoporum
948 606 1332 662 altercationes
1349 607 1630 666 laederent.
1657 612 1773 667 Non
1799 615 1970 669 multo

388 709 568 752 tamen
606 709 726 766 poet
767 697 1068 752 discessum
1123 698 1362 756 Valentis
1405 702 1610 757 exarsit
1666 703 1967 774 dissensio;

385 790 659 874 siquidem
690 788 991 856 Gregorius
1019 790 1354 846 Sasimorum
1386 794 1694 863 episcopus,
1723 807 1780 850 ut
1812 799 1971 853 modo

383 881 710 943 videbimus,
749 888 879 934 ante
909 879 1117 936 Pascha
1152 883 1309 952 hujus
1363 886 1487 939 anni
1539 886 1647 940 372
1689 890 1969 945 ordinatus

382 982 491 1035 est,
523 973 664 1040 quod
695 972 747 1025 in
779 973 922 1026 diem
960 983 1210 1027 octavqu
1242 976 1442 1044 Aprilis
1473 977 1683 1034 incidit.

457 1059 547 1115 IV.
588 1061 864 1115 Auxilium
910 1062 1054 1117 enim
1090 1079 1119 1116 a
1165 1063 1426 1135 Gregorio
1455 1078 1799 1134 peramanter
1821 1069 1972 1125 obla-

389 1165 524 1218 Imn,
557 1153 742 1222 procul
785 1154 948 1209 dubio
988 1155 1217 1212 Basilius
1267 1157 1499 1212 libenter
1527 1159 1630 1212 sibi
1671 1160 1886 1225 ascivit,
1915 1171 1970 1216 et

385 1247 649 1313 amicum,
679 1256 737 1300 ut
764 1249 976 1302 veniret
1003 1265 1165 1318 quam
1195 1249 1498 1314 celerrime,
1535 1254 1761 1322 rogavit.
1795 1255 1969 1310 Ambo

384 1339 550 1392 simul
580 1340 810 1408 profecti
847 1351 975 1394 sunt
1014 1343 1081 1394 ad
1116 1352 1352 1396 montem
1385 1343 1623 1398 Taurum
1649 1385 1664 1410 ,
1698 1347 1787 1401 ubi
1819 1347 1970 1403 locus

385 1431 608 1499 quidam
646 1442 767 1485 erat
794 1433 911 1487 sive
959 1433 1190 1487 ecclesia
1241 1435 1341 1487 sub
1389 1436 1562 1490 sancti
1613 1437 1828 1494 Orestis
1875 1455 1968 1492 no-

386 1523 556 1586 utine,
585 1525 728 1578 unde
757 1539 965 1579 annuos
1007 1525 1211 1579 reditus
1241 1527 1486 1595 capiebat
1519 1529 1804 1599 episc0pus
1852 1530 1968 1586 Cae-

384 1613 672 1667 sariensis.
722 1613 857 1666 Dum
897 1616 1145 1678 redeunt,
1175 1616 1469 1672 Anthimus
1501 1635 1698 1688 pneter
1751 1630 1967 1676 tetatem

384 1717 544 1757 suam
588 1714 645 1758 et
692 1705 1057 1774 episcopalem
1111 1709 1430 1775 gravitatem
1477 1725 1598 1764 cum
1647 1714 1967 1781 przedatoria

382 1810 550 1848 manu
589 1797 869 1866 angustias
903 1809 1133 1866 occupat
1167 1799 1266 1868 (a).
1303 1809 1358 1854 et
1401 1804 1733 1856 transeuntis
1782 1802 1964 1857 Basilii

384 1885 568 1950 mulis,
598 1887 688 1954 qui
735 1888 895 1942 rebus
927 1903 996 1942 ex
1029 1899 1219 1943 saneto
1256 1887 1450 1945 Oreste
1483 1895 1753 1962 perceptis
1783 1897 1962 1949 onusti
2001 1882 2043 1936 Β

382 1974 640 2028 videntur
690 1976 878 2041 fuisse,
925 1979 1026 2032 iter
1063 1980 1412 2047 intercludit;
1445 1999 1565 2036 nam
1611 1983 1876 2038 lactentes
1916 1997 1972 2040 et

385 2081 513 2121 aves
562 2074 619 2121 et
671 2069 779 2122 alia
833 2070 1100 2139 ejusmodi
1155 2073 1278 2126 inde
1331 2077 1666 2144 percipiebat
1716 2075 1966 2132 Basilius.

381 2159 692 2216 Commissa
732 2163 848 2216 lure
897 2180 1074 2234 pugna
1122 2182 1289 2236 prope
1330 2167 1564 2224 Sasitna.
1605 2169 1738 2224 Nam
1769 2172 1970 2243 Grego-

386 2253 497 2304 rius
523 2251 721 2322 (b)non
750 2253 867 2308 sine
889 2255 1167 2311 stomacho
1190 2258 1403 2324 jocatur
1427 2259 1477 2312 in
1507 2259 1762 2314 Basilium
1785 2278 1800 2326 ;
1827 2265 1969 2331 quod

382 2359 443 2395 se
473 2343 812 2398 Sasimorum
853 2347 1168 2417 episcopum
1203 2350 1590 2415 constituisset,
1621 2361 1678 2405 ut
1702 2369 1822 2406 cutn
1861 2355 1970 2408 An-

384 2435 554 2489 tbimo
611 2436 814 2491 bellum
865 2452 1111 2507 gereret,
1133 2440 1176 2495 si
1221 2441 1438 2510 quando
1483 2443 1530 2496 is
1576 2443 1761 2498 Basilii
1797 2447 1972 2502 mulos

381 2527 674 2596 arriperet,
702 2531 982 2600 angustias
1005 2540 1189 2586 tenens
1207 2543 1261 2585 et
1284 2533 1432 2587 velut
1456 2533 1681 2590 Amalec
1712 2537 1966 2592 lsraelem

384 2633 662 2674 coercens.
698 2619 844 2676 [dem
877 2624 1008 2677 dicit
1037 2625 1088 2678 in
1129 2623 1371 2678 carmine
1398 2624 1466 2678 de
1493 2626 1606 2680 vita
1629 2641 1756 2692 sua,
1781 2644 1972 2700 nempe

383 2710 568 2764 datum
600 2727 662 2767 se
703 2712 872 2769 fuisse
907 2715 1162 2782 Sasimis,
1204 2717 1330 2784 quia
1377 2716 1584 2771 bellicae
1631 2716 1971 2774 fortitudinis

385 2803 817 2872 signiﬁcationes
857 2805 1086 2860 dederat
1128 2806 1194 2860 ad
1237 2805 1422 2861 Basilii
1473 2823 1653 2863 causa:
1698 2810 1986 2866 defensio-'

387 2911 530 2947 Item.
562 2894 716 2950 Unde
750 2898 914 2950 etiam
957 2899 1153 2970 colligo
1182 2917 1304 2955 eum
1343 2903 1655 2958 interfuisse
1688 2903 1760 2956 illi
1800 2919 1967 2973 prope

391 2984 633 3040 Sasimos
673 3002 906 3056 pugnae:
941 3005 1046 3043 non
1074 2992 1218 3044 enim
1248 2993 1392 3047 aliud
1424 3003 1635 3062 tempus
1686 2994 1862 3060 video,
1913 2996 1965 3048 in

387 3091 492 3144 quo
527 3077 845 3130 bellicosum
892 3095 950 3133 se
995 3079 1176 3135 Basilii
1225 3083 1457 3137 amicum
1491 3095 1752 3154 praestare
1782 3096 1971 3154 potue-

384 3169 473 3222 rit.
507 3166 710 3222 Locum
744 3169 1013 3238 integrum
1048 3172 1297 3227 referam.

449 3303 673 3380 ’[ούτοξς
711 3305 764 3372 μ’
799 3307 828 3357 ὀ
853 3308 1195 3380 Favimus:
1229 3311 1669 3380 χωρεπισκόποις

453 3373 816 3451 ἓτξνούρενᾳς
849 3373 1065 3451 δέδωκέ·
1096 3379 1196 3449 τῆς
1228 3373 1512 3451 ἔὺᾤυχίας.

451 3445 563 3523 Ea}.
587 3446 838 3523 ταῦτ’-ἵν’
867 3445 1204 3523 ἁρπάζογ-ςρς
1227 3445 1398 3503 ἄλλοῦ
1418 3454 1550 3523 πρὸς
1588 3452 1729 3521 βίαν,

453 3515 844 3590 ῃξρεκρατξήσῃ
872 3515 975 3590 τὴν
1011 3519 1277 3590 κᾳθέδρπν
1305 3515 1574 3586 statuis-1;,

463 3586 789 3661 :Hpsiéjfzp
817 3586 971 3661 ᾇὺτῷ
1004 3586 1396 3661 τῶν-Ἄρηΐων
1429 3593 1599 3661 φίλων

451 3655 790 3733 ’Ξὰ-τίρῶτςαῖ·
859 3655 954 3733 μιῖ
981 3655 1262 3733 γὰρ-ἦμέν
1284 3655 1520 3732 abuti-toi
1557 3663 1730 3733 ποτε

452 3726 564 3778 Καὶ
592 3728 766 3781 δεινὸν
791 3726 945 3784 οὐδὲν
973 3726 1107 3801 spati
1118 3726 1240 3800 gae
1277 3726 1642 3804 ηὐλοπέημὲνα.

453 3839 577 3915 (lis,
602 3842 875 3912 quinquies
906 3861 998 3897 me—
1021 3846 1406 3915 clior-episcopis
1439 3850 1621 3900 decem

457 3911 676 3987 (latrabit
695 3931 731 3987 _a
741 3923 904 3987 retas,
939 3916 1010 3967 mi
1017 3931 1074 3967 ra
1107 3911 1303 3970 antoris
1326 3911 1552 3987 pignora
1573 3919 1600 3972 Ξ,

449 3980 620 4056 atque
652 3984 704 4036 id
736 3985 970 4050 quidem,
995 3995 1050 4056 ut
1079 3989 1315 4054 rapiente
1334 3980 1451 4041 'an
1473 3991 1626 4056 probe
1652 3991 1821 4044 alteno

463 4049 647 4104 Victor
672 4049 923 4112 maneret,
954 4049 1157 4121 eriqens
1196 4058 1370 4110 sedem
1399 4049 1534 4112 hanc
1561 4077 1709 4114 nove.

454 4121 600 4175 Nam
634 4124 918 4178 bellicosus
935 4126 1011 4176 illi
1037 4127 1238 4180 amicus
1269 4131 1442 4181 ea'stiti

453 4191 661 4272 {rima
683 4195 840 4264 (acer
873 4196 1065 4248 etenim
1095 4207 1141 4247 et
1178 4209 1426 4272 strenuus
1459 4200 1855 4272 quondam-fni)

460 4259 747 4318 Benedicta
779 4281 884 4318 non
910 4275 984 4318 est
1016 4269 1446 4335 conquerendum
1472 4259 1546 4323 ad
1580 4259 1819 4326 vulnera.

450 4382 589 4435 Dum
636 4381 938 4436 Cvsaream
993 4383 1130 4436 redit
1182 4383 1430 4445 Basilius.
1481 4385 1696 4440 videtur
1744 4388 1960 4443 venisse

380 4469 744 4535 Naziauzum,
771 4471 954 4539 ibique
980 4470 1315 4525 Sasimorum
1341 4472 1653 4541 episcopum
1676 4475 1960 4528 ordinasse

2080 615 2133 670 in
2163 617 2405 670 carmine
2431 615 2496 670 de
2529 613 2648 670 Vita
2678 631 2796 680 sua.
2823 616 2910 670 ubi
2941 617 3057 671 haec
3086 616 3364 686 leguntur:

2223 727 2468 803 §3a0p6§
2504 746 2586 803 τις
2624 728 2862 803 ὲτξτὶνμξν
2883 729 3022 803 μέᾲσῃ
3050 730 3309 803 λεωφορῳ

2355 795 2752 873 ῌαππᾳδρκῶν,
2781 799 2845 873 ὃς
2860 795 3078 873 cxiii-9r”
3097 795 3182 873 εξςί
3199 795 3423 873 ττρίσσὴν
3446 800 3585 862 ὁδόν.

2218 869 2498 942 ⁸’έΑνυιξροςῇ
2517 870 2731 942 ἄχλοιξς,
2763 870 2870 942 οὐδ’
2896 871 3032 934 ὅλως
3066 869 3368 942 ὲλεύθέρος,

2217 938 2420 1013 1ᾒε-ινῶς
2444 938 2725 1013 emam
2757 941 2868 1013 utri
2886 943 3066 1013 ᾳτενὸν
3091 938 3418 1013 κωμύδριον.

2216 1009 2379 1084 ᾕὸἵις
2400 1009 2468 1062 τὰ
2498 1012 2691 1074 πάντα,
2725 1011 2817 1084 xa‘t
2841 1010 3022 1084 ψόφοι,
3051 1013 3146 1066 σὺν
3172 1009 3398 1084 ἃρμὰσι,

2216 1077 2792 1155 Θρῇντέμμστεγᾳγμοὶ,
2823 1077 3150 1155 ήρᾶκῖορες,
3183 1077 3462 1155 σέῥέϐλαι,
3481 1083 3657 1138 πέδαι·

2211 1148 2352 1222 ags;
2373 1150 2415 1222 δῖ
2437 1151 2549 1203 ὅσοι
2576 1148 2725 1222 gem
2741 1168 2800 1204 τε
2820 1148 2914 1222 uati
2947 1148 3304 1222 πλάνώμενὸι.

2202 1217 2350 1281 Αὕτη
2381 1221 2635 1291 Σασίμων
2661 1221 2768 1275 τῶν
2796 1221 2942 1279 ἐμῶν
2969 1217 3251 1293 ὲκκλήσία.

2216 1353 2284 1406 In
2319 1357 2478 1423 regite
2503 1357 2673 1410 medio
2705 1357 2798 1410 via:
2823 1367 2899 1411 est
2931 1359 3072 1411 vicus
3115 1359 3266 1423 situs,

2225 1423 2330 1498 Qui
2355 1426 2550 1479 scindit
2579 1427 2636 1480 in
2663 1437 2764 1498 tres
2794 1444 2848 1480 se
2876 1429 3012 1492 vias,
3045 1428 3269 1498 lymphis
3298 1444 3508 1490 carens,

2219 1493 2419 1566 Exsors
2444 1498 2651 1560 viroris,
2689 1497 2850 1550 libero
2880 1493 3128 1566 indignus
3150 1493 3282 1562 uiro,

2214 1564 2532 1636 Agri-tumque
2554 1583 2772 1634 prorsus
2812 1564 3077 1636 Oppidum,
3104 1569 3249 1622 triste
3266 1578 3312 1622 et
3341 1569 3518 1624 nimis.

2221 1634 2320 1687 llic
2338 1645 2528 1688 cuncta
2555 1639 2825 1703 strepitus,
2845 1634 3035 1700 pulvis
3063 1637 3144 1690 hic
3175 1655 3292 1691 cum
3322 1640 3588 1704 curribus,

2220 1704 2493 1781 (iumenta,
2517 1707 2690 1781 ﬂetus,
2717 1707 2977 1781 carnifex,
2993 1718 3044 1781 et
3072 1709 3383 1781 compedes,‘

2221 1775 2534 1846 Tormenta:
2566 1778 2700 1831 cives
2728 1778 2955 1840 hospites
2982 1779 3086 1844 hic,
3116 1789 3160 1831 et
3189 1775 3326 1846 uagi.

2219 1845 2354 1898 Erat
2384 1850 2494 1900 haec
2517 1862 2750 1900 meorum
2779 1846 3106 1902 Sasimorum
3135 1845 3377 1908 ecclesia.

2149 1978 2210 2035 V.
2246 1979 2359 2035 Hac
2387 1983 2732 2038 ordinatione
2754 1983 2948 2040 vulnus
2988 1985 3297 2055 impositum
3329 1985 3484 2040 cordi
3515 1987 3654 2040 Gre-

2073 2073 2232 2142 gorii,
2259 2077 2400 2143 quod
2437 2077 2579 2130 nulla
2609 2077 2696 2130 die
2729 2077 2926 2132 obduci
2964 2081 3158 2148 potuit.
3206 2078 3460 2135 Pluribus
3519 2077 3657 2135 loci!

2073 2166 2365 2233 eXprobrat
2397 2165 2594 2220 Basilio
2620 2167 2908 2222 elationem
2933 2169 3096 2222 animi
3117 2169 3408 2246 quamdam
3441 2167 3652 2236 magni-

2077 2257 2261 2311 tudine
2294 2259 2437 2312 sedis
2460 2257 2721 2314 alllatam.
2744 2260 3002 2326 Queritur
3026 2260 3208 2330 elapso
3235 2261 3493 2315 decennio
3509 2259 3652 2329 quod

2073 2361 2194 2400 cum
2232 2347 2360 2401 olim
2390 2363 2450 2402 se
2483 2349 2717 2403 Basilius
2747 2348 3011 2421 Gregorio
3042 2367 3145 2404 non
3183 2349 3486 2418 praeferret,
3517 2359 3570 2405 et
3609 2349 3657 2405 si

2073 2437 2418 2505 praetulisset,
2477 2440 2864 2494 dissentientes
2923 2441 3202 2494 habuisset
3236 2455 3418 2508 :equos
3474 2454 3657 2493 rerum

2072 2529 2470 2595 aestimatores;
2503 2542 2690 2600 postea
2722 2534 2773 2586 in
2817 2532 3152 2602 amplissimo
3175 2532 3482 2588 collocatus
3516 2531 3656 2597 loco,

2074 2622 2308 2675 amicmn
2343 2637 2448 2676 non
2477 2622 2647 2692 pluris
2696 2639 2859 2692 quam
2908 2626 3123 2678 simium
3163 2624 3369 2680 fecerit.
3420 2623 3658 2679 Eolibe—

2073 2713 2187 2767 rius
2217 2715 2268 2767 in
2312 2714 2411 2768 bas
2447 2715 2700 2784 querelas
2738 2717 3075 2785 erumpebat,
3108 2717 3250 2785 quod
3294 2731 3507 2778 eorum,
3538 2731 3659 2786 qua:

2073 2804 2256 2859 Basilii
2293 2820 2455 2860 causa
2490 2805 2717 2874 fecerat,
2755 2818 2922 2864 testes
2970 2820 3126 2862 erant
3153 2808 3358 2862 Pontus
3395 2819 3448 2862 et
3477 2808 3658 2862 Ctesa-

2076 2915 2188 2966 rea,
2216 2913 2280 2953 ac
2320 2899 2420 2968 ipsi
2463 2898 2665 2955 Basilio
2705 2917 2864 2956 suum
2897 2902 3295 2970 approbaverat
3330 2901 3540 2954 vivendi
3600 2900 3656 2954 in

2073 2991 2367 3045 solitudine
2397 2991 2710 3059 consilium,
2743 3004 3028 3062 postquam
3062 3001 3317 3061 parentes
3343 3007 3374 3046 e
3401 2991 3514 3044 vita
3550 2993 3654 3044 mi-

2073 3096 2346 3151 grassent.
2384 3084 2573 3153 Itaque
2640 3086 2895 3140 amicitia:
2957 3085 3198 3139 colenda:
3266 3084 3502 3149 laudem,
3533 3084 3653 3150 'qna

2075 3176 2220 3230 illum
2272 3176 2545 3232 fatebatur
2593 3177 2882 3238 excellere,
2927 3175 3030 3232 hac
3073 3179 3126 3231 in
3159 3193 3216 3232 re
3245 3177 3292 3232 ei
3326 3175 3651 3247 denegabar.

2146 3267 2433 3322 Multorum
2459 3284 2591 3324 sane
2624 3269 2677 3322 in
2713 3269 2978 3338 vituperia
3009 3270 3192 3324 incidit
3220 3269 3470 3330 Basilius.
3502 3267 3655 3323 ﬁdis-

2074 3361 2211 3415 simo
2251 3361 2427 3415 amico
2461 3376 2527 3416 ac
2561 3361 2766 3429 Optime
2800 3361 2866 3416 de
2899 3376 2958 3416 se
2993 3363 3190 3417 merito
3223 3362 3272 3415 in
3321 3363 3654 3432 episcopales

2073 3466 2230 3505 curas
2267 3462 2468 3522 prmter
2499 3453 2667 3520 ipsius
2717 3451 3049 3507 voluntatem
3097 3453 3365 3523 conjecto,
3399 3463 3452 3507 et
3511 3453 3652 3522 quod

2072 3545 2251 3600 minus
2299 3545 2537 3599 habebat
2563 3545 2960 3609 excusationis,
3009 3545 3128 3600 viro
3159 3553 3236 3598 tot
3285 3559 3350 3599 ac
3379 3555 3524 3598 tanta
3565 3545 3656 3599 ha-

2071 3639 2217 3693 benti
2253 3637 2504 3692 Ecclesize
2535 3635 2786 3707 iuvandae
2831 3637 3188 3691 instrumenta
3234 3637 3289 3690 iu
3333 3636 3657 3692 obscurissi-

2072 3747 2216 3783 mum
2243 3729 2497 3800 angulum
2521 3738 2575 3782 et
2595 3728 2848 3782 omnibus
2866 3728 2989 3781 vita:
3013 3727 3314 3783 commodis
3333 3729 3650 3782 destitutum

2072 3819 2304 3888 relegan
2317 3818 2520 3889 (d).Qui
2545 3817 2818 3871 levissime
2836 3818 3322 3886 reprehendebant,
3344 3820 3647 3888 neglectum

2069 3925 2133 3963 ac
2160 3919 2531 3978 contemptum
2557 3908 2722 3962 fuisse
2739 3907 3058 3977 Gregorium
3077 3910 3352 3974 dicebant,
3376 3921 3428 3964 et
3453 3927 3480 3964 a
3500 3911 3652 3965 Basi-

2068 4000 2161 4064 lio,
2208 4011 2496 4071 postquam
2528 4001 2697 4070 ipsius
2731 4015 2896 4070 Opera
2930 4016 3059 4056 usus
3109 4001 3307 4068 fuerat,
3345 4002 3502 4056 veluti
3553 4019 3650 4058 vas

2067 4094 2336 4163 quoddam
2381 4095 2635 4165 ignobile,
2685 4095 2985 4164 projectum
3035 4094 3129 4164 (e).
3169 4095 3247 4150 Ne
3293 4096 3392 4164 ipsi
3429 4097 3650 4167 quidem

2067 4183 2300 4238 Eusebio
2329 4183 2702 4237 Samosatensi
2739 4182 2963 4250 probata
2995 4183 3109 4238 haec
3141 4184 3434 4243 ordinatio.

2140 4273 2543 4361 Reprehensum
2610 4273 2662 4326 in
2729 4272 2928 4326 Basilio
2997 4274 3291 4329 elationem
3353 4277 3520 4330 animi
3583 4274 3648 4329 li-

2065 4365 2258 4421 benter
2309 4367 2576 4436 arripiunt
2625 4366 2892 4430 nonnulli,
2955 4377 3016 4421 ut
3059 4368 3324 4438 ejusmodi
3370 4369 3646 4423 hominum

2066 4458 2412 4511 sanctitatem
2474 4473 2578 4510 non
2641 4468 2844 4511 tantam
2901 4456 3066 4513 fuisse
3134 4461 3383 4527 probent,
3441 4470 3653 4527 quanta

381 4561 727 4627 Gregorium.
764 4559 878 4614 Non
908 4563 1052 4614 enim
1085 4561 1135 4614 id
1160 4561 1420 4615 Ctesareaa
1445 4562 1670 4623 factum,
1698 4571 1756 4616 ut
1781 4565 1958 4618 exist-i-

2068 4550 2225 4619 vulgo
2281 4550 2645 4604 existimatur.
2714 4550 2819 4604 Sed
2889 4551 3003 4619 ipse
3064 4550 3353 4620 Gregorius
3405 4552 3468 4620 (ί)
3529 4565 3640 4605 tum

381 4655 554 4708 mavit
592 4651 973 4706 Tillemoutius
1003 4650 1099 4722 (ε).
1141 4651 1369 4707 Basilius
1409 4669 1530 4707 cum
1575 4669 1674 4707 nec
1717 4654 1960 4710 Authimi

379 4744 664 4798 malefacta
709 4742 912 4798 imitari
948 4743 1130 4808 vellet,
1169 4757 1268 4797 nec
1304 4757 1415 4796 rem
1448 4742 1719 4812 negligere
1744 4782 1758 4808 ,
1807 4754 1961 4814 opta-

380 4835 653 4888 tissimum
706 4834 1003 4887 remedium
1032 4833 1327 4903 excogitat,
1358 4841 1412 4886 et
1439 4833 1788 4902 episc0patus
1821 4834 1959 4887 mulc

379 4927 628 4996 tiplicare
674 4926 885 4986 statuit.
937 4935 994 4978 ut
1038 4927 1212 4994 ipsum
1258 4923 1543 4980 dissidium
1583 4925 1648 4978 ad
1702 4922 1958 4980 Ecclesia:

374 5017 668 5072 utilitatem
697 5026 1073 5071 convertatur.
1108 5016 1221 5072 lloc
1250 5017 1662 5072 consiliumdiu
1694 5019 1953 5072 multum-

373 5124 482 5178 que
515 5108 689 5162 doluit
730 5108 1015 5178 Gregorio,
1044 5110 1134 5176 qui
1163 5123 1285 5164 cum
1328 5109 1636 5177 episcopale
1670 5122 1809 5163 onus
1845 5108 1956 5162 for-

373 5199 629 5262 midaret,
679 5213 742 5251 ac
782 5213 1010 5266 prorsus
1043 5197 1275 5266 fugeret,
1306 5199 1443 5254 adeo
1473 5199 1522 5254 ei
1573 5200 1771 5254 institit
1806 5200 1959 5254 Basi-

376 5289 501 5354 lius,
535 5289 830 5358 adjuvante
853 5291 1100 5361 Gregorii
1125 5301 1297 5359 patre,
1326 5300 1384 5345 ut
1411 5295 1626 5346 tandem
1652 5292 1844 5347 cedere
1872 5308 1960 5346 co-

371 5394 694 5451 geretur,.et
723 5385 767 5438 si
809 5385 990 5438 minus
1022 5384 1285 5447 animum,
1313 5383 1502 5438 saltem
1534 5393 1692 5454 caput
1731 5383 1954 5438 ordina-

375 5477 503 5532 tioni
572 5477 936 5532 submitteret.
1011 5475 1198 5547 Itaque
1257 5477 1594 5534 Sasimorum
1664 5475 1952 5547 episc0pus

442 5706 515 5768 (tl)
545 5705 674 5775 Naz.
717 5721 803 5775 cp.
835 5708 924 5772 5|,
957 5723 1039 5762 or.
1071 5706 1160 5762 20.

441 5777 516 5839 (b)
565 5774 710 5829 lbitl.‘

438 5846 510 5912 (ε)
553 5847 684 5902 Nat.
717 5863 798 5903 or.
833 5847 922 5902 20.

2063 4657 2184 4696 cmn
2229 4642 2294 4695 de
2325 4641 2527 4696 Basilio
2555 4642 2821 4709 queritur,
2863 4641 2914 4694 in
2950 4656 3056 4710 quo
3086 4642 3257 4709 posita
3311 4641 3474 4696 fuerit
3527 4643 3645 4696 haec

2062 4735 2226 4789 animi
2267 4734 2450 4799 elatio,
2483 4735 2563 4788 sic
2595 4735 2828 4804 explicat
2866 4753 2880 4787 :
2921 4731 3041 4786 Nisi
3064 4735 3180 4802 quis
3204 4744 3398 4798 tamen,
3440 4735 3642 4801 inquit.

2060 4833 2156 4885 hac
2177 4847 2208 4883 a
2242 4846 2322 4884 me
2368 4847 2462 4900 pro
2502 4829 2647 4883 illius
2673 4829 2990 4899 purgatione
3021 4826 3272 4894 accipiat,
3299 4827 3440 4898 quod
3473 4827 3641 4880 subli-

2061 4928 2255 4990 miora,
2281 4941 2441 4995 quant
2469 4940 2566 4993 pro
2605 4923 2829 4977 hominis
2880 4919 3180 4974 conditione
3204 4922 3450 4986 sentiens,
3484 4929 3643 4993 atque

2060 5016 2205 5078 hinc,
2253 5017 2399 5083 prius
2443 5015 2602 5067 etiam
2633 5030 2792 5079 quant
2840 5013 2945 5066 vita
2997 5012 3290 5079 excederet,
3350 5013 3640 5083 digressus,

2060 5107 2240 5158 omnia
2280 5107 2348 5158 atl
2378 5105 2620 5170 spiritum
2653 5102 2949 5170 referebat:
2982 5111 3138 5171 atque
3179 5105 3424 5157 amicitiae
3447 5105 3638 5174 oﬂicia,

2057 5213 2174 5267 qua:
2203 5198 2403 5263 alioqui
2445 5205 2622 5248 sancte
2653 5194 2870 5258 colebat,
2911 5194 2993 5247 hic
3017 5194 3188 5247 solum
3231 5195 3634 5261 aspernabatur,

2060 5291 2148 5343 ulti
2184 5289 2349 5341 Deum
2372 5290 2616 5355 anteponi
2659 5285 2928 5352 oportebat
2975 5295 3130 5356 atque
3177 5289 3497 5356 antiquiores
3538 5289 3637 5341 Ita-

2060 5384 2177 5434 bere
2205 5397 2285 5433 res
2307 5385 2359 5432 in
2393 5396 2481 5443 spe
2502 5379 2725 5446 positas,
2749 5394 2909 5447 quam
2938 5378 3152 5449 fragiles
3178 5387 3225 5432 et
3253 5381 3651 5440 caducaleato-

2057 5473 2352 5543 Gregorius
2402 5473 2468 5525 de
2510 5469 2710 5526 Basilio
2739 5471 2792 5527 in
2835 5470 3031 5527 omium
3079 5481 3286 5530 erecto.
3323 5471 3434 5533 Nec
3478 5475 3642 5533 aliter

2145 5705 2200 5776 Α)
2229 5704 2360 5776 δεῖ.
2402 5721 2485 5775 ep.
2518 5705 2607 5761 5i.

2150 5775 2195 5843 e)
2229 5775 2329 5842 Ep.
2356 5776 2446 5840 98,
2477 5793 2530 5832 n.
2569 5778 2624 5833 2.

2149 5844 2193 5916 f)
2218 5844 2310 5904 0r.
2340 5846 2432 5902 20.
