4040 6216
424 389 536 435 εοιι

1783 389 2316 454 PROLEGOMENA.

426 506 548 546 eum
583 492 641 548 in
677 496 836 549 ternis
867 508 1171 552 versantem
1213 500 1477 559 allocutus
1513 518 1616 572 est,
1661 516 1719 563 ut
1757 520 1904 578 patet
1937 529 2004 568 ex
2034 522 2078 576 A
2110 518 2400 574 solaretur.
2474 519 2541 574 Et
2600 521 2723 588 quia
2780 515 3148 573 Nazianzenus
3191 520 3243 574 in
3294 522 3538 578 oratione
3576 524 3681 595 (ti),

424 583 508 639 bis
540 585 718 640 verbis
753 587 830 659 (tt)
865 603 879 639 :
921 588 1037 644 Οὐκ
1065 591 1302 661 ἤνεγκας
1338 594 1397 648 τὸ
1435 596 1653 669 πνεῦμα
1691 600 1793 669 τῆς
1824 603 2004 671 φιλίας

424 676 647 749 ποιῆσαι
683 677 955 752 δεύτερον·
994 683 1115 735 ἐπεὶ
1156 683 1266 737 τῶν
1310 685 1407 756 μὲν
1453 688 1626 741 ἄλλων
1662 691 1793 756 ἴσως
1822 696 2001 764 ἡμεῖς,

421 769 579 840 ἡμῶν
604 770 661 825 δὲ
692 773 752 827 τὸ
778 772 998 842 πνεῦμά
1024 783 1105 829 σοι
1138 775 1318 847 πολλῷ
1362 779 1705 853 τιμιώτερον.
1744 784 2002 853 Spiritum

420 860 664 915 amicitia:
678 863 987 922 post/rabere
1008 866 1217 918 minime
1232 869 1554 938 sustinuisti,
1578 874 1999 942 quandoquidem

422 958 478 1001 ut
506 966 597 1004 nos
628 951 803 1020 pluris
844 953 1094 1021 fortasse,
1125 972 1281 1025 quant
1314 957 1447 1012 alios
1489 976 1664 1015 omnes
1697 965 1845 1017 ducis
1882 965 2001 1019 :ita

420 1056 628 1095 rursum
652 1040 912 1111 Spiritum
933 1046 1082 1099 nobis
1109 1048 1262 1116 longe
1287 1052 1586 1118 anteponis.

490 1131 576 1187 V'l.
633 1133 782 1189 Hane
829 1136 1223 1197 ordinationem
1278 1154 1382 1192 non
1434 1141 1719 1209 Cmsareze,
1763 1144 1849 1199 sed
1893 1143 2001 1199 Na-

419 1223 592 1279 zianzi
624 1234 899 1295 peractam
921 1242 1041 1282 esse
1074 1236 1304 1282 testatur
1334 1229 1448 1298 ipse
1470 1230 1761 1304 Gregorius
1786 1236 1882 1307 (ὁ),
1907 1237 1997 1306 qui

416 1315 672 1372 Basiliam
708 1320 920 1374 venisse
941 1318 1275 1375 Nazianzum
1313 1323 1466 1378 dicit.

644 1411 780 1485 Ἀλλ’
804 1407 937 1485 ἧκεν
965 1415 1094 1483 ἡμῖν
1116 1412 1226 1467 τῶν
1255 1414 1422 1484 φίλων
1440 1418 1469 1470 ὁ
1498 1416 1751 1485 φίλτατος

704 1482 971 1547 Βασιλίος,
988 1482 993 1483 7
1007 1482 1114 1538 etc.

627 1592 731 1648 Sed
760 1596 892 1647 venit
924 1594 990 1648 ad
1016 1613 1109 1649 nos
1135 1598 1367 1652 omnium
1398 1599 1743 1657 cltarissimus

701 1665 959 1731 Basilius,
993 1676 1100 1721 etc.

412 1773 549 1830 Tum
579 1788 770 1831 narrat
800 1780 1073 1847 quomodo
1111 1789 1266 1850 patre
1290 1781 1550 1839 Basiliam
1580 1785 1872 1855 adjuvante
1897 1788 1994 1845 de-

2107 626 2268 679 quam
2302 611 2492 666 habuit
2522 626 2703 665 coram
2744 610 3008 681 Nysseuo,
3044 613 3112 665 ab
3142 613 3311 667 amico
3336 628 3460 667 eum
3497 617 3682 673 venire

2105 700 2258 766 dicit,
2290 702 2381 770 qui
2416 716 2515 756 nec
2545 703 2741 755 virtute
2790 702 3013 757 inferior
3056 715 3197 767 erat,
3235 720 3333 759 nec
3357 706 3536 760 minus
3558 708 3681 762 dili~

2105 793 2295 859 gebat;
2358 792 2501 846 hunc
2554 794 2787 847 amicum
2851 793 3228 850 Tillemonlius
3290 796 3680 865 interpretatur

2106 882 2164 951 δ.
2216 883 2485 937 Meletium
2542 895 2633 938 aut
2686 886 2744 940 S.
2788 886 3076 941 Eusebium
3131 887 3565 944 Samosalenum.
3609 891 3681 946 At

2106 973 2356 1043 profecto
2384 976 2595 1031 amicus
2633 978 2718 1032 ille
2756 995 2858 1033 non
2896 979 3032 1032 alius
3056 990 3158 1046 cst,
3184 996 3347 1049 quam
3387 982 3500 1051 ipse
3526 981 3680 1037 Basi-

2111 1066 2234 1121 lius.
2273 1065 2559 1136 Postquam
2584 1069 2725 1122 enim
2754 1070 3126 1125 Nazianzenus
3150 1073 3201 1124 in
3227 1072 3491 1127 orationis
3518 1088 3679 1126 exor-

2103 1158 2192 1213 dio
2242 1161 2479 1214 amicqu
2522 1162 2624 1217 sibi
2657 1163 2724 1217 ab
2757 1164 2932 1219 amico
2980 1165 3167 1218 venire
3201 1165 3358 1228 dixit,
3398 1174 3512 1218 tum
3543 1166 3680 1236 petit

2103 1259 2379 1305 oratorum
2428 1268 2579 1307 more
2621 1254 2688 1307 ab
2719 1255 3082 1321 audientibus,
3119 1270 3186 1309 an
3213 1271 3323 1309 rem
3356 1256 3555 1310 clarius
3584 1257 3678 1310 de-

2106 1344 2253 1412 piugi
2290 1344 2477 1408 velint,
2519 1346 2816 1414 statimque
2841 1346 3061 1418 Moysen
3087 1358 3141 1401 et
3177 1349 3446 1402 Aarouem
3482 1349 3532 1401 in
3566 1364 3677 1402 me-

2100 1434 2246 1487 dium
2279 1435 2522 1497 adducit,
2567 1436 2745 1505 iisque
2773 1446 3025 1504 peracute
3058 1439 3200 1492 inter
3234 1453 3293 1493 se
3325 1443 3671 1507 comparatis.

2101 1524 2293 1578 iterum
2330 1526 2572 1596 postulat
2630 1528 2699 1581 ab
2729 1528 3087 1594 auditoribus,
3132 1543 3198 1581 an
3235 1543 3343 1582 non
3391 1530 3676 1597 perspicue

2097 1618 2476 1684 cognominem
2522 1632 2702 1682 suum,
2755 1620 2807 1673 id
2854 1628 2938 1673 est
2990 1618 3330 1689 Gregorium,
3388 1630 3443 1674 et
3484 1621 3678 1674 unani-

2104 1724 2268 1774 mem,
2306 1711 2357 1764 id
2393 1722 2474 1765 est
2506 1711 2787 1777 Basiliam,
2819 1713 3016 1782 pictrix
3049 1713 3223 1767 oratio
3244 1710 3528 1768 eﬂinxcrit.
3563 1710 3676 1765 Ho-

2098 1818 2213 1854 rum
2248 1802 2401 1868 alter,
2444 1804 2639 1874 inquit,
2695 1822 2788 1859 nos
2821 1809 2971 1859 unxit
3014 1822 3075 1859 ac
3103 1806 3322 1860 latentes
3358 1806 3412 1858 in
3445 1806 3674 1858 mediam

411 1880 599 1938 ceptus
621 1870 803 1925 fuerit.
841 1872 1129 1938 Prmterea,
1166 1890 1273 1942 quo
1308 1875 1395 1930 die
1422 1878 1702 1933 ordinatus
1720 1891 1825 1946 est,
1859 1897 1978 1937 ora-

2090 1896 2409 1962 produxil...
2441 1914 2545 1950 non
2583 1908 2638 1951 ut
2674 1899 2887 1968 dignum
2911 1907 3024 1952 erat
3052 1915 3110 1953 eo
3135 1899 3322 1966 spiritu
3348 1899 3437 1966 qui
3476 1899 3527 1951 in
3559 1900 3672 1965 ipso

411 1963 613 2017 tionem
644 1965 833 2019 habuit
862 1982 1044 2022 coram
1066 1977 1218 2038 patre
1240 1981 1294 2023 et
1312 1967 1532 2036 Basilio,
1562 1982 1615 2026 et
1636 1973 1756 2029 aliis
1780 1976 1990 2046 cpisco-

407 2055 491 2123 pis
540 2056 631 2126 qui
676 2071 799 2111 eum
846 2059 1256 2115 ordinaverant.
1312 2064 1383 2116 At
1428 2063 1751 2133 Gregorium
1802 2082 1986 2123 senem

405 2145 566 2212 huius
599 2150 964 2205 ordinationis
1001 2167 1166 2206 causa
1196 2152 1499 2208 Caesaream
1526 2157 1762 2221 venisse,
1794 2174 1884 2215 res
1904 2170 1988 2216 est

408 2255 534 2293 cum
561 2255 658 2295 sua
693 2252 885 2311 sponte
930 2243 1324 2313 improbabilis,
1370 2256 1481 2300 tum
1520 2251 1733 2305 silentio
1766 2253 1987 2310 minime

404 2333 868 2396 prtetermittenda
910 2351 940 2390 a
984 2334 1266 2407 Gregorio,
1305 2340 1396 2409 qui
1438 2342 1613 2396 simile
1646 2344 1816 2411 patris
1860 2344 1983 2410 iter,

410 2423 594 2477 Basilii
634 2440 799 2479 causa
851 2439 1183 2499 susceptum,
1226 2444 1280 2487 ut
1313 2450 1542 2490 summa:
1568 2437 1736 2489 animi
1767 2437 1985 2491 fortitu-

401 2513 549 2571 dinis
577 2518 629 2570 in
666 2518 828 2575 cchto
858 2535 1085 2590 corpore
1113 2526 1413 2593 specimen,
1450 2529 1771 2585 admiratur.
1804 2529 1985 2599 Septi-

408 2625 491 2661 ma
523 2617 609 2663 est
660 2610 772 2665 haec
815 2614 994 2667 oratio
1022 2614 1165 2668 inter
1195 2619 1474 2675 orationes
1503 2618 1772 2691 Gregorii.
1797 2621 1984 2678 Miscet

400 2698 649 2756 laudibus
706 2703 886 2758 Basilii
953 2705 1244 2776 vituperia,
1291 2720 1346 2763 et
1391 2712 1655 2782 obsequio
1706 2714 1978 2783 querelas,

402 2791 544 2859 quod
572 2805 795 2850 coactus
833 2797 1023 2868 magis,
1055 2815 1217 2869 quam
1238 2803 1615 2871 persuadendo
1644 2804 1817 2860 victus
1853 2807 1981 2862 luis-

402 2893 505 2938 set.
532 2885 826 2956 Postquam
860 2900 1041 2946 autem
1086 2893 1336 2961 exposuit
1366 2911 1464 2948 cur
1500 2897 1870 2966 episcopatum
1900 2900 1982 2953 fu-

395 2977 554 3043 gerit,
596 2994 658 3033 ac
697 2981 953 3035 nonnullo
995 2984 1252 3052 temporis
1287 2987 1463 3052 spatio
1524 3002 1660 3055 opus
1703 2989 1977 3056 habuerit,

392 3077 453 3120 ut
476 3083 533 3121 se
555 3069 678 3143 .ipsc
711 3070 1010 3140 colligeret,
1054 3086 1121 3126 ac
1157 3073 1375 3128 tandem
1429 3075 1741 3129 melioribus
1770 3078 1980 3148 cogita-

395 3159 637 3214 tionibus
690 3160 1047 3216 subeuntibus
1076 3162 1154 3233 (p.
1188 3164 1335 3234 144),
1383 3164 1608 3235 Spiritui
1665 3182 1784 3222 sese
1818 3170 1970 3225 daret
2000 3204 2050 3267 ο

395 3251 463 3303 ad
515 3251 915 3319 ministerium;
957 3264 1072 3309 tum
1112 3270 1243 3339 vero
1287 3257 1356 3312 ad
1390 3257 1673 3328 episcopos
1714 3275 1744 3313 a
1778 3261 1975 3329 quibus

395 3341 680 3397 ordinatus
710 3342 907 3412 fuerat,
937 3360 1000 3400 ac
1027 3346 1349 3403 nominatim
1392 3349 1458 3402 ad
1495 3359 1703 3418 patrem
1732 3365 1796 3404 ac
1828 3351 1977 3405 Basi-

391 3428 522 3484 lium
576 3433 875 3488 orationem
930 3438 1224 3503 convertit,
1266 3447 1321 3493 et
1351 3438 1419 3493 ab
1450 3440 1530 3494 eis
1580 3440 1737 3505 petit,
1768 3449 1825 3495 ut
1872 3441 1974 3497 sibi

385 3523 650 3592 Optimam
689 3524 942 3582 Ecclesiae
971 3529 1219 3599 regendre
1250 3531 1515 3585 rationem
1545 3535 1783 3586 tradant.

462 3615 711 3671 Adfuisse
757 3617 965 3689 aliquos
991 3634 1022 3673 e
1057 3621 1353 3677 Sasinicnsi
1389 3625 1585 3694 populo
1616 3625 1828 3695 legatos
1854 3626 1976 3680 exi-

394 3707 581 3761 stimat
621 3708 1020 3774 Tillemontius.
1075 3711 1237 3781 idque
1282 3713 1490 3784 colligit
1516 3731 1581 3770 ex
1612 3731 1676 3770 eo
1700 3718 1840 3785 quod
1895 3718 1972 3771 ait

392 3797 688 3869 Gregorius
725 3802 805 3871 (.p.
841 3803 966 3873 145)
1011 3818 1069 3858 se
1106 3804 1338 3872 Spiritui
1376 3807 1608 3863 cessisse
1651 3809 1730 3871 εἰς
1769 3825 1973 3879 καταρ-

395 3893 578 3964 τισμὸν
600 3893 694 3949 τοῦ
713 3894 843 3951 λαοῦ
866 3896 1079 3962 τούτου,
1103 3898 1171 3950 ad
1196 3898 1558 3963 perfectionem
1581 3899 1738 3969 ltuj-us
1760 3900 1969 3969 populi:

391 3996 444 4038 et
479 3988 577 4039 sub
609 3987 769 4042 linem
815 3991 1077 4044 orationis
1116 4007 1129 4042 :
1187 3986 1257 4041 Et
1296 4006 1398 4053 me,
1435 3999 1482 4044 et
1518 4007 1623 4044 una
1653 4007 1853 4045 mecum
1878 4008 1970 4045 sa-

389 4093 530 4130 crum
571 4079 708 4132 hunc
731 4097 934 4149 gregem
983 4071 1204 4149 pascite,
1233 4082 1572 4153 ποιμαίνοιτε
1600 4083 1693 4136 καὶ
1735 4100 1970 4155 συμποι·

388 4168 652 4239 μαίνοιτε.
711 4170 817 4224 Sed
868 4186 1027 4239 supra
1079 4173 1155 4241 (c)
1197 4173 1606 4229 observavimus
1648 4175 1968 4244 Gregorium

389 4258 716 4331 Nyssenum,
764 4262 867 4315 etsi
918 4263 1181 4318 Caesarea:
1226 4279 1333 4319 non
1390 4264 1730 4334 loquebatur,
1764 4266 1968 4320 dixisse

386 4363 567 4407 tamen
612 4355 679 4409 de
710 4352 957 4410 Basilio:
1004 4355 1252 4409 Testatur
1301 4357 1388 4411 hic
1430 4358 1653 4427 populus
1687 4374 1835 4428 quem
1876 4375 1968 4436 per

384 4448 734 4501 sacerdotium
762 4447 915 4502 duxit
943 4449 1012 4503 ad
1052 4448 1148 4503 Dei
1164 4449 1579 4516 promissionem,
1611 4451 1964 4521 quemadmo-

2089 1998 2198 2053 est;
2232 1990 2369 2043 alter
2392 1992 2531 2044 venit
2562 2001 2615 2045 ιιι
2645 2009 2735 2045 nos
2763 1996 3059 2046 consoletur
3088 2009 3148 2046 ac
3173 2002 3472 2059 contponat,
3496 1990 3676 2060 Spiri-

2089 2081 2265 2148 tuique
2286 2081 2688 2149 mansttefaciat.

2161 2173 2323 2227 Venit
2358 2190 2487 2246 ergo
2521 2174 2849 2230 Nazianzum
2883 2174 3195 2246 Nyssenus;
3234 2183 3289 2229 et
3315 2190 3434 2229 cum
3457 2190 3488 2228 a
3516 2172 3671 2226 Basi-

2090 2264 2160 2317 lio
2202 2266 2397 2319 missus
2451 2266 2631 2331 fuerit,
2668 2267 2925 2320 advenire
2957 2282 3061 2320 non
3095 2266 3270 2335 putuit
3299 2264 3559 2334 postridie
3581 2280 3673 2318 or-

2089 2358 2410 2421 dinationis,
2451 2365 2508 2411 ut
2545 2358 2880 2427 perabsurde
2908 2357 3106 2427 legitur
3132 2357 3184 2411 in
3218 2356 3372 2411 titulo
3404 2354 3670 2410 orationis

2087 2459 2255 2503 sextio
2279 2446 2633 2504 Naziauzcui.
2667 2450 2769 2502 Sed
2803 2458 2979 2502 tamen
3019 2449 3304 2515 perpaucis
3360 2456 3480 2517 post
3520 2448 3671 2500 ordi-

2089 2540 2366 2594 nationem
2395 2539 2582 2594 diebus
2630 2541 2868 2595 advenit.
2921 2540 3055 2593 Nam
3098 2541 3212 2595 hinc
3263 2540 3461 2601 oratio,
3501 2553 3666 2607 quam

2084 2644 2266 2683 coram
2294 2643 2357 2683 eo
2387 2629 2763 2684 Nazianzenus
2809 2630 2944 2686 festo
2981 2629 3213 2699 quodam
3255 2638 3554 2700 martyrum
3580 2627 3670 2680 die

2086 2720 2294 2785 habuit,
2339 2721 2390 2774 in
2428 2721 2671 2776 eamdem
2702 2737 2924 2792 prorsus
2960 2725 3283 2777 sententiam
3319 2720 3665 2789 pronuntiata

2044 2793 2055 2805 ’
2082 2821 2187 2874 est,
2220 2827 2283 2865 ac
2309 2814 2533 2883 septima
2565 2828 2748 2867 coram
2785 2813 3004 2867 Basilio.
3052 2814 3338 2882 Vituperat
3382 2811 3526 2866 enim
3559 2810 3665 2865 Ba-

2082 2904 2261 2957 silimn
2289 2906 2429 2973 quod
2464 2905 2565 2959 sibi
2593 2905 2699 2959 vim
2727 2904 2989 2968 intulerit,
3024 2906 3117 2960 sed
3149 2914 3326 2959 tamen
3364 2918 3518 2958 suum
3565 2903 3667 2957 ob-

2081 2996 2326 3063 sequium
2376 2996 2668 3067 signiﬁcat.
2732 2997 2890 3051 Dolet
2945 2997 3089 3067 quod
3151 2996 3448 3067 Gregorius
3487 2994 3663 3050 serius

2082 3088 2312 3151 venerit,
2342 3087 2509 3141 veluti
2541 3097 2661 3156 post
2681 3088 2887 3142 cladem
2914 3088 3194 3153 auxilium,
3218 3096 3341 3157 post
3371 3095 3662 3157 tempesta-

2082 3189 2186 3231 tem
2214 3178 2561 3248 gubernator,
2600 3189 2720 3248 post
2758 3180 3067 3235 cicatricem
3110 3181 3372 3234 medicina
3417 3179 3493 3249 (p.
3531 3178 3659 3242 158.

2080 3272 2225 3340 141).
2268 3271 2374 3326 Sed
2404 3260 2585 3326 tamen
2621 3286 2681 3326 se
2720 3288 2864 3326 nunc
2891 3273 3087 3327 cedere
3111 3281 3166 3326 et
3200 3272 3450 3325 fiduciam
3473 3270 3659 3325 conci-

2078 3376 2206 3429 pere
2234 3360 2471 3416 declaral
2491 3380 2506 3427 ;
2529 3363 2672 3432 quod
2714 3373 3034 3432 argumento
3056 3372 3139 3416 est
3168 3364 3284 3415 hinc
3302 3362 3498 3415 dixisse
3521 3359 3660 3415 Gre-

2077 3453 2311 3519 gorium,
2352 3463 2641 3522 antequam
2690 3453 2919 3523 fugeret.
2968 3453 3125 3508 Nulla
3163 3452 3368 3507 mentio
3409 3450 3659 3514 Gregorii

2077 3546 2245 3613 patris
2280 3546 2333 3599 in
2362 3546 2469 3600 hac
2498 3546 2746 3602 oratione
2778 3564 2790 3600 :
2833 3545 2971 3601 forte
2997 3545 3123 3615 quia
3154 3546 3408 3613 templum
3447 3554 3658 3614 marty-

2079 3653 2220 3701 rum,
2245 3637 2338 3708 qui
2375 3652 2441 3693 eo
2478 3640 2565 3693 die
2608 3638 2946 3703 colebantur,
2978 3636 3204 3692 nimium
3241 3636 3374 3691 urbe
3400 3636 3658 3705 distabat,

2074 3746 2234 3800 quant
2269 3741 2327 3785 ut
2360 3747 2526 3786 senex
2558 3747 2622 3787 eo
2650 3739 2918 3803 pergeret.

2154 3823 2282 3881 VIII.
2334 3825 2434 3881 Vix
2488 3824 2764 3896 Nyssenus
2816 3824 3090 3880 Nazianzo
3135 3823 3482 3887 discesserat,
3531 3836 3656 3876 cum

2072 3916 2370 3987 Gregorius
2422 3917 2702 3987 deceptum
2766 3932 2826 3972 se
2869 3931 2988 3971 esse
3036 3917 3228 3971 sensit.
3282 3915 3657 3969 Recursarunt

2073 4007 2214 4063 illius
2236 4011 2418 4063 animo
2462 4009 2643 4078 priora
2677 4008 2926 4063 fastidia:
2967 4009 3095 4062 vidit
3127 4009 3265 4062 hanc
3303 4007 3374 4077 (ε)
3410 4005 3657 4060 Sasimo-

2074 4116 2191 4153 rum
2220 4103 2401 4156 sedem
2439 4101 2559 4155 sine
2590 4100 2855 4170 sanguine
2893 4100 3127 4154 obtineri
3165 4115 3270 4153 non
3305 4113 3461 4164 posse
3491 4112 3506 4149 :
3542 4111 3652 4151 non

2074 4191 2383 4247 habiturum
2416 4207 2474 4247 se
2526 4192 2616 4247 ubi
2645 4194 2854 4247 senium
2886 4201 3072 4267 ponat,
3106 4192 3201 4245 sed
3236 4188 3462 4244 subinde
3508 4197 3656 4243 tecto

2071 4283 2350 4353 expulsum
2385 4284 2448 4338 iri
2486 4301 2502 4338 :
2560 4299 2666 4339 non
2716 4285 3026 4339 adiuturum
3066 4297 3259 4353 panem
3307 4295 3466 4349 quem
3525 4293 3651 4334 cum

2072 4376 2283 4443 hospite
2336 4375 2638 4445 partiatur;
2687 4376 2893 4431 nullum
2953 4377 3177 4430 omnino
3230 4373 3348 4428 fore
3401 4371 3650 4425 laborum

2075 4467 2331 4534 fructum,
2388 4483 2488 4526 nec
2525 4478 2703 4525 tamen
2750 4460 2865 4524 ullzi
2901 4469 3151 4524 ablutura
3187 4466 3399 4521 urbium
3443 4464 3652 4516 incom-

383 4540 508 4591 dum
544 4540 726 4594 etiam'.
753 4540 952 4595 ibidem
999 4542 1074 4595 ait
1107 4542 1388 4607 Basilillm,
1432 4544 1663 4597 urbanos
1704 4543 1962 4609 ιῑιηιιιητζδ
1997 4560 2039 4613 D
2071 4559 2249 4612 moda.
2290 4559 2384 4614 llis
2401 4562 2785 4630 cogitationum
2829 4559 3030 4615 aculeis
3062 4556 3425 4629 pungentibus
3453 4554 3649 4607 iterum

382 4642 428 4685 et
448 4633 749 4687 materiales
773 4631 867 4686 hos
896 4633 1154 4686 tumultus
1179 4631 1405 4704 fugisse.
1432 4632 1549 4689 Non
1581 4633 1718 4688 alius
1750 4635 1961 4689 videtur

380 4738 500 4777 esse
548 4739 742 4779 sensus
788 4723 1119 4780 Nazianzeni
1170 4724 1483 4779 verborum.
1524 4725 1717 4781 Dicere
1761 4728 1960 4796 potuit,

380 4813 755 4869 Nazianzeuos
775 4832 934 4869 manu
962 4818 1337 4880 monstrando,
1376 4832 1434 4871 se
1468 4817 1533 4871 ad
1569 4818 1958 4887 perfectionem

386 4906 545 4973 hujus
571 4906 749 4976 pepuli
790 4908 1151 4963 constitutum
1185 4924 1309 4964 esse
1346 4910 1687 4980 episcopum,
1711 4913 1961 4978 quamvis

383 4996 719 5052 Sasimorum
747 5009 913 5062 esset,
959 5016 1063 5054 non
1102 5000 1361 5055 Nazianzi
1392 5003 1698 5071 episcopus.
1731 5003 1807 5057 Eo
1843 5020 1958 5057 ma-

378 5093 460 5155 ais
488 5089 782 5156 probandae
817 5089 1077 5157 ejusmodi
1118 5094 1360 5150 rationes
1398 5096 1674 5166 loquendi,
1710 5100 1853 5168 quod
1900 5101 1954 5158 in

381 5181 617 5237 Ecclesia
648 5196 751 5233 una
781 5195 864 5235 est
887 5181 1144 5239 cathedra
1169 5197 1224 5239 et
1257 5203 1398 5241 unus
1425 5205 1575 5258 grex.

343 5325 352 5340 ,Α
450 5275 555 5329 V'll.
593 5274 725 5327 Illud
780 5273 943 5329 etiam
975 5293 1078 5331 non
1128 5279 1268 5334 belle
1298 5281 1550 5349 opinatus
1574 5293 1657 5337 est
1691 5284 1956 5341 Baronius

379 5365 693 5437 Gregorium
720 5363 1020 5437 Nyssenum
1053 5372 1313 5437 p05lridie
1339 5376 1699 5430 ordinationis
1723 5375 1958 5432 Nazian-

379 5462 494 5519 κειιί
524 5462 829 5518 Caesaream
869 5466 1104 5532 venisse,
1143 5477 1201 5523 ut
1236 5473 1613 5540 cognominem
1642 5490 1797 5531 suum
1820 5490 1951 5531 cou-

446 5666 523 5739 (α)
556 5667 649 5724 Or.
688 5668 739 5728 5.

446 5741 522 5806 (b)
548 5741 725 5793 tiartn.
765 5742 829 5796 tie
863 5740 976 5797 Vit.

442 5808 517 5877 te)
546 5809 675 5880 Cap.
714 5813 795 5879 ll,
829 5831 881 5870 ιι.
908 5814 962 5869 4.

2067 4646 2227 4718 fugit,
2266 4664 2330 4703 ac
2363 4650 2672 4705 solitudinis
2707 4651 2917 4705 deliciis
2941 4648 3256 4718 perfruitur.

2140 4742 2472 4798 l’crmolesta
2525 4742 2623 4797 fuit
2655 4742 2852 4797 Basilio
2893 4740 3139 4809 Gregorii
3172 4736 3321 4807 fuga,
3352 4741 3477 4804 ‘qua
3525 4731 3649 4801 Qui-

2065 4833 2186 4888 dem
2212 4834 2441 4889 consilia
2474 4850 2569 4889 sua
2603 4835 2834 4905 perverti
2859 4834 3068 4898 videns,
3094 4847 3215 4886 cum
3240 4844 3305 4883 eo
3334 4823 3648 4896 expostula-

2066 4927 2141 4979 vit
2173 4941 2276 4979 non
2321 4927 2439 4981 sine
2472 4927 2636 4979 animi
2674 4925 2863 4981 olfensi
2895 4935 2948 4978 et
2984 4922 3211 4978 subirati
3238 4917 3648 4990 signiﬁcationi-

2067 5018 2188 5072 lms.
2242 5019 2312 5072 At
2346 5018 2640 5089 Gregorius
2686 5019 2762 5087 (Ῑ)
2804 5020 2857 5073 in
2909 5016 3284 5084 respondendo
3326 5026 3431 5065 non
3463 5009 3645 5063 minus

2066 5111 2387 5175 vehemens,
2440 5120 2600 5181 negat
2637 5112 2738 5166 sibi
2776 5111 2923 5164 litem
2962 5108 3296 5163 inferendam
3329 5118 3449 5157 esse
3496 5101 3643 5170 quod

2065 5203 2307 5257 fraudem
2365 5205 2579 5258 laudent
2643 5203 2932 5273 aliquando
2991 5199 3242 5260 senserit,
3296 5195 3639 5267 periniquum

2062 5292 2208 5346 enim
2259 5307 2399 5356 esse,
2447 5303 2502 5346 ut
2548 5294 2688 5347 idem
2727 5292 2918 5360 injuria
2952 5289 3215 5346 abiciatur
3240 5297 3296 5343 et
3329 5294 3644 5341 accusetur.

2065 5385 2314 5439 Declarat
2338 5401 2395 5438 se
2423 5401 2571 5439 arma
2594 5387 2734 5439 ferre
2763 5400 2869 5440 non
2901 5399 3078 5453 posse,
3106 5392 3159 5437 et
3183 5396 3281 5450 pro
3317 5376 3641 5434 lactentibus

2060 5488 2113 5533 et
2133 5478 2328 5532 avibus
2360 5476 2542 5531 Basilii
2582 5488 2832 5547 tanquam
2877 5492 2975 5548 pro
3004 5476 3290 5532 animabus
3327 5481 3382 5529 et
3417 5468 3641 5528 canoni-

2142 5679 2214 5754 (d)
2239 5680 2365 5754 Νη.
2392 5697 2473 5736 or.
2510 5686 2574 5738 6.

2134 5754 2205 5817 te)
2233 5753 2411 5805 Carm.
2444 5754 2465 5804 1
2499 5757 2565 5811 de
2605 5753 2710 5817 Vit.

2136 5821 2200 5889 ill
2229 5823 2394 5889 Epist.
2413 5821 2500 5878 3|.
