4040 6216
1783 336 2315 394 ΡιιοιΕσοιιεΝΑ.

420 460 649 530 scripta.
682 460 778 516 Vix
824 460 968 516 enim
1009 458 1281 514 mdilicare
1326 468 1568 529 coeperat
1612 457 1865 523 Basilius,
1897 473 2013 513 ma-
2039 462 2087 518 Α
2117 457 2261 511 ditur
2293 457 2361 511 ab
2390 456 2491 511 hac
2519 457 2601 511 sui
2641 457 2692 510 in
2725 465 2933 526 patrem
2967 466 3019 509 et
3046 457 3300 512 Basilinm
3329 458 3573 528 obsequii
3625 458 3738 536 εἰς(

423 556 561 610 teria
600 555 863 609 hactenus
903 561 1239 622 comportata
1285 569 1299 606 :
1346 566 1483 622 opus
1531 561 1710 608 autem
1753 569 1860 609 non
1915 568 2012 621 po-

2128 549 2493 618 ;nilicatioue.
2539 550 2704 604 Οὐδὲν
2745 551 3114 623 ἰσχυρότερον,
3148 551 3340 621 inquit,
3365 554 3573 624 γήρως,
3611 552 3714 606 καὶ

420 354 542 394 »ειν

425 649 527 701 ιιιίι
554 647 731 702 serius
766 647 1005 713 incipere
1033 647 1134 716 (α),
1165 645 1437 716 siquidem
1489 646 1601 716 jam
1652 656 1837 716 aptum
1882 657 2004 700 erat

423 749 479 792 et
513 748 762 805 paratum
801 738 1107 806 hospitibus
1139 737 1526 804 suscipiendis,
1550 736 1663 807 jam
1691 737 2008 790 monasterii

426 831 602 884 forma
628 832 742 884 suis
783 829 1030 883 absoluta
1062 827 1304 882 numeris
1334 838 1460 882 ante
1489 828 1649 882 littera
1708 826 1833 881 anni
1882 827 2008 881 575.

427 924 606 987 Quare
641 933 843 976 mutua:
875 920 980 975 illa:
1017 920 1404 975 altercationes
1450 919 1848 989 episcoporum,
1892 917 2012 987 qui-

430 1017 529 1067 bus
554 1013 786 1068 Basilius
816 1015 1053 1067 animam
1083 1012 1216 1067 Elite
1258 1013 1374 1067 laedi
1409 1012 1648 1075 uolebat,
1692 1011 1827 1066 nihil
1865 1011 2011 1066 aliud

423 1115 554 1160 sunt
583 1121 746 1174 quam
768 1106 1138 1160 dissensiones
1173 1121 1296 1160 cum
1324 1104 1585 1159 Anthimo
1616 1114 1673 1160 et
1715 1104 1865 1169 aliis;
1901 1119 2010 1159 non

424 1201 571 1253 enim
624 1199 770 1253 aliud
828 1214 1054 1268 prorsus
1105 1198 1365 1266 suspicari
1406 1199 1554 1261 licet,
1611 1213 1709 1252 nec
1738 1197 2012 1253 immerito

428 1301 641 1361 tempus
704 1291 970 1361 ejusmodi
1034 1291 1435 1346 dissensionum
1492 1305 1559 1345 ex
1615 1290 1719 1345 hac
1782 1288 2010 1360 epistola

425 1381 839 1437 constituimus.

500 1493 614 1550 Hoc
672 1496 1151 1565 ptochotrophium
1219 1496 1271 1549 in
1328 1495 1592 1550 subat-on
1639 1495 1919 1549 conditum
1979 1511 2010 1550 a

430 1587 599 1641 fratre
639 1587 828 1642 laudat
860 1588 1158 1660 Nyssenus.
1195 1588 1396 1642 Novam
1442 1588 1715 1641 civitatem
1748 1586 1824 1657 (b)
1857 1596 2010 1641 extra

428 1679 737 1733 Caesaream
800 1681 1034 1750 appellat
1086 1681 1463 1734 Nazianzenus
1499 1679 1591 1749 (c).
1647 1678 1779 1732 Erat
1831 1687 2009 1732 autem

430 1770 739 1839 hospitibus
788 1783 845 1826 et
894 1774 1196 1843 peregrinis
1251 1772 1604 1833 destinatum,
1659 1780 1769 1825 tum
1822 1772 1892 1826 iis
1920 1772 2008 1840 qui

431 1865 543 1917 t-ito
577 1874 885 1928 transeunt,
921 1875 1031 1918 tum
1069 1864 1137 1919 iis
1166 1864 1256 1931 qui
1285 1863 1494 1917 medela
1530 1863 1712 1932 aliqua
1748 1863 2010 1933 indigent.

431 1956 526 2012 llis
571 1958 756 2013 verbis
800 1959 1110 2013 indicantur
1146 1956 1374 2026 leprosi,
1410 1957 1501 2026 qui
1553 1972 1674 2010 cum
1706 1956 2018 2012 civitatibus

437 2050 793 2119 pellerentur,
821 2065 926 2105 non
961 2051 1236 2104 immerito
1287 2050 1430 2103 inter
1474 2050 1719 2118 hospites
1764 2060 1819 2103 et
1857 2064 2014 2119 pere—

429 2142 615 2210 grinos
649 2142 1007 2197 habebantur.
1058 2141 1153 2196 llis
1205 2141 1485 2212 praecipue
1519 2141 1795 2209 provisum
1852 2140 2018 2195 fuisse

431 2234 535 2286 hoc
563 2233 854 2302 hospitium
894 2244 1163 2289 testantur
1195 2232 1573 2286 Nazianzenus
1609 2231 1687 2303 (tl)
1732 2240 1786 2284 et
1835 2230 2015 2285 Theo-

429 2323 655 2379 doretus
682 2324 751 2395 (e)
791 2343 806 2380 :
840 2340 946 2380 non
975 2334 1155 2379 tamen
1193 2326 1447 2378 videntur
1482 2312 1694 2378 exclusi
1725 2320 1889 2376 fuisse
1924 2320 2017 2375 alii

430 2432 498 2473 ex
528 2417 755 2471 civitate
793 2426 885 2471 aut
908 2433 974 2471 ex
1002 2417 1121 2471 aliis
1151 2416 1281 2470 locis
1303 2416 1652 2470 advenientes
1679 2413 1887 2482 aegroti.
1914 2411 2019 2466 Sed

431 2508 702 2577 praecipue
735 2508 786 2562 in
822 2508 1069 2576 leprosos
1116 2507 1314 2561 enituit
1354 2506 1595 2562 charitas
1632 2504 1838 2568 Basilii,
1882 2518 2019 2572 quos

433 2601 518 2651 vir
542 2600 741 2653 nobilis
769 2606 823 2652 et
852 2599 1121 2653 nobilibus
1157 2609 1310 2652 ortus
1343 2597 1579 2653 osculari
1639 2611 1743 2650 non
1800 2595 2018 2649 dubita-

433 2693 550 2755 liat,
581 2706 687 2745 non
728 2691 794 2745 ad
846 2691 1062 2746 inanem
1120 2691 1346 2762 gloriam
1389 2693 1571 2762 (nemo
1623 2691 1767 2744 enim
1818 2690 1885 2742 ab
1918 2688 2021 2743 hoc

431 2784 566 2837 vitio
602 2783 880 2847 remotior,
916 2784 1091 2852 inquit
1122 2782 1517 2848 Nazianzenus,
1560 2783 1651 2836 sed
1687 2790 1744 2835 ut
1771 2782 1907 2836 alios
1951 2780 2021 2851 (Γ)

431 2874 680 2943 exemplo
723 2888 820 2928 suo
868 2875 933 2927 ad
986 2888 1272 2941 corporum
1300 2874 1632 2927 curationem
1664 2872 1895 2926 libenter
1923 2886 2020 2928 ac-

438 2966 636 3020 cedere
663 2965 905 3020 doceret.
944 2963 1055 3019 Nec
1083 2980 1212 3019 vero
1242 2963 1353 3019 sola
1383 2962 1574 3017 civitas
1608 2961 1752 3016 illius
1785 2963 2020 3016 charita-

435 3064 545 3109 tem
576 3056 769 3119 sensit,
806 3056 899 3109 sed
950 3056 1003 3109 in
1041 3070 1207 3124 pagos
1229 3055 1392 3108 etiam
1443 3053 1841 3108 sollicitudines
1893 3068 2021 3108 suas

2115 641 2277 695 οὐδὲν
2333 641 2515 710 φιλίας
2584 641 3028 714 αἰδευιμὼτερον.
3077 642 3215 696 Ὑπὸ
3270 643 3473 698 τούτων
3529 644 3712 716 ἧχθην

2116 734 2253 803 ὑμῖν
2283 733 2396 803 ἐγὼ
2429 734 2650 805 δέσμιος
2688 736 2746 787 ὲν
2779 733 3022 806 Χριστῷ,
3044 735 3220 799 δεθεὶς
3241 736 3342 790 οὐκ
3367 736 3589 791 ἁλύσεσι
3620 753 3708 791 σι-

2119 826 2337 898 δηραῖς,
2391 826 2529 881 ἀλλὰ
2571 829 2685 891 τοῖς
2713 826 2928 891 ἀλύτοις
2957 809 3177 899 δεσμοῖς
3216 828 3312 882 τοῦ
3367 831 3705 901 πνεύματος.

2126 917 2285 972 Nihil
2329 929 2594 973 senectute
2623 919 2836 990 fortius,
2869 921 3000 974 nihil
3045 920 3281 975 amicitia
3334 923 3702 977 venerabilius.

2120 1010 2200 1064 Ab
2230 1010 2314 1064 Itis
2336 1027 2449 1081 ego.
2482 1013 2551 1064 ad
2587 1028 2675 1065 vos
2729 1013 2915 1065 ductus
2945 1028 3085 1077 sum,
3136 1014 3338 1067 vinctus
3380 1015 3435 1067 in
3464 1013 3702 1082 Christo,

2121 1119 2223 1156 non
2248 1104 2448 1156 catenis
2475 1102 2683 1172 ferreis,
2712 1105 2802 1157 sed
2843 1104 3193 1158 tenacissimis
3226 1105 3439 1174 spiritus
3476 1108 3703 1162 vinculis

2115 1195 2463 1249 constrictus.
2524 1194 2617 1249 llis
2649 1210 2780 1249 sane
2833 1196 3015 1249 verbis
3059 1196 3261 1250 iudicat
3306 1194 3598 1267 Gregorius
3639 1211 3705 1252 se

2114 1287 2296 1355 aliquo
2335 1302 2402 1341 ex
2428 1287 2546 1341 loco
2582 1286 2919 1340 Nazianzum
2960 1289 3177 1348 venire;
3213 1302 3276 1343 ac
3304 1289 3530 1355 proinde
3583 1290 3705 1343 haec

2119 1379 2295 1432 oratio
2333 1394 2440 1432 non
2472 1378 2656 1433 statim
2687 1389 2808 1447 post
2838 1380 3232 1434 ordinationem
3258 1388 3313 1434 et
3347 1389 3471 1434 ante
3495 1378 3707 1435 oratio-

2117 1486 2239 1524 nem
2273 1471 2592 1540 scptimam,
2622 1482 2681 1525 ut
2714 1473 2891 1526 visum
2922 1482 3006 1525 est
3036 1471 3404 1535 ’l‘illemontio,
3438 1472 3531 1526 sed
3578 1481 3707 1540 post

2122 1559 2363 1614 reditum
2400 1575 2467 1616 ex
2497 1561 2616 1631 fuga
2653 1562 2997 1630 pronuntiata
3055 1571 3159 1618 est.
3214 1560 3304 1616 Sic
3343 1562 3506 1616 etiam
3557 1560 3705 1631 quod

2120 1651 2271 1704 addit
2298 1666 2358 1706 se
2392 1660 2550 1705 antea
2575 1650 2695 1705 aliis
2729 1653 2913 1707 omnia
2943 1652 3245 1722 reliquisse,
3284 1660 3341 1705 ut
3373 1665 3554 1707 secum
3577 1651 3707 1722 phi-

2117 1741 2519 1809 lowpharetur,
2542 1750 2596 1797 et
2616 1742 2745 1796 Elite
2760 1742 3066 1798 Carmelum
3089 1759 3152 1798 ac
3174 1743 3398 1798 Joannis
3426 1745 3705 1799 desertum

2118 1832 2405 1902 cogitasse,
2441 1833 2492 1886 id
2527 1834 2772 1901 profecto
2804 1833 2985 1888 dicere
3013 1850 3114 1888 non
3141 1835 3312 1902 potuit
3336 1834 3455 1904 ipso
3487 1834 3707 1888 ordina-

2123 1925 2284 1978 tionis
2310 1922 2639 1979 Sasimensis
2669 1925 2777 1988 die,
2826 1940 3112 1994 quamnon
3138 1927 3415 1995 praecessit
3442 1925 3704 1991 solitudo,

2118 2017 2213 2072 sed
2240 2016 2420 2085 potius
2447 2018 2737 2072 sacerdotii
2767 2018 2922 2072 labor
2970 2019 3020 2072 in
3050 2028 3202 2087 patre
3234 2017 3555 2085 adiuvando.

2193 2107 2530 2162 Tillemontii
2569 2107 2879 2179 opinionem
2913 2108 3109 2163 clarius
3148 2108 3399 2163 refellunt
3442 2124 3563 2178 qum
3617 2123 3708 2164 se-

2121 2210 2387 2268 quuntur.
2427 2201 2519 2254 Ait
2552 2215 2610 2255 se
2635 2210 2791 2255 antea
2824 2202 3021 2256 fortem
3052 2202 3337 2269 quemdam
3387 2212 3441 2257 et
3485 2203 3709 2271 insupe-

2121 2290 2347 2345 rabilem
2368 2291 2469 2345 sibi
2492 2291 2667 2346 visum
2697 2306 2848 2357 esse;
2881 2308 2945 2347 ac
2977 2308 3047 2347 ne
3072 2293 3460 2349 amantissimis
3486 2295 3709 2364 quidem

2124 2381 2209 2436 his
2246 2380 2514 2437 fratribus
2543 2398 2829 2438 sermones
2859 2384 3090 2450 dedisse,
3113 2395 3172 2438 ut
3198 2400 3383 2440 secum
3414 2385 3525 2454 ipse
3555 2395 3711 2440 tran-

2121 2473 2290 2543 quille
2319 2472 2823 2545 philosoriharetur,
2861 2482 3159 2548 secumque
3185 2478 3300 2547 ipse
3344 2487 3547 2533 etcum
3594 2480 3713 2549 spi-

2130 2566 2235 2619 ritu
2264 2565 2595 2634 colloquium
2653 2568 2896 2622 haberet.
2924 2568 3006 2622 An
3047 2578 3223 2637 potest
3252 2567 3590 2624 manifestius
3617 2572 3709 2624 in-

2125 2657 2297 2712 dicari
2322 2658 2557 2714 solitudo
2586 2665 2638 2713 in
2666 2674 2830 2729 quam
2863 2675 2921 2715 se
2953 2662 3268 2730 receperat?
3295 2661 3401 2717 Sed
3426 2663 3567 2731 quod
3593 2677 3713 2717 am-

2128 2750 2346 2819 bigendi
2373 2751 2559 2807 locum
2581 2767 2797 2807 omnem
2840 2753 3147 2822 praecludit,
3185 2760 3427 2809 recantat
3450 2768 3711 2820 quaecun-

2122 2857 2228 2912 que
2254 2852 2376 2912 post
2403 2836 2804 2898 ordinationem
2836 2845 3023 2900 dolore
3053 2846 3317 2900 suadente
3357 2845 3409 2899 in
3442 2844 3707 2899 Basiliam

2124 2936 2371 3003 asperius
2403 2936 2637 2994 dixerat.
2683 2935 2809 2990 Jam
2855 2937 2996 2991 enitn
3038 2939 3175 2992 iram
3219 2937 3410 3008 abjicio
3454 2938 3711 3008 (Audiens

2124 3029 2385 3083 mansueti
2420 3039 2468 3082 et
2494 3028 2744 3082 lwtentur
2771 3026 2949 3100 [Ρδαι.
2988 3044 3184 3093 xxxnt,
3209 3027 3268 3101 3]
3298 3029 3349 3099 ),
3398 3044 3714 3100 manumun

432 3118 776 3205 extendebat,
796 3158 857 3198 ac
889 3118 1141 3199 omnibus
1187 3144 1368 3215 populi
1422 3143 1727 3213 prie-positis
1769 3146 2021 3199 humani-
2049 3164 2092 3221 ω
2126 3119 2586 3221 ¹¹Ψ¹⁶χ⁴1ξξα³ι²¹²ί¹¹ί
2617 3119 2733 3221 ,υὺη
2763 3118 2967 3221 σφέων
3005 3121 3214 3190 “Mida
3247 3120 3394 3174 τηλία
3421 3122 3709 3221 “mpnf”

435 3250 597 3292 tatem
631 3239 682 3291 in
718 3253 1003 3306 pauperes,
1031 3245 1088 3291 ut
1127 3252 1415 3292 commune
1442 3246 1720 3291 certamen
1756 3252 2023 3306 propone-

437 3332 547 3383 hat.
584 3330 736 3386 Unde
764 3328 840 3400 (g)
880 3329 1078 3400 singuli
1117 3331 1497 3401 chorcpiscopi
1537 3332 1792 3387 videntur
1820 3333 1870 3387 in
1928 3348 2025 3401 pa-

434 3423 519 3502 gis
549 3421 650 3478 sibi
693 3422 1001 3477 commissis
1032 3438 1323 3480 commune
1363 3424 1587 3496 aliquod
1617 3425 1872 3482 habuisse
1902 3438 2024 3496 pto-

434 3513 845 3584 chotrophium.

509 3644 586 3718 (h)
616 3644 923 3717 Saepissime
969 3647 1021 3701 in
1053 3648 1530 3718 ptocbotrophinm
1565 3650 1821 3706 veniebat
1872 3650 2027 3707 Basi—

440 3734 565 3800 lius,
604 3752 707 3790 non
742 3735 939 3799 solum,
968 3745 1027 3788 ut
1072 3752 1366 3806 pauperum
1402 3755 1591 3793 curam
1643 3750 1879 3809 gereret,
1929 3741 2025 3797 sed

438 3828 603 3879 etiam
638 3835 698 3881 ut
747 3828 1137 3881 monasterium
1184 3828 1464 3896 inviseret,
1492 3829 1634 3899 quod
1665 3830 1734 3885 ibi
1770 3842 2023 3887 constru-

441 3926 590 3970 ctum
620 3928 760 3974 erat.
793 3918 1042 3973 Monachi
1070 3918 1217 3973 enim
1261 3929 1420 3974 erant
1448 3923 1594 3976 servi
1637 3921 1714 3975 illi
1754 3922 1872 3988 Dei,
1900 3925 2023 3993 qni-

441 4009 543 4063 bus
572 4011 864 4079 assignatas
893 4021 1049 4065 erant
1069 4011 1215 4064 sedes
1241 4010 1550 4067 inferiores.
1573 4013 1651 4067 Ex
1683 4015 1787 4069 hoc
1817 4015 1935 4069 loco
1962 4015 2024 4086 (i)

442 4100 734 4168 perscribit
769 4102 1147 4169 Atnphilocltio
1179 4102 1494 4158 Heraclidas
1519 4105 1703 4159 audita
1732 4121 1801 4162 ex
1829 4106 2027 4164 Basilio

442 4196 761 4249 monasticm
791 4195 913 4249 vitm
942 4206 1235 4265 prazcepta.
1264 4195 1489 4251 Prmfuit
1512 4207 1566 4251 et
1603 4199 1939 4256 monaswrio
1972 4212 2029 4257 et

442 4284 865 4353 ptochotrophio
910 4286 993 4339 vir
1048 4286 1266 4341 eximia:
1322 4287 1564 4352 virtutis,
1620 4288 1889 4346 Sacerdos
1932 4308 2029 4345 no-

442 4377 619 4439 mine;
667 4377 761 4432 sed
781 4377 829 4430 ei
864 4387 1156 4447 utrumque
1181 4359 1575 4446 ministerium,
1598 4382 1741 4448 quod
1772 4381 2025 4451 Basilius,

2127 3218 2191 3264 ac
2223 3209 2437 3278 spiritui
2468 3207 2712 3274 arrideo,
2745 3208 2976 3279 mihique
2997 3220 3314 3263 commotum
3343 3220 3525 3279 pectus
3552 3210 3712 3263 seda-

2129 3312 2237 3368 tur,
2264 3300 2501 3368 reditque
2539 3300 2711 3364 ratio;
2754 3309 2910 3369 atque
2963 3300 3221 3367 amicitia,
3257 3300 3430 3353 instar
3476 3300 3712 3369 ﬂantum:

2128 3391 2400 3459 consopita
2441 3400 2489 3443 et
2522 3391 2805 3453 exstincta,
2846 3406 3032 3444 rursus
3065 3405 3131 3444 ea:
3156 3406 3316 3459 parvo
3350 3390 3582 3460 ignicqu
3627 3407 3715 3445 re—

2127 3484 2346 3547 viviscit,
2373 3493 2423 3537 et
2451 3483 2731 3536 excitatur.
2775 3481 3035 3536 Renuerat
3067 3482 3332 3538 consolari
3356 3485 3539 3538 anima
3569 3500 3714 3550 mea,

2126 3584 2178 3629 et
2198 3576 2463 3629 anxietate
2509 3574 2833 3644 aﬂiciebatur
2882 3574 2936 3627 in
2974 3590 3053 3627 me
3098 3575 3312 3642 spiritus
3337 3592 3504 3629 meus.
3541 3576 3711 3629 Dixi:

2132 3666 2423 3737 Nunquam
2451 3667 2506 3719 in
2546 3673 2815 3734 posterum
2852 3665 3104 3719 amicitia:
3123 3664 3283 3734 ﬁdem
3317 3664 3538 3720 habebo.
3571 3666 3716 3721 Ante

2131 3760 2529 3814 ordinationem
2556 3756 2795 3811 amicitia
2838 3754 3095 3810 Basilium
3128 3759 3270 3811 inter
3302 3766 3358 3811 et
3385 3755 3714 3828 Gregorium

2134 3851 2354 3906 turbata
2391 3864 2499 3904 non
2530 3848 2745 3914 fuerat;
2777 3848 2887 3903 iras
2909 3848 3055 3903 inter
3088 3862 3182 3903 eos
3220 3848 3334 3903 sola
3369 3849 3537 3903 movit
3564 3848 3716 3902 ordi-

2134 3944 2305 4007 natio,
2342 3951 2398 3997 et
2421 3941 2564 4011 quod
2595 3939 2893 4010 Gregorius
2915 3938 3117 3995 fatetur
3140 3954 3199 3996 se
3221 3940 3445 4005 dixisse,
3481 3938 3614 3993 nulli
3655 3954 3719 3995 se

2135 4034 2394 4103 deinceps
2422 4032 2600 4087 amico
2641 4031 2799 4086 fidem
2830 4032 3168 4096 habiturum,
3205 4030 3257 4085 id
3284 4031 3559 4101 conceptis
3588 4044 3713 4085 ver-

2135 4125 2219 4179 bis
2249 4124 2380 4180 dicit
2430 4124 2483 4177 in
2537 4122 2781 4178 clausula
2809 4124 3053 4192 epistolas
3092 4124 3185 4189 5i,
3219 4137 3381 4192 quam
3416 4132 3539 4191 post
3568 4121 3717 4190 abje-

2135 4225 2280 4273 ctum
2313 4214 2682 4284 gubernanda:
2721 4214 3060 4270 Sasimorum
3116 4214 3371 4270 Ecclesitc
3423 4209 3713 4270 censilium

2130 4307 2369 4376 scripsit.
2397 4305 2539 4372 Quin
2564 4309 2725 4361 etiam
2750 4321 2871 4360 cum
2896 4306 3213 4377 obsequium
3254 4322 3409 4361 suum
3441 4308 3495 4362 in
3519 4308 3723 4361 oratio-

2135 4401 2295 4455 nibus
2324 4399 2355 4452 7
2396 4408 2452 4453 et
2479 4398 2536 4464 6,
2573 4414 2680 4453 non
2729 4400 2847 4453 sine
2877 4399 3115 4469 querelis
3142 4408 3198 4454 et
3223 4399 3427 4453 aculeis
3465 4400 3517 4453 in
3561 4397 3718 4454 Basi—

442 4478 504 4521 ut
538 4469 835 4523 verisimile
879 4480 985 4535 est,
1024 4471 1376 4526 commiserat
1398 4471 1491 4543 (j),
1527 4472 1804 4530 Helladius
1839 4474 2024 4530 Basilii
2059 4514 2105 4570 Β
2135 4493 2265 4548 pum
2306 4502 2565 4560 testem“
2602 4493 2654 4546 in
2689 4493 2793 4547 hac
2821 4493 3013 4563 quinta
3045 4492 3295 4547 oratione
3321 4492 3459 4547 adeo
3491 4492 3630 4548 leuis
3662 4502 3716 4548 ει

445 4576 732 4625 successor
777 4564 1015 4630 indignis
1063 4564 1236 4617 modis
1279 4564 1578 4633 ablegavit.
1627 4565 2027 4627 Ccleberrimus

441 4653 546 4707 fuit
587 4654 675 4708 hic
727 4654 876 4711 locus
909 4670 974 4710 ac
1024 4653 1351 4709 Basiliatlem
1409 4657 1592 4711 vocari
1648 4659 1867 4713 solitum
1905 4676 2027 4717 esse

448 4744 707 4799 discimus
751 4761 817 4800 ex
863 4744 1097 4815 quodam
1135 4746 1343 4799 scholio
1378 4744 1432 4799 in
1482 4747 1718 4816 antiquis
1748 4749 2026 4807 codicibus

443 4846 566 4903 post
605 4837 844 4906 regulam
894 4837 1048 4892 brev.
1077 4838 1205 4906 286,
1244 4850 1479 4910 reperto.
1522 4838 1730 4895 Laudat
1765 4841 2026 4898 Sozome-

446 4944 548 4980 nus
581 4924 655 4995 (lt)
698 4928 959 4982 eximium
989 4931 1278 4998 quemdam
1325 4931 1800 5000 chorepiscopum,
1837 4932 2031 5003 Prapi-

448 5016 596 5071 dium
630 5019 870 5082 nomine,
896 5034 1059 5089 quem
1089 5020 1343 5076 Basiliadi
1388 5022 1667 5091 prmluisse
1704 5030 1953 5078 tcSIatur.

517 5128 583 5185 ll.
619 5128 735 5184 Non
761 5131 851 5184 diu
887 5132 1123 5200 perstitit
1147 5133 1199 5186 in
1228 5134 1347 5202 fuga
1376 5132 1689 5204 Gregorius,
1719 5136 1807 5203 qui
1846 5149 1905 5191 se
1927 5135 2031 5192 hac

454 5239 553 5277 .ltttt
588 5222 641 5276 in
682 5238 740 5277 re
765 5224 944 5279 minus
977 5224 1171 5279 fortem
1211 5241 1275 5279 ac
1310 5241 1633 5294 generosum
1662 5226 1862 5285 fatetur
1883 5244 2030 5295 esse,

448 5330 501 5372 .n
530 5317 604 5369 ira
641 5315 813 5384 patris
862 5317 1204 5385 perferenda.
1234 5316 1549 5375 Orationem
1584 5320 1829 5391 quintam
1868 5336 2027 5378 exor-

542 5458 596 5596 σῖ
632 5459 728 5527 Ep.
762 5459 884 5514 150.

545 5533 571 5580 ιτ
631 5532 683 5582 In
716 5530 877 5588 Basil.

545 5603 592 5669 ρ)
616 5600 710 5653 0r.
735 5600 826 5653 9.0.

524 5669 601 5741 (tl)
627 5671 769 5741 ιιιίιι.

526 5740 596 5808 (ρ)
624 5740 738 5794 Lib.
776 5757 846 5810 Iv,
878 5757 927 5798 c.
958 5742 1041 5798 l9.

523 5810 592 5870 tn
623 5812 756 5869 Ibid.

2139 4586 2385 4657 placatus
2413 4594 2518 4651 est,
2554 4595 2613 4640 ut
2640 4584 2783 4638 nulla
2823 4593 2949 4639 tunc
2974 4583 3091 4650 eius
3121 4585 3304 4657 animo
3337 4585 3587 4639 videatur
3628 4601 3718 4640 re-

2139 4678 2348 4733 sedisse
2396 4675 2655 4744 offensio;
2698 4686 2753 4732 ct
2785 4692 2907 4731 cum
2945 4676 3130 4731 Basilii
3160 4678 3445 4732 consilium
3500 4677 3554 4731 in
3591 4692 3718 4733 ora-

2139 4771 2284 4826 tione
2315 4780 2492 4833 sexta,
2524 4770 2747 4840 dignum
2784 4785 2890 4825 non
2924 4769 3091 4824 fuisse
3118 4770 3345 4825 dicateo
3374 4770 3590 4840 spiritu,
3622 4773 3716 4840 qui

2136 4873 2257 4919 erat
2289 4863 2342 4916 in
2378 4862 2612 4927 Basilio;
2643 4876 2785 4916 nunc
2817 4862 2957 4917 idem
3003 4861 3290 4916 consilium
3324 4863 3390 4915 ad
3420 4873 3565 4916 astra
3614 4865 3720 4919 tul-

2132 4958 2196 5011 lit
2225 4974 2239 5010 :
2266 4955 2525 5023 Spiritum
2574 4954 2843 5019 amicitia,
2880 4954 3057 5025 inquit
3086 4953 3148 5025 (l)
3173 4993 3187 5017 ,
3211 4952 3521 5020 posthabere
3547 4956 3718 5009 mini-

2131 5065 2212 5103 me
2242 5047 2541 5102 sustinuisti
2578 5046 3023 5116 (quandoquidem
3062 5056 3116 5100 ut
3144 5062 3237 5099 nos
3269 5045 3439 5114 pluris
3461 5047 3714 5114 fortasse.

2137 5160 2293 5214 quam
2318 5143 2451 5196 alios
2487 5159 2664 5196 omnes
2687 5142 2836 5195 ducis
2867 5159 2885 5195 :
2908 5143 2983 5195 ita
3010 5159 3215 5195 rursum
3257 5139 3513 5209 Spiritum
3563 5145 3718 5201 nobis

2137 5232 2289 5301 longe
2316 5233 2635 5300 anteponis).
2685 5230 2809 5284 Non
2857 5249 3043 5298 passus
3090 5249 3141 5285 es
3178 5230 3435 5287 talentum
3487 5234 3539 5286 in
3570 5244 3718 5291 terra
3764 5282 3773 5290 .

2136 5323 2402 5394 defossum
2427 5338 2581 5393 atque
2603 5324 2846 5378 obrutum
2880 5323 3061 5379 latere.
3103 5322 3224 5379 Non
3253 5342 3441 5395 passus
3466 5343 3518 5381 es
3548 5326 3721 5384 lucer-

2202 5464 2278 5587 (ἰ)
2316 5463 2415 5532 Ep.
2452 5465 2555 5518 142
2583 5474 2633 5520 et
2657 5466 2776 5520 HS.

2204 5536 2221 5587 ι
2266 5536 2282 5587 ι
2309 5535 2403 5587 En.
2434 5535 2555 5587 150.

2204 5535 2282 5604 (ιι)
2309 5535 2403 5598 Ep.
2434 5535 2555 5588 150.

2202 5606 2267 5672 (ξ)
2298 5602 2430 5657 niti.

2200 5674 2275 5773 $13.
2296 5674 2423 5773 ἕῖῑῗ·
2451 5690 2539 5773 ἓν·
2570 5676 2693 5773 Ἤρ]

2203 5742 2275 5808 (lt)
2302 5742 2419 5797 ιιι).
2451 5742 2521 5811 vi,
2554 5763 2601 5802 c.
2639 5748 2725 5800 3L

2205 5813 2265 5882 (Ι)
2300 5812 2393 5868 Οι·.
2425 5816 2478 5872 5.
