4040 6216
1636 378 1787 431 VlTA
1936 373 2200 428 BASlLll.

3442 392 3540 431 ιον

284 507 407 547 nam
439 494 617 545 modio
650 492 853 545 diutius
886 491 1078 547 obduci
1108 496 1248 558 λῆθε
1292 498 1427 551 enim
1481 499 1655 551 lumen
1694 513 1862 551 meum
1890 514 1938 567 Α
1970 496 2272 548 oralionem
2339 491 2716 546 Tillemoutius
2765 491 2833 560 te)
2881 490 3043 545 refert
3085 491 3149 544 ad
3196 507 3393 545 annum
3438 494 3541 547 573

282 597 559 653 meamque
588 588 992 655 negotiationem
1017 605 1126 643 esse
1152 590 1440 644 existimas.

355 662 485 727 Illud
513 684 694 727 autem
731 691 838 727 non
874 677 1032 728 valde
1068 678 1373 733 abstrusum
1403 688 1508 742 est,
1539 681 1681 749 quod
1710 682 1783 734 ait
1807 694 1866 734 se

285 781 349 817 ne
390 764 475 819 his
504 767 722 835 quidem
747 769 1140 822 amantissimis
1176 754 1431 827 fratribus
1469 783 1624 825 antea
1657 788 1865 826 sermo-

285 871 406 907 nem
441 856 720 923 impertire
742 858 1000 911 voluisse.
1033 858 1162 911 Nam
1210 876 1332 913 cum
1387 862 1609 931 fugisset
1659 864 1708 915 iu
1740 864 1865 916 soli-

286 946 553 1007 tudinem,
618 956 777 1015 atque
831 947 913 1007 ibi
952 949 1147 1002 festum
1203 951 1459 1018 paschale
1512 953 1859 1016 traduxisset,

283 1039 459 1091 caruit
490 1039 708 1091 interim
744 1040 1088 1108 optatissima
1126 1040 1270 1094 illius
1299 1058 1429 1097 voce
1486 1044 1723 1097 Ecclesia
1758 1044 1863 1098 Na-

286 1130 573 1192 zianzeua,
630 1140 685 1183 ut
744 1131 1025 1184 evidenter
1072 1133 1298 1201 probant
1340 1150 1458 1202 quae
1509 1146 1859 1202 sequuntur:

284 1218 479 1282 Utpote
511 1220 601 1289 qui
651 1223 827 1273 omnia
879 1222 1225 1287 reliquissem,
1261 1236 1313 1276 ut
1365 1225 1429 1277 ab
1476 1227 1617 1278 omni
1655 1228 1859 1295 negotio

282 1312 512 1377 feriatus
551 1312 838 1379 tranquille
870 1313 1288 1381 pbilosopharer,
1320 1332 1620 1385 mecumque
1666 1318 1772 1385 ipse
1813 1328 1861 1369 et

282 1418 405 1454 cum
441 1404 633 1470 spiritu
669 1404 984 1473 colloquium
1009 1406 1268 1459 haberem.
1310 1406 1422 1459 Non
1461 1409 1615 1461 video
1667 1424 1763 1461 cur
1809 1408 1858 1462 id

282 1492 671 1548 'l‘illemontius
731 1495 991 1550 Caesarea:
1055 1497 1252 1551 dietum
1328 1499 1505 1566 potius
1564 1500 1858 1563 existimet,

279 1599 444 1650 quam
473 1584 750 1638 Nazianzi.
783 1587 899 1642 Dixi
927 1586 1255 1654 Gregorium.
1287 1590 1537 1652 paschale
1574 1590 1771 1644 festum
1807 1591 1857 1643 in

282 1672 576 1726 solitudine
608 1676 804 1743 egisse,
838 1675 963 1744 quia
986 1676 1139 1743 hujus
1166 1683 1365 1745 quinta:
1390 1680 1671 1740 orationis.
1699 1695 1857 1747 quam

281 1766 471 1817 statim
510 1775 634 1831 post
669 1767 898 1824 reditum
931 1770 1332 1833 pronuntiatam
1365 1770 1528 1825 fuisse
1564 1782 1731 1839 patet,
1763 1788 1858 1826 au-

1970 603 2032 639 ae
2067 585 2445 639 ba-reticormn
2497 585 2754 651 aliquem.
2783 599 2935 640 antea
2978 584 3271 638 Doarorum
3322 585 3543 653 episco-

1970 695 2094 747 pum
2129 678 2291 730 fuisse
2327 686 2519 745 putat‘r
2554 691 2661 744 quo
2684 676 2908 743 expulso
2933 676 3195 729 Eulalittm
3224 675 3541 746 a'Grcgorio

1966 772 2272 823 ordinatum
2308 769 2493 834 fuisse,
2522 784 2626 822 non
2652 778 2962 835 exspectato
2996 769 3065 821 ob
3105 784 3270 821 moras
3322 770 3538 837 pericu-

1968 862 2073 912 lum
2128 859 2313 913 Basilii
2349 873 2663 913 consensu..
2693 856 2797 911 Sed
2847 856 3005 910 facile
3044 868 3126 909 est
3155 858 3386 923 probare
3415 866 3540 909 tunc

1966 956 2194 1020 primunt
2256 952 2446 1005 Doaris
2501 950 2848 1003 constitutum
2904 949 3211 1016 episcopum
3240 948 3425 1013 fuisse,
3461 950 3540 1001 id-

1964 1060 2068 1111 que
2103 1044 2344 1096 fervente
2384 1042 2638 1095 Basiliqu
2675 1041 2815 1093 inter
2853 1050 2906 1092 et
2946 1041 3262 1093 Autbimum
3293 1040 3535 1094 dissidio.

2041 1136 2208 1202 Digna
2241 1142 2367 1187 sunt
2399 1149 2518 1201 qua:
2551 1132 2933 1186 uotenturbmc
2959 1130 3377 1200 verbaGregorii
3414 1130 3491 1199 (d)
3521 1147 3535 1183 :

1968 1224 2203 1287 Δέξασθε
2266 1223 2422 1291 λόγον
2482 1224 2788 1275 νεόκτιστον
2848 1221 2939 1273 ἐπὶ
2989 1220 3280 1289 νεοκτίστῳ
3346 1220 3538 1289 ποιμέ-

1966 1330 2035 1363 νι.
2078 1310 2281 1364 Novam
2318 1322 2525 1379 propler
2554 1327 2741 1363 norum
2764 1319 3027 1375 pastorem
3068 1311 3356 1362 oralionem
3398 1311 3539 1361 acci-

1963 1406 2087 1471 pile.
2122 1404 2288 1457 Vocat
2312 1404 2614 1455 orationem
2642 1403 2953 1454 νεόκτιστον
2994 1402 3063 1455 ob
3118 1403 3359 1453 materia:
3384 1416 3539 1469 pror-

1962 1510 2055 1547 sus
2096 1494 2325 1547 insolita:
2369 1494 2687 1557 novitatem,
2735 1494 3040 1546 νεόκτιστον
3083 1503 3378 1559 pastorem,
3411 1490 3537 1558 quia

1966 1588 2108 1639 hunc
2144 1587 2375 1655 primum
2442 1587 2613 1639 Doara
2648 1587 2964 1654 episcotmm
3020 1594 3360 1653 acceperant.
3399 1581 3539 1635 Infe-

1964 1679 2075 1729 rius
2098 1679 2237 1731 hanc
2264 1678 2759 1745 interpretationem
2776 1678 3080 1739 continuat,
3096 1692 3223 1729 cum
3243 1676 3345 1727 ait:
3367 1676 3539 1745 Προσ-

1964 1769 2136 1839 Θήκην
2182 1770 2371 1841 ἱερέων
2416 1768 3025 1843 ἐπραγματευτὰμεοα,
3076 1768 3173 1837 οὐχ
3214 1766 3535 1836 ὑφαίρεσιν

280 1860 425 1913 ditor
452 1860 555 1911 fuit
593 1860 844 1925 Basilius,
873 1877 1032 1929 quem
1092 1863 1447 1931 improbabile
1489 1872 1573 1917 est
1612 1864 1854 1918 Caesarea

1966 1860 2253 1929 αἰρετικῶν
2306 1863 2659 1933 ἀνατροπὴν,
2711 1861 2811 1913 οῦκ
2875 1858 3167 1930 ὀρθοδόξων
3223 1858 3535 1911 ἐλάττωσιν.

279 1948 476 2002 diebus
528 1950 752 2004 Pascha:
814 1952 1075 2008 abfuisse.
1106 1955 1175 2008 At
1216 1970 1335 2007 cum
1392 1957 1611 2025 scripsit
1661 1956 1859 2025 episto-

280 2040 388 2091 lam
428 2040 498 2093 95
529 2040 771 2111 (scripsit
815 2056 994 2099 autem
1050 2046 1135 2101 (lie
1179 2048 1491 2101 duodecima
1521 2048 1698 2115 Maii),
1742 2050 1861 2102 redn

280 2130 398 2181 iiat
433 2143 498 2183 ex
530 2134 761 2197 quodam
804 2132 1021 2198 itinere,
1086 2135 1223 2201 quod
1254 2135 1478 2201 proinde
1532 2150 1634 2187 non
1693 2135 1859 2187 multo

280 2232 407 2289 post
442 2221 649 2275 Pascha
687 2235 1050 2281 susceperat:
1084 2225 1278 2294 vixque
1306 2226 1525 2282 dubimu
1576 2234 1684 2291 est,
1727 2228 1857 2295 quin

283 2324 415 2365 tunc
451 2313 778 2368 Nazianzum
811 2318 1041 2369 venerit.

352 2405 582 2469 lll._Non
619 2409 697 2477 (τι)
725 2409 855 2462 solis
888 2410 1123 2463 Sasimis
1152 2408 1518 2479 episcopatum
1552 2411 1727 2464 erexit
1758 2411 1860 2464 Ba-

280 2500 458 2560 silius.
487 2502 582 2554 sed
614 2502 862 2569 pluribus
909 2503 1028 2555 aliis
1062 2501 1192 2556 locis
1225 2503 1364 2556 idem
1406 2503 1725 2558 beneﬁcium
1769 2518 1859 2556 ac-

280 2593 467 2647 cessit.
492 2592 686 2646 Narrat
717 2593 1013 2663 Grcgorius
1040 2593 1407 2650 Naziamzeuus
1446 2596 1546 2649 hoc
1572 2596 1856 2649 dissidium

280 2686 346 2735 ad
384 2683 643 2744 Ecclesia:
688 2684 980 2737 utilitatem
1007 2699 1329 2739 conversum
1382 2701 1412 2738 a
1444 2684 1642 2740 Basilio
1672 2687 1859 2749 fuisse,

280 2775 457 2841 patria
495 2774 749 2827 nimirum
792 2772 1032 2841 pluribus
1076 2774 1341 2840 episcopis,
1383 2774 1703 2825 communita
1744 2791 1763 2829 :
1798 2789 1862 2826 ea:

280 2880 382 2929 quo
412 2874 518 2916 (res
559 2863 983 2930 praclarissima:
1032 2880 1110 2916 res
1145 2874 1457 2921 consecutio.
1491 2863 1630 2917 Nam
1668 2875 1714 2918 et
1744 2866 1861 2918 ani-

284 2972 491 3015 marum
524 2972 653 3008 cura
692 2956 867 3024 major
902 2967 1145 3023 suscepta
1183 2966 1282 3018 est,
1330 2968 1374 3008 et
1404 2957 1645 3024 qua'libet
1676 2957 1858 3009 ciuitas

280 3059 561 3117 proventus
578 3065 700 3103 suos
722 3048 904 3101 habuit
934 3069 950 3104 :
973 3059 1017 3101 et
1048 3049 1236 3100 bellum
1265 3048 1364 3101 hac
1388 3050 1589 3101 ratione
1605 3064 1860 3116 compres-

278 3155 395 3191 sum
433 3151 480 3190 et
508 3140 819 3191 exstinctum
854 3151 950 3191 est.
983 3138 1157 3209 Hujus
1195 3140 1424 3201 consilii,
1460 3139 1654 3207 inquit,
1684 3155 1860 3193 vereor

284 3246 347 3281 ne
374 3230 510 3281 velut
540 3231 804 3297 appendix
838 3231 1077 3299 qua’dam
1104 3231 1312 3297 fuerint.
1357 3228 1560 3295 Quibus
1582 3246 1647 3283 ex
1685 3230 1860 3283 verbis

280 3329 449 3387 patet,
490 3320 733 3388 pluribus
764 3321 817 3375 in
848 3322 981 3376 locis
1008 3321 1135 3374 olim
1163 3321 1423 3375 Ctesarete
1467 3320 1726 3389 subjectis
1762 3322 1861 3374 Ba~

284 3414 467 3466 silium
511 3430 678 3469 novos
707 3416 1051 3484 episcopatus
1082 3415 1450 3481 constituisse,
1484 3426 1538 3470 et
1586 3432 1709 3469 cum
1761 3415 1862 3469 hoc

283 3505 515 3561 consilio
564 3508 793 3561 materia
847 3508 1203 3563 dissensionis
1234 3518 1516 3577 amputata
1546 3516 1709 3570 esset,
1759 3508 1862 3560 Ana

280 3598 515 3653 tbimum
553 3598 819 3654 libentius
847 3601 913 3657 ad
968 3602 1117 3671 pacis
1168 3603 1509 3657 conditiones
1543 3601 1858 3655 accessisse.

282 3693 435 3758 Quod
480 3703 657 3747 autem
693 3696 917 3765 proprio
943 3705 1114 3749 marte
1148 3696 1273 3750 fecit
1310 3696 1539 3749 Basilius
1564 3695 1615 3747 in
1666 3694 1734 3747 iis
1784 3694 1862 3746 lo-

282 3790 380 3846 cis,
418 3802 539 3856 (ιντο
569 3786 863 3841 Antbimus
893 3790 943 3841 in
969 3789 1228 3843 ditionem
1261 3804 1413 3842 suam
1448 3786 1728 3840 vindicare
1757 3800 1865 3838 non

282 3886 554 3943 potuerat,
586 3879 729 3932 idem
761 3880 978 3933 videtur
1000 3882 1051 3934 in
1087 3880 1205 3934 aliis
1228 3879 1444 3949 oppidis
1474 3877 1865 3939 controversis,

281 3968 398 4035 ipso
425 3972 809 4025 consentiente
828 3972 1109 4035 Antbimo,
1143 3972 1343 4026 factum
1371 3971 1859 4049 fuisse,postquam

282 4059 350 4106 ait
381 4060 533 4125 pacis
565 4060 902 4115 conditiones
927 4070 1243 4130 perventum
1279 4070 1382 4115 est.
1430 4061 1563 4114 Nam
1614 4059 1859 4121 Basilius,

281 4158 571 4219 postquam
619 4168 943 4222 congressus
979 4162 1060 4207 est
1114 4168 1234 4205 cum
1290 4152 1560 4221 episcopis
1608 4150 1861 4205 secundae

284 4240 665 4308 C"l‘pnd0ci$.
711 4246 921 4314 rogavit
953 4255 1202 4300 sanctum
1241 4244 1531 4299 Eusebium
1560 4252 1619 4299 ut
1649 4242 1700 4295 in
1727 4241 1866 4307 Cap-.

281 4332 564 4397 padociam
604 4334 832 4393 veniret.
883 4334 1092 4403 sibique
1144 4351 1301 4402 opem
1350 4334 1517 4387 ferret
1552 4332 1625 4401 (b)
1647 4332 1715 4385 ad
1740 4348 1862 4384 con-

282 4424 615 4475 stitulioamt
644 4425 1028 4491 episcoporum.
1081 4425 1585 4494 Supereraut‘ergo
1627 4423 1715 4477 alii
1749 4423 1861 4492 epi-

1965 1955 2279 2009 Sacerdotes
2313 1974 2503 2023 augere
2532 1954 2854 2016 studuimus,
2913 1972 3013 2007 non
3061 1955 3394 2015 subtrahere;
3430 1956 3537 2003 litv-

1963 2046 2150 2097 reticos
2174 2057 2415 2104 evertere.
2436 2062 2537 2097 non
2565 2046 2879 2097 ortlrodoxus
2907 2045 3236 2095 imminuere.
3260 2040 3538 2095 Noualiud

1964 2144 2179 2204 tempus
2235 2138 2478 2189 occurrit
2534 2136 2584 2189 in
2644 2136 2877 2189 Historia
2946 2135 3115 2186 sancti
3170 2132 3382 2196 Basilii,
3431 2146 3541 2201 quo

1962 2228 2311 2295 multiplicati
2350 2230 2665 2282 sacerdotes
2696 2227 2899 2281 fuerint
2932 2225 2984 2278 in
3016 2224 3376 2293 Cappadocia,
3400 2238 3539 2292 pra:-

1964 2328 2045 2371 ler
2074 2319 2201 2373 illud
2227 2336 2350 2373 cum
2384 2321 2642 2373 Autbimo
2668 2319 2977 2371 dissidium.

2035 2410 2416 2467 Vehemenlem
2451 2413 2590 2465 banc
2615 2411 2941 2464 discordiam
2972 2408 3259 2463 manifeste
3291 2408 3538 2460 indicant

1961 2520 2080 2572 qme
2109 2520 2137 2558 a
2168 2504 2430 2573 Gregorio
2460 2504 2511 2556 in
2555 2506 2934 2571 presbyterum
2964 2502 3273 2567 quemdam,
3303 2499 3537 2552 Calidum

1962 2598 2202 2650 Autbimi
2258 2598 2489 2663 partium
2541 2596 2917 2653 defensorem,
2952 2592 3223 2642 dicuntur.
3275 2589 3364 2642 Sic
3395 2589 3538 2641 enim

1962 2705 2085 2742 eum
2123 2688 2411 2755 compellat
2450 2707 2462 2739 ;
2500 2687 2564 2737 Τί
2606 2686 2733 2754 φῆς,
2781 2678 2825 2736 ὧ
2868 2686 2967 2734 παῖ
3012 2682 3189 2734 ΔαΟὲιν
3230 2681 3323 2734 καὶ
3364 2678 3540 2731 Ἀϐει-

1968 2778 2097 2850 ρὼν,
2131 2779 2224 2830 καὶ
2251 2778 2523 2848 στρατηγὲ
2559 2776 2971 2844 ἁσωφρόνιστε;
3016 2776 3043 2826 ὁ
3091 2773 3232 2825 κατά
3263 2771 3541 2832 Μωῦσέως

1960 2869 2259 2940 τολμήσας,
2297 2869 2389 2921 καὶ
2416 2870 2602 2938 χεῖρας
2631 2867 2863 2933 ἐπαφεὶς
2904 2867 3056 2935 ἡμῖν,
3106 2864 3296 2933 ὥσπερ
3346 2864 3539 2913 ἐκεῖνοι

1961 2962 2061 3024 τὰς
2089 2959 2340 3029 γλώσσας
2378 2960 2597 3030 μεγάλῳ
2627 2959 2953 3029 Οεράποντι;
2987 2958 3088 3009 οὐκ
3133 2953 3387 3024 ἕφριξας;
3438 2953 3541 3004 οὐκ

1963 3054 2311 3123 ἐνετράπης;
2368 3055 2467 3106 οὐκ
2516 3052 2781 3124 ἕρρευσάν
2831 3068 2912 3103 σοι
2955 3049 3125 3101 ταῦτα
3181 3045 3543 3115 διανοουμένῳ

1968 3146 2110 3201 κατὰ
2135 3148 2236 3217 γῆς
2259 3147 2314 3198 αἱ
2343 3144 2575 3216 σὰρκεςς
2621 3139 2739 3197 εἶτα
2770 3144 2868 3205 τὰς
2900 3145 3085 3211 χεῖρας
3110 3139 3311 3200 ταύτας
3332 3134 3544 3190 ἁνατεί-

1964 3256 2075 3299 vat;
2103 3237 2180 3306 τῷ
2206 3236 2353 3307 Θεῷ;
2386 3232 2505 3289 εἶτα
2553 3236 2699 3306 δῶρα
2749 3232 3073 3304 προσάξεις
3110 3228 3225 3281 εἶτα
3270 3226 3544 3298 ὑπερεύξῃ

1963 3329 2131 3392 λαοῦ;
2170 3327 2441 3397 φοϐοῦμαι
2475 3328 2547 3396 μή
2601 3343 2731 3379 ποτε
2776 3322 3033 3377 τοσοῦτον
3078 3324 3109 3391 ὴ
3161 3320 3405 3391 ῥομφαία
3445 3318 3542 3370 τοῦ

1964 3420 2099 3473 Θεοῦ
2131 3418 2372 3488 κατιωθῆ
2416 3419 2509 3471 καὶ
2548 3419 2898 3487 ἠρεμήσειεν.
2935 3412 3072 3467 Οῦτε
3112 3412 3190 3482 τῷ
3226 3411 3441 3480 ποιμένι
3466 3405 3547 3479 τῷ

1966 3512 2043 3581 σῷ
2089 3511 2231 3582 μέγα
2252 3529 2302 3563 τι
2342 3510 2602 3580 ἐχαρίσω,
2650 3510 2742 3560 καὶ
2794 3507 2988 3559 σαυτὸν
3017 3505 3085 3557 τὰ
3133 3504 3364 3573 μέγιστα
3413 3499 3544 3570 ἔζη-ι

1970 3602 2205 3671 μίωσας,
2233 3596 2599 3668 ἀλλοτριώσας
2652 3595 2877 3649 σεαυτὸν
2930 3594 3031 3661 τῆς
3076 3591 3167 3645 τοῦ
3210 3590 3344 3643 Θεοῦ
3386 3590 3543 3659 χάρι-

1966 3710 2077 3755 τος.
2114 3691 2255 3756 Quid
2300 3690 2403 3753 ais,
2445 3688 2527 3756 ﬁli
2580 3688 2805 3739 Datliam
2834 3694 2878 3735 et
2916 3684 3133 3743 Abiron,
3174 3691 3220 3732 et
3256 3682 3364 3731 dua:
3403 3678 3545 3728 mili-

1967 3786 2097 3836 toris
2134 3792 2447 3846 contumax,
2481 3779 2571 3849 qui
2601 3780 2856 3830 adversus
2892 3773 3094 3826 Mosam
3139 3772 3405 3838 insurgere
3449 3784 3547 3819 au-

1966 3896 2055 3932 sus
2083 3894 2136 3931 es
2158 3877 2182 3929 1’
2204 3877 2294 3945 qui
2316 3891 2503 3928 manus
2530 3875 2581 3926 in
2610 3889 2727 3933 nos,
2757 3868 3199 3940 quemadmodum
3228 3866 3305 3918 illi
3333 3866 3552 3934 linguas

1966 3974 2019 4024 in
2069 3987 2317 4039 magnum
2363 3970 2511 4020 illum
2565 3967 2655 4019 Dei
2687 3982 2916 4026 servum,
2944 3962 3254 4015 immisisti?
3292 3959 3415 4013 Non
3452 3976 3546 4009 co-

1968 4063 2261 4115 Itorruisti?
2293 4079 2395 4113 non
2422 4062 2620 4129 pudore
2652 4059 2885 4125 sit/fusus
2922 4056 3016 4108 es?
3074 4069 3176 4107 non
3216 4059 3327 4104 Ιηιό
3367 4050 3550 4103 animo

1964 4154 2192 4221 agitanti
2217 4168 2397 4205 carnes
2422 4151 2474 4203 in
2517 4162 2713 4203 terram
2754 4147 3001 4213 collapsa:
3045 4146 3206 4198 sunt?
3243 4144 3308 4195 lit
3356 4152 3541 4210 postea

1970 4260 2159 4295 munus
2188 4242 2282 4295 ltas
2313 4258 2521 4295 sursum
2570 4242 2637 4291 ad
2693 4238 2857 4290 Deum
2914 4236 3134 4288 tendes?
3188 4243 3364 4302 postea
3398 4233 3543 4284 dona

1973 4339 2199 4406 omnes?
2228 4346 2403 4404 postea
2436 4333 2700 4387 orationes
2724 4348 2817 4396 pro
2846 4330 3037 4397 populo
3079 4329 3264 4397 fundes
3290 4330 3312 4382 Σ)
3360 4322 3548 4377 Vereor

1966 4431 2201 4499 equidem
2228 4446 2289 4482 ne
2321 4428 2415 4480 Dei
2454 4427 2659 4494 gladius
2683 4426 2871 4477 tantliu
2909 4423 3197 4489 rubiginem
3242 4419 3544 4475 contra/tat.

282 4517 429 4584 scopi
466 4517 753 4570 ordinandi
801 4528 995 4584 prmter
1044 4534 1138 4571 eos
1183 4533 1316 4587 quos
1371 4516 1598 4574 Basilius
1645 4516 1695 4571 in
1747 4518 1870 4583 ipso
1896 4529 1937 4583 ο
1969 4536 2013 4575 et
2045 4521 2398 4589 conquiescat.
2435 4519 2547 4571 Nec
2582 4536 2611 4570 a
2654 4529 2868 4582 pastore
2900 4526 2988 4567 tuo
3026 4516 3289 4581 ingentem
3312 4511 3547 4577 aliquam

280 4608 643 4661 dissensionis
666 4619 800 4661 cestu
837 4610 1200 4668 ordinaverat,
1246 4624 1310 4661 ac
1342 4609 1567 4677 proinde
1615 4609 1727 4660 Iure
1767 4623 1860 4675 pa-

284 4700 363 4751 ris
391 4701 635 4754 conditio
662 4703 805 4755 inter
850 4702 985 4756 alias
1012 4702 1283 4769 proposita
1323 4702 1440 4764 fuit,
1473 4710 1533 4753 ut
1569 4699 1691 4754 novi
1742 4701 1858 4768 epi-

286 4803 541 4858 scopatus
574 4796 626 4848 in
654 4796 1020 4849 controversis
1044 4796 1178 4848 locis
1213 4795 1572 4864 erigerentur.

356 4886 670 4941 Tricesimze
730 4888 903 4940 sancti
956 4887 1201 4953 Gregorii
1258 4886 1581 4941 Naziauzcni
1629 4884 1858 4940 orationi

282 4976 455 5030 locum
487 4978 636 5031 dedit
688 4990 905 5033 erectus
958 4979 1221 5046 ejusmodi
1276 4980 1616 5047 episcopatus
1651 4979 1701 5031 iu
1736 4992 1864 5044 quo-

285 5070 404 5122 dam
444 5070 670 5139 oppido,
694 5071 763 5124 de
797 5087 904 5138 quo
926 5088 1046 5125 cum
1094 5088 1283 5140 magna
1317 5072 1616 5126 exstitisset
1640 5072 1861 5125 dimica-

285 5162 389 5225 tio,
458 5163 692 5232 repulsis
736 5164 979 5216 Antbimi
1024 5164 1236 5230 amicis,
1275 5164 1568 5232 Gregorius
1615 5163 1684 5215 ibi
1732 5178 1855 5215 cum

287 5254 407 5307 aliis
444 5256 740 5324 episcopis,
776 5257 1003 5309 absente
1059 5257 1297 5324 quidem,
1332 5258 1423 5309 sed
1467 5255 1652 5322 procul
1697 5256 1859 5308 dubio

286 5349 620 5400 assentiente
665 5345 892 5412 Basilio,
918 5346 1228 5415 episcopqu
1266 5348 1556 5399 ordinatil.
1594 5346 1856 5414 Oppidum

286 5437 410 5489 illud
446 5437 618 5491 Doara
674 5449 904 5493 vocatur
963 5439 1103 5506 apud
1162 5439 1331 5492 lilium
1376 5448 1855 5492 commentatorem

278 5532 445 5584 sancti
504 5529 784 5600 Gregorii,
851 5529 1137 5599 episcopus
1194 5546 1318 5585 vero
1380 5528 1640 5585 Eulalius.
1709 5528 1858 5582 llanc

338 5709 416 5779 (α)
443 5707 539 5764 Or.
564 5710 659 5763 eo.

338 5782 413 5848 (ὁ)
443 5781 539 5845 Ep.
575 5782 697 5834 100.

1967 4616 2195 4681 gratiam
2237 4612 2423 4674 miisti,
2452 4620 2498 4662 et
2540 4613 2760 4676 Ieipsum
2796 4610 3026 4661 maximo
3060 4607 3368 4657 detrimento
3404 4598 3549 4651 mul-

1967 4708 2093 4759 lasti
2116 4746 2130 4768 ,
2172 4706 2393 4773 teipsum
2437 4704 2673 4757 uidelicet
2700 4720 2735 4754 ο
2762 4701 2857 4753 Dei
2880 4701 3058 4768 gratia
3086 4705 3344 4749 avertens.
3387 4691 3548 4745 Hunc

1970 4801 2345 4867 presbyterum
2374 4811 2479 4849 non
2522 4796 2794 4849 immerito
2822 4792 3011 4844 ducem
3045 4788 3333 4842 militarem
3364 4782 3550 4852 appel-

1970 4894 2046 4944 lat
2070 4890 2393 4957 Gregorius,
2424 4889 2551 4956 quia
2599 4904 2697 4956 pro
2735 4886 2994 4940 Ambiqu
3026 4882 3375 4934 vehementer
3408 4893 3543 4930 con-

1972 4992 2053 5032 tra
2092 4979 2348 5033 Basilimn
2381 4986 2711 5047 pugnaverat
2742 4990 2804 5028 ac
2839 4986 3031 5025 manus
3060 4972 3113 5023 in
3147 4971 3321 5037 ipsum
3352 4966 3551 5036 iujece-

1975 5082 2057 5124 rat
2090 5072 2437 5139 Gregorium.
2480 5068 2674 5121 Pastor
2707 5068 2820 5130 ille,
2855 5084 2881 5118 a
2915 5082 3022 5134 quo
3082 5064 3370 5133 presbyter
3414 5074 3542 5128 gra-

1971 5166 2099 5215 tiam
2153 5166 2293 5217 inire
2328 5164 2589 5222 voluerat,
2624 5162 2762 5214 alius
2800 5174 2921 5212 esse
2970 5174 3073 5211 non
3110 5158 3339 5219 videtur,
3378 5168 3545 5219 quam

1967 5257 2295 5318 Autbimus;
2342 5256 2501 5323 idque
2530 5266 2846 5323 argumento
2874 5263 2976 5316 est,
3007 5259 3357 5320 pugnatorem
3392 5244 3544 5297 illum

1970 5348 2263 5401 Doarorum
2297 5348 2611 5415 episcopum
2668 5362 2770 5399 non
2806 5346 2991 5406 fuisse,
3046 5344 3139 5397 sed
3190 5339 3368 5409 potius
3400 5333 3547 5404 Tya-

1969 5455 2189 5492 uensetu
2218 5439 2454 5507 aliquem
2493 5438 2897 5509 presbyterum,
2927 5436 3079 5505 cujus
3109 5444 3381 5505 pastorem
3422 5443 3549 5485 esse

1966 5530 2283 5583 Antbimum
2310 5528 2601 5592 Gregorius
2635 5530 2983 5599 agnoscebat.

2040 5710 2108 5775 lc)
2138 5707 2289 5761 Tom.
2328 5705 2414 5768 IX.
2442 5726 2493 5777 p.
2524 5707 2644 5761 59L

2044 5779 2118 5844 (ιι)
2150 5778 2278 5831 Νη.
2317 5795 2396 5832 Cr.
2430 5782 2516 5832 eo.

2516 5965 2596 5975 ,υ-
