4040 6216
480 360 599 401 XCVI

1828 363 2368 428 PROLEGOMENA.

563 464 840 520 Convertit
887 467 1083 523 deinde
1112 470 1412 527 orationem
1454 474 1748 546 Gregorius
1778 481 1844 534 ad
1886 481 2057 550 ipsum
2090 490 2130 545 Α
2233 486 2392 540 Circa
2429 498 2530 540 nec
2567 492 2777 552 tempus
2814 483 3105 538 maximum
3154 482 3358 551 luctum
3396 480 3574 536 attulit
3615 481 3747 535 uni-

480 555 745 611 Eulalium
780 573 947 629 quem
988 570 1268 629 pastorum
1317 566 1578 632 optimum
1623 580 1678 622 et
1714 574 2055 637 praestantis-

482 650 682 705 simum
717 658 899 714 vocat,
930 667 995 706 ac
1036 654 1144 707 vita
1192 663 1244 708 et
1295 657 1535 712 moribus
1585 661 1799 731 dignum
1850 667 2060 733 episco-

484 750 607 807 patu
642 754 762 793 esse
811 752 1060 796 testatur.
1113 744 1376 800 Hortatur
1426 748 1653 819 (p.496)
1688 764 1745 806 ιιι
1799 755 1848 807 in
1900 757 2059 812 rebus

481 830 853 897 spiritualibtts
891 842 1095 888 tantam
1127 836 1229 890 sibi
1278 842 1720 909 approbationem
1769 847 2056 917 conciliet,

479 929 732 988 quantam
767 923 818 976 in
852 926 1032 979 mundi
1071 930 1297 995 negotiis
1330 934 1732 991 conciliaverat.

548 1011 775 1068 Videtur
826 1017 1176 1073 Doarensium
1227 1036 1381 1077 amor
1422 1025 1473 1078 in
1512 1026 1767 1083 Basiliam
1814 1032 2054 1088 Antltimi

480 1100 735 1171 impetum
768 1108 1046 1174 repulisse.
1079 1110 1217 1166 llinc
1250 1114 1565 1185 Gregorius,
1598 1123 1749 1187 quasi
1789 1134 2055 1181 metueret

478 1208 547 1247 ne
591 1196 876 1251 molestum
920 1199 1025 1255 illis
1069 1214 1214 1257 esset
1247 1205 1507 1261 Basiliam
1544 1211 1798 1283 deinceps
1845 1216 2057 1282 episco-

477 1300 602 1351 pum
637 1300 739 1339 non
788 1288 1008 1350 habere,
1049 1293 1127 1346 sic
1157 1307 1251 1347 eos
1296 1293 1491 1349 affatur
1520 1297 1595 1367 (p.
1626 1300 1749 1370 495)
1779 1321 1793 1357 :
1823 1302 1945 1359 Non
1972 1323 2057 1360 ve-

480 1375 653 1428 nimus
697 1386 753 1429 ut
804 1378 1041 1445 gladium
1102 1383 1398 1449 mittamus,
1454 1390 1543 1440 sed
1593 1402 1647 1442 ut
1694 1409 1900 1461 pacem.
1932 1395 2057 1451 Non

476 1468 710 1521 renimtts
758 1470 813 1521 in
872 1473 1048 1541 magni
1111 1474 1259 1527 illius
1304 1480 1535 1545 pastoris
1595 1492 1943 1553 contemptum
2007 1499 2053 1541 et

475 1560 839 1626 ignominiam,
878 1564 967 1632 qui
1001 1564 1289 1633 splendida:
1319 1571 1521 1625 civitati
1566 1576 1834 1640 prwsidet.
1874 1576 2057 1632 [Iono-

477 1650 691 1704 rabilem
725 1655 938 1719 scimus,
986 1669 1139 1721 caput
1190 1662 1561 1727 agnoscimus,
1613 1677 1853 1720 sanctum
1898 1685 2057 1722 voca-

475 1756 613 1801 mus,
655 1746 861 1797 tametsi
915 1748 1115 1815 injuria
1168 1750 1361 1819 aﬂ'ecti.
1412 1752 1571 1816 Patet
1629 1772 1697 1810 ex
1760 1762 2048 1827 postremis

476 1834 655 1888 verbis
685 1834 795 1899 jant
833 1839 1139 1893 ordinatum
1193 1842 1363 1899 fuisse
1415 1845 1788 1904 Sasimensem
1842 1851 2056 1919 episco-

476 1943 601 1996 pum
633 1928 953 1999 Gregorium
986 1951 998 1986 :
1036 1948 1098 1987 ac
1138 1945 1456 2005 conceptum
1504 1954 1569 1994 ex
1612 1956 1675 1995 ea
1713 1956 1772 1995 re
1815 1943 2053 1998 dolorem

474 2018 590 2086 ejus
615 2022 794 2075 animo
831 2023 1084 2081 insidere.
1125 2026 1231 2082 Sed
1269 2039 1447 2085 tamen
1484 2033 1629 2087 illius
1673 2036 1836 2089 ardor
1877 2037 1930 2090 in
1963 2037 2056 2092 de-

477 2107 740 2163 fendenda
793 2111 978 2167 Basilii
1033 2129 1193 2170 causa
1249 2117 1499 2174 dubitare
1553 2138 1658 2177 non
1711 2125 1871 2186 sinit,
1926 2127 2051 2195 quin

477 2207 604 2253 tunc
631 2202 995 2271 episcopatum
1026 2207 1108 2259 vel
1160 2209 1393 2262 nondum
1424 2210 1731 2281 abiecisset,
1760 2215 1847 2269 vel
1877 2217 2054 2283 potius

475 2305 542 2343 ex
576 2290 697 2361 fuga
755 2309 1007 2351 reversus
1041 2300 1288 2368 obsequii
1326 2303 1408 2355 sui
1460 2305 1883 2373 significationes
1912 2309 2051 2378 patri

477 2395 541 2435 ac
587 2382 784 2440 Basilio
836 2387 1092 2444 dedisset.
1126 2390 1257 2446 Post
1311 2392 1631 2463 Gregorium
1675 2398 1763 2451 alii
1815 2400 2051 2471 episcopi

475 2472 639 2527 verba
710 2475 902 2532 facturi
963 2491 1157 2549 erant,
1213 2484 1337 2545 novi
1411 2487 1649 2555 episcopi
1728 2491 2050 2547 adhortandi

473 2579 658 2631 causa,
692 2578 753 2623 ut
790 2582 937 2636 patet
992 2589 1057 2627 ex
1113 2575 1195 2629 his
1232 2576 1477 2646 Gregorii
1535 2581 1602 2632 ad
1642 2598 1764 2634 eum
1821 2585 2049 2637 verbis:

474 2652 846 2725 Per/ectiorem
892 2674 1216 2718 armaturam
1251 2684 1283 2720 a
1332 2670 1624 2738 majoribus
1659 2674 1877 2728 ducibus
1911 2675 2053 2727 acci-

474 2747 607 2814 pies,
637 2760 744 2807 etc.

546 2838 634 2896 ιν.
672 2843 1029 2902 Proliciscens
1070 2848 1299 2905 Basilius
1331 2851 1407 2920 (α)
1441 2861 1563 2921 post
1593 2853 1817 2920 Pascha,
1855 2864 1911 2910 ut
1938 2856 2050 2925 jam

474 2929 739 3000 diximus,
792 2937 1003 2993 litteras
1059 2940 1126 2993 ad
1166 2940 1458 2996 Eusebium
1512 2944 1887 3013 Theophrasto
1929 2949 2050 3001 dia-

472 3038 611 3078 cono
653 3027 897 3096 qederat,
928 3039 985 3084 ιιι
1013 3046 1109 3086 eas
1146 3033 1373 3102 perferri
1418 3045 1650 3088 ettraret.
1694 3035 1796 3091 Sed
1834 3039 2049 3093 interim

474 3115 737 3172 diaconus
800 3121 989 3176 morbo
1045 3134 1326 3192 correptus
1384 3127 1631 3185 moritur,
1691 3128 1883 3183 litteris
1943 3148 2046 3185 non

2168 577 2340 631 versis
2392 575 2801 646 Cappadocibus
2842 575 2974 629 Elia:
3026 574 3269 642 praesidis
3324 563 3773 641 tliscessio,-eui'

2162 670 2420 735 abrogata
2477 666 2709 737 dignitas
2758 673 2812 720 ct
2862 665 3079 720 inﬂicta:
3145 665 3460 729 calumnia),
3499 681 3620 719 cum
3669 678 3741 718 ex

2161 755 2275 822 ejus
2328 757 2499 810 libero
2545 767 2598 810 et
2649 757 2832 810 nescio
2884 756 3265 810 asseutationis
3325 755 3506 810 animo
3546 770 3739 809 ansam

2160 847 2541 914 arripuissent,
2572 846 2663 915 qui
2696 860 2754 900 se
2786 843 3014 914 justitite
3045 846 3266 900 moleste
3313 846 3557 901 lerebant
3586 856 3742 914 post-

2162 937 2371 992 ltaberi.
2435 938 2669 992 Basilius
2715 937 2788 1010 (b)
2838 941 3102 993 universae
3149 939 3336 1009 patriae
3383 938 3596 992 nomine
3632 937 3742 992 So-

2160 1029 2447 1098 pltronium
2482 1039 2653 1099 rogat,
2705 1039 2764 1083 ut
2805 1030 2971 1084 Eliatn
3012 1031 3352 1084 commendet
3388 1029 3738 1097 imperatori,

2161 1132 2223 1170 ac
2254 1117 2430 1171 illatas
2460 1122 2507 1172 ei
2545 1119 2953 1173 criminationes
3000 1119 3189 1172 diluat.
3237 1117 3356 1173 Jam
3397 1130 3739 1173 successerat

2159 1207 2287 1262 Elia:
2335 1207 2621 1274 Maximus,
2673 1226 2794 1264 cum
2849 1210 3078 1264 Basilius
3126 1212 3303 1264 medio
3347 1226 3530 1264 mense
3572 1208 3739 1264 Junio

2158 1294 2340 1361 elapso
2361 1295 2624 1350 scriberet
2652 1297 2936 1364 epistolam
2964 1298 3032 1353 98
3060 1298 3124 1350 ad
3149 1298 3205 1351 S.
3237 1298 3543 1353 Eusebium.
3581 1298 3738 1354 Unde

2169 1399 2275 1438 non
2324 1385 2600 1441 immerito
2633 1389 2859 1456 patriam
2892 1404 2987 1458 per
3030 1390 3295 1443 somnium
3344 1390 3566 1443 dilatam
3608 1402 3737 1442 esse

2159 1472 2287 1527 dicit
2314 1475 2409 1544 (ε),
2438 1475 2523 1528 cui
2554 1491 2801 1531 summus
2831 1475 2921 1531 ille
2956 1477 3037 1530 vir
3081 1486 3187 1530 tam
3222 1477 3329 1531 cito
3368 1486 3583 1544 ereptus
3623 1482 3731 1527 est.

2158 1562 2272 1617 Non
2319 1567 2512 1619 mirum
2565 1581 2694 1622 sane
2742 1576 2860 1633 est,
2915 1569 2962 1622 si
3002 1568 3086 1623 his
3141 1568 3470 1637 temporibus
3520 1564 3737 1621 invidiae

2160 1655 2261 1709 tela
2292 1672 2394 1711 non
2425 1656 2614 1727 elfugit
2641 1660 2931 1728 provincia:
2961 1676 3189 1728 prmses,
3214 1660 3303 1729 qui
3333 1658 3590 1713 terribilis
3613 1664 3737 1711 erat

2158 1748 2614 1817 delinquentibus,
2651 1751 2899 1820 idemque
2934 1753 2988 1805 in
3021 1766 3283 1820 pauperes
3312 1765 3375 1805 ac
3406 1749 3631 1813 divites;
3668 1763 3737 1803 ac

2084 1855 2126 1909 Β
2158 1839 2525 1896 misericordia
2561 1843 2611 1895 in
2638 1843 2983 1912 Cappadoces
3009 1855 3312 1898 commotus
3345 1842 3443 1910 (ά),
3476 1842 3738 1896 attentior

2161 1938 2278 1984 erat
2321 1932 2388 1985 ad
2415 1947 2600 1986 eorum
2637 1934 3023 1989 sublevandam
3060 1934 3320 2003 inopiam,
3366 1949 3526 2003 quam
3561 1933 3626 1987 ad
3666 1948 3736 1987 ea

2161 2021 2378 2077 vitanda
2419 2038 2537 2092 qua:
2578 2025 2677 2093 ipsi
2728 2032 2838 2078 tam
2881 2026 3076 2081 leniter
3106 2025 3286 2095 agenti
3335 2042 3365 2080 a
3414 2024 3738 2080 sublimibus

2160 2114 2513 2180 potestatibus
2544 2114 2914 2170 imminebant.

2233 2200 2298 2260 V.
2331 2203 2489 2259 Stetit
2522 2206 2801 2275 promissis
2849 2206 3164 2275 Gregorius,
3202 2215 3257 2261 et
3298 2206 3507 2262 Sasima
3551 2208 3733 2272 venit,

2161 2305 2217 2350 ιιι
2250 2296 2406 2366 hujus
2439 2297 2691 2352 Ecclesia:
2724 2299 3084 2368 gubernacula
3115 2307 3446 2367 capesseret.
3475 2296 3581 2353 Sed
3612 2299 3735 2368 ejus

2159 2389 2444 2443 consilium
2499 2389 2775 2455 diligentia
2828 2406 2923 2444 sua
2971 2390 3251 2458 praeripuit
3298 2388 3610 2454 Antltimus,
3662 2404 3734 2443 ac

2160 2482 2378 2550 paludes
2429 2482 2762 2537 Sasitnorum
2827 2484 3128 2552 occupavit.
3160 2482 3297 2548 Quin
3344 2481 3502 2536 etiam
3540 2480 3731 2550 prohi-

2159 2573 2305 2626 benti
2341 2581 2394 2627 et
2421 2574 2773 2627 comminanti
2806 2572 3067 2643 Gregorio
3106 2572 3384 2642 epistolam
3420 2572 3490 2641 (e)
3514 2573 3736 2640 scripsit

2158 2665 2417 2718 conviciis
2442 2675 2495 2719 et
2527 2665 2737 2732 probris
2773 2665 3051 2730 refertam,
3085 2650 3247 2720 veluti
3298 2660 3630 2733 triumphum
3674 2663 3733 2717 in

2157 2753 2356 2805 vietum
2392 2769 2613 2809 canens.
2662 2753 2854 2809 Postea
2901 2753 3230 2808 Nazianzum
3280 2754 3464 2817 venit,
3511 2754 3626 2808 sive
3670 2760 3735 2805 ut

2155 2845 2362 2897 videret
2382 2844 2627 2915 Gregorii
2653 2856 2859 2915 patrem
2878 2848 2952 2917 (i‘d
2973 2847 3113 2902 enim
3144 2861 3251 2914 prae
3271 2861 3329 2899 se
3350 2843 3597 2914 ferebat),
3617 2843 3735 2897 sive

2159 2943 2215 2987 ut
2251 2949 2314 2988 ea
2346 2945 2634 2989 conaretur
2659 2952 2776 3005 quae
2818 2947 3042 2991 conatus
3071 2945 3172 2993 est.
3206 2935 3364 2990 Plura
3413 2935 3555 2988 enim
3586 2943 3639 2988 et
3663 2934 3733 2989 de

2157 3025 2398 3095 pluribus
2421 3027 2581 3082 rebus
2608 3037 2922 3082 testamenta
2949 3028 3231 3099 injecit,de
3257 3027 3528 3096 parmciis,
3546 3029 3611 3081 dt:
3633 3025 3734 3081 Sa-

2156 3118 2483 3172 simensibus
2514 3119 2796 3187 paludibus
2836 3130 2889 3175 et
2928 3112 3171 3188 Gregorii
3218 3120 3578 3180 ordinatione,
3620 3121 3731 3171 lar-

474 3204 678 3260 missis.
730 3206 784 3261 Id
839 3224 905 3263 eo
982 3213 1262 3269 molestius
1341 3213 1542 3270 Basilio
1611 3215 1854 3271 redeunti
1914 3219 2047 3282 fuit,
2078 3211 2120 3267 C
2157 3211 2329 3281 gieus,
2365 3222 2575 3280 petens,
2604 3212 2777 3267 minas
2819 3215 3104 3277 adhibens,
3146 3228 3208 3269 ex
3238 3213 3361 3280 jure
3401 3213 3731 3281 disceptans,

474 3296 617 3360 quod
657 3296 722 3350 de
757 3299 916 3353 rebus
963 3302 1143 3369 magni
1191 3305 1449 3358 momenti
1497 3307 1714 3375 scripta:
1757 3317 1942 3373 erant,
1989 3324 2054 3363 ac

475 3384 705 3441 celerem
759 3393 1165 3459 responsionem
1223 3397 1592 3464 poscentibus.
1636 3397 1772 3451 Nam
1818 3415 1942 3455 cum
1991 3401 2048 3455 S.

476 3476 722 3533 Meletius
765 3488 820 3535 et
870 3481 1183 3539 Theodotus
1219 3485 1625 3555 Nicopolitantts
1674 3491 1933 3544 Basilium
1986 3495 2050 3545 ad

477 3568 616 3622 diem
654 3568 882 3637 festum,
929 3575 979 3628 in
1025 3576 1258 3644 quodam
1302 3576 1443 3641 loco,
1478 3593 1636 3645 quem
1690 3580 2051 3651 Phargamutn

477 3659 750 3726 dicebant,
783 3665 961 3720 medio
992 3682 1178 3721 mense
1221 3666 1382 3723 Junio
1414 3671 1676 3725 celebrari
1723 3673 1938 3726 solitum
1975 3676 2055 3728 in-

476 3753 770 3821 vitassem,
821 3766 930 3811 tum
967 3761 1218 3815 amicitiae
1266 3778 1462 3828 causa,
1515 3775 1624 3818 tum
1683 3775 1742 3818 ut
1779 3766 1844 3820 de
1893 3766 2054 3822 rebus

476 3843 743 3901 Eustatltii
785 3865 906 3903 cum
955 3866 1021 3905 eo
1054 3864 1310 3920 agerent;
1362 3857 1591 3910 Basilius
1626 3857 1913 3912 Eusebium
1960 3875 2051 3914 ro-

477 3938 674 4004 gabat,
729 3950 789 3993 ιιι
837 3957 1018 3996 secum
1072 3945 1217 4000 hunc
1274 3948 1415 4002 diem
1460 3951 1653 4004 obiret.
1701 3951 1884 4019 Itaque
1930 3969 2051 4007 cum

432 4074 435 4077 Α
478 4030 649 4083 reditu
688 4045 786 4085 suo
817 4036 1162 4103 cognovisset
1191 4040 1400 4092 litteras
1428 4055 1555 4103 suas
1591 4056 1693 4095 non
1735 4042 1901 4097 fuisse
1933 4059 2055 4112 per-

478 4118 635 4182 latas,
679 4123 860 4174 statim
892 4139 985 4178 eas
1016 4126 1162 4180 misit
1210 4130 1274 4180 ad
1319 4129 1655 4182 Eustathiutn
1695 4131 2051 4187 Sehastennm

477 4224 600 4263 cum
639 4212 859 4279 epistola
902 4214 991 4277 95,
1041 4226 1290 4285 utquam
1341 4221 1628 4275 celerrime
1676 4233 1905 4292 utraque
1939 4228 2054 4294 epi-

476 4301 614 4355 stola
659 4304 725 4357 ad
760 4304 1050 4359 Eusebium
1102 4307 1376 4364 ferretur:
1411 4323 1729 4380 supererant
1759 4315 1903 4369 enim
1944 4328 2055 4371 tan-

478 4401 591 4446 tum
640 4394 755 4449 dies
812 4397 1031 4465 triginta
1091 4408 1221 4452 tres.
1257 4401 1506 4457 Deelarat
1557 4405 1792 4459 Eusebio
1843 4408 1894 4461 itt
1954 4409 2053 4464 hac

474 4485 635 4553 epist.
662 4485 734 4541 95
762 4498 1049 4542 venturum
1078 4504 1137 4543 se
1165 4489 1230 4544 ad
1257 4491 1398 4546 diem
1432 4494 1650 4558 festum,
1676 4496 1720 4550 si
1751 4495 1866 4566 ipse
1886 4498 2049 4552 etiam

2155 3303 2490 3371 vituperans,
2521 3306 2777 3369 laudans;
2809 3306 3042 3361 circulos
3069 3307 3169 3361 sibi
3200 3307 3313 3375 ipse
3338 3304 3735 3374 iurisdictionis

2155 3396 2627 3461 circumscribens,
2657 3407 2714 3450 ιιι
2747 3396 3069 3468 Gregorium
3104 3400 3357 3467 probaret
3385 3398 3450 3452 ad
3484 3412 3543 3452 se
3571 3409 3625 3451 et
3657 3395 3725 3451 ad

2157 3501 2348 3540 novam
2389 3489 2749 3557 metropolim,
2800 3498 2983 3557 utpote
3015 3491 3292 3560 majorem,
3340 3490 3607 3559 respicere
3648 3489 3735 3543 de-

2157 3579 2301 3633 bere.
2329 3579 2436 3633 Sed
2486 3580 2574 3633 ubi
2623 3582 2762 3633 nulla
2795 3581 2848 3633 itt
2882 3597 2939 3635 re
2968 3583 3161 3635 cedere
3197 3582 3516 3650 Gregorium
3559 3581 3734 3635 anim-

2155 3671 2423 3736 advertit,
2479 3676 2638 3726 rebus
2687 3670 2899 3726 iufectis
2962 3672 3131 3726 iratus
3178 3671 3486 3737 abscessit,
3537 3670 3734 3726 Basili-

2153 3776 2328 3815 satum
2369 3762 2454 3826 ei,
2509 3763 2673 3815 veluti
2726 3762 3138 3832 Philippismum
3186 3762 3471 3832 quemdam
3539 3775 3734 3831 expro-

2157 3856 2341 3910 brans.
2392 3853 2508 3907 Non
2559 3854 2773 3924 longum
2825 3865 3071 3923 tempus,
3114 3863 3169 3907 et
3213 3854 3409 3908 littera:
3467 3852 3729 3923 Gregorio

2158 3956 2417 3998 venerunt
2443 3948 2509 3998 ab
2550 3946 2736 3998 eodem
2777 3945 3051 4011 Antbitno,
3092 3945 3180 4014 qui
3223 3959 3346 3998 eum
3386 3942 3616 3998 vocabat
3666 3945 3731 3996 ad

2154 4035 2439 4107 synodum.
2476 4037 2610 4091 Cum
2652 4036 3033 4105 permolestum
3080 4037 3131 4089 id
3174 4046 3317 4090 esset
3346 4035 3634 4105 Gregorio,
3667 4051 3731 4090 ac

2158 4126 2403 4194 injuriam
2446 4125 2557 4179 fieri
2608 4126 2901 4192 clamaret,
2934 4127 3218 4180 Anthimtts
3264 4127 3472 4195 rogavit
3526 4134 3586 4178 ut
3622 4126 3735 4178 sal-

2158 4230 2263 4273 tem
2296 4218 2438 4272 illius
2478 4233 2640 4285 opera
2669 4217 2897 4271 Basilius
2937 4217 3002 4270 ad
3034 4217 3436 4271 deliberandum
3469 4231 3530 4270 ea
3577 4218 3644 4269 de
3676 4231 3735 4270 re

2155 4326 2276 4365 cum
2306 4308 2561 4362 Anthitno
2605 4309 2982 4363 adduceretur.
3037 4307 3290 4361 Promisit
3333 4307 3384 4360 id
3413 4304 3731 4375 Gregorius,

2157 4413 2215 4455 ut
2249 4401 2414 4455 multo
2443 4386 2779 4455 commodius
2813 4413 2977 4467 quam
3011 4399 3153 4466 quod
3187 4398 3362 4467 primo
3398 4399 3731 4465 propositum

2158 4494 2353 4556 fuerat,
2380 4499 2435 4545 et
2464 4491 2662 4544 Basilio
2700 4489 2938 4557 scripsit.
2981 4498 3142 4541 totam
3176 4503 3290 4540 rem
3342 4486 3485 4539 illius
3520 4478 3733 4554 judicio

476 4578 740 4634 Eusebius
788 4582 1005 4646 veniat;
1054 4595 1211 4635 secus
1241 4598 1389 4647 vero,
1426 4585 1582 4638 malle
1611 4600 1671 4640 se
1711 4564 2048 4641 contractum
2077 4564 2129 4618 Β
2160 4584 2487 4650 relinquens,
2517 4589 2698 4633 utrum
2743 4579 2907 4634 vellet
2958 4579 3273 4631 Antltitnum
3322 4587 3375 4630 et
3422 4576 3558 4630 alios
3609 4576 3729 4645 epi-

475 4686 617 4724 anno
659 4673 933 4740 praeterito
973 4673 1234 4727 invisendi
1278 4673 1493 4729 Eusebii
1533 4676 1771 4730 debitum
1819 4679 2047 4742 solvere,

474 4770 532 4815 et
568 4778 916 4832 congressum
961 4780 1084 4820 cum
1123 4768 1389 4837 episcopis
1430 4768 1481 4821 in
1519 4768 1661 4821 aliud
1705 4778 1915 4837 tempus
1947 4769 2050 4822 dii-

477 4852 640 4908 ferre.
692 4855 819 4909 Erat
870 4857 922 4910 itt
974 4857 1166 4912 iisdem
1221 4859 1415 4913 litteris
1469 4859 1843 4928 Theophrasto
1896 4876 2047 4914 com-

479 4944 659 4999 missis
706 4948 772 5001 de
810 4949 1106 5004 Sasitnensi
1142 4953 1499 5006 ordinatione.
1544 4948 1679 5003 Nam
1728 4966 1850 5005 cum
1887 4951 1953 5005 de
1985 4965 2048 5003 ea

479 5035 612 5088 nihil
654 5053 874 5105 prorsus
919 5051 1172 5095 occurrat
1218 5044 1270 5095 in
1311 5041 1534 5112 epistola
1582 5041 1671 5103 95,
1721 5056 1839 5109 qum
1878 5043 2052 5096 serius

479 5131 682 5198 scripta
716 5141 818 5195 est,
848 5132 942 5186 sed
977 5133 1138 5186 simul
1163 5135 1385 5198 .missa;
1434 5134 1699 5188 Eusebius
1746 5134 1797 5185 in
1847 5148 1944 5186 sua
1983 5134 2050 5186 ad

478 5218 734 5275 Basilium
778 5224 1132 5292 responsione
1160 5240 1222 5278 ea
1254 5227 1320 5280 de
1366 5242 1423 5279 re
1467 5226 1806 5293 loquebatur,
1841 5233 1895 5277 et
1926 5239 2047 5277 cum

480 5315 580 5369 sibi
631 5316 773 5370 hanc
817 5318 1210 5373 ordinationem
1260 5320 1437 5374 minus
1484 5319 1696 5389 probari
1748 5318 2053 5389 significas-

478 5415 583 5467 set,
612 5405 810 5462 Basilio
843 5424 1062 5465 causam
1098 5411 1274 5466 attulit
1306 5411 1445 5468 illius
1477 5410 1824 5467 defendenda:
1853 5409 1906 5464 in
1942 5411 2054 5480 epi-

482 5500 614 5553 stola
646 5498 735 5553 98.

553 5631 629 5704 ta)
672 5634 770 5704 Ep.
807 5634 896 5689 95.

551 5703 627 5767 ib)
669 5705 762 5769 Ep.
793 5706 882 5762 06.

551 5780 624 5833 (ο)
662 5773 792 5829 lbid.

2158 4687 2353 4742 scopos
2378 4686 2702 4731 convocare,
2729 4679 2783 4724 et
2811 4670 2897 4724 ubi
2931 4668 3087 4723 vellet
3114 4677 3167 4721 ct
3192 4667 3427 4736 quando.

2227 4762 2484 4828 Quamvis
2535 4759 2714 4815 Basilii
2760 4773 2974 4813 causam
3021 4772 3127 4811 non
3161 4756 3289 4810 laeve
3317 4754 3611 4824 Gregorius
3638 4754 3735 4809 de-

2157 4854 2435 4916 fendisset,
2464 4851 2608 4905 illius
2644 4860 2822 4904 tamen
2856 4848 3052 4902 litteris
3086 4846 3322 4901 offensus
3349 4855 3432 4899 est
3476 4845 3731 4912 Basilius,
3784 4911 3793 4919 .

2156 4956 2211 5000 et
2250 4960 2373 4999 cum
2418 4958 2483 4999 eo
2512 4943 2777 5013 jurgavit,
2824 4943 2966 5009 quod
3007 4939 3263 4994 Antltitno
3312 4940 3535 4992 faveret.
3581 4938 3736 4994 Unde

2156 5038 2455 5107 Gregorius
2484 5037 2538 5091 in
2573 5033 2800 5105 cpistola
2829 5034 2898 5089 '55
2926 5032 3177 5087 Basiliam
3221 5039 3280 5084 ttt
3323 5030 3635 5084 calidiorem
3678 5036 3735 5082 et

2161 5130 2422 5198 pullorum
2456 5144 2607 5183 more
2632 5127 2978 5182 ferocientem
3011 5123 3183 5176 amice
3206 5122 3467 5187 castigat;
3496 5120 3737 5174 breviter

2159 5223 2380 5291 exponit
2418 5221 2543 5289 quid
2590 5219 2708 5286 ejus
2751 5232 2911 5271 causa
2960 5213 3224 5283 gesserit,
3261 5226 3582 5281 aequumque
3624 5226 3733 5265 non

2161 5332 2282 5371 esse
2312 5317 2666 5378 demonstrat,
2698 5321 2753 5364 ut
2785 5326 2903 5364 cum
2955 5307 3138 5361 Basilii
3172 5320 3335 5360 causa
3378 5305 3431 5358 itt
3476 5302 3734 5358 offensio-

2165 5425 2284 5462 nem
2322 5408 2581 5462 Antltimo
2610 5404 2840 5465 venerit,
2876 5399 3071 5455 Basilio
3103 5398 3405 5467 displiceat,
3439 5404 3497 5449 ιιι
3538 5396 3589 5448 itt
3624 5395 3736 5446 Διι-

2165 5502 2395 5555 thitnum
2450 5496 2784 5565 propensior.
2847 5491 3084 5561 Denique
3141 5488 3397 5544 Basilium
3462 5494 3614 5556 rogat
3674 5492 3737 5538 ut

2235 5635 2312 5705 (d)
2348 5636 2446 5705 Ep.
2477 5635 2565 5689 88.

2232 5703 2301 5775 (ε)
2343 5704 2471 5761 Nux.
2501 5721 2586 5775 cp.
2616 5703 2702 5759 55.
