4040 6216
1580 356 1739 409 “TA
1777 355 1832 410 S.
1878 355 2139 412 BASlLll.

3361 378 3503 420 ιενει

238 477 364 542 sibi,
402 477 592 532 saltem
640 485 695 530 ut
729 486 852 530 natu
905 477 1114 543 majori,
1165 477 1415 545 iniuriam
1453 491 1558 530 non
1599 476 1758 530 faciat
1794 497 1806 530 ε
1841 483 1888 538 Α
1917 477 2035 530 dine
2072 477 2218 531 illum
2250 493 2424 531 causa:
2463 479 2764 532 Cmsaream
2812 479 3036 548 vestigia
3069 477 3272 532 referre
3303 494 3496 548 coege-

239 571 382 637 quod
411 571 454 624 si
482 586 606 623 sese
634 578 863 623 05tentet
894 581 1056 636 atque
1085 568 1288 629 efferat,
1316 586 1378 624 ac
1401 582 1668 640 'tanquam
1709 586 1817 622 tne-

244 660 600 726 tr0politanus
646 674 677 713 e
726 659 1011 724 superiore
1065 659 1179 710 loco
1225 672 1399 724 parvae
1447 660 1684 712 civitatis
1735 659 1818 710 vel

242 748 420 814 potius
464 747 663 799 nullius
709 747 1025 814 episcopum
1068 746 1388 816 alloquetur,
1438 749 1538 802 sibi
1595 764 1815 817 quoque

243 839 590 906 supercilium
617 854 734 892 esse
759 839 899 906 quod
928 851 1180 906 opponat.

313 930 582 983 Czeterttm
627 930 851 984 libenter
901 934 1109 1002 accepit
1150 931 1378 985 Basilius
1418 931 1812 995 coaditionem,

243 1037 363 1091 quae
404 1025 471 1076 ab
505 1023 758 1077 Anthimo
805 1024 1096 1086 ferebatur,
1126 1035 1180 1077 ιιι
1209 1025 1272 1077 de
1316 1024 1643 1076 reStituenda
1682 1039 1814 1088 pace

220 1099 547 1168 icommunis
597 1115 822 1167 iniretur
871 1115 1208 1168 deliberatio.
1261 1114 1428 1181 Hujus
1482 1115 1556 1167 rei
1626 1123 1814 1166 testem

237 1207 506 1261 habemus
535 1207 810 1273 epistolam
844 1207 913 1260 ad
944 1217 1187 1261 senatum
1217 1206 1580 1276 Tyauensem,
1616 1207 1665 1257 in
1707 1222 1813 1275 qua

238 1299 479 1352 declarat
524 1313 584 1352 se
625 1300 802 1351 omnia
840 1301 1060 1367 quidem
1102 1300 1338 1354 Anthimi
1392 1300 1636 1360 consilia.
1693 1315 1812 1349 ont-

239 1405 442 1458 nesque
483 1389 790 1442 molitiones
821 1391 1154 1456 pervidisse;
1194 1371 1287 1442 sed
1324 1399 1497 1440 tamen
1538 1388 1666 1439 nihil
1713 1388 1814 1441 sibi

239 1496 361 1535 esse
409 1497 542 1549 pace
593 1482 885 1548 antiquius.
940 1479 1259 1533 Persuasum
1324 1480 1473 1532 enim
1528 1479 1628 1532 sibi
1674 1495 1812 1544 esse,

241 1573 374 1628 nihil
403 1589 462 1626 se
495 1588 651 1640 posse
698 1573 871 1626 solum
917 1571 1196 1640 perlicere,
1244 1573 1522 1639 magisque
1574 1572 1815 1640 indigere

240 1681 300 1720 se
336 1663 758 1732 uniuscujusque
805 1664 1032 1718 fratrum
1087 1664 1322 1728 auxilio,
1371 1680 1531 1733 quam
1590 1665 1812 1718 alteram

240 1775 460 1817 manum
503 1762 722 1815 alterius
751 1776 872 1829 ope.
913 1761 1094 1829 Itaque
1131 1772 1335 1814 certmn
1371 1763 1469 1813 sibi
1518 1778 1636 1816 esse
1674 1764 1819 1830 pacis

242 1868 406 1906 causa
442 1868 544 1906 nec
593 1853 829 1906 laborem
873 1853 1038 1906 ullum
1087 1855 1519 1921 prmtermittere,
1571 1872 1671 1909 non
1722 1857 1819 1908 hu-
1853 1842 1895 1895 Β

243 1947 372 2001 mile
417 1948 559 2000 dictu
601 1947 893 2014 quidquam
933 1956 1023 1998 aut
1067 1944 1247 2010 factu,
1299 1962 1402 1998 non
1452 1948 1659 1999 itineris
1703 1947 1821 1999 lon-

243 2039 539 2105 gitudinem
587 2041 792 2101 vereri,
841 2052 947 2089 non
1004 2037 1294 2105 quidquam
1352 2039 1494 2090 aliud
1532 2039 1816 2091 molestum

243 2133 527 2198 refugere,
585 2139 643 2181 ut
695 2129 996 2182 mercedem
1056 2129 1444 2197 paciﬁcationis
1511 2144 1818 2198 consequa-

243 2233 353 2275 lar.

319 2317 403 2372 Vl.
443 2316 628 2370 Basilii
678 2331 799 2370 cum
861 2314 1210 2384 Cappadocia:
1252 2317 1503 2369 secundae
1556 2313 1824 2382 episcopis

243 2411 556 2480 congressui
585 2426 764 2464 moras
791 2412 972 2463 attulit
1000 2411 1100 2463 iter
1136 2411 1185 2462 in
1210 2408 1546 2462 Armeniam.
1579 2407 1817 2459 Vocatus

243 2502 416 2556 fuerat
469 2501 701 2555 Basilius
741 2517 770 2553 a
803 2501 861 2554 S.
893 2499 1105 2554 Meletio
1154 2509 1208 2553 et
1243 2497 1522 2550 Theodoto
1563 2495 1627 2546 ad
1679 2495 1820 2547 diem

241 2595 438 2648 festum
472 2595 650 2646 medio
685 2607 871 2645 mense
899 2589 1058 2644 Junio
1085 2591 1486 2651 celebrandum,
1525 2597 1579 2639 ut
1607 2586 1674 2638 de
1709 2586 1816 2636 Eu-

242 2686 438 2740 stathio
465 2695 520 2737 et
554 2683 736 2737 Basilii
761 2697 882 2735 cum
915 2696 979 2734 eo
1009 2681 1410 2742 communione,
1445 2694 1564 2747 quae
1617 2676 1816 2731 multos

242 2777 490 2842 laniabat,
523 2775 721 2843 aliquid
751 2773 914 2827 statui
942 2783 1138 2843 posset.
1164 2772 1447 2827 Seutiehat
1489 2786 1688 2837 magno
1719 2771 1820 2824 sibi

245 2871 347 2922 bac
386 2869 437 2921 in
483 2882 542 2920 re
580 2865 832 2934 praesidio
863 2865 1096 2917 futurum
1129 2863 1416 2917 Eusebium
1467 2863 1820 2916 Samosateno

246 2976 380 3015 seut.
418 2959 469 3013 ls
498 2958 643 3012 enim
690 2973 814 3011 cum
846 2956 1070 3018 {amicus
1107 2967 1222 3009 erat
1252 2953 1568 3016 Eustatlnio,’
1597 2955 1697 3020 vir,
1736 2955 1822 3007 iti-

246 3057 364 3107 dem
391 3063 450 3106 ut
481 3051 732 3114 Basilius,
768 3050 1056 3119 probitatis
1091 3050 1308 3103 minime
1333 3049 1679 3116 suspiciosus;
1714 3056 1824 3100 tum

244 3161 374 3198 vero
408 3159 568 3198 nemo
606 3143 777 3212 magis
815 3142 1058 3206 idoneus,
1086 3141 1174 3209 qui
1214 3156 1310 3208 pro
1338 3155 1548 3192 suinma
1586 3155 1680 3192 sua
1723 3154 1821 3192 au-

249 3239 502 3291 ctoritate
542 3246 597 3288 et
645 3234 902 3288 maximis
947 3234 1014 3287 de
1069 3235 1124 3286 S.
1172 3232 1384 3286 Meletio
1443 3246 1508 3285 ac
1573 3233 1820 3284 universa

249 3328 486 3381 Ecclesia
527 3326 736 3381 meritis
783 3325 1000 3392 iniquas
1057 3324 1393 3392 suspiciones
1429 3333 1820 3391 compesceret.

250 3419 558 3487 Seripserat
583 3417 650 3470 ad
683 3430 806 3470 eum
839 3415 1068 3469 Basilius
1119 3414 1335 3482 triginta
1384 3413 1558 3466 tribus
1590 3424 1713 3467 ante
1748 3413 1825 3468 fe-

246 3521 388 3567 stum
416 3511 639 3574 diebus;
673 3510 767 3562 sed
801 3523 924 3562 cum
971 3522 1191 3560 summa:
1222 3515 1403 3560 essent
1437 3507 1694 3575 temporis
1723 3522 1824 3558 au—

248 3604 464 3673 gustia,
515 3611 802 3670 antequam
857 3614 1114 3668 responsa
1171 3598 1469 3650 Samosatis
1519 3598 1819 3665 acciperet,

243 3695 346 3748 via:
372 3709 430 3748 se
457 3692 751 3759 commisit,
782 3702 840 3745 ut
871 3691 934 3742 ad
966 3691 1107 3743 diem
1138 3699 1318 3758 posset
1351 3689 1613 3741 indictum
1645 3689 1820 3742 locum

246 3785 480 3852 assequi.
513 3781 924 3836 Transeundum
960 3790 1135 3833 autem
1181 3778 1428 3832 Sebastia
1481 3776 1606 3842 fuit,
1639 3779 1824 3845 ibique

247 3874 720 3938 commorandum,
767 3882 823 3927 ut
857 3875 922 3927 de
963 3872 1227 3926 Eustathii
1279 3873 1382 3926 ﬁde
1430 3881 1577 3925 certa
1626 3873 1822 3925 indicia

246 3965 542 4035 Nicopolim
590 3964 978 4034 perferrentur.
1009 3965 1086 4018 Ac
1127 3965 1332 4032 primus
1377 3964 1589 4032 quidem
1625 3965 1740 4016 dies
1773 3967 1822 4016 in

248 4057 571 4124 disputando
629 4057 928 4124 insumptus
965 4054 1159 4108 nullam
1194 4067 1394 4108 certam
1447 4055 1636 4108 habuit
1685 4071 1822 4109 con-

245 4149 560 4203 clusionem.
586 4146 656 4200 At
683 4146 960 4215 postridie,
993 4148 1236 4214 quamvis
1273 4148 1470 4199 Basilio
1503 4149 1823 4202 accessisset

247 4241 541 4293 Vehemens
573 4239 937 4300 adverSarius,
972 4237 1274 4290 Pwineuius
1307 4239 1564 4292 Sebastize
1599 4240 1822 4306 presby-

247 4341 366 4395 ter;
416 4330 496 4384 sic
563 4339 748 4383 tamen
803 4326 1034 4380 Basilius
1079 4339 1129 4379 et
1172 4328 1382 4396 objecta
1435 4328 1716 4393 dissolvit,
1771 4339 1827 4380 et

247 4423 566 4476 catholicam
642 4420 943 4473 doctrinam
1001 4428 1122 4473 ante
1179 4420 1365 4474 oculos
1422 4421 1708 4489 exposuit,
1769 4431 1828 4472 ut

1931 575 2070 620 runt.
2101 566 2231 620 Nam
2266 569 2592 631 'l‘heodotus,
2625 569 2713 622 ubi
2760 583 2880 622 eum
2915 587 3036 623 cum
3070 569 3348 623 Eustatbio
3377 583 3499 624 esse

1927 661 2198 727 cognovit,
2231 670 2514 728 antequam
2555 663 2784 714 disceret
2826 678 2926 730 qua
2968 661 3036 716 de
3062 678 3223 714 causa
3263 663 3311 715 id
3345 662 3504 717 fecis-

1929 763 2028 816 set,
2053 762 2103 805 et
2133 754 2256 819 quid
2282 767 2348 805 ex
2379 769 2668 818 congressu
2702 762 3022 807 consecutus
3053 764 3220 816 esset,
3252 770 3354 807 non
3381 754 3493 821 jam

1929 840 2078 892 ἱΙΙιιιιι
2109 842 2174 892 ad
2214 853 2532 894 conventuin
2569 845 2866 894 vocandum
2901 859 3020 897 esse
3062 843 3343 910 judicavit,
3398 859 3497 898 nec

1928 947 2250 1000 quemquam
2294 934 2439 985 tnisit
2482 934 2569 1000 qui
2609 935 2800 986 iterum
2845 938 3157 990 admoneret
3189 946 3283 987 aut
3333 937 3499 989 dedu-

1929 1035 2092 1080 ceret.
2144 1027 2248 1079 Bes
2291 1041 2355 1080 eo
2410 1028 2685 1081 molestior
2735 1027 2835 1080 fuit
2876 1027 3090 1089 Basilio,
3145 1028 3285 1096 quod
3339 1029 3490 1081 illum

1929 1130 2082 1174 antea
2119 1121 2486 1189 perfunctorie
2516 1139 2609 1189 per
2663 1121 2956 1174 llellenium
3001 1123 3338 1174 invitaverat.
3371 1121 3488 1174 Alia

1929 1217 2146 1267 suberat
2173 1231 2335 1267 causa
2363 1215 2516 1284 longe
2548 1215 2782 1284 gravior.
2815 1216 3041 1280 Accepit
3064 1215 3206 1268 enim
3236 1215 3496 1268 Sebastizu

1930 1306 2163 1366 litteras,
2217 1307 2414 1374 quibus
2466 1317 2748 1359 venturum
2803 1322 2859 1358 se
2910 1306 3175 1358 Eusebius
3227 1307 3498 1372 negabat,

1929 1400 2219 1468 statimque
2272 1397 2484 1451 refrixit
2545 1399 2821 1466 cupiditas
2852 1397 3015 1451 eundi
3075 1397 3401 1464 Nicopolim,
3447 1408 3503 1448 et

1929 1492 2288 1562 perfunctoria
2343 1491 2600 1544 invitandi
2659 1492 2790 1544 ratio
2831 1492 3068 1543 animum
3126 1490 3308 1543 subiit.
3366 1491 3502 1541 Nam

1929 1602 2050 1639 cum
2097 1586 2327 1638 Eusebio
2363 1600 2426 1636 ne
2467 1585 2780 1652 gravissima
2816 1584 3028 1651 quidem
3065 1583 3373 1636 discrimina
3410 1597 3496 1634 re-

1931 1677 2273 1736 formidabat.
2306 1679 2422 1730 sine
2455 1693 2520 1729 eo
2560 1676 2643 1729 vel
2695 1676 2984 1728 levissimis
3016 1677 3186 1742 impar
3221 1675 3321 1729 sibi
3355 1672 3505 1725 \ide-

1929 1769 2106 1822 batur.
2145 1767 2320 1833 Quare
2349 1769 2517 1820 salius
2548 1781 2666 1820 esse
2696 1767 2846 1819 duxit
2879 1767 3080 1818 omisso
3111 1767 3195 1818 die
3237 1765 3374 1819 festo
3405 1765 3500 1816 Ni-

1924 1861 2152 1928 copolim
2198 1861 2299 1913 alio
2345 1870 2585 1927 tempore
2617 1859 2906 1926 proficisci,
2939 1867 3144 1912 etcum
3185 1857 3394 1910 Meletio
3435 1859 3503 1910 de

1928 1956 2087 2006 rebus
2108 1953 2488 2006 ecclesiasucis
2520 1951 2769 2018 colloqui,
2799 1950 2879 2002 vel
2906 1951 3066 2002 etiam
3093 1965 3213 2002 cum
3248 1965 3310 2003 eo
3336 1949 3506 2001 Ense-

1926 2045 2068 2097 bium
2108 2044 2358 2096 invisere.
2387 2043 2500 2108 Qua
2538 2043 2603 2095 de
2643 2059 2701 2094 re
2731 2042 2943 2109 utrique
2962 2041 3195 2107 scripsit,
3224 2042 3504 2108 utriusque

1926 2149 2183 2202 responsa
2213 2142 2554 2201 exspectans.
2591 2131 2693 2183 Sed
2745 2130 2936 2182 litteris
2969 2131 3032 2180 ad
3067 2139 3312 2180 sanctum
3345 2127 3506 2179 Mele-

1928 2228 2057 2279 ti'uin
2111 2226 2248 2277 idem
2297 2240 2523 2292 prorsus
2559 2224 2738 2276 evenit
2786 2237 2848 2274 ac
2890 2222 3130 2288 pluribus
3169 2221 3307 2281 aliis,
3345 2227 3397 2270 ul
3437 2220 3504 2272 ad

1925 2333 2022 2372 nos
2054 2333 2156 2369 non
2196 2318 2556 2385 pervenirent.
2608 2316 2723 2367 Dixi
2792 2315 3084 2375 Basilium',
3158 2327 3278 2363 cum
3332 2311 3504 2366 Seba-

1925 2411 2043 2465 stite
2083 2419 2245 2472 esset,
2298 2410 2504 2462 litteras
2553 2408 2767 2461 Eusebii
2807 2407 3101 2473 accepisse.
3153 2405 3256 2458 lles
3305 2419 3400 2472 per
3445 2418 3508 2457 se

1924 2511 2091 2573 patet.
2117 2504 2203 2556 Ait
2231 2503 2370 2555 enim
2401 2517 2458 2556 se
2487 2502 2644 2554 lectis
2690 2501 2769 2553 his
2796 2500 2996 2552 litteris
3030 2498 3343 2566 repudiasse
3373 2511 3511 2550 con-

1924 2596 2098 2649 silium
2149 2595 2306 2646 eundi
2345 2593 2664 2661 Nicopolim,
2706 2603 2990 2660 propterea
3047 2593 3184 2659 quod
3234 2602 3500 2644 venturus

1925 2705 2032 2743 nou
2063 2698 2177 2742 erat
2215 2680 2496 2740 Eusebius.
2541 2687 2609 2737 At
2645 2687 2748 2738 hoc
2781 2685 3072 2737 consilium
3109 2697 3211 2735 non
3249 2681 3501 2750 repudia-

1925 2781 2022 2842 vit,
2052 2780 2155 2832 nisi
2185 2794 2306 2832 eum
2335 2778 2596 2830 Sebastia:
2626 2784 2802 2838 esset;
2835 2775 2993 2843 idque
3023 2775 3298 2842 conceptis
3323 2774 3506 2825 verbis

1928 2870 2166 2924 declarat
2215 2870 2267 2921 in
2305 2867 2530 2935 epistola
2578 2865 2871 2933 sequenti,
2917 2879 2975 2917 se
3023 2879 3053 2917 e
3089 2864 3266 2914 medio
3310 2861 3510 2914 iti..ere

1930 2962 2134 3015 tristem
2171 2975 2441 3014 reversum
2473 2972 2614 3011 esse.
2667 2956 2827 3009 Forte
2874 2955 3061 3011 etiam.
3107 2963 3393 3019 antequam
3433 2964 3502 3003 ex

1930 3053 2029 3105 hac
2064 3052 2196 3103 urbe
2246 3049 2569 3109 discederet,
2606 3045 2838 3098 Eusebio
2875 3043 3153 3109 rescripsit
3203 3041 3339 3093 hanc
3396 3040 3511 3105 epi-

1930 3143 2118 3196 stolam
2155 3141 2221 3195 98
2250 3142 2302 3194 in
2333 3156 2435 3208 qua
2485 3152 2906 3206 congressurum
2957 3149 3018 3190 se
3052 3135 3182 3186 dicit
3231 3147 3354 3186 cum
3394 3131 3510 3200 epi-

1930 3235 2107 3304 scopis
2143 3235 2391 3287 secundaa
2426 3232 2801 3300 Cappadocize,
2827 3237 2881 3283 et
2913 3243 3032 3280 cum
3068 3227 3345 3279 Eustathio
3376 3240 3510 3278 con-

1931 3341 2172 3396 gressum
2209 3341 2348 3391 esse,
2378 3326 2462 3378 cui
2513 3317 2882 3377 testimonium
2917 3332 3078 3374 recta:
3127 3319 3246 3372 ﬁdei
3297 3317 3508 3371 tribuit.

1933 3418 2190 3484 Loquitur
2214 3418 2378 3469 etiam
2409 3415 2474 3468 de
2503 3413 2775 3466 nonnullis
2807 3413 3182 3479 episc0porum
3219 3409 3412 3461 litteris
3438 3407 3507 3461 ad

1930 3509 2220 3564 Eusebium
2248 3524 2352 3560 non
2381 3507 2623 3571 perlatis,
2649 3516 2701 3558 et
2733 3505 2798 3558 de
2831 3503 3114 3564 l’almatio,
3143 3501 3231 3570 qui
3263 3499 3498 3552 Maximo

1933 3597 2144 3668 praesidi
2197 3597 2264 3649 ad
2322 3598 2724 3664 persecutiones
2779 3592 3150 3652 ministrabat,
3201 3589 3251 3643 id
3304 3601 3387 3642 est
3442 3591 3508 3643 ad

1931 3690 2239 3744 exactiones
2289 3689 2630 3742 tributorum.
2690 3686 2797 3738 llas
2861 3686 3233 3754 episcoporum
3295 3683 3502 3735 litteras

1933 3784 2179 3848 Basilius,
2211 3782 2364 3848 culpa
2395 3795 2604 3846 eorum,
2649 3781 2738 3847 qui
2777 3778 2946 3845 ipsius
3001 3779 3209 3852 litteras
3266 3790 3371 3828 nou
3411 3790 3510 3827 cu-

1935 3884 2178 3929 raverant
2220 3873 2583 3941 perferendas,
2612 3872 2678 3923 ad
2714 3871 2999 3924 Eusebium
3042 3888 3144 3924 non
3191 3873 3514 3940 pervenisse

1902 3969 2080 4027 dicit.
2124 3964 2334 4018 fidetur
2364 3973 2541 4015 autem
2573 3962 2653 4014 vel
2702 3963 2909 4015 litteras
2947 3961 3371 4016 Occidentalium
3416 3962 3510 4013 de-

1934 4059 2169 4127 signare,
2199 4056 2288 4124 qui
2321 4055 2420 4123 ipsi
2472 4054 2833 4120 scripserant,
2876 4054 2960 4105 vel
2999 4055 3168 4105 sancti
3222 4051 3414 4104 Melelii
3458 4061 3513 4102 et

1933 4145 2218 4207 Theodoti,
2252 4145 2339 4210 qui
2385 4157 2508 4196 eum
2551 4144 2614 4194 ad
2664 4142 2806 4194 diem
2859 4142 3052 4195 festum
3104 4142 3280 4194 medio
3324 4156 3509 4195 mense

1932 4237 2090 4291 Junio
2140 4236 2513 4290 celebrandum
2570 4235 2950 4288 invitaverant.
2999 4235 3129 4299 Quis
3181 4235 3269 4286 ille
3342 4233 3505 4288 fuerit

1933 4330 2244 4391 Palmalius,
2292 4327 2384 4394 qui
2431 4341 2489 4379 se
2542 4325 2758 4378 Maximi
2823 4325 3126 4377 ministrum
3166 4324 3512 4392 -pr:chebat,

1936 4423 2091 4492 plane
2124 4420 2344 4474 nescio:
2383 4418 2521 4485 quod
2554 4428 2732 4470 autem
2761 4418 2836 4468 ait
2864 4416 3092 4470 Basilius
3119 4431 3240 4470 eum
3275 4417 3508 4471 Max-imo

249 4516 384 4567 nulla
425 4529 652 4582 prorsus
695 4515 747 4566 in
785 4530 843 4568 re
875 4511 1448 4581 dissentirent.ltaque
1470 4523 1825 4566 surrexerunt
1860 4543 1905 4601 ο
1937 4515 2270 4568 ministrasse
2309 4511 2444 4580 πρὸς
2482 4510 2608 4571 τοὺς
2648 4507 2943 4578 διωγμούς,
2993 4510 3061 4561 ad
3107 4509 3509 4577 persecutiones,

245 4609 384 4662 circa
423 4608 618 4661 horam
660 4621 860 4659 nonam
894 4608 958 4660 ad
993 4605 1342 4674 precandum,
1373 4612 1427 4657 et
1461 4605 1665 4674 gratias
1693 4621 1822 4672 ege-

246 4707 370 4749 runt
405 4697 534 4760 Deo,
583 4695 728 4764 quod
781 4696 922 4749 idem
959 4695 1182 4758 sentire,
1232 4693 1483 4763 idemque
1529 4696 1672 4763 loqui
1728 4698 1824 4750 de-

246 4787 426 4841 uisset.

315 4876 490 4931 Probe
519 4878 728 4932 Sciebat
763 4876 996 4931 Basilius
1028 4876 1300 4944 privatum
1335 4875 1436 4928 hoc
1473 4874 1823 4941 colloquium,

245 4985 346 5021 non
379 4971 514 5022 satis
558 4970 772 5037 insigne
823 4976 1225 5021 monumentum
1273 4967 1392 5019 fidei
1438 4965 1704 5019 Eustathii
1740 4965 1826 5019 fu-

245 5067 444 5124 turum,
483 5059 589 5112 nisi
636 5059 846 5126 scripto
891 5057 1092 5125 aliquid
1139 5059 1570 5126 consignaretur.
1615 5057 1721 5111 Sed
1761 5067 1818 5110 ιιι

246 5147 443 5200 faceret
478 5147 795 5200 accuratius
821 5160 886 5199 ac
919 5145 1253 5214 diligentius,
1287 5145 1408 5197 lidei
1437 5143 1723 5197 formulam
1757 5145 1825 5196 ab

242 5235 352 5302 ipse
395 5235 679 5290 Theodoto
728 5235 978 5304 accipere
1029 5235 1261 5298 volebat,
1295 5244 1353 5285 ut
1402 5249 1504 5286 una
1548 5233 1825 5288 eteadem

239 5338 400 5394 opera
435 5327 542 5379 duo
591 5335 1042 5395 consequeretur,
1073 5341 1271 5395 nempe
1311 5337 1362 5382 et
1410 5325 1694 5380 Eustathio
1739 5341 1826 5377 re-

245 5427 381 5470 etam
419 5417 580 5473 ﬁdem
629 5418 1005 5492 persuaderet,
1049 5427 1107 5471 et
1153 5419 1296 5473 illius
1325 5420 1652 5472 adversariis
1699 5426 1820 5486 post

243 5519 488 5576 acceptas
544 5508 785 5576 ipsorum
839 5507 1212 5573 conditiones,
1269 5510 1475 5563 nullum
1533 5510 1815 5564 contradi-

235 5599 392 5674 .cendi
422 5598 600 5654 locum
643 5598 1005 5667 relinqueret.
1587 5587 1590 5590 ’

230 5677 240 5750 ;’
305 5689 712 5759 Colloquiorum
761 5706 885 5744 cum
933 5689 1215 5744 Eustathio
1246 5699 1462 5760 optatus
1490 5690 1670 5746 exitus
1703 5691 1813 5742 Ba-

236 5784 409 5840 siliam
447 5785 736 5850 incitabat,
766 5795 824 5838 ut
861 5792 1009 5839 recta
1043 5781 1338 5852 Nicopolim
1385 5793 1653 5854 pergeret.
1697 5783 1805 5838 Sed

1936 4609 1987 4662 id
2018 4608 2083 4660 de
2122 4604 2497 4672 persecutione
2544 4601 2804 4654 Ecclesiae
2835 4601 3037 4653 dictum
3085 4617 3188 4653 non
3224 4611 3371 4666 puto,
3420 4602 3510 4652 sed

1935 4700 2000 4751 de
2042 4696 2415 4750 exactionibus
2457 4694 2804 4746 tributorum.
2838 4690 2989 4744 llunc
3029 4693 3171 4743 enim
3217 4689 3509 4743 Maximum

1936 4788 2164 4843 Basilius
2209 4787 2261 4840 in
2309 4785 2614 4853 epist.H7,
2668 4784 2838 4836 virum
2890 4783 3044 4852 longe
3109 4784 3370 4852 optimum
3421 4799 3513 4850 ap-

1934 4879 2115 4949 pellat,
2162 4879 2302 4948 quod
2335 4878 2402 4930 de
2453 4885 2794 4944 persecutore
2844 4876 3094 4929 Ecclesiae
3143 4890 3245 4929 non
3306 4877 3514 4929 videtur

1936 4971 2181 5025 dicturus
2226 4968 2412 5023 fuisse.
2466 4966 2803 5021 Probabilius
2841 4967 3004 5020 multo
3041 4977 3121 5020 est
3156 4968 3296 5020 hunc
3329 4969 3514 5036 praesi-

1935 5061 2078 5127 dem,
2103 5076 2224 5114 cum
2253 5060 2416 5114 sciret
2445 5059 2637 5121 Eliam,
2667 5060 2750 5113 cui
2781 5059 3128 5124 succedebat,
3159 5059 3210 5112 in
3246 5062 3511 5113 maximas

1937 5150 2210 5203 molestias
2247 5150 2316 5203 ob
2361 5164 2514 5202 suam
2565 5150 2616 5201 in
2650 5150 2996 5218 Cappadoces
3049 5150 3324 5203 lenitatem
3377 5151 3513 5203 inci-

1935 5242 2097 5304 disse,
2144 5241 2390 5295 strictum
2420 5251 2476 5294 et
2504 5255 2779 5306 severum,
2825 5241 3013 5295 saltem
3051 5242 3226 5306 initio,
3262 5241 3424 5295 fuisse
3455 5241 3510 5294 in

1935 5332 2208 5400 exigendis
2239 5333 2474 5387 tributis.

2008 5423 2114 5476 Sed
2145 5423 2197 5474 in
2233 5422 2317 5476 his
2349 5422 2542 5475 litteris
2575 5437 2635 5474 ea
2671 5421 2942 5492 przecipue
2989 5421 3348 5486 observanda,
3395 5435 3513 5487 quze

1925 5515 1991 5567 de
2014 5513 2276 5584 Gregorio
2300 5513 2556 5567 dicuntur
2581 5531 2594 5565 :
2621 5512 2884 5568 therum
2927 5514 3148 5584 fratrem
3174 5511 3510 5582 Gregorium,

1925 5605 2132 5672 inquit,
2173 5605 2356 5658 vellem
2399 5615 2446 5658 et
2493 5621 2584 5674 ego
2641 5604 2936 5659 Ecclesium
2980 5607 3268 5672 gubernare
3307 5605 3514 5673 ingenia

1923 5711 2017 5747 suo
2053 5710 2250 5763 parem.
2283 5693 2363 5747 Ea
2399 5706 2574 5749 autem
2618 5708 2727 5750 erat
2771 5697 3012 5749 Ecclesia
3057 5697 3227 5749 omnis
3271 5712 3388 5759 qua:
3421 5698 3514 5746 sub

1921 5785 2028 5840 sole
2067 5798 2170 5854 est,
2203 5788 2254 5840 in
2288 5803 2447 5840 unum
2479 5787 2712 5842 collecta.
2756 5787 2885 5841 Cum
2924 5798 3097 5842 autaut
3143 5789 3257 5855 ρει-ι
3316 5785 3370 5841 id
3410 5802 3512 5840 non
