4040 6216
509 357 673 396 XCVIII

1857 338 2370 397 BROLEGOMENA

506 464 689 525 queat,
736 455 1010 525 episcopus
1044 455 1134 519 sit,
1166 472 1287 508 non
1324 471 1386 509 ex
1440 455 1551 508 loco
1603 470 1965 511 ammentum
2008 452 2174 520 (ιε-Ἀ
2204 458 2348 512 hittm
2373 458 2567 512 invitat
2600 458 2652 514 in
2683 457 3104 529 Cappadociam,
3142 470 3199 514 ιιι
3224 459 3327 515 sibi
3363 460 3414 515 in
3440 462 3752 520 constituto
3778 493 3797 507 ο

508 548 735 615 cipiens,
779 550 869 599 sed
919 547 1033 599 loco
1085 562 1149 599 ea:
1198 563 1307 599 sese
1358 548 1577 602 addens.
1632 548 1773 601 Nam
1827 552 1923 602 viri
1978 568 2094 604 rere

507 641 685 709 magni
718 651 791 693 est
821 656 924 692 non
958 641 1159 708 magnis
1189 650 1389 693 tantum
1418 658 1595 707 parem
1630 659 1759 707 esse,
1788 645 1877 695 sed
1906 646 2090 706 etiam,

506 746 623 798 quw
652 746 813 796 parva
839 740 959 782 sunt
992 730 1247 797 [acu/late
1280 747 1471 799 magna
1502 732 1692 796 facere.
1728 734 1801 786 De
1829 733 2091 802 Gregorio

507 818 754 889 Nysseno
804 820 1181 875 Tillemontius
1217 822 1303 876 hic
1348 824 1431 891 agi
1480 824 1779 886 existimat,
1830 826 2089 894 deceptus

508 911 591 963 his
631 912 855 965 vocibus
886 912 1018 982 ἐμὸν
1053 912 1163 975 τόν,
1199 912 1415 981 fratrem
1454 931 1646 977 meum,
1693 932 1828 985 quas
1861 932 1963 985 ope
2001 933 2088 973 co-

505 1000 683 1055 dicum
731 1018 920 1057 novem
950 1004 1366 1059 eliminavimus.
1406 1006 1488 1059 Ad
1525 1006 1770 1061 codicum
1818 1024 1949 1062 mss.
1986 1025 2087 1062 au-

507 1097 813 1149 ctoritatem
859 1098 1068 1151 accedit
1111 1099 1224 1152 haec
1276 1099 1414 1151 ratio
1448 1098 1546 1169 (a),
1592 1102 1735 1168 quod
1781 1099 2081 1171 Nyssenus,

504 1186 606 1238 etsi
659 1186 861 1242 invitus
908 1191 973 1242 ad
1023 1198 1128 1242 tam
1166 1188 1395 1243 sublime
1438 1191 1809 1246 ministerium
1864 1204 2085 1251 evectus

503 1285 608 1340 est,
637 1293 742 1330 non
774 1288 951 1333 tamen
981 1280 1210 1343 videtur,
1239 1291 1486 1349 suscepta
1517 1284 1685 1337 semel
1714 1285 2084 1351 ordinatione,

504 1370 989 1437 recalcrtrasse,ut
1011 1373 1305 1443 Gregorius
1331 1392 1345 1429 :
1376 1374 1485 1429 imo
1516 1375 1848 1431 Nazianzum
1883 1379 2085 1434 missus

502 1476 607 1529 est,
638 1474 697 1519 ut
735 1466 979 1538 Gregorii
1014 1469 1252 1524 dolorem
1287 1486 1353 1525 ex
1384 1472 1728 1527 ordinatione
1758 1484 2083 1543 conceptum

502 1559 859 1628 abstergeret.
887 1560 1153 1616 Praeterea
1184 1561 1460 1632 Nyssenus
1498 1565 1563 1618 de
1602 1579 1754 1620 more
1796 1567 2079 1622 ordinatus

504 1661 622 1713 est,
675 1652 978 1721 postulante
1046 1654 1201 1722 plebe
1266 1664 1321 1709 et
1388 1655 1555 1722 clero,
1614 1660 2084 1716 consentientibus

505 1747 795 1812 provincia:
861 1748 1148 1817 episcOpis,
1199 1758 1258 1803 ιιι
1310 1759 1458 1820 patet
1508 1766 1573 1805 ex
1627 1754 1785 1823 epist.
1832 1754 1960 1809 Q25.
2008 1758 2078 1809 At

500 1841 839 1898 Nazianzeuo
876 1843 1020 1898 solus
1066 1844 1317 1909 Basilius,
1361 1845 1667 1914 adjuvante_
1698 1848 1867 1918 ipsius
1902 1859 2078 1918 patre,

497 1934 601 1988 hoc
643 1950 779 1990 onus
842 1937 1098 2005 imposuit
1140 1958 1154 1992 :
1194 1940 1339 1995 unde
1402 1942 1455 1995 in
1521 1942 1718 1996 multas
1781 1942 2080 2010 reprehen-

498 2028 679 2083 siones
714 2030 971 2095 incurrit,
1016 2032 1160 2101 quod
1210 2042 1415 2087 tantum
1456 2033 1627 2087 virmn
1679 2034 1890 2089 Sasima
1940 2034 2079 2089 rele-

495 2129 697 2186 gasset.

572 2210 681 2264 lloc
712 2219 891 2263 autem
941 2211 1103 2265 semel
1148 2213 1461 2279 constituto,
1495 2214 1601 2269 ruit
1635 2215 1850 2283 penitus
1896 2216 2081 2282 opinio

494 2301 843 2367 Tillcmontii,
872 2305 961 2372 qui
996 2303 1397 2360 Nazianzenum
1439 2323 1625 2362 mense
1664 2307 1809 2362 Julio
1847 2310 2073 2362 ordina-

495 2403 612 2447 tttm
664 2394 828 2448 fuisse
878 2396 1174 2450 contendit.
1230 2395 1575 2451 Retrahenda
1631 2398 1746 2452 haec
1778 2400 2071 2459 .ordinatio

494 2494 622 2539 ante
652 2484 843 2539 festum
875 2483 1130 2552 Paschal;
1178 2488 1446 2556 siquidem
1479 2488 1536 2541 S.
1584 2488 1846 2543 Eusebius
1880 2488 2079 2545 litteris

492 2576 651 2643 paulo
700 2585 820 2644 post
868 2575 1074 2629 Pascha
1113 2577 1333 2646 scriptis
1383 2581 1739 2648 respondens,
1790 2582 1929 2635 hanc
1976 2580 2077 2637 sibi

490 2668 887 2719 ordinationem
945 2665 1124 2720 minus
1178 2668 1399 2735 probari
1467 2670 1754 2740 signiﬁcat.
1796 2671 2075 2725 Prauerca

493 2758 611 2810 alia:
665 2767 957 2825 suppetunt
1010 2759 1266 2812 rationes.
1323 2758 1456 2813 Nam
1507 2762 1564 2814 1ο
1612 2763 1697 2816 bis
1748 2761 2077 2815 Nazianzutn

492 2851 643 2904 venit
678 2850 907 2904 Basilius
943 2849 1099 2916 hujus
1131 2852 1490 2907 ordinationis
1514 2868 1712 2917 causa,
1757 2854 1925 2908 semel
1961 2854 2079 2921 qui-

490 2942 612 2996 dem
650 2958 771 2996 cum
819 2942 1140 3012 Gregorium
1183 2945 1478 3013 ordinavit,
1522 2944 1720 2999 iterum
1766 2961 1915 3009 vero,
1954 2962 2075 3000 cum

492 3034 807 3086 redeuntem
856 3048 885 3087 ε
938 3034 1059 3103 fuga
1127 3034 1333 3089 invisit.
1385 3033 1456 3086 At
1506 3034 1740 3103 primum
1801 3035 1902 3088 iter
1952 3043 2077 3089 ante

492 3126 699 3180 Pascha
735 3124 1124 3186 collocandum.
1170 3126 1301 3179 Nam
1347 3126 1423 3196 (b)
1473 3137 1592 3195 post
1633 3126 1837 3181 Pascha
1896 3128 2075 3182 circu-

491 3222 625 3275 itum
660 3221 946 3289 quemdam
998 3222 1158 3275 rebus
1204 3222 1529 3276 necessariis
1577 3222 1892 3290 urgentibus
1942 3237 2074 3275 con-

491 3312 660 3367 fccit:
696 3314 818 3366 inde
858 3328 1112 3368 reversus
1144 3315 1290 3368 circa
1337 3316 1477 3368 diem
1512 3315 1890 3368 duodecimum
1920 3312 2072 3377 Maii,

491 3406 793 3459 Sebastiam
840 3422 897 3462 se
936 3407 1162 3461 contulit
1197 3422 1379 3462 mense
1405 3405 1607 3461 Junio:
1641 3407 1834 3459 iterum
1872 3406 1924 3458 in
1972 3407 2075 3457 Ar-

491 3498 723 3551 meniam
768 3514 951 3553 mense
974 3497 1116 3552 Julio
1146 3499 1359 3565 longum
1397 3508 1449 3553 et
1483 3498 1765 3552 molestum
1799 3498 1903 3551 iter
1945 3512 2069 3551 sus~

490 3590 654 3657 cepit.
684 3589 774 3644 Bis
821 3606 950 3659 ergo
991 3599 1110 3659 post
1140 3588 1347 3643 Pascha
1376 3588 1703 3642 Nazianzum
1735 3588 1921 3642 venire
1965 3603 2070 3640 non

489 3682 695 3748 p0tuit;
743 3696 926 3737 mense
964 3692 1143 3736 autem
1189 3680 1332 3735 Julio
1369 3696 1435 3736 ne
1486 3680 1653 3735 semel
1686 3680 1901 3748 quidem
1939 3680 1991 3732 id
2021 3679 2071 3733 ei

490 3774 756 3842 integrum
805 3776 922 3828 fuit.
955 3774 1011 3826 2°
1044 3774 1279 3827 Basilius
1312 3773 1364 3827 in
1398 3770 1624 3842 epistola
1658 3771 1746 3836 98,
1777 3758 1896 3840 qua:
1943 3774 2074 3823 scri-

488 3872 579 3932 pta
617 3872 699 3917 est
724 3864 869 3918 circa
905 3864 1141 3919 medium
1173 3878 1415 3917 mensem
1444 3861 1683 3926 Junium,
1719 3862 1934 3915 nuntiat
1968 3861 2075 3916 Eu-

486 3955 638 4007 sebio
667 3970 726 4009 se
750 3956 903 4009 brevi
933 3970 1346 4023 congressurum
1378 3970 1500 4007 cum
1532 3954 1798 4023 episcopis
1822 3954 2072 4007 secunda)

486 4046 861 4115 (lappadocizc.
890 4047 961 4098 At
991 4047 1076 4099 hic
1110 4061 1436 4115 congressus
1470 4061 1574 4099 non
1624 4046 1797 4098 solum
1833 4056 1951 4113 post
1982 4063 2071 4100 or—

482 4138 815 4191 dinationem
848 4136 1096 4206 Gregorii
1131 4138 1459 4191 constitutus
1500 4147 1605 4199 est,
1632 4144 1725 4191 sed
1756 4138 1920 4190 etiam
1950 4148 2071 4206 post

479 4228 605 4297 ejus
646 4229 829 4297 fugam
858 4239 913 4283 et
959 4230 1186 4284 reditum
1233 4240 1287 4284 et
1331 4230 1552 4284 inutiles
1600 4240 1830 4285 conatus
1876 4246 2063 4297 capes-

480 4320 638 4374 sendi
671 4322 1017 4390 episcopatus
1057 4329 1111 4375 et
1145 4322 1410 4390 colloquia
1449 4338 1573 4377 cum
1604 4322 1885 4376 Anthimo.
1922 4322 2066 4376 Con—

482 4429 685 4467 venere
712 4414 928 4467 tandem
966 4414 1235 4483 episcopi,
1266 4424 1325 4468 ut
1356 4413 1515 4469 modo
1567 4414 1893 4479 videbimus,
1940 4428 2067 4469 ante

487 4506 614 4559 illud
646 4507 769 4571 iter,
806 4505 947 4574 quod
990 4520 1174 4559 mense
1213 4505 1354 4561 Julio
1382 4505 1613 4559 Basilius
1658 4506 1710 4559 in
1747 4506 2061 4559 Armeniam
2100 4531 2140 4584 ο

484 4598 743 4667 suscepit.
791 4596 946 4651 Nulla
996 4612 1123 4666 ergo
1172 4598 1380 4651 ratione
1416 4597 1608 4652 nititur
1664 4597 1849 4667 opinio
1898 4597 2063 4650 Tille-

488 4700 737 4833 111ῗὲιῖιέιο
765 4779 1138 4850 episcoporum
1163 4777 1519 4847 Cappadocia:
1540 4778 1751 4849 synodo
1783 4792 1887 4845 pax
1918 4778 2061 4831 inter

485 4869 741 4924 Basilium
777 4872 1162 4926 etAnthimum
1187 4887 1247 4925 ea
1273 4873 1590 4927 conditione
1617 4873 1827 4926 sancita
1862 4882 1969 4938 est,
2007 4883 2063 4926 ut

482 4964 824 5031 episcopatus
859 4965 1381 5032 multiplicarentur;
1436 4964 1576 5032 quod
1629 4964 1843 5031 quidem
1879 4964 1930 5017 in
1960 4964 2062 5017 Ee-

485 5054 665 5107 clesia:
710 5054 1047 5106 commodum
1101 5054 1330 5107 cessisse
1362 5062 1588 5105 testatur
1630 5051 1926 5121 Gregorius
1959 5052 2054 5120 (ε).

486 5146 666 5199 Mense
692 5141 850 5198 Junio
870 5156 1119 5207 exeunte,
1145 5145 1227 5198 vel
1260 5146 1476 5197 ineunte
1508 5141 1649 5195 .lulio
1680 5143 1794 5196 haec
1818 5145 2059 5213 synodus

480 5239 822 5301 collocanda,
882 5252 986 5290 non
1041 5238 1213 5290 solum
1257 5239 1380 5304 quia
1441 5234 1671 5290 Basilius
1724 5236 1776 5289 in
1833 5237 2058 5304 epistola

485 5331 665 5385 medio
689 5344 872 5383 mense
899 5327 1057 5383 Junio
1087 5330 1285 5397 scripta
1318 5329 1461 5383 brevi
1483 5326 1717 5380 futuram
1750 5329 2059 5391 nuntiabat,

482 5426 581 5478 sed
635 5424 797 5475 etiam
827 5421 953 5490 quia
991 5423 1171 5475 statim
1203 5437 1264 5473 ac
1312 5422 1471 5474 rediit
1522 5436 1585 5474 ex
1643 5420 1855 5483 itinere,
1916 5423 2057 5488 quod

480 5516 677 5569 iterum
720 5516 771 5566 in
805 5512 1115 5567 Armeniam
1155 5514 1335 5566 habuit
1397 5528 1578 5567 mense
1626 5510 1774 5566 Julio
1801 5552 1813 5575 ,
1878 5510 2048 5565 Euse-

552 5692 630 5763 (η)
674 5692 767 5763 Ep.
800 5693 918 5747 ess.

554 5768 630 5823 ibi
664 5763 758 5821 En.
802 5766 886 5817 95.

2198 551 2280 605 dis
2313 552 2581 620 episcopis
2615 566 2835 620 operam
2890 562 3095 605 navet:
3138 568 3300 620 quam
3352 554 3567 622 quidem
3626 558 3790 623 pacis

2196 640 2563 695 conditionem
2625 642 2794 695 fuisse
2848 640 3106 695 diximus.
3166 642 3361 697 llabita
3408 658 3537 714 ergo
3598 645 3791 700 fuerat

2196 733 2432 800 synodus
2466 742 2756 803 antequam
2785 733 3242 803 proﬁcisceretur.

2266 823 2374 877 νη.
2412 824 2832 879 Prteclarissime
2868 836 3046 879 actum
3081 843 3203 880 cum
3236 827 3467 892 Basilio,
3497 830 3636 897 quod
3666 831 3788 881 An-

2198 913 2350 967 thimi
2404 915 2833 970 benevolentiam
2889 917 3275 985 recollegisset.
3313 918 3417 972 Sed
3466 920 3575 973 cito
3622 934 3785 975 nos:

2195 1017 2627 1073 supervenerunt
2653 1008 2935 1061 molestize.
2969 1009 3201 1077 Accepit
3234 1010 3546 1063 mandatum
3599 1014 3779 1079 impc-

2195 1096 2559 1150 ratoris‘cum
2604 1097 2800 1153 litteris
2834 1100 3049 1155 comitis
3075 1100 3341 1166 Terentii,
3397 1112 3453 1154 ut
3494 1104 3778 1157 Armenia:

2193 1188 2478 1258 episcopos
2508 1192 2683 1243 daret.
2714 1191 2831 1245 Non
2860 1192 2911 1245 id
2941 1208 3073 1247 sane
3103 1193 3390 1248 molestum
3422 1194 3532 1247 fuit
3564 1196 3776 1248 homini

2195 1280 2329 1333 nihil
2365 1282 2604 1350 optatius
2655 1283 2896 1351 habenti,
2955 1300 3113 1353 quam
3143 1295 3201 1339 ut
3234 1287 3487 1340 Ecclesia
3508 1302 3670 1341 causa
3698 1287 3779 1340 la-

2192 1371 2428 1425 boraret.
2487 1370 2599 1426 lino
2664 1383 2771 1427 tota
2812 1390 2897 1428 res
2958 1378 3353 1443 perhonoriﬁca
3396 1378 3633 1443 Basilio;
3672 1393 3777 1432 nec

2191 1464 2323 1517 satis
2375 1464 2557 1519 mirari
2601 1481 2841 1534 possum,
2878 1482 2977 1520 cur
3015 1484 3121 1537 quo
3157 1479 3397 1537 tempore
3443 1470 3679 1523 haeretici
3718 1486 3775 1524 tn

2192 1565 2270 1610 tot
2307 1557 2579 1612 Ecclesias
2630 1560 2940 1628 pastoribus
2980 1560 3150 1628 pulsis
3186 1564 3339 1628 lupos
3396 1560 3770 1626 intrudebant,

2195 1663 2392 1704 vacuas
2423 1650 2698 1705 Armenias
2730 1650 3004 1706 Ecclesias
3052 1667 3157 1706 non
3195 1654 3544 1720 occuparint.
3600 1652 3772 1707 Forte

2190 1754 2371 1795 comes
2422 1740 2712 1798 Terentius
2776 1746 3143 1815 cognitionem
3195 1745 3305 1800 illis
3358 1744 3513 1813 hujus
3550 1745 3771 1799 consilii

2190 1837 2489 1906 prmripuit,
2521 1848 2576 1893 et
2625 1855 2655 1894 a
2704 1838 2933 1893 Valente
2963 1840 3239 1894 decretum
3280 1839 3406 1892 illud
3440 1840 3768 1908 impetravit.

2186 1936 2472 1996 antequam
2503 1944 2712 1984 summa
2748 1928 2932 1985 Basilii
2966 1933 3220 1984 virtutum
3257 1931 3566 1995 admiratio,
3602 1946 3769 2000 quam

2185 2019 2431 2075 Ctesarea
2487 2023 2774 2078 discedens
2824 2023 3247 2092 signiﬁcaverat,
3301 2038 3364 2077 ex
3417 2025 3535 2094 ejus
3584 2026 3772 2077 animo

2184 2111 2513 2167 elaberetur.
2542 2112 2801 2169 Libenter
2831 2116 3014 2180 itaque
3061 2117 3161 2169 vite
3198 2131 3318 2171 sese
3357 2118 3628 2171 commisit
3658 2118 3773 2170 Ba-

2184 2203 2339 2257 silius
2374 2202 2453 2275 (ά)
2478 2248 2491 2272 ,
2541 2205 2635 2259 sed
2664 2221 2784 2259 cum
2814 2206 2863 2261 ei
2912 2206 3223 2261 Theodotus
3277 2207 3653 2261 sollicitudinis
3684 2224 3772 2262 so-

2184 2295 2299 2349 cius
2339 2296 2633 2364 adjunctus
2666 2308 2833 2361 esset,
2888 2298 3163 2352 metuebat
3195 2298 3449 2364 Basilius,
3509 2300 3560 2353 id
3614 2301 3767 2368 quod

2183 2386 2401 2451 accidit,
2434 2403 2501 2442 ne
2533 2388 2819 2458 singulare
2846 2391 3081 2444 hominis
3107 2391 3384 2458 ingenium
3418 2400 3471 2444 et
3493 2393 3767 2459 suspicio-

2185 2492 2279 2531 nes
2298 2476 2411 2547 jam
2444 2491 2565 2531 men
2586 2493 2644 2531 se
2692 2475 2852 2533 Junio
2901 2480 3223 2547 signiﬁcata
3262 2480 3552 2549 plurimum
3603 2498 3770 2536 noce-

2184 2580 2325 2627 rent.
2366 2570 2469 2623 Sed
2533 2580 2735 2635 tamen,
2804 2582 2859 2625 ut
2920 2572 3201 2627 Theodoto
3254 2572 3636 2635 satisfaceret,
3696 2588 3769 2629 ac

2181 2677 2367 2716 eorum
2401 2678 2523 2733 qua)
2552 2673 2757 2733 egerat,
2790 2679 2973 2719 coram
3012 2664 3280 2734 locuplete
3330 2676 3468 2721 teste
3491 2669 3761 2721 rationem

2182 2757 2454 2823 redderet,
2490 2757 2638 2810 venit
2694 2758 2888 2813 Getasa
2936 2758 2991 2812 in
3034 2774 3222 2828 agrum
3272 2759 3329 2814 S.
3383 2762 3602 2823 Meletii,
3668 2761 3764 2813 ubi

2182 2846 2500 2903 Theodotus
2537 2848 2805 2913 interfuit,
2849 2850 3115 2919 simulque
3155 2850 3422 2906 Diodorus
3453 2854 3761 2922 presbyter.

2249 2938 2328 2992 lbi
2364 2948 2652 2993 accusatus
2684 2954 2712 2992 a
2751 2939 3033 2994 Theodoto
3058 2941 3127 2995 ob
3163 2939 3597 3008 conjunctionem
3634 2954 3763 2993 cum

2182 3030 2463 3083 Eustathio
2493 3070 2508 3094 ,
2536 3032 2671 3085 dixit
2700 3047 2760 3086 se
2782 3047 2847 3086 ex
2882 3047 3175 3102 con-gressu
3229 3042 3579 3087 consecutum
3613 3047 3763 3096 esse,

2181 3122 2606 3176 utEustathium
2645 3123 2697 3176 in
2724 3126 2976 3179 omnibus
3023 3126 3123 3179 sibi
3176 3126 3559 3180 assentientem
3588 3125 3763 3178 habe-

2183 3223 2281 3267 ret.
2313 3214 2447 3267 Tum
2484 3213 2822 3282 Theodotus,
2870 3216 3219 3271 Eustathium
3270 3232 3519 3285 negasse,
3573 3219 3760 3271 statim

2178 3322 2241 3359 ac
2278 3305 2523 3359 discessit
2546 3310 2613 3361 ab
2636 3321 2701 3360 eo
2729 3306 2985 3371 Basilius,
3032 3312 3252 3377 suisque
3277 3310 3452 3378 ipsum
3478 3308 3760 3376 discipulis

2176 3395 2470 3461 afﬁrmare,
2502 3412 2561 3451 se
2587 3397 2729 3450 nulla
2757 3414 2981 3467 prorsus
3010 3400 3061 3452 in
3097 3417 3155 3455 re
3178 3416 3299 3454 cum
3326 3401 3531 3455 Basilio
3564 3405 3627 3457 de
3652 3404 3762 3456 ﬁde

2175 3490 2534 3544 consensisse.
2565 3490 2644 3543 Ad
2674 3491 2789 3545 haec
2817 3490 3073 3557 Basilius,
3104 3509 3206 3548 non
3243 3509 3366 3548 eum
3408 3510 3529 3548 esse
3559 3494 3761 3548 Eusta-

2177 3582 2373 3645 tbium,
2400 3584 2490 3652 qui
2522 3598 2666 3636 nunc
2698 3583 2824 3651 huc,
2862 3601 3005 3639 nunc
3041 3585 3168 3640 illuc
3214 3584 3447 3653 feratur,
3478 3603 3601 3641 cum
3649 3587 3759 3640 sibi

2176 3676 2400 3728 miriﬁce
2462 3675 2515 3728 in
2571 3684 2681 3729 tota
2717 3677 2823 3728 vita
2860 3685 3108 3742 constet;
3163 3688 3256 3732 aut
3302 3680 3353 3732 in
3418 3680 3581 3733 rebus
3622 3679 3758 3732 tanti

2174 3768 2435 3821 momenti
2463 3779 2517 3823 et
2538 3769 2782 3821 omnium
2808 3769 2948 3822 fama
2987 3770 3272 3825 celebratis
3292 3773 3601 3837 mentiatur,
3632 3787 3759 3825 cum

2176 3858 2514 3913 mendacium
2550 3860 2716 3912 etiam
2754 3860 2805 3913 in
2846 3860 3083 3914 minimis
3112 3875 3170 3915 ut
3205 3861 3463 3916 horribile
3499 3863 3759 3931 quiddam

2172 3961 2471 4003 aversetur.
2533 3950 2637 4003 Sed
2684 3959 2862 4003 tamen
2907 3954 3322 4021 proponendum
3354 3953 3401 4007 ei
3447 3968 3568 4007 esse
3599 3953 3761 4007 libel-

2136 4092 2143 4096 .
2173 4040 2279 4092 lum
2300 4039 2451 4104 ﬁdei,
2481 4040 2562 4094 cui
2595 4040 2725 4093 nihil
2744 4041 2883 4094 desit
2909 4042 2973 4094 ad
3014 4054 3174 4095 recta:
3210 4042 3329 4095 ﬁdei
3356 4044 3662 4117 specimen;
3706 4045 3759 4099 si

2171 4132 2561 4186 subscribendo
2588 4133 2941 4195 assentiatur,
2973 4148 3286 4186 mansurum
3314 4150 3373 4188 se
3400 4136 3450 4187 in
3476 4136 3593 4204 ejus
3617 4150 3766 4188 com-

2174 4223 2459 4286 munione;
2494 4222 2575 4275 sin
2603 4232 2779 4275 autem
2822 4234 3057 4289 recuset,
3100 4225 3167 4276 ab
3218 4224 3334 4291 ejus
3372 4227 3759 4294 conjunctione

2171 4314 2557 4368 discessurum.
2586 4313 2816 4369 Probata
2850 4315 2967 4370 lucc
2997 4317 3236 4370 conditio
3286 4317 3503 4373 Meletio
3551 4329 3605 4373 et
3632 4320 3761 4377 Dio-

2172 4406 2322 4470 doro,
2372 4422 2473 4461 nec
2503 4407 2618 4475 ipse
2653 4406 2967 4462 Theodotus
3000 4409 3281 4473 dissensit,
3334 4411 3425 4464 sed
3479 4414 3758 4480 peramice

2171 4497 2427 4551 Basilium
2475 4498 2725 4552 hortatus
2771 4507 2875 4562 est,
2914 4509 2972 4552 ut
3020 4498 3319 4570 Nicepolim
3371 4503 3755 4571 descenderet,

2177 4599 2287 4641 tum
2313 4590 2568 4644 Ecclesize
2618 4590 2918 4646 invisendte
2947 4608 3133 4658 causa,
3168 4604 3277 4647 tum
3310 4604 3368 4647 ut
3416 4610 3539 4649 eum
3575 4597 3755 4651 Theo-

2174 4682 2332 4734 dotus
2359 4680 2541 4735 Satala
2580 4698 2752 4751 usque
2796 4684 3113 4749 deduceret,
3148 4701 3210 4739 ac
3234 4702 3453 4754 operam
3493 4689 3545 4742 in
3578 4690 3758 4744 omni-

2175 4772 2276 4826 bus
2311 4781 2552 4827 navaret.
2584 4772 2678 4826 llis
2717 4774 2789 4827 ita
2821 4775 2958 4829 actis
2998 4774 3303 4847 Nicopolim
3356 4779 3517 4831 rediit
3568 4778 3748 4833 Theo-

2173 4866 2351 4929 dotus,
2394 4865 2594 4921 Basilio
2641 4866 2854 4921 Getasis
2910 4868 3119 4923 relicto.
3181 4871 3252 4923 At
3301 4870 3389 4925 ubi
3448 4870 3751 4941 Nicopolim

2172 4958 2388 5010 advenit
2411 4958 2659 5022 Basilius,
2696 4958 2777 5013 sic
2821 4974 2944 5014 eum
2971 4969 3253 5014 aversatus
3284 4970 3367 5014 est
3406 4961 3749 5029 Theodotus,

2172 5057 2231 5101 ut
2264 5064 2437 5118 neque
2466 5050 2532 5103 ad
2565 5052 2874 5115 matutinas,
2919 5066 3095 5120 neque
3127 5052 3198 5103 ad
3226 5053 3559 5122 vespertinas
3615 5069 3746 5115 pre:-

2170 5157 2261 5197 ces
2291 5157 2567 5197 assumere
2594 5144 2846 5199 voluerit.

2238 5235 2626 5291 Permolestum
2662 5237 2714 5291 id
2766 5238 2968 5293 Basilio
3001 5236 3225 5302 accidit,
3280 5252 3386 5292 non
3441 5248 3620 5292 tamen
3653 5254 3752 5293 sua

2170 5329 2337 5397 ipsius
2360 5344 2527 5383 causa
2577 5329 2799 5400 (fatetur
2831 5332 2975 5383 enim
3010 5346 3073 5385 se
3102 5332 3325 5399 dignum
3359 5329 3528 5385 fuisse
3550 5330 3644 5400 qui
3669 5332 3752 5387 sic

2170 5424 2538 5492 tractaretur),
2572 5423 2665 5478 sed
2716 5425 2843 5493 quia
2899 5427 3154 5479 mandata
3213 5426 3559 5495 imperatoris
3586 5428 3750 5494 perii-

2169 5528 2311 5568 cere.
2338 5524 2390 5567 et
2417 5515 2703 5583 episcopos
2730 5518 2998 5573 Armenia:
3051 5518 3181 5574 dare
3236 5534 3339 5573 non
3392 5527 3628 5588 poterat,
3661 5518 3751 5575 sic

2249 5690 2316 5760 (τ)
2347 5692 2441 5747 Or.
2470 5695 2560 5747 20.

2235 5768 2311 5828 (ιι)
2346 5766 2438 5829 Ep.
2466 5768 2554 5819 b9.
