4040 6216
1616 360 1773 415 VITA
1819 361 1874 414 S.
1922 359 2001 412 BA
2015 358 2070 413 SI
2083 358 2184 413 LII.

3408 376 3530 416 XCIX

251 474 449 533 affecto
476 489 604 544 erga
639 488 697 529 se
720 488 976 529 curarum
1015 474 1181 537 socio,
1216 473 1369 543 cujus
1400 489 1559 543 opera
1592 475 1846 543 Sperabat
1878 481 1921 536 Α
1952 474 2119 527 Porro
2152 473 2219 527 ad
2248 487 2367 526 eam
2409 488 2521 525 rem
2550 476 2843 529 necessarii
2879 487 3038 531 erant
3068 476 3257 532 saltem
3308 478 3527 547 triginta
3600 468 3609 479 “

254 584 315 626 se
351 570 574 623 idoneos
602 568 749 621 viros
798 568 1173 630 inventurum,
1222 582 1286 619 co
1334 569 1478 634 quod
1516 569 1566 620 in
1603 568 1719 633 ejus
1754 583 1845 635 pa.

255 663 421 719 rmcia
459 679 564 717 non
602 663 854 715 deessent
884 669 940 713 et
963 661 1204 730 religiosi
1230 671 1281 715 et
1318 662 1636 729 prudentes,
1667 674 1720 715 et
1746 663 1847 714 lin-

254 772 375 826 guze
406 754 591 823 pcriti,
642 764 696 807 ct
741 755 832 822 qui
896 752 1137 820 reliquos
1190 752 1365 821 gemis
1407 769 1533 806 usus
1599 755 1846 821 proprios

251 849 482 902 scirent.
540 845 646 898 Sed
708 854 887 897 tamen
945 842 1087 911 quod
1126 844 1176 896 iu
1231 845 1348 909 ipso
1402 845 1561 897 situm
1595 855 1746 905 erat,
1790 843 1845 896 id

242 915 476 994 inittime
511 939 883 1009 ttegligendum
922 947 1097 996 ratus,
1135 936 1315 990 Satala
1348 938 1593 1003 pervenit
1629 937 1847 989 infirmo

226 1014 548 1127 jadntodum
589 1046 852 1097 corpore;
896 1044 1083 1097 pacem
1120 1030 1426 1095 composuit
1471 1030 1613 1082 inter
1643 1031 1850 1096 cpisco-

251 1141 353 1195 pos
382 1124 896 1190 Armeniae,cosque
934 1136 963 1175 a
1008 1135 1216 1174 summa
1250 1120 1607 1173 indifferentia
1649 1137 1712 1173 ac
1750 1136 1845 1174 ne-

250 1217 507 1286 gligentia
556 1215 622 1267 ad
674 1215 947 1267 sincerttm
994 1228 1092 1281 pro
1142 1210 1399 1265 Ecclesiis
1454 1212 1547 1266 Dei
1606 1214 1843 1266 studium

248 1322 517 1361 revocare
538 1316 763 1358 conatus
791 1313 900 1365 cst,
947 1317 1009 1355 ac
1048 1299 1111 1355 de
1154 1302 1423 1356 neuuullis
1486 1318 1605 1371 qtae
1633 1300 1845 1354 indiffe-

248 1408 439 1451 renter
490 1398 545 1449 itt
577 1394 839 1449 Armenia
896 1394 1112 1463 peccari
1151 1394 1425 1455 solebant,
1454 1393 1671 1462 rt'gttlus
1708 1409 1845 1461 pra:-

248 1490 493 1557 scripsit.
546 1488 769 1555 Accepit
818 1506 848 1540 a
886 1486 1197 1539 Satalorum
1252 1485 1493 1539 Ecclesia
1545 1484 1841 1553 sttffragia,

248 1583 445 1651 quibus
473 1581 787 1647 rogabatur,
827 1589 888 1631 ut
936 1579 1246 1647 episcopum
1304 1578 1411 1630 illis
1463 1576 1636 1630 daret.
1687 1576 1843 1631 Curre

248 1673 411 1725 etiam
445 1671 577 1724 illud
622 1670 670 1724 ei
705 1669 826 1732 fuit,
873 1678 933 1723 ttt
965 1670 1031 1722 de
1060 1668 1299 1737 aspersis
1331 1667 1537 1737 Cyrillo
1585 1669 1841 1737 episcopo

246 1760 574 1814 criminibus
616 1761 923 1827 inquireret
959 1781 971 1813 :
1011 1774 1128 1827 quae
1155 1774 1277 1813 cum
1332 1761 1399 1812 ab
1430 1758 1662 1812 inimicis
1706 1774 1840 1812 con-

248 1853 377 1907 ficta
435 1866 560 1905 esse
625 1851 991 1919 cognovisset,
1052 1851 1216 1920 idque
1258 1850 1357 1918 ipsi
1408 1864 1592 1904 coram
1637 1849 1840 1905 Basilio

248 1942 546 1998 manileste
600 1940 835 1996 confessi
891 1955 1115 2008 essent;
1176 1944 1431 2012 populum
1501 1945 1840 1999 Satalcnsem

247 2034 455 2106 Cyrillo
490 2036 845 2090 mediocriter
869 2036 1128 2105 placavit,
1158 2037 1227 2091 ita
1249 2047 1309 2090 ut
1339 2052 1445 2089 non
1470 2035 1583 2104 jam
1612 2038 1680 2090 ab
1701 2038 1842 2091 illius

246 2134 637 2184 communione
672 2130 1010 2198 refugerent.
1045 2130 1120 2183 Ex
1174 2132 1258 2184 his
1299 2131 1477 2200 colligi
1529 2145 1633 2183 non
1682 2131 1842 2184 debet

246 2223 509 2294 Cyrillum
537 2237 727 2277 eorum
761 2222 1073 2291 episcopum
1110 2222 1299 2275 fuisse.
1333 2221 1659 2277 Iamdudum
1695 2221 1838 2273 enim

248 2316 505 2385 episcopo
538 2316 819 2376 carebant,
847 2325 905 2366 ut
932 2314 1093 2367 modo
1121 2313 1444 2367 videbimus.

322 2406 452 2459 VIII.
484 2406 676 2459 Bedux
703 2404 1012 2460 Ctesaream
1040 2403 1290 2466 Basilius,
1310 2405 1394 2460 vel
1422 2405 1609 2470 etiam,
1632 2416 1835 2460 utcon-

242 2496 362 2569 fet
424 2497 836 2560 Tille‘toutius,
892 2507 1184 2566 antequam
1252 2496 1453 2553 Satalis
1510 2499 1837 2565 discederet,

247 2607 359 2645 rem
421 2608 643 2647 ozunem
686 2589 755 2643 ab
808 2591 1029 2660 origine
1075 2588 1333 2645 Terentio
1380 2592 1720 2661 perscripsit,
1784 2601 1839 2646 et

242 2684 372 2753 quid
401 2684 469 2735 ad
505 2682 875 2737 exbaurienda
930 2680 1273 2749 imperatoris
1324 2684 1574 2735 mandata
1626 2686 1839 2752 praesti-

248 2773 582 2843 tisset,‘quid
616 2774 769 2841 plura
800 2784 1061 2842 praestare
1089 2773 1484 2842 prohibuisset,
1540 2776 1837 2829 accuratis-

244 2866 382 2919 sime
425 2866 703 2933 exposuit.
738 2865 1016 2934 Scriptum
1048 2880 1170 2919 esse
1216 2861 1417 2919 Satalis
1461 2865 1601 2920 hanc
1635 2868 1838 2934 episto-

247 2954 352 3007 lam
383 2955 451 3007 99
484 2954 563 3023 (u.
604 2956 675 3026 .i)‘
718 2954 897 3023 colligi
924 2964 1106 3024 posset
1134 2970 1198 3007 ex
1226 2956 1307 3009 bis
1343 2957 1565 3009 verbis:
1600 2954 1670 3008 Et
1699 2974 1837 3010 nunc

244 3045 578 3101 cumSatala
609 3048 857 3099 venissem
882 3063 1001 3099 cum
1035 3046 1130 3099 tali
1160 3062 1399 3115 corpore,
1431 3058 1534 3102 etc.

1954 574 2064 617 tres
2097 564 2234 629 dies,
2275 575 2334 616 ut
2360 565 2591 616 vidimus
2618 581 2682 619 ex
2717 569 2876 635 epist.
2908 568 2996 621 93.

2020 656 2172 709 Circa
2225 657 2364 709 idem
2419 666 2632 725 tempus
2687 662 2889 726 scripta
2941 662 3172 730 epistola
3211 664 3332 719 IOI.
3394 662 3530 718 Cum

1948 746 2093 801 enim
2128 748 2194 800 de
2226 756 2400 799 morte
2432 747 2658 817 insignis
2701 766 2943 816 personat
2991 755 3289 822 didicisset,
3341 759 3529 810 statim

1950 839 2014 891 ad
2047 854 2193 902 eum,
2227 843 2291 893 ad
2320 854 2478 909 quem
2530 843 2834 910 prmcipuus
2887 846 3042 898 dolor
3074 850 3307 916 redibat,
3337 866 3535 904 conso-

1950 932 2097 986 landi
2144 949 2303 987 causa
2342 936 2583 1001 scripsit,
2646 934 2915 989 infirmam
2955 939 3319 994 valetudinem
3365 934 3533 995 excu-

1948 1038 2095 1087 sans,
2150 1041 2248 1078 cur
2302 1028 2493 1079 adesse
2539 1042 2646 1081 non
2686 1039 2888 1095 posset,
2928 1042 2983 1083 et
3033 1034 3246 1102 negotia
3296 1034 3365 1087 ob
3432 1036 3534 1089 iter

1948 1117 2209 1181 majorem
2239 1118 2287 1171 in
2325 1119 2543 1172 modum
2577 1135 2759 1176 aucta.

2021 1206 2351 1272 Satalcnscs,
2384 1221 2439 1264 ttt
2474 1228 2637 1280 supra
2677 1210 2928 1278 vidimus,
2959 1214 3241 1285 suffragia,
3279 1218 3395 1272 sive
3440 1220 3535 1273 de-

1948 1313 2156 1355 cretum
2192 1302 2465 1372 publicmn
2500 1306 2809 1360 obtulerant
2836 1308 3062 1372 Basilio,
3100 1326 3332 1377 eumque
3377 1326 3534 1379 roga-

1949 1394 2100 1457 bant,
2160 1404 2217 1447 ut
2274 1395 2381 1448 sibi
2436 1397 2752 1465 episc0putn
2805 1400 2979 1453 daret.
3037 1400 3112 1454 Eo
3170 1401 3384 1470 dignior
3413 1410 3535 1455 erat

1948 1485 2133 1540 Basilii
2168 1485 2537 1546 sollicitudine
2589 1492 2703 1546 hate
2733 1492 2999 1559 Ecclesia,
3035 1497 3177 1564 quod
3212 1496 3531 1564 jamdudum

1946 1581 2203 1649 episcopo
2245 1584 2506 1636 destituta
2558 1587 2952 1653 propemodum
2991 1592 3044 1642 in
3096 1590 3268 1643 ruinis
3293 1591 3530 1659 jacebat.

1948 1667 2002 1721 ltt
2029 1672 2260 1739 petendo
2286 1683 2465 1724 autem
2496 1675 2751 1743 episcopo
2785 1679 2920 1730 adeo
2975 1678 3294 1732 institerunt
3322 1690 3377 1733 et
3402 1695 3533 1734 con-

1948 1760 2261 1827 tenderunt,
2315 1772 2372 1815 ttt
2405 1763 2639 1817 Basilius
2685 1780 2869 1819 coram
2908 1767 3138 1823 Domino
3181 1770 3530 1837 promiserit,

1944 1853 2077 1906 nihil
2115 1870 2192 1917 se,
2220 1856 2361 1923 quod
2389 1856 2607 1924 quidem
2642 1872 2808 1926 penes
2842 1874 2900 1912 sc
2924 1858 3087 1925 foret,
3131 1863 3532 1929 prmtermissu-

1944 1962 2086 2001 rum.
2118 1946 2305 2015 Colligi
2357 1959 2538 2017 posset
2570 1951 2889 2004 nominatim
2916 1952 2983 2005 ab
3020 1954 3085 2007 iis
3134 1955 3357 2021 petitum
3408 1952 3529 2007 Pa:-

1944 2041 2181 2093 tnenium
2220 2042 2623 2112 presbyterum.
2662 2042 2795 2095 Nam
2824 2042 3057 2099 Basilius
3090 2044 3168 2115 (η)
3203 2046 3445 2098 declarat
3473 2060 3532 2098 se

1942 2133 2465 2201 consauguinitatem
2521 2143 2574 2187 et
2631 2136 3083 2189 consuetudinem
3122 2138 3223 2190 sibi
3258 2153 3380 2190 cum
3429 2137 3531 2190 hoc

1941 2221 2060 2275 viro
2090 2223 2546 2290 intercedentem,
2578 2224 2761 2292 populi
2820 2226 3075 2293 gemitus,
3114 2226 3379 2278 universa:
3408 2224 3532 2277 Pte-

1928 2312 2106 2366 ttuenii
2143 2314 2485 2382 cognationis
2518 2329 2581 2367 ac
2608 2315 2797 2369 matris
2830 2316 2998 2383 ipsius
3024 2315 3297 2384 lacrymas
3336 2330 3526 2368 eorum

1940 2404 2229 2475 postulatis
2276 2406 2679 2474 posthabuisse.
2737 2407 2999 2460 llortatur
3055 2417 3114 2460 ut
3167 2408 3276 2461 Deo
3326 2408 3529 2475 gratias

1942 2506 2125 2565 agant,
2152 2496 2293 2565 quod
2322 2506 2508 2551 votum
2542 2513 2699 2551 suum
2750 2499 3151 2567 adimpleverit.
3205 2500 3309 2552 Sed
3348 2508 3529 2551 tamen

1943 2589 2058 2641 haec
2087 2589 2269 2642 dicere
2295 2590 2471 2658 potuit
2502 2585 2757 2655 Basilius,
2774 2590 2986 2643 etiamsi
3014 2590 3526 2659 generatim'virum

1940 2683 2225 2751 petiissent
2280 2684 2346 2734 ad
2388 2683 2726 2750 reparandas
2758 2683 3011 2735 Ecclesia:
3048 2698 3158 2736 sua:
3195 2683 3381 2737 ruinas
3408 2682 3528 2735 ido-

1941 2789 2123 2827 neum.
2176 2775 2445 2828 t’raemisit
2496 2772 2729 2837 Niciam,
2782 2776 2874 2842 qui
2926 2775 2991 2827 ad
3023 2775 3336 2829 Satalenses
3373 2774 3531 2843 huius

1942 2866 2143 2920 laetitiae
2197 2869 2446 2920 nuntium
2504 2866 2798 2935 perferret.
2846 2867 3061 2934 Scripta
3123 2868 3240 2920 ba‘c
3298 2868 3529 2935 epistola

1942 2958 2349 3028 magistratibus
2398 2973 2417 3012 ':
2469 2973 2739 3027 sequens,
2801 2973 2920 3028 qua:
2975 2959 3191 3013 brevior
3245 2969 3370 3023 est,
3432 2962 3528 3011 sed

1943 3061 2123 3103 tamen
2170 3051 2223 3103 in
2280 3051 2523 3105 eamdem
2573 3053 2779 3121 scripta
2832 3053 3183 3117 sententiam,
3215 3052 3526 3105 universam

316 3138 536 3193 Litterae
604 3139 663 3196 S.
732 3140 992 3203 Eusebii,
1070 3155 1191 3208 qure
1248 3155 1442 3194 suaves
1500 3156 1717 3210 semper
1780 3151 1835 3196 ct
1864 3184 1910 3242 ϐ
1942 3149 2148 3215 plebem
2179 3148 2488 3215 compellat,
2527 3162 2847 3201 coneeSsntn
2894 3148 3002 3201 illis
3040 3148 3300 3200 nuntians
3349 3153 3529 3213 pasto-

241 3247 439 3307 optatm
491 3236 692 3290 Basilio
741 3236 1046 3297 veniebant,
1104 3251 1225 3288 cum
1280 3235 1326 3289 ei
1390 3235 1442 3288 itt
1502 3236 1719 3298 regione
1742 3241 1837 3289 Ar-

244 3331 435 3385 nteuia:
474 3330 677 3390 vicina,
712 3338 835 3396 post
880 3336 955 3380 tot
1007 3326 1284 3380 molestias
1338 3328 1580 3380 redeunti
1616 3329 1838 3383 reddita:

242 3424 500 3483 fuissent,
543 3430 752 3473 tantum
787 3420 990 3473 ltetitite
1042 3419 1363 3483 attulerunt,
1396 3430 1651 3487 quantum
1686 3423 1837 3474 navi-

243 3514 516 3581 gantibus,
550 3513 703 3582 gravi
730 3522 848 3566 orta
886 3520 1228 3579 tempestate,
1266 3510 1354 3564 fax
1382 3512 1593 3565 eminus
1626 3512 1835 3568 lucens.

245 3607 439 3660 Beditu
478 3622 601 3669 suo,
660 3605 912 3672 quamvis
961 3603 1065 3656 sibi
1098 3602 1377 3657 videretur
1410 3619 1439 3654 a
1481 3619 1579 3656 suo
1608 3620 1836 3671 corpore

241 3700 439 3759 deseri,
478 3708 534 3751 et
585 3698 637 3750 iu
681 3711 906 3766 magnas
938 3694 1602 3759 diflicttltatesincidisset,
1652 3697 1833 3748 tandiu

243 3790 505 3857 neglectis
538 3788 797 3841 Ecclesiae
830 3787 991 3839 rebus
1022 3826 1037 3848 ,
1099 3784 1356 3853 sperabat
1418 3794 1595 3839 tamen
1651 3800 1836 3851 seppe

243 3898 456 3949 precum
492 3879 709 3934 Eusebii
746 3880 1027 3933 Samosata
1065 3876 1287 3929 iturum.
1322 3875 1427 3929 Sed
1460 3876 1673 3930 interim
1711 3891 1833 3929 eum

243 3983 415 4041 rogat,
452 3982 509 4023 ttt
541 3971 851 4024 Cmsaream
904 3970 1087 4023 veniat
1118 3971 1183 4023 ad
1223 3969 1366 4024 diem
1420 3970 1614 4024 fcstmn
1654 3972 1827 4023 sancti

244 4062 560 4132 Bupsycltii,
594 4062 682 4115 die
713 4064 946 4129 septimo
1006 4058 1364 4126 Septembris.
1416 4059 1513 4112 llis
1565 4059 1714 4114 enim
1776 4074 1835 4114 se

242 4156 474 4223 negotiis
519 4152 815 4221 implicari,
866 4166 987 4220 quae
1037 4150 1240 4204 auxiiio
1276 4151 1553 4220 indigeant
1586 4151 1824 4214 Eusebii,

242 4255 352 4299 tum
407 4246 477 4297 ad
532 4245 986 4297 constitutionem
1049 4246 1448 4313 episc0porum,
1487 4258 1593 4312 qua
1652 4244 1715 4296 de
1775 4258 1834 4297 re

243 4340 380 4394 inter
413 4339 704 4407 episcopos
740 4336 1096 4406 Cappadocia:
1134 4328 1319 4389 mense
1352 4333 1513 4389 Juuio
1564 4350 1832 4389 convene-

240 4443 347 4495 rat,
403 4443 515 4485 tum
569 4430 636 4483 ad
699 4428 1142 4483 deliberationem
1216 4436 1270 4481 et
1336 4427 1828 4481 considerationem

1943 3255 2054 3293 rem
2087 3240 2187 3293 hoc
2216 3241 2433 3307 dignum
2464 3241 2710 3293 nomine.
2770 3239 2824 3292 lu
2880 3254 2988 3308 quo
3043 3240 3183 3293 forte
3223 3237 3412 3292 alludit
3460 3238 3526 3289 ad

1940 3347 2135 3387 nomen
2170 3332 2449 3387 Pocmenii.

2502 3422 2733 3478 CAPUT
2778 3423 2943 3477 XXV.

1941 3513 1980 3567 I.
2017 3517 2080 3571 S.
2118 3516 2351 3569 Basilius
2412 3519 2751 3583 conqueritur
2810 3517 2951 3576 apud
3002 3515 3328 3583 pra'feclum,
3381 3516 3523 3585 quod

2009 3587 2182 3639 clerici
2213 3586 2564 3639 Caesarienses
2595 3588 2774 3638 censui
2809 3586 3007 3637 addicti
3037 3586 3255 3653 fuerint.
3307 3586 3369 3639 ll.
3430 3584 3526 3639 ln-

2010 3658 2127 3708 visit
2157 3654 2215 3711 S.
2255 3654 2563 3709 Eusebium.
2607 3654 2829 3707 Rediens
2849 3654 3032 3707 scribit
3058 3657 3131 3706 ad
3154 3656 3293 3721 [ilius
3331 3655 3516 3709 Teren-

2011 3728 2072 3778 tti
2110 3741 2154 3780 et
2188 3728 2257 3778 ad
2304 3725 2579 3793 quemdam
2628 3727 2870 3777 militent.
2925 3727 3004 3777 Ill.
3058 3724 3184 3776 Tres
3234 3727 3427 3777 littera:
3464 3730 3525 3779 de

2015 3798 2218 3864 negatio
2268 3797 2495 3848 Julillm.
2531 3795 2665 3848 Inde
2705 3809 2830 3848 nata
2881 3797 3087 3847 occasio
3140 3795 3402 3847 scribendi
3455 3796 3525 3848 ad

2012 3866 2326 3919 Modestum.
2367 3866 2453 3919 IV.
2507 3867 2864 3918 Andronicum
2894 3869 3075 3917 ducent
3107 3864 3319 3933 placare
3364 3882 3525 3918 cona-

2010 3948 2098 3988 tur
2128 3938 2458 3990 Domttiano.
2509 3935 2570 3991 V.
2626 3934 2817 3988 Pacem
2854 3936 3098 3987 conciliat
3127 3937 3180 3986 in
3207 3936 3524 4002 presbyterio

2013 4006 2280 4060 Tarsensi.
2329 4007 2414 4057 VI.
2472 4006 2763 4072 Sintplicia’
2812 4008 3153 4058 temeritatem
3201 4006 3520 4073 comprimit.

2010 4079 2118 4132 VII.
2152 4078 2228 4129 De
2254 4080 2401 4145 epist.
2435 4076 2693 4130 IIS-H7.
2723 4074 2852 4129 VIII.
2885 4075 3147 4128 l’roditur
3176 4092 3208 4128 α
3242 4076 3523 4143 discipulis

2006 4149 2296 4203 Ettstatltii.

2008 4240 2046 4296 Ι.
2090 4241 2367 4295 Modestus
2398 4239 2709 4309 pra‘fectus,
2741 4239 2830 4308 qui
2858 4238 3117 4293 Basilium
3152 4253 3251 4306 pro
3283 4254 3341 4294 se
3378 4240 3526 4292 utill-

1940 4342 2019 4387 ter
2039 4345 2351 4401 precantem
2379 4342 2649 4397 senserat,
2685 4347 2783 4400 pro
2806 4331 2924 4384 aliis
2949 4332 3195 4401 precanti
3231 4331 3521 4399 plurimum

1938 4439 2155 4493 semper
2188 4424 2415 4477 honoris
2459 4424 2668 4476 habuit.
2716 4422 2880 4476 Suam
2916 4425 3054 4491 apud
3087 4424 3236 4476 illum
3289 4424 3521 4490 gratiam

240 4540 426 4579 eorum
457 4540 577 4588 qua:
609 4525 664 4575 in
697 4538 815 4583 nos,
848 4520 1048 4589 inquit,
1086 4520 1370 4572 meditatur
1396 4516 1638 4585 Gregorii
1676 4514 1809 4585 Nys-
1861 4533 1901 4587 ι)
1937 4516 2173 4572 Basilius
2205 4531 2348 4584 saepe
2380 4516 2738 4585 interposuit;
2766 4516 2858 4569 sed
2892 4516 3062 4583 prima
3093 4517 3334 4567 omnium
3374 4517 3523 4568 vide-

238 4621 346 4671 seni
373 4616 716 4682 simplicitas,
737 4614 827 4683 qui
845 4614 1071 4683 synodos
1098 4614 1233 4682 cogit
1254 4613 1506 4680 Ancyrar,
1538 4627 1627 4661 nec
1657 4609 1823 4661 ullum

238 4709 385 4763 nobis
438 4707 740 4762 insidiandi
771 4712 984 4761 modum
1035 4706 1407 4775 pt-tctermittit.
1470 4703 1668 4756 Lucem
1704 4703 1829 4756 huic

236 4803 353 4859 Ioco
407 4801 608 4857 afferre
642 4810 873 4855 conatus
932 4814 1050 4853 sum
1094 4799 1145 4851 itt
1199 4808 1349 4851 nota.
1414 4795 1645 4849 Pertulit
1689 4795 1828 4849 hanc

244 4895 530 4963 epistolam
569 4894 713 4946 idem
753 4892 1036 4953 diaconus,
1063 4889 1152 4958 qui
1183 4889 1392 4943 litteras
1422 4888 1638 4941 Eusebii
1684 4896 1829 4940 attu-

232 4988 407 5051 lerat;
441 4998 641 5043 etcum
670 4984 929 5037 Basilium
964 4984 1279 5037 redeuntem
1310 4984 1361 5035 itt
1391 4983 1606 5051 regione
1637 4981 1831 5034 Arme-

236 5082 340 5135 nia:
390 5080 574 5136 vicina
634 5078 925 5147 attigisset,
985 5077 1195 5130 videtur
1248 5090 1371 5129 cum
1416 5089 1481 5127 eo
1524 5072 1828 5126 thsarcatu

240 5177 471 5229 venisse.
510 5171 797 5227 Narrauda
834 5170 883 5224 ei
946 5170 1203 5239 relinquit
1262 5167 1515 5233 Basilius,
1568 5182 1689 5236 quae
1724 5166 1823 5219 sibi

240 5270 293 5320 in
323 5266 585 5321 Armenia
616 5269 939 5319 evenerant.

310 5358 427 5413 Non
467 5357 691 5411 dubiutn
728 5365 812 5409 est
836 5355 969 5423 quin
1015 5353 1238 5407 Basilius
1267 5369 1330 5407 ex
1369 5353 1470 5406 hoc
1501 5353 1693 5405 itinere
1730 5367 1827 5404 rc-

234 5452 400 5505 dierit
436 5463 623 5503 mense
668 5445 849 5511 Julio;
882 5460 1008 5498 nam
1032 5444 1166 5499 satis
1197 5454 1485 5513 supererat
1528 5444 1814 5511 temporis,

239 5555 295 5597 ut
337 5542 607 5597 Eusebius
637 5539 782 5593 illius
822 5538 1033 5593 litteras
1065 5538 1314 5605 accipere
1360 5545 1566 5605 posset,
1599 5551 1663 5588 ac
1696 5535 1823 5587 Cte-

242 5649 451 5691 saream
504 5632 695 5686 venire
750 5631 815 5685 ad
882 5629 1028 5683 diem
1101 5627 1389 5697 septimum
1451 5626 1811 5696 Septembris.

314 5817 389 5886 (α)
430 5813 527 5885 Ep.
576 5813 696 5868 102.

1946 4619 2030 4664 tur
2054 4610 2294 4663 Ecclesia
2321 4608 2674 4663 Cmsariensis
2721 4618 3061 4676 precatorem
3094 4608 3347 4661 habuisse
3374 4607 3524 4661 Basi-

1943 4703 2095 4757 Iitnn.
2132 4703 2267 4757 Cum
2309 4703 2613 4757 censitorcs
2668 4702 2854 4755 censui
2900 4700 3237 4753 addixissent
3295 4700 3523 4753 clericos

1938 4793 2319 4856 Ctesarienses,
2373 4808 2436 4846 ac
2492 4807 2585 4845 eos
2642 4802 2852 4845 tantum
2904 4791 3270 4856 excepissent,
3326 4792 3523 4859 quibus

1940 4893 2074 4937 tetas
2103 4881 2501 4935 immunitatem
2529 4883 2708 4947 dabat,
2753 4890 3038 4951 propterea
3084 4881 3226 4948 quod
3270 4883 3520 4936 mandata

1945 4973 2304 5026 itntnuuitatis
2354 4973 2715 5026 concedenda:
2765 4988 2792 5024 a
2847 4972 3107 5039 prwfeeto
3159 4973 3435 5041 accepisse
3464 4989 3529 5027 se.

1945 5073 2237 5132 negarent;
2290 5062 2529 5131 confugit
2587 5064 2651 5115 ad
2686 5060 3001 5130 praelectum
3057 5061 3314 5127 Basilius,
3365 5065 3525 5131 eique

1942 5159 2274 5211 demonstrat
2306 5166 2359 5209 et
2397 5157 2564 5225 ipsius
2594 5154 2752 5207 fama:
2802 5164 2854 5207 et
2906 5154 3251 5223 imperatoris
3303 5156 3523 5209 familiae

1942 5249 2170 5318 perutile
2216 5250 2481 5312 futttrttttt,
2515 5255 2572 5299 ιιι
2614 5247 2789 5313 aliqua
2826 5246 3142 5301 immunitas
3188 5249 3523 5300 concedatur

1941 5343 2178 5412 episcopi
2228 5344 2454 5398 arbitrio
2506 5342 2892 5411 dispensanda.
2932 5340 3099 5394 Multa
3153 5351 3279 5394 sunt
3316 5341 3366 5393 in
3419 5339 3523 5394 hac

1942 5435 2169 5505 epistola
2204 5435 2465 5499 difﬁcilia,
2513 5451 2633 5504 quae
2662 5436 2712 5487 in
2745 5436 2892 5489 notis
2917 5444 3151 5488 conatus
3174 5448 3296 5487 sunt
3336 5431 3523 5500 expla-

1938 5543 2088 5583 nare.

2012 5619 2226 5691 Scripta
2265 5629 2443 5677 autem
2477 5619 2689 5674 videtur
2714 5620 2860 5675 circa
2904 5620 3046 5673 hunc
3077 5629 3306 5671 annum.
3332 5616 3524 5673 Adhuc
