4040 6216
485 328 516 364 c
1841 302 2045 363 P‘BOLI

2148 302 2383 361 )MENA.

484 428 628 482 enim
683 426 921 480 recentia
961 433 1118 479 erant
1171 420 1527 496 Cappadocia:
1582 422 1826 489 vulnera,
1860 428 1944 481 cui
2004 428 2057 479 in
2088 437 2134 491 Α
2165 436 2369 479 mosata
2401 422 2690 488 deduxere,
2724 423 2854 477 nihil
2888 423 3005 478 fere
3033 424 3356 489 habuerunt,
3384 424 3487 478 nisi
3519 421 3742 482 difﬁcil-

484 533 650 587 genua
696 516 965 569 inclinatae
1008 531 1164 584 opem
1225 517 1463 583 przefecti
1515 518 1744 573 Basilius
1790 518 2059 586 implorat.

483 605 751 660 Praeterea
775 605 886 674 jam
914 605 982 658 de
1022 605 1184 660 rebus
1211 608 1592 662 communibus
1620 608 1911 677 scripserat
1934 624 2062 676 prai-

482 699 648 760 fecto,
684 708 976 765 antequam
1014 698 1061 751 ei
1120 701 1362 769 privatos
1391 702 1777 755 commendare
1808 701 2064 767 incu‘pis-

482 799 586 854 set,
650 789 809 856 idque
861 790 1134 858 colligitur
1182 805 1246 845 ex
1282 791 1373 845 his
1410 794 1590 847 verbis
1641 792 1881 861 epistolas
1936 791 2058 855 107,

481 896 601 950 qua:
633 881 719 933 vi.\'
750 882 924 934 serius
951 884 1052 936 hoc
1079 897 1224 937 anno
1249 894 1481 937 exeunte
1514 884 1675 938 scribi
1706 882 1916 952 potuit:
1947 881 2061 950 Ego

479 975 640 1035 enim,
676 973 871 1039 inquit,
900 974 1081 1028 decere
1106 992 1208 1028 non
1236 978 1415 1044 putavi
1449 987 1651 1029 tantum
1679 976 1807 1028 milii
1832 975 2059 1028 licentia:

477 1077 683 1114 sumere
711 1080 828 1115 cum
869 1072 1014 1115 tanto
1064 1062 1284 1132 judice;
1337 1081 1395 1117 eo
1444 1065 1584 1134 quod
1639 1064 1870 1117 nondum
1907 1063 1955 1115 ei
1997 1065 2061 1117 de

478 1150 588 1203 ulla
636 1168 691 1203 re
738 1153 940 1220 privata
974 1155 1295 1219 scripserim,
1359 1171 1640 1223 vereorque
1687 1171 1749 1206 ne
1775 1170 1876 1222 quo
1907 1165 2058 1220 pacto

478 1258 586 1295 rem
629 1242 917 1310 improbet:
949 1244 1136 1312 quippe
1183 1262 1301 1297 cum
1349 1246 1540 1297 summi
1571 1245 1667 1297 viri
1705 1248 1759 1297 in
1796 1244 2053 1313 ejusmodi

480 1334 655 1397 rebus,
699 1344 753 1386 ut
796 1335 953 1398 nosti,
981 1335 1141 1400 facile
1172 1337 1497 1389 irascantur.
1529 1334 1651 1389 Jam
1688 1352 1816 1403 ergo
1853 1326 2054 1403 aliquid

476 1430 773 1494 scripserat
816 1426 882 1480 de
920 1427 1084 1479 rebus
1122 1428 1526 1484 communibus.
1578 1429 1693 1497 Ipsa
1743 1428 2009 1482 timiditas
2036 1469 2054 1494 ,

475 1529 636 1583 quam
675 1530 783 1584 pra:
833 1530 892 1569 se
928 1516 1031 1569 fert
1067 1517 1222 1569 initio
1276 1520 1542 1585 epistolae,
1604 1530 1924 1588 argumento
1971 1528 2055 1572 est

476 1607 714 1658 nondum
748 1607 1030 1660 invitatmn
1063 1607 1231 1662 fuisse
1263 1624 1292 1660 a
1323 1609 1601 1678 praefecto,
1648 1619 1708 1663 ut
1747 1625 1888 1678 saepe
1920 1610 2055 1663 scri-

474 1695 953 1754 beret.lmmerito
1001 1714 1128 1768 ergo
1179 1700 1295 1754 haac
1345 1700 1573 1768 epistola
1624 1714 1653 1751 a
1708 1698 2053 1753 Tillemontio

2167 514 2289 566 lima
2322 513 2531 581 negotia
2566 523 2658 565 aut
2684 513 3032 581 gravissimas
3064 513 3356 569 molestias.
3410 514 3586 580 Quare
3615 532 3747 571 cum

2167 603 2398 657 Basilius
2431 604 2483 655 in
2519 603 2743 672 epistola
2767 602 2866 657 106
2890 605 2993 657 iter
3023 604 3290 672 quoddam
3325 618 3742 671 commemoret,

2167 696 2220 748 in
2247 711 2353 764 quo
2400 710 2457 747 se
2484 696 2653 748 multa
2688 711 2716 747 a
2747 696 2852 750 Deo
2882 696 3143 750 beneﬁcia
3176 698 3453 765 accepisse
3487 709 3743 765 testatur,

2164 786 2266 840 iter
2298 784 2677 840 Samosateuse
2724 786 2950 842 indicari
2999 789 3249 857 conjicio.
3295 790 3511 845 Viderat
3548 791 3598 844 in
3635 792 3744 847 hac

2165 876 2605 945 peregrinatione
2642 879 2866 933 militem
2924 882 3238 949 quemdam,
3292 882 3447 949 cujus
3498 882 3742 950 perfecta

2164 979 2285 1021 erat
2310 969 2410 1022 sub
2448 970 2667 1023 militari
2716 980 2865 1025 veste
2895 972 3156 1038 Charitas,
3195 973 3429 1042 acceptis
3458 974 3524 1027 ab
3550 988 3613 1026 eo
3643 974 3742 1025 lit-

2166 1060 2297 1114 teris
2329 1063 2615 1129 respondet
2645 1062 2893 1126 Basilius.
2927 1078 3158 1135 eumque
3187 1065 3253 1117 ad
3278 1067 3740 1132 perseverandum

2160 1152 2432 1207 hortatur.

2236 1244 2323 1298 ΙΙΙ.
2353 1244 2506 1299 Circa
2540 1244 2645 1299 hoc
2686 1254 2896 1313 tempus
2939 1245 3158 1314 scripta:
3207 1236 3458 1301 videntur
3495 1257 3603 1301 tres
3642 1264 3739 1301 se-

2157 1348 2387 1407 quentes
2415 1336 2681 1404 epistolae,
2716 1336 2911 1406 quibus
2953 1338 3238 1392 materiam
3277 1339 3539 1393 dederunt
3564 1333 3741 1394 mule-

2157 1439 2239 1483 sta
2275 1427 2478 1483 Julitta:
2512 1428 2708 1495 viduae,
2743 1430 2925 1484 Basilii
2972 1431 3310 1500 propinquas,
3357 1433 3597 1487 exhibita
3640 1449 3743 1486 ne.-

2157 1521 2321 1589 gotia.
2356 1521 2485 1574 Eam
2534 1523 2679 1575 enim
2740 1532 2883 1576 tutor
2915 1523 3058 1576 illius
3094 1523 3367 1576 han-edunt
3415 1526 3636 1591 urgebat
3665 1527 3740 1578 ob

2156 1615 2426 1684 ingentem
2465 1615 2702 1682 pecunias
2738 1630 3029 1679 summam,
3058 1630 3217 1683 quam
3270 1630 3392 1669 cum
3422 1616 3740 1684 persolvere

2156 1705 2266 1758 cito
2297 1721 2400 1759 non
2430 1717 2635 1776 posset,
2660 1706 2769 1776 egit
2794 1705 3025 1760 Basilius
3045 1722 3164 1761 cum
3191 1707 3481 1770 creditore,
3515 1718 3573 1759 ut
3598 1717 3738 1759 tem—

475 1787 709 1842 refertur
752 1791 815 1843 ad
848 1806 1049 1845 annum
1099 1791 1228 1857 576,
1282 1794 1380 1847 sub
1423 1791 1627 1845 vicario
1679 1792 2057 1846 Demosthene.
2091 1790 2134 1844 B
2162 1811 2262 1866 pus
2299 1800 2470 1853 vidua)
2503 1801 2845 1854 concederet.
2888 1798 3144 1853 Promisit
3185 1799 3275 1852 ille
3318 1814 3500 1853 coram
3531 1798 3737 1852 Basilio

473 1880 586 1933 Non
612 1882 782 1934 solum
808 1893 1039 1952 tempus,
1088 1885 1180 1938 sed
1224 1885 1385 1938 etiam
1429 1900 1675 1953 personze
1710 1900 1773 1938 ac
1802 1900 1885 1938 res
1938 1885 2047 1937 dis-

473 1981 716 2039 crepant.
774 1972 870 2025 Iltc
925 1975 1069 2027 enim
1126 1976 1305 2042 agitur
1369 1975 1436 2028 de
1491 1974 1884 2038 censitoribus,
1940 1974 2050 2029 illic

474 2065 541 2117 de
572 2066 794 2119 vicario.
827 2064 927 2120 llic
975 2068 1187 2131 censui,
1238 2068 1346 2129 illic
1387 2068 1550 2121 curiae
1579 2069 1906 2122 addicuntur
1937 2068 2050 2122 cle-

473 2154 597 2208 riei.

541 2246 604 2299 li.
636 2244 750 2300 Non
786 2246 951 2301 semel
986 2247 1087 2301 hoc
1118 2262 1264 2300 anno
1294 2247 1353 2301 S.
1385 2247 1672 2301 Eusebium
1699 2247 1937 2301 Basilius
1968 2250 2045 2301 in-

474 2338 687 2404 vitavit,
739 2348 796 2391 ut
842 2339 1226 2393 Caesariensem
1264 2338 1561 2393 Ecclesium
1604 2330 1894 2394 inviseret.
1940 2339 2045 2393 Sed

472 2429 576 2484 hoc.
626 2431 944 2485 beneficium
1003 2432 1293 2499 impetrare
1325 2447 1427 2484 non
1463 2432 1637 2499 potuit
1677 2449 1690 2485 :
1731 2433 1873 2500 quod
1927 2434 2049 2499 qui-

474 2525 593 2577 dem
650 2524 844 2576 mirum
893 2539 995 2577 non
1046 2524 1277 2578 videtur.
1311 2523 1443 2578 Cum
1493 2524 1638 2577 enim
1694 2524 1873 2578 multae
1927 2524 2044 2578 alia:

470 2627 649 2667 causm
676 2622 922 2666 sanctum
954 2628 1137 2666 senem
1180 2614 1428 2668 detinere
1488 2623 1806 2683 potuerunt,
1845 2624 1953 2667 tum
1990 2616 2043 2668 in

473 2702 663 2771 primis
691 2703 942 2756 vicinitas
977 2702 1238 2768 Valentis,
1290 2718 1409 2772 qua:
1446 2713 1735 2771 perpetuas
1785 2705 2045 2758 excubias

470 2799 537 2853 ad
598 2797 777 2867 gregis
850 2796 1156 2851 custodiam
1214 2796 1547 2868 pastulabat.
1612 2797 1791 2863 Quare
1842 2797 2042 2850 Basilio

468 2893 704 2943 eundum
761 2888 863 2942 fuit
920 2888 1229 2954 Samosata,
1281 2897 1340 2940 ut
1394 2887 1683 2941 Eu5ebimn
1731 2889 1955 2941 videret.
1987 2889 2040 2941 ιιι

469 2989 647 3033 autem
671 2989 995 3034 consecutus
1023 2989 1106 3033 est
1134 2980 1238 3032 hoc
1259 2994 1400 3032 anno
1424 2977 1549 3032 572.
1584 2977 1715 3031 Nam
1749 2979 1801 3031 in
1833 2979 2041 3033 duabus

468 3069 711 3138 epistolis
737 3069 818 3138 (a)
847 3083 989 3121 anno
1020 3068 1267 3136 sequenti
1293 3068 1511 3135 scriptis
1549 3077 1779 3121 testatur
1816 3083 1875 3121 se
1896 3083 2040 3122 anno

2157 1892 2211 1936 et
2240 1885 2345 1939 alio
2382 1886 2495 1939 viro
2521 1886 2779 1954 dignitate
2806 1886 3039 1956 insigni;
3078 1902 3244 1955 seque
3287 1896 3494 1954 tempus
3518 1888 3738 1951 quidem

2157 1976 2373 2030 brevius
2442 1977 2680 2031 scribere
2721 1978 2972 2042 diccbat,
3033 1977 3125 2031 sed
3175 1978 3403 2046 amplius
3444 1992 3738 2030 concessu-

2157 2080 2295 2119 rum.
2339 2065 2530 2119 Postea
2574 2065 2857 2119 immemor
2887 2067 3135 2135 promissi
3180 2069 3390 2120 viduam
3425 2081 3613 2119 rursus
3639 2082 3737 2116 ve-

2071 2170 2073 2183 ‘
2156 2172 2284 2210 xare
2310 2158 2492 2226 (capit.
2522 2157 2799 2228 Signiﬁcat
2826 2158 2911 2211 illa
2938 2157 3176 2212 dolorem
3205 2174 3356 2210 suum
3385 2157 3601 2221 Basilio,
3639 2160 3731 2224 qui

2154 2246 2201 2299 ei
2256 2248 2505 2301 rescribit
2560 2248 2871 2302 consolandi
2917 2264 3109 2313 causa;
3166 2263 3329 2316 seque
3366 2258 3418 2301 et
3474 2247 3735 2302 creditori

2155 2338 2435 2406 scripsisse
2460 2347 2686 2391 testatur
2719 2347 2775 2390 ιιι
2800 2338 3060 2406 pudorem
3099 2340 3148 2392 ei
3194 2340 3484 2404 incuteret,
3510 2350 3564 2394 et
3602 2341 3735 2395 Ilot-

2154 2428 2296 2482 ladio
2338 2428 2572 2498 praefecti
2613 2430 2932 2496 domestico,
2974 2441 3027 2483 ut
3058 2430 3159 2484 hoc
3191 2429 3238 2483 ei
3272 2430 3544 2499 negotium
3576 2448 3734 2484 com-

2154 2517 2610 2572 tnendaret.Nam
2651 2520 2719 2571 ad
2763 2519 3071 2589 praefectum
3122 2520 3294 2589 ipsum
3341 2519 3577 2574 scribere
3624 2534 3733 2572 nou

2152 2610 2403 2664 audebat.

2222 2700 2408 2755 Tutori
2451 2700 2722 2755 hat-redum
2751 2697 2949 2752 Julitta:
2978 2697 3207 2752 Basilius
3238 2697 3422 2751 mirari
3456 2712 3515 2751 se
3546 2697 3728 2751 decla-

2150 2803 2255 2858 rat,
2297 2808 2392 2846 cur
2445 2792 2588 2859 quod
2627 2789 2809 2845 verbis
2861 2792 3140 2857 conceptis
3191 2804 3375 2842 coram
3435 2804 3494 2843 se
3541 2798 3593 2842 et
3624 2790 3733 2841 alio

2148 2886 2264 2938 viro
2299 2887 2643 2955 promiserat,
2680 2885 2733 2939 id
2793 2901 2935 2938 nunc
2961 2886 3180 2952 exsequi
3229 2884 3381 2938 nolit.
3423 2882 3642 2938 Fatetur
3669 2899 3733 2936 se

2149 2976 2294 3030 illius
2324 2977 2667 3031 liberalitatis
2699 2974 2897 3029 famam
2922 2992 3043 3030 cum
3080 2977 3179 3029 hoc
3203 2975 3524 3046 implacabili
3560 2977 3612 3028 in
3648 2978 3733 3027 vi-

2147 3070 2305 3123 duam
2332 3070 2513 3122 animo
2540 3069 2833 3124 conciliare
2861 3084 2964 3123 non
2988 3084 3163 3136 posse.
3197 3066 3434 3121 Revocat
3458 3068 3506 3119 ci
3533 3067 3584 3120 in
3609 3082 3730 3119 me-

471 3164 744 3231 prmterito
792 3163 894 3215 mel
927 3161 1301 3216 dulcissimum
1357 3161 1613 3215 Ecclesiae
1648 3162 2045 3216 Samosatensis
2072 3147 2114 3202 (ἶ
2152 3161 2374 3214 moriam
2405 3159 2546 3213 aliud
2571 3162 2921 3230 promissum.
2951 3159 3082 3213 Nam
3111 3160 3381 3230 pollicitus
3398 3171 3535 3225 erat,
3560 3160 3602 3213 si
3628 3177 3729 3212 au-

468 3257 811 3325 degustasse.
846 3256 996 3319 Quod
1032 3263 1211 3308 autem
1240 3254 1389 3308 addit
1417 3264 1662 3308 extremo
1713 3263 1921 3307 tantum
1964 3257 2044 3310 di-

468 3348 578 3414 gito
602 3347 920 3414 degustassc
945 3385 959 3410 ,
994 3356 1310 3414 argumento
1343 3354 1425 3399 est
1463 3330 1571 3398 non
1607 3345 1695 3399 diu
1741 3361 1864 3399 eum
1902 3347 2040 3416 apud

469 3436 760 3493 Eusebium
809 3438 993 3491 fuisse.
1045 3436 1310 3491 Redeunti
1363 3437 1614 3506 promisit
1662 3437 1930 3491 Eusebius
1984 3453 2042 3491 se

469 3544 613 3583 anno
663 3529 908 3599 sequenti
960 3530 1013 3582 in
1061 3528 1454 3597 Cappadociam
1510 3539 1794 3582 venturum
1833 3546 1846 3582 :
1882 3540 2044 3598 atque

472 3619 576 3672 hoc
614 3618 938 3688 promissum
985 3621 1288 3673 Ctesaream
1335 3618 1575 3673 referens
1614 3619 1876 3685 Basilius,
1926 3637 2042 3675 nia-

470 3728 631 3783 guam
667 3711 880 3766 Eusebii
912 3713 1177 3766 adventus
1207 3714 1664 3782 exspectationem
1695 3716 1878 3770 movit.

540 3804 864 3875 Speraverat
893 3803 1122 3858 Basilius
1150 3802 1222 3875 (b)
1254 3806 1495 3858 visurum
1519 3819 1577 3858 se
1604 3803 1904 3860 Samosatis
1927 3807 2040 3861 dia-

465 3896 711 3950 conissas
759 3892 996 3949 Terentii
1051 3896 1266 3949 comitis
1328 3895 1485 3961 ﬁlias,
1551 3912 1687 3965 quas
1717 3937 1733 3959 ,
1776 3906 1837 3951 ut
1888 3900 2040 3953 bona:

469 3987 671 4041 radicis
695 3989 831 4039 bona
868 3986 1134 4055 germina,
1165 3989 1266 4040 nec
1318 3987 1789 4040 circumstantium
1822 3988 2039 4042 lucreti-

471 4090 660 4127 corum
688 4075 845 4127 turba
897 4074 1177 4142 decipere,
1212 4089 1310 4127 nec
1346 4075 1519 4126 ventis
1569 4075 1822 4127 secundis
1885 4086 2040 4130 utens

426 4218 429 4219 ν
469 4166 682 4219 novitas
709 4179 923 4217 movere
954 4174 1223 4231 potuerat.
1258 4163 1372 4216 Non
1407 4164 1734 4218 mediocrem
1770 4164 2037 4232 jacturam

468 4268 590 4308 esse
628 4254 798 4317 duxit,
855 4254 997 4320 quod
1053 4268 1145 4306 e‘as
1199 4269 1304 4307 non
1363 4254 1663 4307 invenisset
1713 4255 2037 4310 Samosatis.

470 4345 576 4399 Sed
605 4354 657 4398 ut
695 4346 891 4399 litteris
939 4354 1340 4413 compensaret,
1398 4344 1543 4413 quod
1574 4344 1850 4412 colloquio
1879 4347 2039 4414 perfi-

465 4452 591 4490 cere
642 4451 749 4490 non
807 4444 1074 4504 potuerat,
1142 4434 1323 4489 oblata
1385 4435 1642 4489 facultate
1702 4435 2035 4504 Sephronii,

464 4546 623 4598 quem
675 4530 838 4581 ﬁlium
875 4528 1133 4596 appellat,
1184 4527 1360 4579 laudat
1396 4541 1489 4579 eas
1540 4527 1608 4579 ob
1651 4540 1921 4580 summum
1953 4541 2039 4578 ca-

468 4620 844 4690 tholicreJidei
888 4617 1123 4673 studium
1160 4626 1219 4672 et
1252 4617 1318 4669 ad
1351 4614 1810 4685 perseverantiam
1850 4615 2036 4669 horta-

465 4721 570 4766 tur.
2028 4718 2033 4721 Ἴ

539 4801 598 4857 ς.
633 4800 924 4856 Eusebium
955 4798 1240 4870 presbyter
1274 4795 1520 4850 Basilius
1551 4795 1756 4860 invisit,
1791 4806 1849 4850 ut
1876 4811 2035 4864 supra

466 4893 721 4947 vidimus.
778 4892 884 4946 Sed
918 4893 983 4943 ad
1019 4892 1122 4945 iter
1151 4890 1309 4959 hujus
1355 4888 1484 4941 anni
1536 4888 1643 4942 572
1696 4889 2035 4942 referendam

473 4984 758 5054 epistolam
797 4985 861 5037 ad
902 4985 1239 5036 diaconissas
1299 4981 1488 5049 probat
1547 4980 1907 5035 circumstans
1946 4980 2036 5034 illa

465 5076 741 5130 hominum
766 5075 1047 5127 veritatem
1076 5073 1535 5141 corrumpentium
1564 5071 1744 5137 turba,
1770 5083 2035 5140 praesente

463 5167 670 5222 scilicet
699 5167 751 5219 in
782 5165 937 5236 Syria
981 5163 1230 5219 Valente.
1258 5164 1524 5218 Caeterum
1568 5178 1674 5217 non
1709 5165 1878 5217 multo
1912 5174 2035 5233 post

461 5262 692 5314 reditum
722 5260 834 5312 haec
864 5258 1087 5325 scripsit
1121 5275 1135 5310 :
1165 5257 1504 5326 Sepbronius
1527 5257 1672 5310 enim
1709 5257 1821 5319 ille,
1866 5270 2027 5325 quem

460 5352 627 5403 tilium
659 5349 912 5418 appellat,
948 5348 1087 5402 idem
1136 5348 1345 5401 videtur
1397 5362 1551 5412 esse,
1605 5347 1695 5416 qui
1741 5361 1883 5401 anno
1921 5346 2023 5400 37:2

460 5452 708 5505 exeunte,
735 5441 877 5494 omni
911 5439 1114 5494 scelere
1144 5439 1396 5495 Basiliam
1425 5441 1701 5496 laceravit.

524 5534 707 5591 Basilii
740 5533 1216 5604 peregrinationes,
1246 5534 1308 5590 iis
1338 5532 1577 5603 exceptis
1608 5546 1728 5603 qua:
1756 5532 1902 5589 illum
1937 5532 2032 5587 Sa-

516 5717 602 5789 ,(α)
632 5719 797 5789 Epist.
842 5718 938 5772 us
963 5727 1015 5813 et
1037 5718 1158 5810 is].

2150 3262 2266 3298 rum
2297 3248 2362 3299 de
2392 3261 2497 3315 quo
2525 3258 2871 3314 convenerat,
2906 3250 3206 3318 acciperet,
3255 3250 3473 3303 chartas
3503 3265 3721 3314 omnes,

2148 3345 2258 3389 tum
2287 3353 2379 3390 sas
2408 3353 2526 3405 qua:
2549 3353 2730 3392 coram
2775 3340 3073 3409 judicibus,
3108 3349 3217 3392 tum
3251 3356 3344 3394 eas
3381 3356 3499 3409 quae
3540 3342 3726 3410 priva-

2149 3429 2242 3482 tim
2297 3429 2578 3494 confsctae,
2619 3433 2795 3486 vidua:
2826 3432 3175 3503 traditurum.
3217 3432 3395 3485 Mouet
3419 3448 3550 3502 ergo
3576 3433 3727 3486 illmr.

2147 3519 2402 3585 Basilius,
2442 3533 2500 3576 ut
2528 3538 2684 3592 opem
2709 3531 2764 3577 et
2795 3523 3220 3577 misericordiam
3247 3524 3336 3579 Dei
3370 3524 3472 3579 sibi
3502 3526 3614 3593 ipse
3638 3526 3731 3579 du~

2147 3613 2276 3666 riori
2304 3613 2495 3682 agendi
2533 3614 2742 3668 ratione
2776 3627 2882 3666 non
2924 3612 3264 3668 intercludat.

2218 3702 2388 3775 Negat
2434 3702 2808 3758 'l'illemontius
2838 3703 2903 3757 ad
2960 3703 3064 3758 hoc
3115 3705 3385 3772 negotium
3449 3707 3727 3775 pertinere

2144 3795 2426 3864 epistolam
2459 3806 2795 3862 sequentem.
2834 3793 2940 3848 Sed
2990 3805 3162 3847 tamen
3202 3797 3427 3852 miriﬁce
3456 3808 3510 3852 ct
3539 3814 3725 3868 perso-

2144 3906 2227 3945 nas
2282 3899 2337 3944 et
2384 3906 2470 3945 res
2500 3891 2868 3945 consentiunt.
2904 3888 3250 3943 Cmnmendat
3289 3893 3432 3948 enim
3485 3892 3723 3945 Basilius

2142 3981 2357 4034 viduam
2393 3996 2421 4033 a
2466 3981 2733 4033 tutoribus
2764 3979 3041 4033 haeredum
3085 3977 3227 4033 illius
3255 3992 3523 4035 vexatam.
3556 3982 3723 4036 Com-
3796 4012 3799 4013 ν

2144 4075 2362 4128 mendat
2398 4089 2515 4127 eam
2554 4088 2658 4127 non
2704 4073 2978 4141 praefecto,
3021 4075 3113 4128 sed
3141 4074 3385 4127 llelladio
3430 4075 3637 4140 comiti,
3667 4085 3725 4129 u‘.

2144 4167 2355 4220 dixerat
2384 4165 2436 4219 in
2471 4164 2694 4233 epistola
2726 4164 2847 4219 107.
2876 4164 2991 4219 Non
3030 4176 3206 4219 tamen
3237 4166 3372 4219 idem
3405 4175 3557 4234 rogat
3579 4169 3723 4234 qna-tl

2142 4256 2195 4311 in
2222 4257 2463 4326 epistolis
2494 4257 2945 4324 prtecedeutihus,
2986 4264 3042 4309 ut
3070 4265 3280 4326 tempus
3306 4260 3632 4311 concedatur
3653 4257 3720 4310 ad

2142 4347 2483 4414 solvendum,
2534 4349 2627 4400 sed
2672 4356 2731 4399 ut
2780 4349 3127 4402 remittantur
3178 4364 3376 4412 usurae,
3430 4348 3565 4402 forte
3604 4348 3718 4418 jam

2143 4439 2435 4506 persoluta,
2478 4439 2601 4509 quia
2635 4454 2817 4494 coram
2857 4440 3058 4495 Basilio
3109 4442 3186 4493 sic
3230 4450 3384 4508 pacta
3428 4440 3622 4505 fuerat,
3662 4451 3721 4493 ut

2142 4547 2320 4585 usurzc
2348 4532 2760 4595 redouarentor,
2790 4532 2835 4586 si
2869 4545 3070 4586 sortem
3106 4533 3361 4587 solveret.
3398 4529 3509 4586 Hoc
3544 4532 3719 4601 ipsum

2138 4633 2222 4677 est
2245 4625 2385 4692 quod
2416 4624 2655 4677 creditor
2710 4624 3053 4692 promiserat,
3097 4634 3154 4675 ut
3187 4623 3237 4675 in
3284 4623 3597 4677 memoriam
3630 4636 3719 4677 rc-

2139 4714 2271 4783 digit
2302 4713 2531 4768 Basilius
2579 4716 2631 4768 in
2676 4716 2999 4782 praecedenti
3040 4716 3291 4784 epismla,
3345 4715 3385 4770 si
3430 4730 3619 4767 aurum
3654 4713 3722 4766 de

2139 4822 2240 4877 quo
2281 4813 2588 4858 convenerat
2643 4806 2923 4874 acciperet,
2971 4806 3181 4858 chartas
3230 4822 3429 4870 omnes,
3478 4817 3589 4856 tum
3629 4822 3717 4858 eos

2143 4915 2258 4969 qua:
2296 4914 2473 4951 coram
2514 4898 2803 4966 judicibns,
2847 4908 2956 4950 tum
2999 4915 3116 4969 queo
3155 4899 3398 4967 privatim
3444 4899 3717 4966 confectio,

2142 4991 2262 5041 huic
2296 4989 2465 5041 vidua:
2499 4990 2842 5043 traditurum.
2883 4989 2975 5045 ilis
3015 5006 3147 5045 sane
3179 4973 3358 5046 verbis
3392 4994 3716 5059 promissum

2144 5093 2320 5131 usura:
2356 5079 2692 5132 remittenda:
2723 5080 3049 5134 continetur.
3082 5081 3159 5134 De
3186 5080 3372 5134 eodem
3398 5093 3525 5149 ergo
3555 5094 3721 5147 uego-

2145 5169 2216 5221 tio
2251 5168 2334 5221 his
2368 5168 2420 5220 in
2456 5169 2696 5238 epistolis
2725 5170 2920 5239 agitur.
2952 5170 3057 5224 Sed
3088 5186 3209 5225 cum
3237 5171 3574 5240 importunus
3599 5185 3719 5223 cre-

2142 5263 2287 5314 ditor
2321 5262 2425 5315 duo
2466 5263 2823 5332 promisisset,
2872 5279 3255 5318 concessurum
3296 5278 3357 5318 se
3408 5272 3617 5331 tempus
3662 5270 3719 5316 et

2139 5368 2328 5405 usuras
2356 5353 2713 5407 remissurum
2739 5372 2753 5421 ;
2787 5353 2869 5407 vel
2900 5353 3130 5408 Basilius
3175 5353 3255 5408 bis
3293 5352 3506 5423 scripsit
3534 5352 3719 5407 Hella-

2139 5446 2248 5508 dio,
2305 5444 2537 5514 primum
2563 5446 2783 5515 quidem
2830 5455 2888 5499 ut
2921 5455 3131 5516 tempus
3154 5447 3393 5511 daretur,
3431 5443 3623 5499 deinde
3657 5453 3717 5496 ut

2139 5548 2317 5588 usui-re
2362 5535 2767 5590 remitterentur
2795 5554 2807 5590 :
2843 5535 2925 5591 vel
2956 5537 3157 5592 idcirco
3191 5538 3257 5591 de
3289 5535 3469 5590 usuris
3503 5541 3716 5587 tantum

2200 5715 2272 5781 (ιι)
2313 5716 2482 5779 Epist.
2516 5717 2637 5774 105.
