  <div class='ocr_page' id='page_1' title='image "/cluster/home/n/w/nwhite01/storage/ocr_20150623/29/mdp.39015012934371/110.png"; bbox 0 0 4040 6216; ppageno 0'>
   <div class='ocr_carea' id='block_1_1' title="bbox 1708 299 3614 359">
    <p class='ocr_par' dir='ltr' id='par_1_1' title="bbox 1708 299 3614 359">
     <span class='ocr_line' id='line_1_1' title="bbox 1708 299 3614 359; baseline -0.005 -1"><span class='ocrx_word' id='word_1_1' title='bbox 1708 301 1865 359; x_wconf 74' lang='lat' dir='ltr'><strong>VITA</strong></span> <span class='ocrx_word' id='word_1_2' title='bbox 1905 300 1963 356; x_wconf 92' lang='lat' dir='ltr'><strong>S.</strong></span> <span class='ocrx_word' id='word_1_3' title='bbox 2006 299 2269 355; x_wconf 74' lang='lat' dir='ltr'><strong>BASILII.</strong></span> <span class='ocrx_word' id='word_1_4' title='bbox 3563 309 3614 350; x_wconf 86' lang='lat' dir='ltr'><strong>Ct</strong></span> 
     </span>
    </p>
   </div>
   <div class='ocr_carea' id='block_1_2' title="bbox 360 413 3601 496">
    <p class='ocr_par' dir='ltr' id='par_1_2' title="bbox 360 413 3601 496">
     <span class='ocr_line' id='line_1_2' title="bbox 360 413 3601 496; baseline -0.004 -15"><span class='ocrx_word' id='word_1_5' title='bbox 360 426 617 496; x_wconf 87' lang='lat' dir='ltr'><strong>loquitur,</strong></span> <span class='ocrx_word' id='word_1_6' title='bbox 647 426 788 496; x_wconf 88' lang='lat' dir='ltr'><strong>quia,</strong></span> <span class='ocrx_word' id='word_1_7' title='bbox 825 436 1118 495; x_wconf 87' lang='lat' dir='ltr'><strong>antequam</strong></span> <span class='ocrx_word' id='word_1_8' title='bbox 1145 425 1379 478; x_wconf 88' lang='lat' dir='ltr'><strong>mitteret</strong></span> <span class='ocrx_word' id='word_1_9' title='bbox 1405 422 1687 493; x_wconf 72' lang='lat' dir='ltr'><strong>epistolam</strong></span> <span class='ocrx_word' id='word_1_10' title='bbox 1717 425 1783 477; x_wconf 89' lang='lat' dir='ltr'><strong>ad</strong></span> <span class='ocrx_word' id='word_1_11' title='bbox 1815 422 1937 477; x_wconf 84' lang='lat' dir='ltr'><strong>Hel-</strong></span> <span class='ocrx_word' id='word_1_12' title='bbox 1968 426 2010 482; x_wconf 83' lang='grc' dir='ltr'><strong>Α</strong></span> <span class='ocrx_word' id='word_1_13' title='bbox 2044 424 2094 474; x_wconf 86' lang='lat' dir='ltr'><strong>in</strong></span> <span class='ocrx_word' id='word_1_14' title='bbox 2133 422 2272 475; x_wconf 83' lang='lat' dir='ltr'><strong>hanc</strong></span> <span class='ocrx_word' id='word_1_15' title='bbox 2310 420 2496 472; x_wconf 89' lang='lat' dir='ltr'><strong>urbem</strong></span> <span class='ocrx_word' id='word_1_16' title='bbox 2539 415 2857 471; x_wconf 90' lang='lat' dir='ltr'><strong>intercludet</strong></span> <span class='ocrx_word' id='word_1_17' title='bbox 2890 413 3155 470; x_wconf 81' lang='lat' dir='ltr'><strong>Eiistathii</strong></span> <span class='ocrx_word' id='word_1_18' title='bbox 3185 415 3428 485; x_wconf 86' lang='lat' dir='ltr'><strong>perfidia,</strong></span> <span class='ocrx_word' id='word_1_19' title='bbox 3480 430 3601 485; x_wconf 79' lang='lat' dir='ltr'><strong>qua:</strong></span> 
     </span>
    </p>
   </div>
   <div class='ocr_carea' id='block_1_3' title="bbox 361 514 1937 583">
    <p class='ocr_par' dir='ltr' id='par_1_3' title="bbox 361 514 1937 583">
     <span class='ocr_line' id='line_1_3' title="bbox 361 514 1937 583; baseline -0.003 -12"><span class='ocrx_word' id='word_1_20' title='bbox 361 518 582 583; x_wconf 88' lang='lat' dir='ltr'><strong>ladiuin,</strong></span> <span class='ocrx_word' id='word_1_21' title='bbox 615 520 858 571; x_wconf 88' lang='lat' dir='ltr'><strong>audierat</strong></span> <span class='ocrx_word' id='word_1_22' title='bbox 880 518 1204 572; x_wconf 77' lang='lat' dir='ltr'><strong>creditorem</strong></span> <span class='ocrx_word' id='word_1_23' title='bbox 1235 532 1261 567; x_wconf 89' lang='lat' dir='ltr'><strong>a</strong></span> <span class='ocrx_word' id='word_1_24' title='bbox 1292 516 1446 569; x_wconf 86' lang='lat' dir='ltr'><strong>vidua</strong></span> <span class='ocrx_word' id='word_1_25' title='bbox 1472 514 1771 568; x_wconf 84' lang='lat' dir='ltr'><strong>absolutum</strong></span> <span class='ocrx_word' id='word_1_26' title='bbox 1797 529 1937 576; x_wconf 87' lang='lat' dir='ltr'><strong>esse,</strong></span> 
     </span>
    </p>
   </div>
   <div class='ocr_carea' id='block_1_4' title="bbox 365 603 1939 675">
    <p class='ocr_par' dir='ltr' id='par_1_4' title="bbox 365 603 1939 675">
     <span class='ocr_line' id='line_1_4' title="bbox 365 603 1939 675; baseline -0.003 -14"><span class='ocrx_word' id='word_1_27' title='bbox 365 624 464 662; x_wconf 92' lang='lat' dir='ltr'><strong>nec</strong></span> <span class='ocrx_word' id='word_1_28' title='bbox 493 618 671 663; x_wconf 90' lang='lat' dir='ltr'><strong>tamen</strong></span> <span class='ocrx_word' id='word_1_29' title='bbox 713 611 763 663; x_wconf 85' lang='lat' dir='ltr'><strong>in</strong></span> <span class='ocrx_word' id='word_1_30' title='bbox 798 625 862 663; x_wconf 89' lang='lat' dir='ltr'><strong>eo</strong></span> <span class='ocrx_word' id='word_1_31' title='bbox 900 618 1046 662; x_wconf 86' lang='lat' dir='ltr'><strong>stare</strong></span> <span class='ocrx_word' id='word_1_32' title='bbox 1080 605 1219 675; x_wconf 91' lang='lat' dir='ltr'><strong>quod</strong></span> <span class='ocrx_word' id='word_1_33' title='bbox 1248 605 1486 660; x_wconf 89' lang='lat' dir='ltr'><strong>secundo</strong></span> <span class='ocrx_word' id='word_1_34' title='bbox 1526 603 1642 658; x_wconf 88' lang='lat' dir='ltr'><strong>loco</strong></span> <span class='ocrx_word' id='word_1_35' title='bbox 1675 604 1939 672; x_wconf 87' lang='lat' dir='ltr'><strong>promise-</strong></span> 
     </span>
    </p>
   </div>
   <div class='ocr_carea' id='block_1_5' title="bbox 366 712 473 752">
    <p class='ocr_par' dir='ltr' id='par_1_5' title="bbox 366 712 473 752">
     <span class='ocr_line' id='line_1_5' title="bbox 366 712 473 752; baseline 0 0"><span class='ocrx_word' id='word_1_36' title='bbox 366 712 473 752; x_wconf 74' lang='grc' dir='ltr'><strong>ΓΩι.</strong></span> 
     </span>
    </p>
   </div>
   <div class='ocr_carea' id='block_1_6' title="bbox 432 785 1935 855">
    <p class='ocr_par' dir='ltr' id='par_1_6' title="bbox 432 785 1935 855">
     <span class='ocr_line' id='line_1_6' title="bbox 432 785 1935 855; baseline -0.004 -12"><span class='ocrx_word' id='word_1_37' title='bbox 432 788 544 843; x_wconf 83' lang='lat' dir='ltr'><strong>Has</strong></span> <span class='ocrx_word' id='word_1_38' title='bbox 584 797 763 841; x_wconf 90' lang='lat' dir='ltr'><strong>autem</strong></span> <span class='ocrx_word' id='word_1_39' title='bbox 803 786 1062 855; x_wconf 78' lang='lat' dir='ltr'><strong>epistolas</strong></span> <span class='ocrx_word' id='word_1_40' title='bbox 1098 786 1238 839; x_wconf 89' lang='lat' dir='ltr'><strong>circa</strong></span> <span class='ocrx_word' id='word_1_41' title='bbox 1272 801 1471 839; x_wconf 88' lang='lat' dir='ltr'><strong>annum</strong></span> <span class='ocrx_word' id='word_1_42' title='bbox 1519 785 1623 840; x_wconf 76' lang='lat'><strong>572</strong></span> <span class='ocrx_word' id='word_1_43' title='bbox 1650 793 1935 839; x_wconf 84' lang='lat' dir='ltr'><strong>exeuntem</strong></span> 
     </span>
    </p>
   </div>
   <div class='ocr_carea' id='block_1_7' title="bbox 361 875 1939 946">
    <p class='ocr_par' dir='ltr' id='par_1_7' title="bbox 361 875 1939 946">
     <span class='ocr_line' id='line_1_7' title="bbox 361 875 1939 946; baseline -0.003 -14"><span class='ocrx_word' id='word_1_44' title='bbox 361 880 591 946; x_wconf 86' lang='lat' dir='ltr'><strong>scriptas</strong></span> <span class='ocrx_word' id='word_1_45' title='bbox 642 875 981 943; x_wconf 89' lang='lat' dir='ltr'><strong>conjiciinus,</strong></span> <span class='ocrx_word' id='word_1_46' title='bbox 1030 877 1155 944; x_wconf 85' lang='lat' dir='ltr'><strong>quia</strong></span> <span class='ocrx_word' id='word_1_47' title='bbox 1204 876 1418 942; x_wconf 73' lang='lat' dir='ltr'><strong>scripta:</strong></span> <span class='ocrx_word' id='word_1_48' title='bbox 1466 886 1593 929; x_wconf 90' lang='lat' dir='ltr'><strong>sunt</strong></span> <span class='ocrx_word' id='word_1_49' title='bbox 1651 884 1939 943; x_wconf 82' lang='lat' dir='ltr'><strong>antequam</strong></span> 
     </span>
    </p>
   </div>
   <div class='ocr_carea' id='block_1_8' title="bbox 364 966 1939 1036">
    <p class='ocr_par' dir='ltr' id='par_1_8' title="bbox 364 966 1939 1036">
     <span class='ocr_line' id='line_1_8' title="bbox 364 966 1939 1036; baseline -0.003 -13"><span class='ocrx_word' id='word_1_50' title='bbox 364 970 595 1023; x_wconf 84' lang='lat' dir='ltr'><strong>Basilius</strong></span> <span class='ocrx_word' id='word_1_51' title='bbox 642 968 979 1021; x_wconf 86' lang='lat' dir='ltr'><strong>timiditatem</strong></span> <span class='ocrx_word' id='word_1_52' title='bbox 1013 967 1157 1020; x_wconf 86' lang='lat' dir='ltr'><strong>illam</strong></span> <span class='ocrx_word' id='word_1_53' title='bbox 1182 966 1541 1035; x_wconf 85' lang='lat' dir='ltr'><strong>deposuisset,</strong></span> <span class='ocrx_word' id='word_1_54' title='bbox 1571 983 1690 1036; x_wconf 71' lang='lat' dir='ltr'><strong>quae</strong></span> <span class='ocrx_word' id='word_1_55' title='bbox 1731 967 1877 1019; x_wconf 93' lang='lat' dir='ltr'><strong>illum</strong></span> <span class='ocrx_word' id='word_1_56' title='bbox 1908 982 1939 1019; x_wconf 90' lang='lat' dir='ltr'><strong>a</strong></span> 
     </span>
    </p>
   </div>
   <div class='ocr_carea' id='block_1_9' title="bbox 368 1054 1941 1126">
    <p class='ocr_par' dir='ltr' id='par_1_9' title="bbox 368 1054 1941 1126">
     <span class='ocr_line' id='line_1_9' title="bbox 368 1054 1941 1126; baseline -0.004 -14"><span class='ocrx_word' id='word_1_57' title='bbox 368 1058 672 1112; x_wconf 84' lang='lat' dir='ltr'><strong>scribendis</strong></span> <span class='ocrx_word' id='word_1_58' title='bbox 718 1056 970 1126; x_wconf 66' lang='lat' dir='ltr'><strong>prmfecto</strong></span> <span class='ocrx_word' id='word_1_59' title='bbox 1025 1056 1215 1109; x_wconf 77' lang='lat' dir='ltr'><strong>litteris</strong></span> <span class='ocrx_word' id='word_1_60' title='bbox 1255 1056 1583 1109; x_wconf 88' lang='lat' dir='ltr'><strong>deterrebat.</strong></span> <span class='ocrx_word' id='word_1_61' title='bbox 1634 1054 1802 1109; x_wconf 88' lang='lat' dir='ltr'><strong>Porro</strong></span> <span class='ocrx_word' id='word_1_62' title='bbox 1834 1068 1941 1108; x_wconf 92' lang='lat' dir='ltr'><strong>non</strong></span> 
     </span>
    </p>
   </div>
   <div class='ocr_carea' id='block_1_10' title="bbox 365 1148 1940 1218">
    <p class='ocr_par' dir='ltr' id='par_1_10' title="bbox 365 1148 1940 1218">
     <span class='ocr_line' id='line_1_10' title="bbox 365 1148 1940 1218; baseline -0.001 -17"><span class='ocrx_word' id='word_1_63' title='bbox 365 1152 579 1204; x_wconf 89' lang='lat' dir='ltr'><strong>videtur</strong></span> <span class='ocrx_word' id='word_1_64' title='bbox 607 1150 692 1202; x_wconf 90' lang='lat' dir='ltr'><strong>illa</strong></span> <span class='ocrx_word' id='word_1_65' title='bbox 734 1148 993 1202; x_wconf 83' lang='lat' dir='ltr'><strong>timiditas</strong></span> <span class='ocrx_word' id='word_1_66' title='bbox 1033 1148 1123 1202; x_wconf 91' lang='lat' dir='ltr'><strong>diu</strong></span> <span class='ocrx_word' id='word_1_67' title='bbox 1176 1148 1298 1218; x_wconf 89' lang='lat' dir='ltr'><strong>ejus</strong></span> <span class='ocrx_word' id='word_1_68' title='bbox 1342 1148 1522 1201; x_wconf 91' lang='lat' dir='ltr'><strong>animo</strong></span> <span class='ocrx_word' id='word_1_69' title='bbox 1564 1148 1842 1210; x_wconf 85' lang='lat' dir='ltr'><strong>insedisse,</strong></span> <span class='ocrx_word' id='word_1_70' title='bbox 1873 1162 1940 1199; x_wconf 83' lang='lat' dir='ltr'><strong>ex</strong></span> 
     </span>
    </p>
   </div>
   <div class='ocr_carea' id='block_1_11' title="bbox 365 1238 1938 1312">
    <p class='ocr_par' dir='ltr' id='par_1_11' title="bbox 365 1238 1938 1312">
     <span class='ocr_line' id='line_1_11' title="bbox 365 1238 1938 1312; baseline -0.003 -17"><span class='ocrx_word' id='word_1_71' title='bbox 365 1259 475 1312; x_wconf 91' lang='lat' dir='ltr'><strong>quo</strong></span> <span class='ocrx_word' id='word_1_72' title='bbox 505 1242 730 1311; x_wconf 83' lang='lat' dir='ltr'><strong>gratiam</strong></span> <span class='ocrx_word' id='word_1_73' title='bbox 758 1242 873 1295; x_wconf 89' lang='lat' dir='ltr'><strong>iniit</strong></span> <span class='ocrx_word' id='word_1_74' title='bbox 900 1257 929 1295; x_wconf 90' lang='lat' dir='ltr'><strong>a</strong></span> <span class='ocrx_word' id='word_1_75' title='bbox 960 1240 1213 1310; x_wconf 72' lang='lat' dir='ltr'><strong>prmfecto</strong></span> <span class='ocrx_word' id='word_1_76' title='bbox 1253 1241 1393 1310; x_wconf 88' lang='lat' dir='ltr'><strong>(iniit</strong></span> <span class='ocrx_word' id='word_1_77' title='bbox 1429 1249 1607 1293; x_wconf 88' lang='lat' dir='ltr'><strong>autem</strong></span> <span class='ocrx_word' id='word_1_78' title='bbox 1638 1254 1779 1293; x_wconf 91' lang='lat' dir='ltr'><strong>anno</strong></span> <span class='ocrx_word' id='word_1_79' title='bbox 1828 1238 1938 1292; x_wconf 76' lang='lat'><strong>572</strong></span> 
     </span>
    </p>
   </div>
   <div class='ocr_carea' id='block_1_12' title="bbox 370 1330 1943 1401">
    <p class='ocr_par' dir='ltr' id='par_1_12' title="bbox 370 1330 1943 1401">
     <span class='ocr_line' id='line_1_12' title="bbox 370 1330 1943 1401; baseline -0.004 -13"><span class='ocrx_word' id='word_1_80' title='bbox 370 1334 634 1400; x_wconf 88' lang='lat' dir='ltr'><strong>ineunte),</strong></span> <span class='ocrx_word' id='word_1_81' title='bbox 660 1347 835 1400; x_wconf 88' lang='lat' dir='ltr'><strong>neque</strong></span> <span class='ocrx_word' id='word_1_82' title='bbox 880 1332 1113 1401; x_wconf 87' lang='lat' dir='ltr'><strong>spatium</strong></span> <span class='ocrx_word' id='word_1_83' title='bbox 1166 1346 1306 1385; x_wconf 89' lang='lat' dir='ltr'><strong>anno</strong></span> <span class='ocrx_word' id='word_1_84' title='bbox 1352 1330 1559 1401; x_wconf 81' lang='lat' dir='ltr'><strong>longius</strong></span> <span class='ocrx_word' id='word_1_85' title='bbox 1591 1331 1943 1398; x_wconf 79' lang='lat' dir='ltr'><strong>interponen-</strong></span> 
     </span>
    </p>
   </div>
   <div class='ocr_carea' id='block_1_13' title="bbox 367 1422 1947 1479">
    <p class='ocr_par' dir='ltr' id='par_1_13' title="bbox 367 1422 1947 1479">
     <span class='ocr_line' id='line_1_13' title="bbox 367 1422 1947 1479; baseline -0.003 0"><span class='ocrx_word' id='word_1_86' title='bbox 367 1426 499 1479; x_wconf 88' lang='lat' dir='ltr'><strong>dum</strong></span> <span class='ocrx_word' id='word_1_87' title='bbox 537 1425 679 1476; x_wconf 88' lang='lat' dir='ltr'><strong>inter</strong></span> <span class='ocrx_word' id='word_1_88' title='bbox 720 1424 931 1477; x_wconf 87' lang='lat' dir='ltr'><strong>initium</strong></span> <span class='ocrx_word' id='word_1_89' title='bbox 968 1423 1235 1475; x_wconf 81' lang='lat' dir='ltr'><strong>scribendi</strong></span> <span class='ocrx_word' id='word_1_90' title='bbox 1267 1430 1320 1475; x_wconf 89' lang='lat' dir='ltr'><strong>et</strong></span> <span class='ocrx_word' id='word_1_91' title='bbox 1358 1422 1663 1475; x_wconf 88' lang='lat' dir='ltr'><strong>devinctum</strong></span> <span class='ocrx_word' id='word_1_92' title='bbox 1712 1422 1947 1474; x_wconf 85' lang='lat' dir='ltr'><strong>benevo-</strong></span> 
     </span>
    </p>
   </div>
   <div class='ocr_carea' id='block_1_14' title="bbox 368 1512 1945 1583">
    <p class='ocr_par' dir='ltr' id='par_1_14' title="bbox 368 1512 1945 1583">
     <span class='ocr_line' id='line_1_14' title="bbox 368 1512 1945 1583; baseline -0.004 -12"><span class='ocrx_word' id='word_1_93' title='bbox 368 1518 531 1572; x_wconf 82' lang='lat' dir='ltr'><strong>lentia</strong></span> <span class='ocrx_word' id='word_1_94' title='bbox 558 1518 797 1569; x_wconf 88' lang='lat' dir='ltr'><strong>animnm</strong></span> <span class='ocrx_word' id='word_1_95' title='bbox 829 1514 1088 1583; x_wconf 68' lang='lat' dir='ltr'><strong>prirfecti.</strong></span> <span class='ocrx_word' id='word_1_96' title='bbox 1126 1512 1225 1567; x_wconf 87' lang='lat' dir='ltr'><strong>Tot</strong></span> <span class='ocrx_word' id='word_1_97' title='bbox 1250 1513 1391 1567; x_wconf 90' lang='lat' dir='ltr'><strong>enim</strong></span> <span class='ocrx_word' id='word_1_98' title='bbox 1425 1514 1671 1567; x_wconf 84' lang='lat' dir='ltr'><strong>homines</strong></span> <span class='ocrx_word' id='word_1_99' title='bbox 1702 1512 1945 1567; x_wconf 84' lang='lat' dir='ltr'><strong>Modesto</strong></span> 
     </span>
    </p>
   </div>
   <div class='ocr_carea' id='block_1_15' title="bbox 365 1605 1943 1673">
    <p class='ocr_par' dir='ltr' id='par_1_15' title="bbox 365 1605 1943 1673">
     <span class='ocr_line' id='line_1_15' title="bbox 365 1605 1943 1673; baseline -0.004 -10"><span class='ocrx_word' id='word_1_100' title='bbox 365 1608 789 1673; x_wconf 78' lang='lat' dir='ltr'><strong>commendavit,</strong></span> <span class='ocrx_word' id='word_1_101' title='bbox 824 1618 901 1661; x_wconf 90' lang='lat' dir='ltr'><strong>tot</strong></span> <span class='ocrx_word' id='word_1_102' title='bbox 953 1609 1019 1660; x_wconf 90' lang='lat' dir='ltr'><strong>ad</strong></span> <span class='ocrx_word' id='word_1_103' title='bbox 1050 1615 1174 1660; x_wconf 85' lang='lat' dir='ltr'><strong>eui&#39;n</strong></span> <span class='ocrx_word' id='word_1_104' title='bbox 1212 1606 1421 1660; x_wconf 83' lang='lat' dir='ltr'><strong>litteras</strong></span> <span class='ocrx_word' id='word_1_105' title='bbox 1458 1605 1623 1668; x_wconf 86' lang='lat' dir='ltr'><strong>dedit,</strong></span> <span class='ocrx_word' id='word_1_106' title='bbox 1655 1616 1713 1658; x_wconf 92' lang='lat' dir='ltr'><strong>ut</strong></span> <span class='ocrx_word' id='word_1_107' title='bbox 1753 1605 1806 1658; x_wconf 90' lang='lat' dir='ltr'><strong>id</strong></span> <span class='ocrx_word' id='word_1_108' title='bbox 1839 1620 1943 1657; x_wconf 90' lang='lat' dir='ltr'><strong>non</strong></span> 
     </span>
    </p>
   </div>
   <div class='ocr_carea' id='block_1_16' title="bbox 368 1693 1946 1764">
    <p class='ocr_par' dir='ltr' id='par_1_16' title="bbox 368 1693 1946 1764">
     <span class='ocr_line' id='line_1_16' title="bbox 368 1693 1946 1764; baseline 0.001 -18"><span class='ocrx_word' id='word_1_109' title='bbox 368 1697 616 1750; x_wconf 87' lang='lat' dir='ltr'><strong>videatur</strong></span> <span class='ocrx_word' id='word_1_110' title='bbox 636 1694 891 1748; x_wconf 79' lang='lat' dir='ltr'><strong>extremis</strong></span> <span class='ocrx_word' id='word_1_111' title='bbox 919 1693 1043 1748; x_wconf 70' lang='lat' dir='ltr'><strong>vita:</strong></span> <span class='ocrx_word' id='word_1_112' title='bbox 1064 1697 1219 1748; x_wconf 87' lang='lat' dir='ltr'><strong>annis</strong></span> <span class='ocrx_word' id='word_1_113' title='bbox 1243 1696 1547 1762; x_wconf 70' lang='lat' dir='ltr'><strong>incmpisse.</strong></span> <span class='ocrx_word' id='word_1_114' title='bbox 1576 1695 1681 1749; x_wconf 77' lang='lat' dir='ltr'><strong>Res</strong></span> <span class='ocrx_word' id='word_1_115' title='bbox 1704 1703 1850 1764; x_wconf 87' lang='lat' dir='ltr'><strong>patet</strong></span> <span class='ocrx_word' id='word_1_116' title='bbox 1876 1710 1946 1749; x_wconf 79' lang='lat' dir='ltr'><strong>ex</strong></span> 
     </span>
    </p>
   </div>
   <div class='ocr_carea' id='block_1_17' title="bbox 365 1781 2019 1857">
    <p class='ocr_par' dir='ltr' id='par_1_17' title="bbox 365 1781 2019 1857">
     <span class='ocr_line' id='line_1_17' title="bbox 365 1781 2019 1857; baseline -0.004 -15"><span class='ocrx_word' id='word_1_117' title='bbox 365 1788 608 1857; x_wconf 86' lang='lat' dir='ltr'><strong>epistolis</strong></span> <span class='ocrx_word' id='word_1_118' title='bbox 650 1787 777 1851; x_wconf 75' lang='lat'><strong>279,</strong></span> <span class='ocrx_word' id='word_1_119' title='bbox 808 1786 937 1842; x_wconf 74' lang='lat'><strong>280.</strong></span> <span class='ocrx_word' id='word_1_120' title='bbox 980 1785 1204 1840; x_wconf 71' lang='lat' dir='ltr'><strong>Videtur</strong></span> <span class='ocrx_word' id='word_1_121' title='bbox 1251 1788 1334 1841; x_wconf 91' lang='lat' dir='ltr'><strong>his</strong></span> <span class='ocrx_word' id='word_1_122' title='bbox 1374 1787 1570 1841; x_wconf 88' lang='lat' dir='ltr'><strong>litteris</strong></span> <span class='ocrx_word' id='word_1_123' title='bbox 1606 1787 1821 1841; x_wconf 90' lang='lat' dir='ltr'><strong>initium</strong></span> <span class='ocrx_word' id='word_1_124' title='bbox 1849 1788 1946 1840; x_wconf 87' lang='lat' dir='ltr'><strong>de-</strong></span> <span class='ocrx_word' id='word_1_125' title='bbox 1977 1781 2019 1835; x_wconf 89' lang='grc' dir='ltr'>Β</span> 
     </span>
    </p>
   </div>
   <div class='ocr_carea' id='block_1_18' title="bbox 369 1879 1946 1948">
    <p class='ocr_par' dir='ltr' id='par_1_18' title="bbox 369 1879 1946 1948">
     <span class='ocr_line' id='line_1_18' title="bbox 369 1879 1946 1948; baseline 0 -15"><span class='ocrx_word' id='word_1_126' title='bbox 369 1882 514 1935; x_wconf 82' lang='lat' dir='ltr'><strong>disse</strong></span> <span class='ocrx_word' id='word_1_127' title='bbox 540 1879 814 1933; x_wconf 88' lang='lat' dir='ltr'><strong>llelladius</strong></span> <span class='ocrx_word' id='word_1_128' title='bbox 845 1893 1048 1942; x_wconf 91' lang='lat' dir='ltr'><strong>comes,</strong></span> <span class='ocrx_word' id='word_1_129' title='bbox 1092 1893 1248 1948; x_wconf 86' lang='lat' dir='ltr'><strong>quem</strong></span> <span class='ocrx_word' id='word_1_130' title='bbox 1283 1880 1573 1933; x_wconf 76' lang='lat' dir='ltr'><strong>verisimile</strong></span> <span class='ocrx_word' id='word_1_131' title='bbox 1601 1893 1701 1946; x_wconf 72' lang='grc' dir='ltr'><strong>ρει,</strong></span> <span class='ocrx_word' id='word_1_132' title='bbox 1730 1880 1946 1948; x_wconf 88' lang='lat' dir='ltr'><strong>cognita</strong></span> 
     </span>
    </p>
   </div>
   <div class='ocr_carea' id='block_1_19' title="bbox 355 1971 1947 2042">
    <p class='ocr_par' dir='ltr' id='par_1_19' title="bbox 355 1971 1947 2042">
     <span class='ocr_line' id='line_1_19' title="bbox 355 1971 1947 2042; baseline -0.001 -16"><span class='ocrx_word' id='word_1_133' title='bbox 355 1972 551 2027; x_wconf 73' lang='lat' dir='ltr'><strong>vBasilii</strong></span> <span class='ocrx_word' id='word_1_134' title='bbox 586 1975 637 2025; x_wconf 93' lang='lat' dir='ltr'><strong>in</strong></span> <span class='ocrx_word' id='word_1_135' title='bbox 663 1971 862 2026; x_wconf 82' lang='lat' dir='ltr'><strong>Julitta:</strong></span> <span class='ocrx_word' id='word_1_136' title='bbox 893 1971 1108 2042; x_wconf 83' lang='lat' dir='ltr'><strong>negotio</strong></span> <span class='ocrx_word' id='word_1_137' title='bbox 1130 1971 1435 2035; x_wconf 86' lang='lat' dir='ltr'><strong>timiditate,</strong></span> <span class='ocrx_word' id='word_1_138' title='bbox 1470 1987 1568 2040; x_wconf 92' lang='lat' dir='ltr'><strong>pro</strong></span> <span class='ocrx_word' id='word_1_139' title='bbox 1600 1986 1809 2025; x_wconf 90' lang='lat' dir='ltr'><strong>summa</strong></span> <span class='ocrx_word' id='word_1_140' title='bbox 1848 1986 1947 2026; x_wconf 88' lang='lat' dir='ltr'><strong>sua</strong></span> 
     </span>
    </p>
   </div>
   <div class='ocr_carea' id='block_1_20' title="bbox 371 2063 1944 2136">
    <p class='ocr_par' dir='ltr' id='par_1_20' title="bbox 371 2063 1944 2136">
     <span class='ocr_line' id='line_1_20' title="bbox 371 2063 1944 2136; baseline -0.001 -18"><span class='ocrx_word' id='word_1_141' title='bbox 371 2067 513 2136; x_wconf 89' lang='lat' dir='ltr'><strong>apud</strong></span> <span class='ocrx_word' id='word_1_142' title='bbox 540 2065 853 2135; x_wconf 70' lang='lat' dir='ltr'><strong>praefectum</strong></span> <span class='ocrx_word' id='word_1_143' title='bbox 877 2066 1050 2135; x_wconf 86' lang='lat' dir='ltr'><strong>gratia</strong></span> <span class='ocrx_word' id='word_1_144' title='bbox 1081 2073 1132 2119; x_wconf 89' lang='lat' dir='ltr'><strong>et</strong></span> <span class='ocrx_word' id='word_1_145' title='bbox 1160 2065 1483 2118; x_wconf 85' lang='lat' dir='ltr'><strong>auctoritate</strong></span> <span class='ocrx_word' id='word_1_146' title='bbox 1509 2079 1619 2117; x_wconf 91' lang='lat' dir='ltr'><strong>rem</strong></span> <span class='ocrx_word' id='word_1_147' title='bbox 1644 2063 1944 2130; x_wconf 90' lang='lat' dir='ltr'><strong>indicasse;</strong></span> 
     </span>
    </p>
   </div>
   <div class='ocr_carea' id='block_1_21' title="bbox 374 2155 1951 2226">
    <p class='ocr_par' dir='ltr' id='par_1_21' title="bbox 374 2155 1951 2226">
     <span class='ocr_line' id='line_1_21' title="bbox 374 2155 1951 2226; baseline -0.001 -15"><span class='ocrx_word' id='word_1_148' title='bbox 374 2161 517 2213; x_wconf 85' lang='lat' dir='ltr'><strong>unde</strong></span> <span class='ocrx_word' id='word_1_149' title='bbox 551 2167 752 2222; x_wconf 89' lang='lat' dir='ltr'><strong>ortum,</strong></span> <span class='ocrx_word' id='word_1_150' title='bbox 799 2168 859 2211; x_wconf 90' lang='lat' dir='ltr'><strong>ut</strong></span> <span class='ocrx_word' id='word_1_151' title='bbox 892 2157 1149 2212; x_wconf 84' lang='lat' dir='ltr'><strong>Basiliam</strong></span> <span class='ocrx_word' id='word_1_152' title='bbox 1182 2156 1470 2225; x_wconf 67' lang='lat' dir='ltr'><strong>praifectus</strong></span> <span class='ocrx_word' id='word_1_153' title='bbox 1500 2155 1773 2211; x_wconf 88' lang='lat' dir='ltr'><strong>confidere</strong></span> <span class='ocrx_word' id='word_1_154' title='bbox 1792 2155 1951 2226; x_wconf 91' lang='lat' dir='ltr'><strong>jube-</strong></span> 
     </span>
    </p>
   </div>
   <div class='ocr_carea' id='block_1_22' title="bbox 374 2251 1007 2305">
    <p class='ocr_par' dir='ltr' id='par_1_22' title="bbox 374 2251 1007 2305">
     <span class='ocr_line' id='line_1_22' title="bbox 374 2251 1007 2305; baseline -0.002 -1"><span class='ocrx_word' id='word_1_155' title='bbox 374 2261 457 2305; x_wconf 88' lang='lat' dir='ltr'><strong>ret</strong></span> <span class='ocrx_word' id='word_1_156' title='bbox 480 2266 545 2305; x_wconf 88' lang='lat' dir='ltr'><strong>ac</strong></span> <span class='ocrx_word' id='word_1_157' title='bbox 567 2251 634 2305; x_wconf 88' lang='lat' dir='ltr'><strong>ad</strong></span> <span class='ocrx_word' id='word_1_158' title='bbox 663 2266 723 2305; x_wconf 92' lang='lat' dir='ltr'><strong>se</strong></span> <span class='ocrx_word' id='word_1_159' title='bbox 750 2251 1007 2305; x_wconf 87' lang='lat' dir='ltr'><strong>scribere.</strong></span> 
     </span>
    </p>
   </div>
   <div class='ocr_carea' id='block_1_23' title="bbox 446 2339 1951 2410">
    <p class='ocr_par' dir='ltr' id='par_1_23' title="bbox 446 2339 1951 2410">
     <span class='ocr_line' id='line_1_23' title="bbox 446 2339 1951 2410; baseline -0.001 -16"><span class='ocrx_word' id='word_1_160' title='bbox 446 2340 576 2396; x_wconf 84' lang='lat' dir='ltr'><strong>Post</strong></span> <span class='ocrx_word' id='word_1_161' title='bbox 614 2350 719 2395; x_wconf 85' lang='lat' dir='ltr'><strong>tam</strong></span> <span class='ocrx_word' id='word_1_162' title='bbox 756 2341 1111 2396; x_wconf 87' lang='lat' dir='ltr'><strong>honorificum</strong></span> <span class='ocrx_word' id='word_1_163' title='bbox 1150 2341 1459 2395; x_wconf 87' lang='lat' dir='ltr'><strong>mandatum</strong></span> <span class='ocrx_word' id='word_1_164' title='bbox 1489 2340 1691 2410; x_wconf 86' lang='lat' dir='ltr'><strong>scripta</strong></span> <span class='ocrx_word' id='word_1_165' title='bbox 1724 2339 1951 2410; x_wconf 91' lang='lat' dir='ltr'><strong>epistola</strong></span> 
     </span>
    </p>
   </div>
   <div class='ocr_carea' id='block_1_24' title="bbox 374 2432 1953 2503">
    <p class='ocr_par' dir='ltr' id='par_1_24' title="bbox 374 2432 1953 2503">
     <span class='ocr_line' id='line_1_24' title="bbox 374 2432 1953 2503; baseline -0.001 -16"><span class='ocrx_word' id='word_1_166' title='bbox 374 2434 498 2497; x_wconf 79' lang='lat' dir='ltr'><strong>HO,</strong></span> <span class='ocrx_word' id='word_1_167' title='bbox 536 2434 589 2488; x_wconf 89' lang='lat' dir='ltr'><strong>in</strong></span> <span class='ocrx_word' id='word_1_168' title='bbox 640 2449 766 2503; x_wconf 90' lang='lat' dir='ltr'><strong>qua,</strong></span> <span class='ocrx_word' id='word_1_169' title='bbox 800 2449 895 2488; x_wconf 90' lang='lat' dir='ltr'><strong>cur</strong></span> <span class='ocrx_word' id='word_1_170' title='bbox 931 2434 1191 2488; x_wconf 89' lang='lat' dir='ltr'><strong>hactenus</strong></span> <span class='ocrx_word' id='word_1_171' title='bbox 1226 2434 1464 2488; x_wconf 89' lang='lat' dir='ltr'><strong>scribere</strong></span> <span class='ocrx_word' id='word_1_172' title='bbox 1498 2448 1659 2487; x_wconf 84' lang='lat' dir='ltr'><strong>ausus</strong></span> <span class='ocrx_word' id='word_1_173' title='bbox 1695 2447 1799 2486; x_wconf 89' lang='lat' dir='ltr'><strong>non</strong></span> <span class='ocrx_word' id='word_1_174' title='bbox 1832 2432 1953 2486; x_wconf 87' lang='lat' dir='ltr'><strong>fue-</strong></span> 
     </span>
    </p>
   </div>
   <div class='ocr_carea' id='block_1_25' title="bbox 374 2525 1955 2597">
    <p class='ocr_par' dir='ltr' id='par_1_25' title="bbox 374 2525 1955 2597">
     <span class='ocr_line' id='line_1_25' title="bbox 374 2525 1955 2597; baseline -0.004 -14"><span class='ocrx_word' id='word_1_175' title='bbox 374 2531 466 2595; x_wconf 91' lang='lat' dir='ltr'><strong>rit,</strong></span> <span class='ocrx_word' id='word_1_176' title='bbox 493 2528 744 2597; x_wconf 75' lang='lat' dir='ltr'><strong>quamvis</strong></span> <span class='ocrx_word' id='word_1_177' title='bbox 777 2527 1063 2595; x_wconf 91' lang='lat' dir='ltr'><strong>pliirimum</strong></span> <span class='ocrx_word' id='word_1_178' title='bbox 1092 2534 1330 2596; x_wconf 87' lang='lat' dir='ltr'><strong>cuperet,</strong></span> <span class='ocrx_word' id='word_1_179' title='bbox 1374 2535 1534 2581; x_wconf 66' lang='lat' dir='ltr'><strong>tantm</strong></span> <span class='ocrx_word' id='word_1_180' title='bbox 1560 2525 1841 2593; x_wconf 91' lang='lat' dir='ltr'><strong>potestatis</strong></span> <span class='ocrx_word' id='word_1_181' title='bbox 1870 2537 1955 2577; x_wconf 92' lang='lat' dir='ltr'><strong>re-</strong></span> 
     </span>
    </p>
   </div>
   <div class='ocr_carea' id='block_1_26' title="bbox 372 2612 1955 2677">
    <p class='ocr_par' dir='ltr' id='par_1_26' title="bbox 372 2612 1955 2677">
     <span class='ocr_line' id='line_1_26' title="bbox 372 2612 1955 2677; baseline -0.001 -8"><span class='ocrx_word' id='word_1_182' title='bbox 372 2618 671 2673; x_wconf 85' lang='lat' dir='ltr'><strong>verentiam</strong></span> <span class='ocrx_word' id='word_1_183' title='bbox 698 2626 944 2673; x_wconf 76' lang='lat' dir='ltr'><strong>excusat.</strong></span> <span class='ocrx_word' id='word_1_184' title='bbox 971 2616 1326 2670; x_wconf 86' lang='lat' dir='ltr'><strong>Commendat</strong></span> <span class='ocrx_word' id='word_1_185' title='bbox 1373 2614 1533 2667; x_wconf 87' lang='lat' dir='ltr'><strong>Tauri</strong></span> <span class='ocrx_word' id='word_1_186' title='bbox 1574 2613 1796 2677; x_wconf 87' lang='lat' dir='ltr'><strong>incolas,</strong></span> <span class='ocrx_word' id='word_1_187' title='bbox 1847 2612 1955 2667; x_wconf 86' lang='lat' dir='ltr'><strong>eis-</strong></span> 
     </span>
    </p>
   </div>
   <div class='ocr_carea' id='block_1_27' title="bbox 370 2702 1954 2780">
    <p class='ocr_par' dir='ltr' id='par_1_27' title="bbox 370 2702 1954 2780">
     <span class='ocr_line' id='line_1_27' title="bbox 370 2702 1954 2780; baseline -0.003 -18"><span class='ocrx_word' id='word_1_188' title='bbox 370 2723 478 2780; x_wconf 89' lang='lat' dir='ltr'><strong>que</strong></span> <span class='ocrx_word' id='word_1_189' title='bbox 539 2707 706 2761; x_wconf 90' lang='lat' dir='ltr'><strong>nimia</strong></span> <span class='ocrx_word' id='word_1_190' title='bbox 742 2704 872 2759; x_wconf 85' lang='lat' dir='ltr'><strong>ferri</strong></span> <span class='ocrx_word' id='word_1_191' title='bbox 929 2707 1130 2761; x_wconf 87' lang='lat' dir='ltr'><strong>tributa</strong></span> <span class='ocrx_word' id='word_1_192' title='bbox 1178 2704 1535 2774; x_wconf 90' lang='lat' dir='ltr'><strong>pendentibus</strong></span> <span class='ocrx_word' id='word_1_193' title='bbox 1564 2702 1954 2757; x_wconf 87' lang='lat' dir='ltr'><strong>humanitatem</strong></span> 
     </span>
    </p>
   </div>
   <div class='ocr_carea' id='block_1_28' title="bbox 375 2793 1956 2871">
    <p class='ocr_par' dir='ltr' id='par_1_28' title="bbox 375 2793 1956 2871">
     <span class='ocr_line' id='line_1_28' title="bbox 375 2793 1956 2871; baseline -0.004 -17"><span class='ocrx_word' id='word_1_194' title='bbox 375 2799 615 2871; x_wconf 63' lang='lat' dir='ltr'><strong>praefecti</strong></span> <span class='ocrx_word' id='word_1_195' title='bbox 653 2797 924 2866; x_wconf 85' lang='lat' dir='ltr'><strong>implorat.</strong></span> <span class='ocrx_word' id='word_1_196' title='bbox 958 2795 1015 2851; x_wconf 87' lang='lat' dir='ltr'><strong>In</strong></span> <span class='ocrx_word' id='word_1_197' title='bbox 1067 2795 1310 2865; x_wconf 87' lang='lat' dir='ltr'><strong>sequenti</strong></span> <span class='ocrx_word' id='word_1_198' title='bbox 1352 2794 1573 2862; x_wconf 87' lang='lat' dir='ltr'><strong>epistola</strong></span> <span class='ocrx_word' id='word_1_199' title='bbox 1634 2808 1731 2862; x_wconf 95' lang='lat' dir='ltr'><strong>pro</strong></span> <span class='ocrx_word' id='word_1_200' title='bbox 1780 2793 1956 2848; x_wconf 89' lang='lat' dir='ltr'><strong>amico</strong></span> 
     </span>
    </p>
   </div>
   <div class='ocr_carea' id='block_1_29' title="bbox 376 2884 1957 2947">
    <p class='ocr_par' dir='ltr' id='par_1_29' title="bbox 376 2884 1957 2947">
     <span class='ocr_line' id='line_1_29' title="bbox 376 2884 1957 2947; baseline -0.004 -3"><span class='ocrx_word' id='word_1_201' title='bbox 376 2890 429 2944; x_wconf 90' lang='lat' dir='ltr'><strong>in</strong></span> <span class='ocrx_word' id='word_1_202' title='bbox 474 2889 652 2943; x_wconf 87' lang='lat' dir='ltr'><strong>aulam</strong></span> <span class='ocrx_word' id='word_1_203' title='bbox 685 2888 966 2947; x_wconf 85' lang='lat' dir='ltr'><strong>accersito,</strong></span> <span class='ocrx_word' id='word_1_204' title='bbox 1010 2896 1063 2940; x_wconf 93' lang='lat' dir='ltr'><strong>et</strong></span> <span class='ocrx_word' id='word_1_205' title='bbox 1088 2886 1289 2940; x_wconf 87' lang='lat' dir='ltr'><strong>idcirco</strong></span> <span class='ocrx_word' id='word_1_206' title='bbox 1317 2885 1419 2939; x_wconf 90' lang='lat' dir='ltr'><strong>sibi</strong></span> <span class='ocrx_word' id='word_1_207' title='bbox 1456 2895 1729 2938; x_wconf 82' lang='lat' dir='ltr'><strong>metuente</strong></span> <span class='ocrx_word' id='word_1_208' title='bbox 1771 2884 1957 2939; x_wconf 74' lang='lat' dir='ltr'><strong>Mode-</strong></span> 
     </span>
    </p>
   </div>
   <div class='ocr_carea' id='block_1_30' title="bbox 373 2976 1960 3050">
    <p class='ocr_par' dir='ltr' id='par_1_30' title="bbox 373 2976 1960 3050">
     <span class='ocr_line' id='line_1_30' title="bbox 373 2976 1960 3050; baseline -0.003 -14"><span class='ocrx_word' id='word_1_209' title='bbox 373 2992 518 3037; x_wconf 85' lang='lat' dir='ltr'><strong>stum</strong></span> <span class='ocrx_word' id='word_1_210' title='bbox 554 2990 727 3050; x_wconf 81' lang='lat' dir='ltr'><strong>rogal,</strong></span> <span class='ocrx_word' id='word_1_211' title='bbox 777 2989 855 3046; x_wconf 93' lang='lat' dir='ltr'><strong>ut,</strong></span> <span class='ocrx_word' id='word_1_212' title='bbox 892 2980 937 3035; x_wconf 89' lang='lat' dir='ltr'><strong>si</strong></span> <span class='ocrx_word' id='word_1_213' title='bbox 976 2979 1058 3033; x_wconf 91' lang='lat' dir='ltr'><strong>vir</strong></span> <span class='ocrx_word' id='word_1_214' title='bbox 1100 2979 1187 3033; x_wconf 90' lang='lat' dir='ltr'><strong>ille</strong></span> <span class='ocrx_word' id='word_1_215' title='bbox 1219 2978 1351 3031; x_wconf 89' lang='lat' dir='ltr'><strong>nihil</strong></span> <span class='ocrx_word' id='word_1_216' title='bbox 1398 2978 1664 3046; x_wconf 84' lang='lat' dir='ltr'><strong>peccavit,</strong></span> <span class='ocrx_word' id='word_1_217' title='bbox 1713 2976 1960 3033; x_wconf 82' lang='lat' dir='ltr'><strong>veritatis</strong></span> 
     </span>
    </p>
   </div>
   <div class='ocr_carea' id='block_1_31' title="bbox 377 3067 1957 3139">
    <p class='ocr_par' dir='ltr' id='par_1_31' title="bbox 377 3067 1957 3139">
     <span class='ocr_line' id='line_1_31' title="bbox 377 3067 1957 3139; baseline -0.004 -11"><span class='ocrx_word' id='word_1_218' title='bbox 377 3074 643 3128; x_wconf 81' lang='lat' dir='ltr'><strong>beneﬁcio</strong></span> <span class='ocrx_word' id='word_1_219' title='bbox 672 3074 897 3136; x_wconf 88' lang='lat' dir='ltr'><strong>vincat;</strong></span> <span class='ocrx_word' id='word_1_220' title='bbox 943 3070 988 3124; x_wconf 89' lang='lat' dir='ltr'><strong>si</strong></span> <span class='ocrx_word' id='word_1_221' title='bbox 1018 3070 1145 3139; x_wconf 89' lang='lat' dir='ltr'><strong>quid</strong></span> <span class='ocrx_word' id='word_1_222' title='bbox 1187 3069 1449 3137; x_wconf 88' lang='lat' dir='ltr'><strong>peccavit,</strong></span> <span class='ocrx_word' id='word_1_223' title='bbox 1484 3082 1579 3121; x_wconf 88' lang='lat' dir='ltr'><strong>sua</strong></span> <span class='ocrx_word' id='word_1_224' title='bbox 1622 3082 1786 3122; x_wconf 88' lang='lat' dir='ltr'><strong>causa</strong></span> <span class='ocrx_word' id='word_1_225' title='bbox 1830 3068 1880 3120; x_wconf 91' lang='lat' dir='ltr'><strong>id</strong></span> <span class='ocrx_word' id='word_1_226' title='bbox 1909 3067 1957 3121; x_wconf 92' lang='lat' dir='ltr'><strong>ei</strong></span> 
     </span>
    </p>
   </div>
   <div class='ocr_carea' id='block_1_32' title="bbox 2042 510 3401 578">
    <p class='ocr_par' dir='ltr' id='par_1_32' title="bbox 2042 510 3401 578">
     <span class='ocr_line' id='line_1_32' title="bbox 2042 510 3401 578; baseline -0.009 -13"><span class='ocrx_word' id='word_1_227' title='bbox 2042 528 2183 565; x_wconf 91' lang='lat' dir='ltr'><strong>anno</strong></span> <span class='ocrx_word' id='word_1_228' title='bbox 2222 510 2326 565; x_wconf 77' lang='grc'><strong>575</strong></span> <span class='ocrx_word' id='word_1_229' title='bbox 2352 510 2553 578; x_wconf 89' lang='lat' dir='ltr'><strong>erupit.</strong></span> <span class='ocrx_word' id='word_1_230' title='bbox 3396 561 3401 564; x_wconf 46' lang='grc'><em>,</em></span> 
     </span>
    </p>
   </div>
   <div class='ocr_carea' id='block_1_33' title="bbox 2113 586 3619 670">
    <p class='ocr_par' dir='ltr' id='par_1_33' title="bbox 2113 586 3619 670">
     <span class='ocr_line' id='line_1_33' title="bbox 2113 586 3619 670; baseline -0.004 -15"><span class='ocrx_word' id='word_1_231' title='bbox 2113 605 2175 659; x_wconf 87' lang='lat' dir='ltr'><strong>V.</strong></span> <span class='ocrx_word' id='word_1_232' title='bbox 2210 604 2494 659; x_wconf 85' lang='lat' dir='ltr'><strong>Tarsensis</strong></span> <span class='ocrx_word' id='word_1_233' title='bbox 2525 600 2760 655; x_wconf 85' lang='lat' dir='ltr'><strong>Ecclesia</strong></span> <span class='ocrx_word' id='word_1_234' title='bbox 2796 586 2893 670; x_wconf 58' lang='lat' dir='ltr'><strong>(bl,</strong></span> <span class='ocrx_word' id='word_1_235' title='bbox 2935 608 3147 652; x_wconf 90' lang='lat' dir='ltr'><strong>mortuo</strong></span> <span class='ocrx_word' id='word_1_236' title='bbox 3172 596 3408 660; x_wconf 81' lang='lat' dir='ltr'><strong>Silvano,</strong></span> <span class='ocrx_word' id='word_1_237' title='bbox 3430 598 3482 650; x_wconf 92' lang='lat' dir='ltr'><strong>in</strong></span> <span class='ocrx_word' id='word_1_238' title='bbox 3503 612 3619 650; x_wconf 90' lang='lat' dir='ltr'><strong>ma-</strong></span> 
     </span>
    </p>
   </div>
   <div class='ocr_carea' id='block_1_34' title="bbox 2043 688 3617 761">
    <p class='ocr_par' dir='ltr' id='par_1_34' title="bbox 2043 688 3617 761">
     <span class='ocr_line' id='line_1_34' title="bbox 2043 688 3617 761; baseline -0.006 -9"><span class='ocrx_word' id='word_1_239' title='bbox 2043 714 2145 752; x_wconf 91' lang='lat' dir='ltr'><strong>nus</strong></span> <span class='ocrx_word' id='word_1_240' title='bbox 2177 697 2555 751; x_wconf 61' lang='lat' dir='ltr'><strong>haereticorum</strong></span> <span class='ocrx_word' id='word_1_241' title='bbox 2589 694 2827 761; x_wconf 87' lang='lat' dir='ltr'><strong>delapsa,</strong></span> <span class='ocrx_word' id='word_1_242' title='bbox 2854 693 3050 744; x_wconf 86' lang='lat' dir='ltr'><strong>luctum</strong></span> <span class='ocrx_word' id='word_1_243' title='bbox 3083 698 3137 745; x_wconf 88' lang='lat' dir='ltr'><strong>et</strong></span> <span class='ocrx_word' id='word_1_244' title='bbox 3170 689 3399 759; x_wconf 82' lang='lat' dir='ltr'><strong>gemitus</strong></span> <span class='ocrx_word' id='word_1_245' title='bbox 3429 688 3617 744; x_wconf 83' lang='lat' dir='ltr'><strong>Basilii</strong></span> 
     </span>
    </p>
   </div>
   <div class='ocr_carea' id='block_1_35' title="bbox 2044 781 3614 858">
    <p class='ocr_par' dir='ltr' id='par_1_35' title="bbox 2044 781 3614 858">
     <span class='ocr_line' id='line_1_35' title="bbox 2044 781 3614 858; baseline -0.005 -15"><span class='ocrx_word' id='word_1_246' title='bbox 2044 786 2341 858; x_wconf 84' lang='lat' dir='ltr'><strong>presbyteri</strong></span> <span class='ocrx_word' id='word_1_247' title='bbox 2390 795 2774 840; x_wconf 80' lang='lat' dir='ltr'><strong>commoverat.</strong></span> <span class='ocrx_word' id='word_1_248' title='bbox 2823 783 2927 837; x_wconf 86' lang='lat' dir='ltr'><strong>Sed</strong></span> <span class='ocrx_word' id='word_1_249' title='bbox 2983 798 3085 835; x_wconf 89' lang='lat' dir='ltr'><strong>non</strong></span> <span class='ocrx_word' id='word_1_250' title='bbox 3140 781 3365 836; x_wconf 83' lang='lat' dir='ltr'><strong>defuere</strong></span> <span class='ocrx_word' id='word_1_251' title='bbox 3411 782 3614 850; x_wconf 80' lang='lat' dir='ltr'><strong>egregii</strong></span> 
     </span>
    </p>
   </div>
   <div class='ocr_carea' id='block_1_36' title="bbox 2044 872 3616 950">
    <p class='ocr_par' dir='ltr' id='par_1_36' title="bbox 2044 872 3616 950">
     <span class='ocr_line' id='line_1_36' title="bbox 2044 872 3616 950; baseline -0.003 -18"><span class='ocrx_word' id='word_1_252' title='bbox 2044 879 2361 950; x_wconf 77' lang='lat' dir='ltr'><strong>presbyteri,</strong></span> <span class='ocrx_word' id='word_1_253' title='bbox 2392 878 2479 946; x_wconf 86' lang='lat' dir='ltr'><strong>qui</strong></span> <span class='ocrx_word' id='word_1_254' title='bbox 2514 876 2668 930; x_wconf 86' lang='lat' dir='ltr'><strong>fidem</strong></span> <span class='ocrx_word' id='word_1_255' title='bbox 2709 877 2807 928; x_wconf 88' lang='lat' dir='ltr'><strong>sub</strong></span> <span class='ocrx_word' id='word_1_256' title='bbox 2842 874 3095 929; x_wconf 79' lang='lat' dir='ltr'><strong>haeretico</strong></span> <span class='ocrx_word' id='word_1_257' title='bbox 3134 875 3385 944; x_wconf 90' lang='lat' dir='ltr'><strong>episcopo</strong></span> <span class='ocrx_word' id='word_1_258' title='bbox 3422 872 3616 929; x_wconf 87' lang='lat' dir='ltr'><strong>defen-</strong></span> 
     </span>
    </p>
   </div>
   <div class='ocr_carea' id='block_1_37' title="bbox 2044 965 3610 1038">
    <p class='ocr_par' dir='ltr' id='par_1_37' title="bbox 2044 965 3610 1038">
     <span class='ocr_line' id='line_1_37' title="bbox 2044 965 3610 1038; baseline -0.004 -13"><span class='ocrx_word' id='word_1_259' title='bbox 2044 975 2255 1038; x_wconf 89' lang='lat' dir='ltr'><strong>derent,</strong></span> <span class='ocrx_word' id='word_1_260' title='bbox 2287 980 2342 1025; x_wconf 92' lang='lat' dir='ltr'><strong>et</strong></span> <span class='ocrx_word' id='word_1_261' title='bbox 2373 970 2440 1024; x_wconf 89' lang='lat' dir='ltr'><strong>ab</strong></span> <span class='ocrx_word' id='word_1_262' title='bbox 2461 967 2577 1038; x_wconf 87' lang='lat' dir='ltr'><strong>ejus</strong></span> <span class='ocrx_word' id='word_1_263' title='bbox 2606 966 2985 1020; x_wconf 86' lang='lat' dir='ltr'><strong>communione</strong></span> <span class='ocrx_word' id='word_1_264' title='bbox 3011 965 3218 1033; x_wconf 88' lang='lat' dir='ltr'><strong>plebem</strong></span> <span class='ocrx_word' id='word_1_265' title='bbox 3248 976 3610 1027; x_wconf 86' lang='lat' dir='ltr'><strong>removentes,</strong></span> 
     </span>
    </p>
   </div>
   <div class='ocr_carea' id='block_1_38' title="bbox 2046 1054 3619 1128">
    <p class='ocr_par' dir='ltr' id='par_1_38' title="bbox 2046 1054 3619 1128">
     <span class='ocr_line' id='line_1_38' title="bbox 2046 1054 3619 1128; baseline -0.004 -13"><span class='ocrx_word' id='word_1_266' title='bbox 2046 1062 2341 1115; x_wconf 82' lang='lat' dir='ltr'><strong>Ecclesiam</strong></span> <span class='ocrx_word' id='word_1_267' title='bbox 2375 1074 2473 1128; x_wconf 87' lang='lat' dir='ltr'><strong>per</strong></span> <span class='ocrx_word' id='word_1_268' title='bbox 2501 1072 2559 1112; x_wconf 87' lang='lat' dir='ltr'><strong>se</strong></span> <span class='ocrx_word' id='word_1_269' title='bbox 2582 1058 2677 1126; x_wconf 92' lang='lat' dir='ltr'><strong>ipsi</strong></span> <span class='ocrx_word' id='word_1_270' title='bbox 2712 1066 2977 1127; x_wconf 82' lang='lat' dir='ltr'><strong>regerent.</strong></span> <span class='ocrx_word' id='word_1_271' title='bbox 3008 1054 3209 1109; x_wconf 84' lang='lat' dir='ltr'><strong>Nomen</strong></span> <span class='ocrx_word' id='word_1_272' title='bbox 3239 1054 3477 1109; x_wconf 82' lang='lat' dir='ltr'><strong>haeretici</strong></span> <span class='ocrx_word' id='word_1_273' title='bbox 3504 1057 3619 1125; x_wconf 91' lang='lat' dir='ltr'><strong>epi-</strong></span> 
     </span>
    </p>
   </div>
   <div class='ocr_carea' id='block_1_39' title="bbox 2046 1144 3615 1222">
    <p class='ocr_par' dir='ltr' id='par_1_39' title="bbox 2046 1144 3615 1222">
     <span class='ocr_line' id='line_1_39' title="bbox 2046 1144 3615 1222; baseline -0.005 -16"><span class='ocrx_word' id='word_1_274' title='bbox 2046 1154 2192 1222; x_wconf 89' lang='lat' dir='ltr'><strong>scopi</strong></span> <span class='ocrx_word' id='word_1_275' title='bbox 2225 1166 2329 1204; x_wconf 92' lang='lat' dir='ltr'><strong>non</strong></span> <span class='ocrx_word' id='word_1_276' title='bbox 2366 1150 2634 1219; x_wconf 89' lang='lat' dir='ltr'><strong>proditum</strong></span> <span class='ocrx_word' id='word_1_277' title='bbox 2663 1148 2955 1201; x_wconf 66' lang='lat' dir='ltr'><strong>memoriae.</strong></span> <span class='ocrx_word' id='word_1_278' title='bbox 2985 1146 3056 1199; x_wconf 87' lang='lat' dir='ltr'><strong>At</strong></span> <span class='ocrx_word' id='word_1_279' title='bbox 3084 1159 3182 1199; x_wconf 89' lang='lat' dir='ltr'><strong>nec</strong></span> <span class='ocrx_word' id='word_1_280' title='bbox 3209 1144 3466 1199; x_wconf 90' lang='lat' dir='ltr'><strong>Basilium</strong></span> <span class='ocrx_word' id='word_1_281' title='bbox 3494 1161 3615 1200; x_wconf 86' lang='lat' dir='ltr'><strong>eum</strong></span> 
     </span>
    </p>
   </div>
   <div class='ocr_carea' id='block_1_40' title="bbox 2045 1237 3623 1309">
    <p class='ocr_par' dir='ltr' id='par_1_40' title="bbox 2045 1237 3623 1309">
     <span class='ocr_line' id='line_1_40' title="bbox 2045 1237 3623 1309; baseline -0.006 -9"><span class='ocrx_word' id='word_1_282' title='bbox 2045 1260 2110 1300; x_wconf 92' lang='lat' dir='ltr'><strong>eo</strong></span> <span class='ocrx_word' id='word_1_283' title='bbox 2140 1242 2588 1306; x_wconf 90' lang='lat' dir='ltr'><strong>communicasse,</strong></span> <span class='ocrx_word' id='word_1_284' title='bbox 2631 1254 2730 1293; x_wconf 90' lang='lat' dir='ltr'><strong>nec</strong></span> <span class='ocrx_word' id='word_1_285' title='bbox 2777 1254 3023 1309; x_wconf 85' lang='lat' dir='ltr'><strong>magnam</strong></span> <span class='ocrx_word' id='word_1_286' title='bbox 3068 1247 3277 1305; x_wconf 88' lang='lat' dir='ltr'><strong>partem</strong></span> <span class='ocrx_word' id='word_1_287' title='bbox 3314 1238 3443 1292; x_wconf 89' lang='lat' dir='ltr'><strong>clcri</strong></span> <span class='ocrx_word' id='word_1_288' title='bbox 3490 1237 3623 1291; x_wconf 85' lang='lat' dir='ltr'><strong>Tar-</strong></span> 
     </span>
    </p>
   </div>
   <div class='ocr_carea' id='block_1_41' title="bbox 2047 1330 3619 1403">
    <p class='ocr_par' dir='ltr' id='par_1_41' title="bbox 2047 1330 3619 1403">
     <span class='ocr_line' id='line_1_41' title="bbox 2047 1330 3619 1403; baseline -0.005 -12"><span class='ocrx_word' id='word_1_289' title='bbox 2047 1338 2240 1401; x_wconf 81' lang='lat' dir='ltr'><strong>scrisis,</strong></span> <span class='ocrx_word' id='word_1_290' title='bbox 2282 1334 2635 1403; x_wconf 86' lang='lat' dir='ltr'><strong>perspicimus</strong></span> <span class='ocrx_word' id='word_1_291' title='bbox 2694 1348 2761 1386; x_wconf 82' lang='lat' dir='ltr'><strong>ex</strong></span> <span class='ocrx_word' id='word_1_292' title='bbox 2806 1331 3002 1385; x_wconf 89' lang='lat' dir='ltr'><strong>litteris</strong></span> <span class='ocrx_word' id='word_1_293' title='bbox 3056 1331 3160 1384; x_wconf 76' lang='grc'><strong>115</strong></span> <span class='ocrx_word' id='word_1_294' title='bbox 3218 1340 3273 1385; x_wconf 90' lang='lat' dir='ltr'><strong>et</strong></span> <span class='ocrx_word' id='word_1_295' title='bbox 3324 1330 3445 1385; x_wconf 73' lang='grc'><strong>114.</strong></span> <span class='ocrx_word' id='word_1_296' title='bbox 3484 1331 3619 1384; x_wconf 86' lang='lat' dir='ltr'><strong>Nata</strong></span> 
     </span>
    </p>
   </div>
   <div class='ocr_carea' id='block_1_42' title="bbox 2047 1423 3619 1491">
    <p class='ocr_par' dir='ltr' id='par_1_42' title="bbox 2047 1423 3619 1491">
     <span class='ocr_line' id='line_1_42' title="bbox 2047 1423 3619 1491; baseline -0.004 -9"><span class='ocrx_word' id='word_1_297' title='bbox 2047 1430 2192 1483; x_wconf 91' lang='lat' dir='ltr'><strong>enim</strong></span> <span class='ocrx_word' id='word_1_298' title='bbox 2222 1428 2361 1482; x_wconf 89' lang='lat' dir='ltr'><strong>inter</strong></span> <span class='ocrx_word' id='word_1_299' title='bbox 2381 1442 2476 1482; x_wconf 91' lang='lat' dir='ltr'><strong>eos</strong></span> <span class='ocrx_word' id='word_1_300' title='bbox 2506 1424 2895 1487; x_wconf 86' lang='lat' dir='ltr'><strong>controversia,</strong></span> <span class='ocrx_word' id='word_1_301' title='bbox 2930 1437 3051 1477; x_wconf 83' lang='lat' dir='ltr'><strong>cum</strong></span> <span class='ocrx_word' id='word_1_302' title='bbox 3081 1437 3245 1475; x_wconf 93' lang='lat' dir='ltr'><strong>unum</strong></span> <span class='ocrx_word' id='word_1_303' title='bbox 3283 1438 3346 1477; x_wconf 81' lang='lat' dir='ltr'><strong>ex</strong></span> <span class='ocrx_word' id='word_1_304' title='bbox 3381 1423 3619 1491; x_wconf 84' lang='lat' dir='ltr'><strong>collegis,</strong></span> 
     </span>
    </p>
   </div>
   <div class='ocr_carea' id='block_1_43' title="bbox 2046 1515 3619 1592">
    <p class='ocr_par' dir='ltr' id='par_1_43' title="bbox 2046 1515 3619 1592">
     <span class='ocr_line' id='line_1_43' title="bbox 2046 1515 3619 1592; baseline -0.003 -18"><span class='ocrx_word' id='word_1_305' title='bbox 2046 1520 2328 1592; x_wconf 77' lang='lat' dir='ltr'><strong>Cyr‘iacum</strong></span> <span class='ocrx_word' id='word_1_306' title='bbox 2376 1518 2613 1583; x_wconf 91' lang='lat' dir='ltr'><strong>nomine,</strong></span> <span class='ocrx_word' id='word_1_307' title='bbox 2660 1523 2966 1585; x_wconf 87' lang='lat' dir='ltr'><strong>suspectum</strong></span> <span class='ocrx_word' id='word_1_308' title='bbox 3022 1515 3304 1576; x_wconf 89' lang='lat' dir='ltr'><strong>haberent,</strong></span> <span class='ocrx_word' id='word_1_309' title='bbox 3355 1524 3411 1568; x_wconf 93' lang='lat' dir='ltr'><strong>ut</strong></span> <span class='ocrx_word' id='word_1_310' title='bbox 3444 1515 3619 1569; x_wconf 91' lang='lat' dir='ltr'><strong>minus</strong></span> 
     </span>
    </p>
   </div>
   <div class='ocr_carea' id='block_1_44' title="bbox 2050 1604 3621 1679">
    <p class='ocr_par' dir='ltr' id='par_1_44' title="bbox 2050 1604 3621 1679">
     <span class='ocr_line' id='line_1_44' title="bbox 2050 1604 3621 1679; baseline -0.002 -16"><span class='ocrx_word' id='word_1_311' title='bbox 2050 1620 2197 1664; x_wconf 90' lang='lat' dir='ltr'><strong>recte</strong></span> <span class='ocrx_word' id='word_1_312' title='bbox 2239 1610 2305 1665; x_wconf 88' lang='lat' dir='ltr'><strong>de</strong></span> <span class='ocrx_word' id='word_1_313' title='bbox 2341 1608 2545 1679; x_wconf 86' lang='lat' dir='ltr'><strong>Spiritu</strong></span> <span class='ocrx_word' id='word_1_314' title='bbox 2581 1615 2769 1662; x_wconf 91' lang='lat' dir='ltr'><strong>sancto</strong></span> <span class='ocrx_word' id='word_1_315' title='bbox 2811 1605 3149 1678; x_wconf 87' lang='lat' dir='ltr'><strong>sentientem,</strong></span> <span class='ocrx_word' id='word_1_316' title='bbox 3193 1606 3258 1659; x_wconf 91' lang='lat' dir='ltr'><strong>ad</strong></span> <span class='ocrx_word' id='word_1_317' title='bbox 3287 1604 3465 1660; x_wconf 88' lang='lat' dir='ltr'><strong>Basilii</strong></span> <span class='ocrx_word' id='word_1_318' title='bbox 3488 1620 3621 1660; x_wconf 88' lang='lat' dir='ltr'><strong>con-</strong></span> 
     </span>
    </p>
   </div>
   <div class='ocr_carea' id='block_1_45' title="bbox 2049 1698 3623 1768">
    <p class='ocr_par' dir='ltr' id='par_1_45' title="bbox 2049 1698 3623 1768">
     <span class='ocr_line' id='line_1_45' title="bbox 2049 1698 3623 1768; baseline -0.004 -10"><span class='ocrx_word' id='word_1_319' title='bbox 2049 1703 2230 1758; x_wconf 92' lang='lat' dir='ltr'><strong>silium</strong></span> <span class='ocrx_word' id='word_1_320' title='bbox 2260 1711 2314 1757; x_wconf 92' lang='lat' dir='ltr'><strong>et</strong></span> <span class='ocrx_word' id='word_1_321' title='bbox 2346 1702 2721 1756; x_wconf 89' lang='lat' dir='ltr'><strong>auctoritatem</strong></span> <span class='ocrx_word' id='word_1_322' title='bbox 2771 1698 3148 1768; x_wconf 84' lang='lat' dir='ltr'><strong>confugerunt,</strong></span> <span class='ocrx_word' id='word_1_323' title='bbox 3186 1698 3366 1752; x_wconf 91' lang='lat' dir='ltr'><strong>missis</strong></span> <span class='ocrx_word' id='word_1_324' title='bbox 3402 1699 3467 1752; x_wconf 90' lang='lat' dir='ltr'><strong>ad</strong></span> <span class='ocrx_word' id='word_1_325' title='bbox 3499 1713 3623 1752; x_wconf 92' lang='lat' dir='ltr'><strong>eum</strong></span> 
     </span>
    </p>
   </div>
   <div class='ocr_carea' id='block_1_46' title="bbox 2053 1791 3628 1861">
    <p class='ocr_par' dir='ltr' id='par_1_46' title="bbox 2053 1791 3628 1861">
     <span class='ocr_line' id='line_1_46' title="bbox 2053 1791 3628 1861; baseline -0.006 -8"><span class='ocrx_word' id='word_1_326' title='bbox 2053 1813 2084 1853; x_wconf 91' lang='lat' dir='ltr'><strong>e</strong></span> <span class='ocrx_word' id='word_1_327' title='bbox 2132 1812 2234 1852; x_wconf 91' lang='lat' dir='ltr'><strong>suo</strong></span> <span class='ocrx_word' id='word_1_328' title='bbox 2264 1811 2487 1851; x_wconf 89' lang='lat' dir='ltr'><strong>numero</strong></span> <span class='ocrx_word' id='word_1_329' title='bbox 2534 1793 2831 1849; x_wconf 90' lang='lat' dir='ltr'><strong>nonnullis.</strong></span> <span class='ocrx_word' id='word_1_330' title='bbox 2898 1792 3075 1848; x_wconf 90' lang='lat' dir='ltr'><strong>Unum</strong></span> <span class='ocrx_word' id='word_1_331' title='bbox 3129 1791 3346 1861; x_wconf 88' lang='lat' dir='ltr'><strong>quidem</strong></span> <span class='ocrx_word' id='word_1_332' title='bbox 3381 1792 3628 1858; x_wconf 69' lang='lat' dir='ltr'><strong>designat</strong></span> 
     </span>
    </p>
   </div>
   <div class='ocr_carea' id='block_1_47' title="bbox 2053 1884 3630 1960">
    <p class='ocr_par' dir='ltr' id='par_1_47' title="bbox 2053 1884 3630 1960">
     <span class='ocr_line' id='line_1_47' title="bbox 2053 1884 3630 1960; baseline -0.001 -14"><span class='ocrx_word' id='word_1_333' title='bbox 2053 1890 2286 1946; x_wconf 85' lang='lat' dir='ltr'><strong>Basilius</strong></span> <span class='ocrx_word' id='word_1_334' title='bbox 2310 1890 2462 1945; x_wconf 91' lang='lat' dir='ltr'><strong>initio</strong></span> <span class='ocrx_word' id='word_1_335' title='bbox 2489 1890 2732 1960; x_wconf 73' lang='lat' dir='ltr'><strong>epistola:</strong></span> <span class='ocrx_word' id='word_1_336' title='bbox 2755 1889 2877 1943; x_wconf 77' lang='grc'><strong>115.</strong></span> <span class='ocrx_word' id='word_1_337' title='bbox 2916 1884 3020 1943; x_wconf 83' lang='lat' dir='ltr'><strong>Sed</strong></span> <span class='ocrx_word' id='word_1_338' title='bbox 3052 1887 3229 1956; x_wconf 91' lang='lat' dir='ltr'><strong>plures</strong></span> <span class='ocrx_word' id='word_1_339' title='bbox 3260 1889 3451 1943; x_wconf 90' lang='lat' dir='ltr'><strong>missos</strong></span> <span class='ocrx_word' id='word_1_340' title='bbox 3480 1899 3630 1959; x_wconf 89' lang='lat' dir='ltr'><strong>patet</strong></span> 
     </span>
    </p>
   </div>
   <div class='ocr_carea' id='block_1_48' title="bbox 2054 1979 3631 2053">
    <p class='ocr_par' dir='ltr' id='par_1_48' title="bbox 2054 1979 3631 2053">
     <span class='ocr_line' id='line_1_48' title="bbox 2054 1979 3631 2053; baseline -0.003 -14"><span class='ocrx_word' id='word_1_341' title='bbox 2054 1999 2121 2039; x_wconf 84' lang='lat' dir='ltr'><strong>ex</strong></span> <span class='ocrx_word' id='word_1_342' title='bbox 2154 1985 2240 2040; x_wconf 85' lang='lat' dir='ltr'><strong>his</strong></span> <span class='ocrx_word' id='word_1_343' title='bbox 2285 1984 2466 2040; x_wconf 85' lang='lat' dir='ltr'><strong>verbis</strong></span> <span class='ocrx_word' id='word_1_344' title='bbox 2512 1981 2755 2053; x_wconf 74' lang='lat' dir='ltr'><strong>epistolze</strong></span> <span class='ocrx_word' id='word_1_345' title='bbox 2782 1980 3083 2051; x_wconf 89' lang='lat' dir='ltr'><strong>sequentis,</strong></span> <span class='ocrx_word' id='word_1_346' title='bbox 3134 1979 3424 2051; x_wconf 74' lang='lat' dir='ltr'><strong>Postquam</strong></span> <span class='ocrx_word' id='word_1_347' title='bbox 3469 1983 3631 2052; x_wconf 81' lang='lat' dir='ltr'><strong>igitur</strong></span> 
     </span>
    </p>
   </div>
   <div class='ocr_carea' id='block_1_49' title="bbox 2056 2072 3630 2143">
    <p class='ocr_par' dir='ltr' id='par_1_49' title="bbox 2056 2072 3630 2143">
     <span class='ocr_line' id='line_1_49' title="bbox 2056 2072 3630 2143; baseline 0.001 -15"><span class='ocrx_word' id='word_1_348' title='bbox 2056 2092 2173 2129; x_wconf 78' lang='lat' dir='ltr'><strong>cum</strong></span> <span class='ocrx_word' id='word_1_349' title='bbox 2204 2075 2456 2143; x_wconf 77' lang='lat' dir='ltr'><strong>fratn‘bus</strong></span> <span class='ocrx_word' id='word_1_350' title='bbox 2490 2088 2799 2142; x_wconf 78' lang='lat' dir='ltr'><strong>congressus</strong></span> <span class='ocrx_word' id='word_1_351' title='bbox 2834 2088 2969 2126; x_wconf 76' lang='lat' dir='ltr'><strong>sum.</strong></span> <span class='ocrx_word' id='word_1_352' title='bbox 3024 2072 3279 2137; x_wconf 82' lang='lat' dir='ltr'><strong>Basilius,</strong></span> <span class='ocrx_word' id='word_1_353' title='bbox 3322 2082 3428 2127; x_wconf 90' lang='lat' dir='ltr'><strong>tota</strong></span> <span class='ocrx_word' id='word_1_354' title='bbox 3480 2090 3537 2130; x_wconf 89' lang='lat' dir='ltr'><strong>rc</strong></span> <span class='ocrx_word' id='word_1_355' title='bbox 3562 2088 3630 2129; x_wconf 74' lang='lat' dir='ltr'><strong>ex</strong></span> 
     </span>
    </p>
   </div>
   <div class='ocr_carea' id='block_1_50' title="bbox 2057 2162 3628 2235">
    <p class='ocr_par' dir='ltr' id='par_1_50' title="bbox 2057 2162 3628 2235">
     <span class='ocr_line' id='line_1_50' title="bbox 2057 2162 3628 2235; baseline -0.008 -13"><span class='ocrx_word' id='word_1_356' title='bbox 2057 2167 2165 2222; x_wconf 87' lang='lat' dir='ltr'><strong>illis</strong></span> <span class='ocrx_word' id='word_1_357' title='bbox 2187 2167 2421 2235; x_wconf 77' lang='lat' dir='ltr'><strong>cognita,</strong></span> <span class='ocrx_word' id='word_1_358' title='bbox 2452 2164 2704 2233; x_wconf 86' lang='lat' dir='ltr'><strong>privatim</strong></span> <span class='ocrx_word' id='word_1_359' title='bbox 2736 2162 2991 2217; x_wconf 91' lang='lat' dir='ltr'><strong>nonnulla</strong></span> <span class='ocrx_word' id='word_1_360' title='bbox 3032 2163 3307 2227; x_wconf 88' lang='lat' dir='ltr'><strong>disseruit,</strong></span> <span class='ocrx_word' id='word_1_361' title='bbox 3332 2179 3451 2233; x_wconf 72' lang='lat' dir='ltr'><strong>qua:</strong></span> <span class='ocrx_word' id='word_1_362' title='bbox 3487 2166 3628 2221; x_wconf 71' lang='lat' dir='ltr'><strong>rere.</strong></span> 
     </span>
    </p>
   </div>
   <div class='ocr_carea' id='block_1_51' title="bbox 2057 2254 3631 2328">
    <p class='ocr_par' dir='ltr' id='par_1_51' title="bbox 2057 2254 3631 2328">
     <span class='ocr_line' id='line_1_51' title="bbox 2057 2254 3631 2328; baseline -0.001 -14"><span class='ocrx_word' id='word_1_363' title='bbox 2057 2259 2223 2314; x_wconf 86' lang='lat' dir='ltr'><strong>renda</strong></span> <span class='ocrx_word' id='word_1_364' title='bbox 2270 2256 2597 2328; x_wconf 77' lang='lat' dir='ltr'><strong>presbyteris</strong></span> <span class='ocrx_word' id='word_1_365' title='bbox 2643 2254 3004 2309; x_wconf 76' lang='lat' dir='ltr'><strong>Tarsensibiis</strong></span> <span class='ocrx_word' id='word_1_366' title='bbox 3053 2255 3365 2323; x_wconf 74' lang='lat' dir='ltr'><strong>mandabat,</strong></span> <span class='ocrx_word' id='word_1_367' title='bbox 3424 2257 3517 2311; x_wconf 90' lang='lat' dir='ltr'><strong>scd</strong></span> <span class='ocrx_word' id='word_1_368' title='bbox 3576 2259 3631 2313; x_wconf 90' lang='lat' dir='ltr'><strong>in</strong></span> 
     </span>
    </p>
   </div>
   <div class='ocr_carea' id='block_1_52' title="bbox 2060 2346 3635 2419">
    <p class='ocr_par' dir='ltr' id='par_1_52' title="bbox 2060 2346 3635 2419">
     <span class='ocr_line' id='line_1_52' title="bbox 2060 2346 3635 2419; baseline -0.001 -14"><span class='ocrx_word' id='word_1_369' title='bbox 2060 2349 2309 2419; x_wconf 87' lang='lat' dir='ltr'><strong>epistola,</strong></span> <span class='ocrx_word' id='word_1_370' title='bbox 2347 2364 2507 2417; x_wconf 91' lang='lat' dir='ltr'><strong>quam</strong></span> <span class='ocrx_word' id='word_1_371' title='bbox 2548 2348 2613 2401; x_wconf 89' lang='lat' dir='ltr'><strong>ad</strong></span> <span class='ocrx_word' id='word_1_372' title='bbox 2657 2362 2749 2401; x_wconf 88' lang='lat' dir='ltr'><strong>eos</strong></span> <span class='ocrx_word' id='word_1_373' title='bbox 2776 2347 3011 2417; x_wconf 89' lang='lat' dir='ltr'><strong>scripsit,</strong></span> <span class='ocrx_word' id='word_1_374' title='bbox 3044 2346 3185 2401; x_wconf 89' lang='lat' dir='ltr'><strong>hanc</strong></span> <span class='ocrx_word' id='word_1_375' title='bbox 3216 2349 3467 2405; x_wconf 65' lang='lat' dir='ltr'><strong>sedandae</strong></span> <span class='ocrx_word' id='word_1_376' title='bbox 3506 2365 3635 2405; x_wconf 85' lang='lat' dir='ltr'><strong>cor.-</strong></span> 
     </span>
    </p>
   </div>
   <div class='ocr_carea' id='block_1_53' title="bbox 2060 2435 3629 2508">
    <p class='ocr_par' dir='ltr' id='par_1_53' title="bbox 2060 2435 3629 2508">
     <span class='ocr_line' id='line_1_53' title="bbox 2060 2435 3629 2508; baseline 0.001 -16"><span class='ocrx_word' id='word_1_377' title='bbox 2060 2438 2340 2493; x_wconf 75' lang='lat' dir='ltr'><strong>troversia:</strong></span> <span class='ocrx_word' id='word_1_378' title='bbox 2368 2437 2508 2492; x_wconf 89' lang='lat' dir='ltr'><strong>viam</strong></span> <span class='ocrx_word' id='word_1_379' title='bbox 2558 2437 2675 2490; x_wconf 92' lang='lat' dir='ltr'><strong>init.</strong></span> <span class='ocrx_word' id='word_1_380' title='bbox 2713 2435 2971 2502; x_wconf 86' lang='lat' dir='ltr'><strong>Queritur</strong></span> <span class='ocrx_word' id='word_1_381' title='bbox 3002 2436 3143 2505; x_wconf 92' lang='lat' dir='ltr'><strong>quod</strong></span> <span class='ocrx_word' id='word_1_382' title='bbox 3177 2437 3438 2493; x_wconf 66' lang='lat' dir='ltr'><strong>Ecclesiae</strong></span> <span class='ocrx_word' id='word_1_383' title='bbox 3467 2441 3629 2508; x_wconf 89' lang='lat' dir='ltr'><strong>mala,</strong></span> 
     </span>
    </p>
   </div>
   <div class='ocr_carea' id='block_1_54' title="bbox 2061 2526 3633 2599">
    <p class='ocr_par' dir='ltr' id='par_1_54' title="bbox 2061 2526 3633 2599">
     <span class='ocr_line' id='line_1_54' title="bbox 2061 2526 3633 2599; baseline 0.001 -14"><span class='ocrx_word' id='word_1_384' title='bbox 2061 2544 2156 2585; x_wconf 89' lang='lat' dir='ltr'><strong>sua</strong></span> <span class='ocrx_word' id='word_1_385' title='bbox 2201 2539 2392 2598; x_wconf 88' lang='lat' dir='ltr'><strong>sponte</strong></span> <span class='ocrx_word' id='word_1_386' title='bbox 2443 2529 2787 2598; x_wconf 77' lang='lat' dir='ltr'><strong>gravissima,</strong></span> <span class='ocrx_word' id='word_1_387' title='bbox 2840 2526 3068 2582; x_wconf 92' lang='lat' dir='ltr'><strong>multum</strong></span> <span class='ocrx_word' id='word_1_388' title='bbox 3129 2539 3448 2599; x_wconf 86' lang='lat' dir='ltr'><strong>augeantur,</strong></span> <span class='ocrx_word' id='word_1_389' title='bbox 3506 2532 3633 2586; x_wconf 91' lang='lat' dir='ltr'><strong>dum</strong></span> 
     </span>
    </p>
   </div>
   <div class='ocr_carea' id='block_1_55' title="bbox 2062 2618 3636 2689">
    <p class='ocr_par' dir='ltr' id='par_1_55' title="bbox 2062 2618 3636 2689">
     <span class='ocr_line' id='line_1_55' title="bbox 2062 2618 3636 2689; baseline 0.003 -16"><span class='ocrx_word' id='word_1_390' title='bbox 2062 2619 2207 2674; x_wconf 87' lang='lat' dir='ltr'><strong>nulla</strong></span> <span class='ocrx_word' id='word_1_391' title='bbox 2237 2634 2363 2689; x_wconf 87' lang='lat' dir='ltr'><strong>erga</strong></span> <span class='ocrx_word' id='word_1_392' title='bbox 2406 2618 2651 2673; x_wconf 89' lang='lat' dir='ltr'><strong>infirmos</strong></span> <span class='ocrx_word' id='word_1_393' title='bbox 2703 2618 2987 2673; x_wconf 88' lang='lat' dir='ltr'><strong>adhibetur</strong></span> <span class='ocrx_word' id='word_1_394' title='bbox 3021 2619 3441 2686; x_wconf 88' lang='lat' dir='ltr'><strong>commiseratio,</strong></span> <span class='ocrx_word' id='word_1_395' title='bbox 3494 2623 3636 2677; x_wconf 89' lang='lat' dir='ltr'><strong>nulla</strong></span> 
     </span>
    </p>
   </div>
   <div class='ocr_carea' id='block_1_56' title="bbox 2062 2710 3638 2777">
    <p class='ocr_par' dir='ltr' id='par_1_56' title="bbox 2062 2710 3638 2777">
     <span class='ocr_line' id='line_1_56' title="bbox 2062 2710 3638 2777; baseline 0.003 -11"><span class='ocrx_word' id='word_1_396' title='bbox 2062 2726 2317 2766; x_wconf 90' lang='lat' dir='ltr'><strong>sanorum</strong></span> <span class='ocrx_word' id='word_1_397' title='bbox 2358 2712 2590 2766; x_wconf 76' lang='lat' dir='ltr'><strong>fratrum</strong></span> <span class='ocrx_word' id='word_1_398' title='bbox 2626 2710 2886 2766; x_wconf 89' lang='lat' dir='ltr'><strong>defensio.</strong></span> <span class='ocrx_word' id='word_1_399' title='bbox 2923 2710 3102 2777; x_wconf 84' lang='lat' dir='ltr'><strong>Quare</strong></span> <span class='ocrx_word' id='word_1_400' title='bbox 3137 2728 3359 2770; x_wconf 91' lang='lat' dir='ltr'><strong>necesse</strong></span> <span class='ocrx_word' id='word_1_401' title='bbox 3379 2730 3500 2771; x_wconf 90' lang='lat' dir='ltr'><strong>esse</strong></span> <span class='ocrx_word' id='word_1_402' title='bbox 3526 2725 3638 2771; x_wconf 87' lang='lat' dir='ltr'><strong>sta-</strong></span> 
     </span>
    </p>
   </div>
   <div class='ocr_carea' id='block_1_57' title="bbox 2063 2802 3640 2873">
    <p class='ocr_par' dir='ltr' id='par_1_57' title="bbox 2063 2802 3640 2873">
     <span class='ocr_line' id='line_1_57' title="bbox 2063 2802 3640 2873; baseline 0.004 -16"><span class='ocrx_word' id='word_1_403' title='bbox 2063 2803 2188 2869; x_wconf 85' lang='lat' dir='ltr'><strong>tuit,</strong></span> <span class='ocrx_word' id='word_1_404' title='bbox 2218 2810 2276 2857; x_wconf 91' lang='lat' dir='ltr'><strong>ut</strong></span> <span class='ocrx_word' id='word_1_405' title='bbox 2296 2804 2491 2872; x_wconf 87' lang='lat' dir='ltr'><strong>quibus</strong></span> <span class='ocrx_word' id='word_1_406' title='bbox 2517 2803 2570 2856; x_wconf 94' lang='lat' dir='ltr'><strong>in</strong></span> <span class='ocrx_word' id='word_1_407' title='bbox 2597 2802 2756 2859; x_wconf 88' lang='lat' dir='ltr'><strong>rebus</strong></span> <span class='ocrx_word' id='word_1_408' title='bbox 2778 2802 2972 2856; x_wconf 69' lang='lat' dir='ltr'><strong>anima:</strong></span> <span class='ocrx_word' id='word_1_409' title='bbox 2996 2818 3101 2857; x_wconf 91' lang='lat' dir='ltr'><strong>non</strong></span> <span class='ocrx_word' id='word_1_410' title='bbox 3138 2803 3426 2873; x_wconf 74' lang='lat' dir='ltr'><strong>laiduntur,</strong></span> <span class='ocrx_word' id='word_1_411' title='bbox 3465 2809 3519 2862; x_wconf 92' lang='lat' dir='ltr'><strong>in</strong></span> <span class='ocrx_word' id='word_1_412' title='bbox 3554 2809 3640 2865; x_wconf 90' lang='lat' dir='ltr'><strong>bis</strong></span> 
     </span>
    </p>
   </div>
   <div class='ocr_carea' id='block_1_58' title="bbox 2066 2892 3641 2967">
    <p class='ocr_par' dir='ltr' id='par_1_58' title="bbox 2066 2892 3641 2967">
     <span class='ocr_line' id='line_1_58' title="bbox 2066 2892 3641 2967; baseline 0.004 -20"><span class='ocrx_word' id='word_1_413' title='bbox 2066 2908 2164 2947; x_wconf 91' lang='lat' dir='ltr'><strong>nos</strong></span> <span class='ocrx_word' id='word_1_414' title='bbox 2196 2893 2261 2946; x_wconf 90' lang='lat' dir='ltr'><strong>ad</strong></span> <span class='ocrx_word' id='word_1_415' title='bbox 2302 2892 2625 2947; x_wconf 89' lang='lat' dir='ltr'><strong>infirmiores</strong></span> <span class='ocrx_word' id='word_1_416' title='bbox 2656 2894 3123 2950; x_wconf 89' lang='lat' dir='ltr'><strong>accommodemus</strong></span> <span class='ocrx_word' id='word_1_417' title='bbox 3160 2912 3173 2949; x_wconf 91' lang='lat'><strong>:</strong></span> <span class='ocrx_word' id='word_1_418' title='bbox 3214 2911 3276 2951; x_wconf 87' lang='lat' dir='ltr'><strong>ac</strong></span> <span class='ocrx_word' id='word_1_419' title='bbox 3306 2898 3531 2967; x_wconf 90' lang='lat' dir='ltr'><strong>proinde</strong></span> <span class='ocrx_word' id='word_1_420' title='bbox 3559 2899 3641 2953; x_wconf 80' lang='lat' dir='ltr'><strong>ni-</strong></span> 
     </span>
    </p>
   </div>
   <div class='ocr_carea' id='block_1_59' title="bbox 2066 2984 3638 3058">
    <p class='ocr_par' dir='ltr' id='par_1_59' title="bbox 2066 2984 3638 3058">
     <span class='ocr_line' id='line_1_59' title="bbox 2066 2984 3638 3058; baseline 0.003 -19"><span class='ocrx_word' id='word_1_421' title='bbox 2066 2984 2141 3039; x_wconf 92' lang='lat' dir='ltr'><strong>hil</strong></span> <span class='ocrx_word' id='word_1_422' title='bbox 2191 2985 2420 3054; x_wconf 88' lang='lat' dir='ltr'><strong>amplius</strong></span> <span class='ocrx_word' id='word_1_423' title='bbox 2464 2985 2858 3055; x_wconf 83' lang='lat' dir='ltr'><strong>exposcendum</strong></span> <span class='ocrx_word' id='word_1_424' title='bbox 2914 3000 2944 3038; x_wconf 86' lang='lat' dir='ltr'><strong>a</strong></span> <span class='ocrx_word' id='word_1_425' title='bbox 3001 2985 3258 3042; x_wconf 87' lang='lat' dir='ltr'><strong>fratribus</strong></span> <span class='ocrx_word' id='word_1_426' title='bbox 3313 2990 3638 3058; x_wconf 67' lang='lat' dir='ltr'><strong>praescribit,</strong></span> 
     </span>
    </p>
   </div>
   <div class='ocr_carea' id='block_1_60' title="bbox 2068 3073 3640 3146">
    <p class='ocr_par' dir='ltr' id='par_1_60' title="bbox 2068 3073 3640 3146">
     <span class='ocr_line' id='line_1_60' title="bbox 2068 3073 3640 3146; baseline 0.004 -17"><span class='ocrx_word' id='word_1_427' title='bbox 2068 3075 2257 3129; x_wconf 89' lang='lat' dir='ltr'><strong>nisiut</strong></span> <span class='ocrx_word' id='word_1_428' title='bbox 2301 3074 2460 3129; x_wconf 85' lang='lat' dir='ltr'><strong>fidem</strong></span> <span class='ocrx_word' id='word_1_429' title='bbox 2486 3073 2757 3129; x_wconf 70' lang='lat' dir='ltr'><strong>Niczeiiam</strong></span> <span class='ocrx_word' id='word_1_430' title='bbox 2805 3075 3089 3144; x_wconf 87' lang='lat' dir='ltr'><strong>recipiant,</strong></span> <span class='ocrx_word' id='word_1_431' title='bbox 3119 3090 3183 3131; x_wconf 92' lang='lat' dir='ltr'><strong>ac</strong></span> <span class='ocrx_word' id='word_1_432' title='bbox 3225 3077 3485 3146; x_wconf 81' lang='lat' dir='ltr'><strong>Spiritum</strong></span> <span class='ocrx_word' id='word_1_433' title='bbox 3510 3096 3640 3135; x_wconf 89' lang='lat' dir='ltr'><strong>san-</strong></span> 
     </span>
    </p>
   </div>
   <div class='ocr_carea' id='block_1_61' title="bbox 377 3141 3641 3239">
    <p class='ocr_par' dir='ltr' id='par_1_61' title="bbox 377 3141 3641 3239">
     <span class='ocr_line' id='line_1_61' title="bbox 377 3141 3641 3239; baseline -0.001 -21"><span class='ocrx_word' id='word_1_434' title='bbox 377 3165 707 3219; x_wconf 89' lang='lat' dir='ltr'><strong>remittatur.</strong></span> <span class='ocrx_word' id='word_1_435' title='bbox 748 3162 881 3218; x_wconf 90' lang='lat' dir='ltr'><strong>Cum</strong></span> <span class='ocrx_word' id='word_1_436' title='bbox 943 3162 1056 3216; x_wconf 61' lang='lat' dir='ltr'><strong>haec</strong></span> <span class='ocrx_word' id='word_1_437' title='bbox 1106 3161 1367 3215; x_wconf 87' lang='lat' dir='ltr'><strong>scriberet</strong></span> <span class='ocrx_word' id='word_1_438' title='bbox 1418 3158 1674 3221; x_wconf 83' lang='lat' dir='ltr'><strong>Basilius,</strong></span> <span class='ocrx_word' id='word_1_439' title='bbox 1718 3158 1954 3211; x_wconf 91' lang='lat' dir='ltr'><strong>nondum</strong></span> <span class='ocrx_word' id='word_1_440' title='bbox 1986 3141 2027 3198; x_wconf 70' lang='grc' dir='ltr'>Ο</span> <span class='ocrx_word' id='word_1_441' title='bbox 2060 3175 2208 3219; x_wconf 84' lang='lat' dir='ltr'><strong>cium</strong></span> <span class='ocrx_word' id='word_1_442' title='bbox 2251 3175 2556 3220; x_wconf 81' lang='lat' dir='ltr'><strong>creaturam</strong></span> <span class='ocrx_word' id='word_1_443' title='bbox 2595 3165 2699 3219; x_wconf 91' lang='lat' dir='ltr'><strong>dici</strong></span> <span class='ocrx_word' id='word_1_444' title='bbox 2734 3182 2840 3221; x_wconf 92' lang='lat' dir='ltr'><strong>non</strong></span> <span class='ocrx_word' id='word_1_445' title='bbox 2878 3141 3150 3238; x_wconf 79' lang='lat' dir='ltr'><strong>oportere,</strong></span> <span class='ocrx_word' id='word_1_446' title='bbox 3192 3141 3395 3237; x_wconf 43' lang='lat' dir='ltr'><strong>et-eos,</strong></span> <span class='ocrx_word' id='word_1_447' title='bbox 3430 3171 3520 3239; x_wconf 90' lang='lat' dir='ltr'><strong>qui</strong></span> <span class='ocrx_word' id='word_1_448' title='bbox 3556 3172 3641 3226; x_wconf 82' lang='lat' dir='ltr'><strong>di-</strong></span> 
     </span>
    </p>
   </div>
   <div class='ocr_carea' id='block_1_62' title="bbox 375 3247 1954 3322">
    <p class='ocr_par' dir='ltr' id='par_1_62' title="bbox 375 3247 1954 3322">
     <span class='ocr_line' id='line_1_62' title="bbox 375 3247 1954 3322; baseline -0.002 -15"><span class='ocrx_word' id='word_1_449' title='bbox 375 3253 716 3322; x_wconf 82' lang='lat' dir='ltr'><strong>Cappadocia</strong></span> <span class='ocrx_word' id='word_1_450' title='bbox 762 3268 828 3304; x_wconf 77' lang='lat' dir='ltr'><strong>ex</strong></span> <span class='ocrx_word' id='word_1_451' title='bbox 866 3250 1022 3305; x_wconf 89' lang='lat' dir='ltr'><strong>malis</strong></span> <span class='ocrx_word' id='word_1_452' title='bbox 1076 3249 1367 3319; x_wconf 66' lang='lat' dir='ltr'><strong>provinciae</strong></span> <span class='ocrx_word' id='word_1_453' title='bbox 1415 3249 1678 3303; x_wconf 89' lang='lat' dir='ltr'><strong>divisione</strong></span> <span class='ocrx_word' id='word_1_454' title='bbox 1735 3247 1954 3305; x_wconf 83' lang='lat' dir='ltr'><strong>inflictis</strong></span> 
     </span>
    </p>
   </div>
   <div class='ocr_carea' id='block_1_63' title="bbox 376 3341 1807 3415">
    <p class='ocr_par' dir='ltr' id='par_1_63' title="bbox 376 3341 1807 3415">
     <span class='ocr_line' id='line_1_63' title="bbox 376 3341 1807 3415; baseline -0.003 -15"><span class='ocrx_word' id='word_1_455' title='bbox 376 3347 708 3415; x_wconf 81' lang='lat' dir='ltr'><strong>emergebat,</strong></span> <span class='ocrx_word' id='word_1_456' title='bbox 740 3344 901 3413; x_wconf 89' lang='lat' dir='ltr'><strong>idque</strong></span> <span class='ocrx_word' id='word_1_457' title='bbox 936 3344 1162 3399; x_wconf 85' lang='lat' dir='ltr'><strong>Basilius</strong></span> <span class='ocrx_word' id='word_1_458' title='bbox 1192 3342 1393 3398; x_wconf 89' lang='lat' dir='ltr'><strong>indicat</strong></span> <span class='ocrx_word' id='word_1_459' title='bbox 1423 3358 1527 3397; x_wconf 93' lang='lat' dir='ltr'><strong>non</strong></span> <span class='ocrx_word' id='word_1_460' title='bbox 1558 3341 1807 3396; x_wconf 87' lang='lat' dir='ltr'><strong>obscure.</strong></span> 
     </span>
    </p>
   </div>
   <div class='ocr_carea' id='block_1_64' title="bbox 446 3433 1962 3506">
    <p class='ocr_par' dir='ltr' id='par_1_64' title="bbox 446 3433 1962 3506">
     <span class='ocr_line' id='line_1_64' title="bbox 446 3433 1962 3506; baseline -0.004 -14"><span class='ocrx_word' id='word_1_461' title='bbox 446 3437 536 3492; x_wconf 79' lang='lat' dir='ltr'><strong>IV.</strong></span> <span class='ocrx_word' id='word_1_462' title='bbox 565 3437 906 3490; x_wconf 87' lang='lat' dir='ltr'><strong>Domitianus</strong></span> <span class='ocrx_word' id='word_1_463' title='bbox 940 3436 1180 3503; x_wconf 89' lang='lat' dir='ltr'><strong>quidam,</strong></span> <span class='ocrx_word' id='word_1_464' title='bbox 1216 3435 1306 3506; x_wconf 87' lang='lat' dir='ltr'><strong>qui</strong></span> <span class='ocrx_word' id='word_1_465' title='bbox 1347 3435 1398 3489; x_wconf 90' lang='lat' dir='ltr'><strong>in</strong></span> <span class='ocrx_word' id='word_1_466' title='bbox 1424 3434 1594 3487; x_wconf 86' lang='lat' dir='ltr'><strong>tribus</strong></span> <span class='ocrx_word' id='word_1_467' title='bbox 1620 3433 1835 3501; x_wconf 71' lang='lat' dir='ltr'><strong>optima:</strong></span> <span class='ocrx_word' id='word_1_468' title='bbox 1866 3446 1962 3486; x_wconf 90' lang='lat' dir='ltr'><strong>no-</strong></span> 
     </span>
    </p>
   </div>
   <div class='ocr_carea' id='block_1_65' title="bbox 379 3510 1963 3599">
    <p class='ocr_par' dir='ltr' id='par_1_65' title="bbox 379 3510 1963 3599">
     <span class='ocr_line' id='line_1_65' title="bbox 379 3510 1963 3599; baseline -0.003 -15"><span class='ocrx_word' id='word_1_469' title='bbox 379 3537 446 3584; x_wconf 76' lang='lat' dir='ltr'><strong>tze</strong></span> <span class='ocrx_word' id='word_1_470' title='bbox 475 3529 759 3584; x_wconf 87' lang='lat' dir='ltr'><strong>codicibus</strong></span> <span class='ocrx_word' id='word_1_471' title='bbox 804 3528 1089 3599; x_wconf 86' lang='lat' dir='ltr'><strong>presbyter</strong></span> <span class='ocrx_word' id='word_1_472' title='bbox 1123 3528 1340 3594; x_wconf 90' lang='lat' dir='ltr'><strong>dicitur,</strong></span> <span class='ocrx_word' id='word_1_473' title='bbox 1368 3510 1573 3580; x_wconf 37' lang='lat' dir='ltr'><strong>&#39;Basilii</strong></span> <span class='ocrx_word' id='word_1_474' title='bbox 1620 3526 1963 3579; x_wconf 86' lang='lat' dir='ltr'><strong>necessarius</strong></span> 
     </span>
    </p>
   </div>
   <div class='ocr_carea' id='block_1_66' title="bbox 379 3616 1962 3689">
    <p class='ocr_par' dir='ltr' id='par_1_66' title="bbox 379 3616 1962 3689">
     <span class='ocr_line' id='line_1_66' title="bbox 379 3616 1962 3689; baseline -0.004 -13"><span class='ocrx_word' id='word_1_475' title='bbox 379 3631 495 3676; x_wconf 85' lang='lat' dir='ltr'><strong>erat</strong></span> <span class='ocrx_word' id='word_1_476' title='bbox 525 3621 594 3675; x_wconf 90' lang='lat' dir='ltr'><strong>ab</strong></span> <span class='ocrx_word' id='word_1_477' title='bbox 622 3622 850 3689; x_wconf 89' lang='lat' dir='ltr'><strong>antiquo</strong></span> <span class='ocrx_word' id='word_1_478' title='bbox 879 3635 945 3673; x_wconf 80' lang='lat' dir='ltr'><strong>ex</strong></span> <span class='ocrx_word' id='word_1_479' title='bbox 979 3620 1315 3689; x_wconf 87' lang='lat' dir='ltr'><strong>parentibus,</strong></span> <span class='ocrx_word' id='word_1_480' title='bbox 1360 3618 1433 3672; x_wconf 91' lang='lat' dir='ltr'><strong>ita</strong></span> <span class='ocrx_word' id='word_1_481' title='bbox 1474 3626 1531 3670; x_wconf 91' lang='lat' dir='ltr'><strong>iit</strong></span> <span class='ocrx_word' id='word_1_482' title='bbox 1566 3616 1700 3670; x_wconf 90' lang='lat' dir='ltr'><strong>nihil</strong></span> <span class='ocrx_word' id='word_1_483' title='bbox 1729 3632 1756 3669; x_wconf 88' lang='lat' dir='ltr'><strong>a</strong></span> <span class='ocrx_word' id='word_1_484' title='bbox 1790 3616 1962 3670; x_wconf 89' lang='lat' dir='ltr'><strong>fratre</strong></span> 
     </span>
    </p>
   </div>
   <div class='ocr_carea' id='block_1_67' title="bbox 380 3709 1962 3782">
    <p class='ocr_par' dir='ltr' id='par_1_67' title="bbox 380 3709 1962 3782">
     <span class='ocr_line' id='line_1_67' title="bbox 380 3709 1962 3782; baseline -0.005 -15"><span class='ocrx_word' id='word_1_485' title='bbox 380 3712 645 3768; x_wconf 73' lang='lat' dir='ltr'><strong>differret.</strong></span> <span class='ocrx_word' id='word_1_486' title='bbox 680 3711 730 3767; x_wconf 85' lang='lat' dir='ltr'><strong>Is</strong></span> <span class='ocrx_word' id='word_1_487' title='bbox 758 3728 879 3767; x_wconf 91' lang='lat' dir='ltr'><strong>cum</strong></span> <span class='ocrx_word' id='word_1_488' title='bbox 921 3710 1157 3782; x_wconf 85' lang='lat' dir='ltr'><strong>graviter</strong></span> <span class='ocrx_word' id='word_1_489' title='bbox 1188 3717 1471 3778; x_wconf 89' lang='lat' dir='ltr'><strong>peccasset</strong></span> <span class='ocrx_word' id='word_1_490' title='bbox 1518 3709 1570 3762; x_wconf 92' lang='lat' dir='ltr'><strong>in</strong></span> <span class='ocrx_word' id='word_1_491' title='bbox 1600 3709 1774 3761; x_wconf 90' lang='lat' dir='ltr'><strong>virum</strong></span> <span class='ocrx_word' id='word_1_492' title='bbox 1815 3722 1962 3777; x_wconf 80' lang='lat' dir='ltr'><strong>pra:-</strong></span> 
     </span>
    </p>
   </div>
   <div class='ocr_carea' id='block_1_68' title="bbox 380 3801 1961 3877">
    <p class='ocr_par' dir='ltr' id='par_1_68' title="bbox 380 3801 1961 3877">
     <span class='ocr_line' id='line_1_68' title="bbox 380 3801 1961 3877; baseline -0.003 -18"><span class='ocrx_word' id='word_1_493' title='bbox 380 3815 679 3877; x_wconf 89' lang='lat' dir='ltr'><strong>potentein,</strong></span> <span class='ocrx_word' id='word_1_494' title='bbox 705 3805 1076 3859; x_wconf 86' lang='lat' dir='ltr'><strong>Andronicum</strong></span> <span class='ocrx_word' id='word_1_495' title='bbox 1106 3804 1318 3867; x_wconf 91' lang='lat' dir='ltr'><strong>ducem,</strong></span> <span class='ocrx_word' id='word_1_496' title='bbox 1351 3801 1686 3855; x_wconf 89' lang='lat' dir='ltr'><strong>imminentis</strong></span> <span class='ocrx_word' id='word_1_497' title='bbox 1708 3801 1961 3869; x_wconf 90' lang='lat' dir='ltr'><strong>supplicii</strong></span> 
     </span>
    </p>
   </div>
   <div class='ocr_carea' id='block_1_69' title="bbox 383 3893 1967 3968">
    <p class='ocr_par' dir='ltr' id='par_1_69' title="bbox 383 3893 1967 3968">
     <span class='ocr_line' id='line_1_69' title="bbox 383 3893 1967 3968; baseline -0.003 -17"><span class='ocrx_word' id='word_1_498' title='bbox 383 3909 528 3953; x_wconf 89' lang='lat' dir='ltr'><strong>metu</strong></span> <span class='ocrx_word' id='word_1_499' title='bbox 564 3912 703 3968; x_wconf 91' lang='lat' dir='ltr'><strong>pene</strong></span> <span class='ocrx_word' id='word_1_500' title='bbox 754 3906 1000 3951; x_wconf 88' lang='lat' dir='ltr'><strong>mortuus</strong></span> <span class='ocrx_word' id='word_1_501' title='bbox 1059 3895 1318 3965; x_wconf 89' lang='lat' dir='ltr'><strong>epistolas</strong></span> <span class='ocrx_word' id='word_1_502' title='bbox 1367 3910 1395 3947; x_wconf 93' lang='lat' dir='ltr'><strong>a</strong></span> <span class='ocrx_word' id='word_1_503' title='bbox 1444 3894 1687 3962; x_wconf 89' lang='lat' dir='ltr'><strong>pluribus</strong></span> <span class='ocrx_word' id='word_1_504' title='bbox 1731 3893 1967 3947; x_wconf 86' lang='lat' dir='ltr'><strong>obtinuit</strong></span> 
     </span>
    </p>
   </div>
   <div class='ocr_carea' id='block_1_70' title="bbox 382 3984 1966 4059">
    <p class='ocr_par' dir='ltr' id='par_1_70' title="bbox 382 3984 1966 4059">
     <span class='ocr_line' id='line_1_70' title="bbox 382 3984 1966 4059; baseline -0.005 -15"><span class='ocrx_word' id='word_1_505' title='bbox 382 3991 554 4059; x_wconf 85' lang='lat' dir='ltr'><strong>ipsius</strong></span> <span class='ocrx_word' id='word_1_506' title='bbox 576 4004 742 4043; x_wconf 85' lang='lat' dir='ltr'><strong>causa</strong></span> <span class='ocrx_word' id='word_1_507' title='bbox 772 3986 1228 4057; x_wconf 86' lang='lat' dir='ltr'><strong>supplicantibus,</strong></span> <span class='ocrx_word' id='word_1_508' title='bbox 1273 3986 1369 4041; x_wconf 90' lang='lat' dir='ltr'><strong>sed</strong></span> <span class='ocrx_word' id='word_1_509' title='bbox 1398 3985 1585 4039; x_wconf 86' lang='lat' dir='ltr'><strong>Basilii</strong></span> <span class='ocrx_word' id='word_1_510' title='bbox 1611 3984 1966 4038; x_wconf 88' lang='lat' dir='ltr'><strong>commenda-</strong></span> 
     </span>
    </p>
   </div>
   <div class='ocr_carea' id='block_1_71' title="bbox 382 4076 1966 4153">
    <p class='ocr_par' dir='ltr' id='par_1_71' title="bbox 382 4076 1966 4153">
     <span class='ocr_line' id='line_1_71' title="bbox 382 4076 1966 4153; baseline -0.006 -14"><span class='ocrx_word' id='word_1_511' title='bbox 382 4087 584 4139; x_wconf 87' lang='lat' dir='ltr'><strong>tionem</strong></span> <span class='ocrx_word' id='word_1_512' title='bbox 624 4085 784 4153; x_wconf 83' lang='lat' dir='ltr'><strong>longe</strong></span> <span class='ocrx_word' id='word_1_513' title='bbox 807 4082 1060 4137; x_wconf 90' lang='lat' dir='ltr'><strong>omnibus</strong></span> <span class='ocrx_word' id='word_1_514' title='bbox 1089 4079 1479 4150; x_wconf 68' lang='lat' dir='ltr'><strong>praeferendam</strong></span> <span class='ocrx_word' id='word_1_515' title='bbox 1505 4094 1625 4133; x_wconf 83' lang='lat' dir='ltr'><strong>esse</strong></span> <span class='ocrx_word' id='word_1_516' title='bbox 1652 4078 1830 4133; x_wconf 80' lang='lat' dir='ltr'><strong>duxit.</strong></span> <span class='ocrx_word' id='word_1_517' title='bbox 1872 4076 1966 4131; x_wconf 86' lang='lat' dir='ltr'><strong>Li-</strong></span> 
     </span>
    </p>
   </div>
   <div class='ocr_carea' id='block_1_72' title="bbox 382 4170 1967 4241">
    <p class='ocr_par' dir='ltr' id='par_1_72' title="bbox 382 4170 1967 4241">
     <span class='ocr_line' id='line_1_72' title="bbox 382 4170 1967 4241; baseline -0.007 -8"><span class='ocrx_word' id='word_1_518' title='bbox 382 4177 576 4233; x_wconf 84' lang='lat' dir='ltr'><strong>benter</strong></span> <span class='ocrx_word' id='word_1_519' title='bbox 612 4191 746 4230; x_wconf 90' lang='lat' dir='ltr'><strong>sane</strong></span> <span class='ocrx_word' id='word_1_520' title='bbox 777 4174 1032 4236; x_wconf 87' lang='lat' dir='ltr'><strong>Basilius,</strong></span> <span class='ocrx_word' id='word_1_521' title='bbox 1084 4173 1185 4227; x_wconf 87' lang='lat' dir='ltr'><strong>nisi</strong></span> <span class='ocrx_word' id='word_1_522' title='bbox 1218 4182 1271 4226; x_wconf 91' lang='lat' dir='ltr'><strong>et</strong></span> <span class='ocrx_word' id='word_1_523' title='bbox 1301 4171 1547 4241; x_wconf 86' lang='lat' dir='ltr'><strong>corporis</strong></span> <span class='ocrx_word' id='word_1_524' title='bbox 1589 4170 1883 4224; x_wconf 86' lang='lat' dir='ltr'><strong>infirmitas</strong></span> <span class='ocrx_word' id='word_1_525' title='bbox 1913 4175 1967 4223; x_wconf 90' lang='lat' dir='ltr'><strong>et</strong></span> 
     </span>
    </p>
   </div>
   <div class='ocr_carea' id='block_1_73' title="bbox 385 4262 1966 4329">
    <p class='ocr_par' dir='ltr' id='par_1_73' title="bbox 385 4262 1966 4329">
     <span class='ocr_line' id='line_1_73' title="bbox 385 4262 1966 4329; baseline -0.004 -8"><span class='ocrx_word' id='word_1_526' title='bbox 385 4267 582 4322; x_wconf 89' lang='lat' dir='ltr'><strong>hiemis</strong></span> <span class='ocrx_word' id='word_1_527' title='bbox 610 4266 876 4320; x_wconf 78' lang='lat' dir='ltr'><strong>molestia:</strong></span> <span class='ocrx_word' id='word_1_528' title='bbox 904 4265 1266 4329; x_wconf 83' lang='lat' dir='ltr'><strong>obstitissent,</strong></span> <span class='ocrx_word' id='word_1_529' title='bbox 1301 4263 1676 4317; x_wconf 86' lang='lat' dir='ltr'><strong>Andronicum</strong></span> <span class='ocrx_word' id='word_1_530' title='bbox 1722 4262 1966 4327; x_wconf 86' lang='lat' dir='ltr'><strong>adiisset,</strong></span> 
     </span>
    </p>
   </div>
   <div class='ocr_carea' id='block_1_74' title="bbox 388 4355 1963 4427">
    <p class='ocr_par' dir='ltr' id='par_1_74' title="bbox 388 4355 1963 4427">
     <span class='ocr_line' id='line_1_74' title="bbox 388 4355 1963 4427; baseline -0.003 -16"><span class='ocrx_word' id='word_1_531' title='bbox 388 4369 499 4411; x_wconf 90' lang='lat' dir='ltr'><strong>tum</strong></span> <span class='ocrx_word' id='word_1_532' title='bbox 535 4368 597 4411; x_wconf 90' lang='lat' dir='ltr'><strong>ut</strong></span> <span class='ocrx_word' id='word_1_533' title='bbox 635 4357 937 4427; x_wconf 81' lang='lat' dir='ltr'><strong>precatoris</strong></span> <span class='ocrx_word' id='word_1_534' title='bbox 984 4371 1207 4410; x_wconf 82' lang='lat' dir='ltr'><strong>munere</strong></span> <span class='ocrx_word' id='word_1_535' title='bbox 1240 4370 1337 4424; x_wconf 90' lang='lat' dir='ltr'><strong>per</strong></span> <span class='ocrx_word' id='word_1_536' title='bbox 1375 4369 1435 4410; x_wconf 89' lang='lat' dir='ltr'><strong>se</strong></span> <span class='ocrx_word' id='word_1_537' title='bbox 1474 4356 1588 4423; x_wconf 88' lang='lat' dir='ltr'><strong>ipse</strong></span> <span class='ocrx_word' id='word_1_538' title='bbox 1625 4355 1963 4423; x_wconf 81' lang='lat' dir='ltr'><strong>fungeretur,</strong></span> 
     </span>
    </p>
   </div>
   <div class='ocr_carea' id='block_1_75' title="bbox 390 4448 1967 4519">
    <p class='ocr_par' dir='ltr' id='par_1_75' title="bbox 390 4448 1967 4519">
     <span class='ocr_line' id='line_1_75' title="bbox 390 4448 1967 4519; baseline 0 -16"><span class='ocrx_word' id='word_1_539' title='bbox 390 4462 499 4504; x_wconf 88' lang='lat' dir='ltr'><strong>tum</strong></span> <span class='ocrx_word' id='word_1_540' title='bbox 528 4460 587 4504; x_wconf 92' lang='lat' dir='ltr'><strong>ut</strong></span> <span class='ocrx_word' id='word_1_541' title='bbox 629 4450 829 4505; x_wconf 81' lang='lat' dir='ltr'><strong>veteris</strong></span> <span class='ocrx_word' id='word_1_542' title='bbox 867 4451 1117 4519; x_wconf 86' lang='lat' dir='ltr'><strong>promissi</strong></span> <span class='ocrx_word' id='word_1_543' title='bbox 1159 4450 1399 4503; x_wconf 88' lang='lat' dir='ltr'><strong>debitum</strong></span> <span class='ocrx_word' id='word_1_544' title='bbox 1450 4449 1805 4519; x_wconf 78' lang='lat' dir='ltr'><strong>persolveret.</strong></span> <span class='ocrx_word' id='word_1_545' title='bbox 1836 4448 1967 4503; x_wconf 85' lang='lat' dir='ltr'><strong>Pro-</strong></span> 
     </span>
    </p>
   </div>
   <div class='ocr_carea' id='block_1_76' title="bbox 389 4540 1965 4610">
    <p class='ocr_par' dir='ltr' id='par_1_76' title="bbox 389 4540 1965 4610">
     <span class='ocr_line' id='line_1_76' title="bbox 389 4540 1965 4610; baseline 0.001 -17"><span class='ocrx_word' id='word_1_546' title='bbox 389 4541 611 4595; x_wconf 86' lang='lat' dir='ltr'><strong>iniserat</strong></span> <span class='ocrx_word' id='word_1_547' title='bbox 643 4541 791 4595; x_wconf 87' lang='lat' dir='ltr'><strong>enim</strong></span> <span class='ocrx_word' id='word_1_548' title='bbox 822 4550 1110 4593; x_wconf 88' lang='lat' dir='ltr'><strong>venturum</strong></span> <span class='ocrx_word' id='word_1_549' title='bbox 1156 4555 1214 4594; x_wconf 90' lang='lat' dir='ltr'><strong>se</strong></span> <span class='ocrx_word' id='word_1_550' title='bbox 1263 4541 1603 4605; x_wconf 86' lang='lat' dir='ltr'><strong>Sebastiam;</strong></span> <span class='ocrx_word' id='word_1_551' title='bbox 1649 4540 1811 4610; x_wconf 90' lang='lat' dir='ltr'><strong>idque</strong></span> <span class='ocrx_word' id='word_1_552' title='bbox 1855 4540 1965 4610; x_wconf 90' lang='lat' dir='ltr'><strong>jam</strong></span> 
     </span>
    </p>
   </div>
   <div class='ocr_carea' id='block_1_77' title="bbox 386 4632 1971 4702">
    <p class='ocr_par' dir='ltr' id='par_1_77' title="bbox 386 4632 1971 4702">
     <span class='ocr_line' id='line_1_77' title="bbox 386 4632 1971 4702; baseline 0.001 -16"><span class='ocrx_word' id='word_1_553' title='bbox 386 4633 711 4702; x_wconf 80' lang='lat' dir='ltr'><strong>perfecerat,</strong></span> <span class='ocrx_word' id='word_1_554' title='bbox 758 4632 856 4687; x_wconf 87' lang='lat' dir='ltr'><strong>sed</strong></span> <span class='ocrx_word' id='word_1_555' title='bbox 892 4633 1113 4686; x_wconf 90' lang='lat' dir='ltr'><strong>minime</strong></span> <span class='ocrx_word' id='word_1_556' title='bbox 1148 4634 1357 4686; x_wconf 91' lang='lat' dir='ltr'><strong>invenit</strong></span> <span class='ocrx_word' id='word_1_557' title='bbox 1388 4634 1778 4688; x_wconf 87' lang='lat' dir='ltr'><strong>Andronicum.</strong></span> <span class='ocrx_word' id='word_1_558' title='bbox 1820 4633 1971 4688; x_wconf 84' lang='lat' dir='ltr'><strong>Scri-</strong></span> 
     </span>
    </p>
   </div>
   <div class='ocr_carea' id='block_1_78' title="bbox 387 4724 1971 4796">
    <p class='ocr_par' dir='ltr' id='par_1_78' title="bbox 387 4724 1971 4796">
     <span class='ocr_line' id='line_1_78' title="bbox 387 4724 1971 4796; baseline 0.002 -18"><span class='ocrx_word' id='word_1_559' title='bbox 387 4725 467 4779; x_wconf 88' lang='lat' dir='ltr'><strong>bit</strong></span> <span class='ocrx_word' id='word_1_560' title='bbox 505 4725 690 4794; x_wconf 86' lang='lat' dir='ltr'><strong>itaque</strong></span> <span class='ocrx_word' id='word_1_561' title='bbox 734 4724 801 4778; x_wconf 91' lang='lat' dir='ltr'><strong>ad</strong></span> <span class='ocrx_word' id='word_1_562' title='bbox 859 4740 979 4778; x_wconf 91' lang='lat' dir='ltr'><strong>eum</strong></span> <span class='ocrx_word' id='word_1_563' title='bbox 1036 4724 1507 4793; x_wconf 64' lang='lat' dir='ltr'><strong>praeclarissimam</strong></span> <span class='ocrx_word' id='word_1_564' title='bbox 1550 4726 1856 4796; x_wconf 89' lang='lat' dir='ltr'><strong>epistolam,</strong></span> <span class='ocrx_word' id='word_1_565' title='bbox 1908 4740 1971 4782; x_wconf 89' lang='lat' dir='ltr'><strong>ac</strong></span> 
     </span>
    </p>
   </div>
   <div class='ocr_carea' id='block_1_79' title="bbox 389 4815 1972 4885">
    <p class='ocr_par' dir='ltr' id='par_1_79' title="bbox 389 4815 1972 4885">
     <span class='ocr_line' id='line_1_79' title="bbox 389 4815 1972 4885; baseline 0.003 -18"><span class='ocrx_word' id='word_1_566' title='bbox 389 4816 675 4884; x_wconf 80' lang='lat' dir='ltr'><strong>exquisitis</strong></span> <span class='ocrx_word' id='word_1_567' title='bbox 724 4815 1024 4869; x_wconf 86' lang='lat' dir='ltr'><strong>rationibus</strong></span> <span class='ocrx_word' id='word_1_568' title='bbox 1063 4816 1387 4885; x_wconf 88' lang='lat' dir='ltr'><strong>persuadere</strong></span> <span class='ocrx_word' id='word_1_569' title='bbox 1429 4828 1682 4881; x_wconf 90' lang='lat' dir='ltr'><strong>conatur,</strong></span> <span class='ocrx_word' id='word_1_570' title='bbox 1740 4828 1796 4871; x_wconf 94' lang='lat' dir='ltr'><strong>ut</strong></span> <span class='ocrx_word' id='word_1_571' title='bbox 1859 4833 1972 4872; x_wconf 90' lang='lat' dir='ltr'><strong>me-</strong></span> 
     </span>
    </p>
   </div>
   <div class='ocr_carea' id='block_1_80' title="bbox 392 4904 1965 4977">
    <p class='ocr_par' dir='ltr' id='par_1_80' title="bbox 392 4904 1965 4977">
     <span class='ocr_line' id='line_1_80' title="bbox 392 4904 1965 4977; baseline 0.002 -20"><span class='ocrx_word' id='word_1_572' title='bbox 392 4914 526 4969; x_wconf 89' lang='lat' dir='ltr'><strong>tum,</strong></span> <span class='ocrx_word' id='word_1_573' title='bbox 550 4920 659 4974; x_wconf 91' lang='lat' dir='ltr'><strong>quo</strong></span> <span class='ocrx_word' id='word_1_574' title='bbox 684 4904 888 4959; x_wconf 84' lang='lat' dir='ltr'><strong>fractus</strong></span> <span class='ocrx_word' id='word_1_575' title='bbox 925 4915 978 4960; x_wconf 92' lang='lat' dir='ltr'><strong>et</strong></span> <span class='ocrx_word' id='word_1_576' title='bbox 1007 4917 1312 4975; x_wconf 86' lang='lat' dir='ltr'><strong>prostratus</strong></span> <span class='ocrx_word' id='word_1_577' title='bbox 1337 4908 1557 4977; x_wconf 87' lang='lat' dir='ltr'><strong>jacebat</strong></span> <span class='ocrx_word' id='word_1_578' title='bbox 1598 4907 1965 4972; x_wconf 89' lang='lat' dir='ltr'><strong>Domitianus,</strong></span> 
     </span>
    </p>
   </div>
   <div class='ocr_carea' id='block_1_81' title="bbox 391 4996 1972 5069">
    <p class='ocr_par' dir='ltr' id='par_1_81' title="bbox 391 4996 1972 5069">
     <span class='ocr_line' id='line_1_81' title="bbox 391 4996 1972 5069; baseline 0.004 -22"><span class='ocrx_word' id='word_1_579' title='bbox 391 4996 523 5050; x_wconf 87' lang='lat' dir='ltr'><strong>satis</strong></span> <span class='ocrx_word' id='word_1_580' title='bbox 548 4997 799 5066; x_wconf 88' lang='lat' dir='ltr'><strong>supplicii</strong></span> <span class='ocrx_word' id='word_1_581' title='bbox 840 5012 959 5051; x_wconf 88' lang='lat' dir='ltr'><strong>esse</strong></span> <span class='ocrx_word' id='word_1_582' title='bbox 992 5000 1283 5059; x_wconf 81' lang='lat' dir='ltr'><strong>existimet.</strong></span> <span class='ocrx_word' id='word_1_583' title='bbox 1314 5014 1381 5053; x_wconf 89' lang='lat' dir='ltr'><strong>ac</strong></span> <span class='ocrx_word' id='word_1_584' title='bbox 1407 4999 1617 5069; x_wconf 89' lang='lat' dir='ltr'><strong>insigne</strong></span> <span class='ocrx_word' id='word_1_585' title='bbox 1661 5000 1972 5053; x_wconf 90' lang='lat' dir='ltr'><strong>humanita-</strong></span> 
     </span>
    </p>
   </div>
   <div class='ocr_carea' id='block_1_82' title="bbox 394 5088 1973 5160">
    <p class='ocr_par' dir='ltr' id='par_1_82' title="bbox 394 5088 1973 5160">
     <span class='ocr_line' id='line_1_82' title="bbox 394 5088 1973 5160; baseline 0.003 -21"><span class='ocrx_word' id='word_1_586' title='bbox 394 5088 460 5140; x_wconf 91' lang='lat' dir='ltr'><strong>tis</strong></span> <span class='ocrx_word' id='word_1_587' title='bbox 494 5090 767 5157; x_wconf 82' lang='lat' dir='ltr'><strong>Speciinen</strong></span> <span class='ocrx_word' id='word_1_588' title='bbox 790 5089 934 5153; x_wconf 85' lang='lat' dir='ltr'><strong>edat,</strong></span> <span class='ocrx_word' id='word_1_589' title='bbox 966 5092 1215 5145; x_wconf 88' lang='lat' dir='ltr'><strong>omnibus</strong></span> <span class='ocrx_word' id='word_1_590' title='bbox 1237 5090 1665 5160; x_wconf 86' lang='lat' dir='ltr'><strong>Cappadocibus,</strong></span> <span class='ocrx_word' id='word_1_591' title='bbox 1695 5090 1783 5160; x_wconf 89' lang='lat' dir='ltr'><strong>qui</strong></span> <span class='ocrx_word' id='word_1_592' title='bbox 1808 5105 1973 5145; x_wconf 90' lang='lat' dir='ltr'><strong>even-</strong></span> 
     </span>
    </p>
   </div>
   <div class='ocr_carea' id='block_1_83' title="bbox 397 5181 1972 5250">
    <p class='ocr_par' dir='ltr' id='par_1_83' title="bbox 397 5181 1972 5250">
     <span class='ocr_line' id='line_1_83' title="bbox 397 5181 1972 5250; baseline 0.003 -18"><span class='ocrx_word' id='word_1_593' title='bbox 397 5190 481 5233; x_wconf 88' lang='lat' dir='ltr'><strong>tus</strong></span> <span class='ocrx_word' id='word_1_594' title='bbox 506 5182 912 5248; x_wconf 77' lang='lat' dir='ltr'><strong>exspectatioiie</strong></span> <span class='ocrx_word' id='word_1_595' title='bbox 937 5183 1179 5250; x_wconf 82' lang='lat' dir='ltr'><strong>suspensi</strong></span> <span class='ocrx_word' id='word_1_596' title='bbox 1221 5192 1399 5245; x_wconf 84' lang='lat' dir='ltr'><strong>erant.</strong></span> <span class='ocrx_word' id='word_1_597' title='bbox 1437 5183 1780 5236; x_wconf 89' lang='lat' dir='ltr'><strong>admirationi</strong></span> <span class='ocrx_word' id='word_1_598' title='bbox 1821 5181 1972 5237; x_wconf 87' lang='lat' dir='ltr'><strong>futu-</strong></span> 
     </span>
    </p>
   </div>
   <div class='ocr_carea' id='block_1_84' title="bbox 394 5271 1976 5342">
    <p class='ocr_par' dir='ltr' id='par_1_84' title="bbox 394 5271 1976 5342">
     <span class='ocr_line' id='line_1_84' title="bbox 394 5271 1976 5342; baseline 0.003 -20"><span class='ocrx_word' id='word_1_599' title='bbox 394 5286 532 5323; x_wconf 88' lang='lat' dir='ltr'><strong>ruiii.</strong></span> <span class='ocrx_word' id='word_1_600' title='bbox 571 5271 725 5324; x_wconf 86' lang='lat' dir='ltr'><strong>llanc</strong></span> <span class='ocrx_word' id='word_1_601' title='bbox 750 5271 1029 5338; x_wconf 88' lang='lat' dir='ltr'><strong>epistolam</strong></span> <span class='ocrx_word' id='word_1_602' title='bbox 1068 5272 1145 5342; x_wconf 89' lang='lat' dir='ltr'><strong>(a)</strong></span> <span class='ocrx_word' id='word_1_603' title='bbox 1177 5289 1305 5327; x_wconf 91' lang='lat' dir='ltr'><strong>cum</strong></span> <span class='ocrx_word' id='word_1_604' title='bbox 1340 5274 1688 5327; x_wconf 87' lang='lat' dir='ltr'><strong>Tillemontio</strong></span> <span class='ocrx_word' id='word_1_605' title='bbox 1728 5273 1976 5327; x_wconf 79' lang='lat' dir='ltr'><strong>referen-</strong></span> 
     </span>
    </p>
   </div>
   <div class='ocr_carea' id='block_1_85' title="bbox 394 5363 1969 5429">
    <p class='ocr_par' dir='ltr' id='par_1_85' title="bbox 394 5363 1969 5429">
     <span class='ocr_line' id='line_1_85' title="bbox 394 5363 1969 5429; baseline 0.001 -14"><span class='ocrx_word' id='word_1_606' title='bbox 394 5363 514 5415; x_wconf 86' lang='lat' dir='ltr'><strong>dam</strong></span> <span class='ocrx_word' id='word_1_607' title='bbox 554 5363 680 5416; x_wconf 83' lang='lat' dir='ltr'><strong>duxi</strong></span> <span class='ocrx_word' id='word_1_608' title='bbox 727 5365 792 5416; x_wconf 88' lang='lat' dir='ltr'><strong>ad</strong></span> <span class='ocrx_word' id='word_1_609' title='bbox 826 5365 1055 5417; x_wconf 91' lang='lat' dir='ltr'><strong>hiemem</strong></span> <span class='ocrx_word' id='word_1_610' title='bbox 1100 5364 1254 5429; x_wconf 84' lang='lat' dir='ltr'><strong>hujus</strong></span> <span class='ocrx_word' id='word_1_611' title='bbox 1285 5365 1409 5416; x_wconf 87' lang='lat' dir='ltr'><strong>anui</strong></span> <span class='ocrx_word' id='word_1_612' title='bbox 1439 5364 1569 5422; x_wconf 73' lang='lat'><strong>372.</strong></span> <span class='ocrx_word' id='word_1_613' title='bbox 1632 5363 1788 5419; x_wconf 86' lang='lat' dir='ltr'><strong>Venit</strong></span> <span class='ocrx_word' id='word_1_614' title='bbox 1826 5365 1969 5418; x_wconf 91' lang='lat' dir='ltr'><strong>enim</strong></span> 
     </span>
    </p>
   </div>
   <div class='ocr_carea' id='block_1_86' title="bbox 394 5454 1974 5526">
    <p class='ocr_par' dir='ltr' id='par_1_86' title="bbox 394 5454 1974 5526">
     <span class='ocr_line' id='line_1_86' title="bbox 394 5454 1974 5526; baseline 0.001 -19"><span class='ocrx_word' id='word_1_615' title='bbox 394 5454 700 5507; x_wconf 71' lang='lat' dir='ltr'><strong>Sebastiani</strong></span> <span class='ocrx_word' id='word_1_616' title='bbox 731 5455 831 5508; x_wconf 89' lang='lat' dir='ltr'><strong>hoc</strong></span> <span class='ocrx_word' id='word_1_617' title='bbox 858 5470 1000 5509; x_wconf 86' lang='lat' dir='ltr'><strong>anno</strong></span> <span class='ocrx_word' id='word_1_618' title='bbox 1023 5455 1270 5518; x_wconf 77' lang='lat' dir='ltr'><strong>Basilius,</strong></span> <span class='ocrx_word' id='word_1_619' title='bbox 1297 5455 1454 5522; x_wconf 87' lang='lat' dir='ltr'><strong>eique</strong></span> <span class='ocrx_word' id='word_1_620' title='bbox 1480 5454 1738 5526; x_wconf 87' lang='lat' dir='ltr'><strong>deinceps</strong></span> <span class='ocrx_word' id='word_1_621' title='bbox 1769 5455 1974 5510; x_wconf 86' lang='lat' dir='ltr'><strong>aditum</strong></span> 
     </span>
    </p>
   </div>
   <div class='ocr_carea' id='block_1_87' title="bbox 463 5665 830 5736">
    <p class='ocr_par' dir='ltr' id='par_1_87' title="bbox 463 5665 830 5736">
     <span class='ocr_line' id='line_1_87' title="bbox 463 5665 830 5736; baseline -0.005 -17"><span class='ocrx_word' id='word_1_622' title='bbox 463 5666 543 5735; x_wconf 87' lang='lat' dir='ltr'><strong>(a)</strong></span> <span class='ocrx_word' id='word_1_623' title='bbox 578 5666 677 5736; x_wconf 79' lang='lat' dir='ltr'><strong>Ep.</strong></span> <span class='ocrx_word' id='word_1_624' title='bbox 710 5665 830 5719; x_wconf 67' lang='grc' dir='ltr'><strong>ηε.</strong></span> 
     </span>
    </p>
   </div>
   <div class='ocr_carea' id='block_1_88' title="bbox 467 5734 936 5809">
    <p class='ocr_par' dir='ltr' id='par_1_88' title="bbox 467 5734 936 5809">
     <span class='ocr_line' id='line_1_88' title="bbox 467 5734 936 5809; baseline -0.006 -20"><span class='ocrx_word' id='word_1_625' title='bbox 467 5734 541 5809; x_wconf 64' lang='grc' dir='ltr'><strong>(ὁ)</strong></span> <span class='ocrx_word' id='word_1_626' title='bbox 569 5734 704 5807; x_wconf 64' lang='lat' dir='ltr'><strong>sap.</strong></span> <span class='ocrx_word' id='word_1_627' title='bbox 741 5752 827 5804; x_wconf 89' lang='lat' dir='ltr'><strong>ep.</strong></span> <span class='ocrx_word' id='word_1_628' title='bbox 851 5734 936 5788; x_wconf 65' lang='grc'><strong>54.</strong></span> 
     </span>
    </p>
   </div>
   <div class='ocr_carea' id='block_1_89' title="bbox 639 5827 1390 5891">
    <p class='ocr_par' dir='ltr' id='par_1_89' title="bbox 639 5827 1390 5891">
     <span class='ocr_line' id='line_1_89' title="bbox 639 5827 1390 5891; baseline -0.007 0"><span class='ocrx_word' id='word_1_629' title='bbox 639 5833 917 5891; x_wconf 72' lang='grc' dir='ltr'><strong>Ρηιιοι..</strong></span> <span class='ocrx_word' id='word_1_630' title='bbox 970 5829 1088 5891; x_wconf 83' lang='lat' dir='ltr'><strong>Gtt.</strong></span> <span class='ocrx_word' id='word_1_631' title='bbox 1151 5827 1390 5888; x_wconf 78' lang='lat' dir='ltr'><strong>XXIX.</strong></span> 
     </span>
    </p>
   </div>
   <div class='ocr_carea' id='block_1_90' title="bbox 2064 3258 3640 3322">
    <p class='ocr_par' dir='ltr' id='par_1_90' title="bbox 2064 3258 3640 3322">
     <span class='ocr_line' id='line_1_90' title="bbox 2064 3258 3640 3322; baseline 0.004 -10"><span class='ocrx_word' id='word_1_632' title='bbox 2064 3269 2214 3322; x_wconf 90' lang='lat' dir='ltr'><strong>cuni,</strong></span> <span class='ocrx_word' id='word_1_633' title='bbox 2257 3258 2323 3311; x_wconf 89' lang='lat' dir='ltr'><strong>ad</strong></span> <span class='ocrx_word' id='word_1_634' title='bbox 2363 3258 2799 3313; x_wconf 88' lang='lat' dir='ltr'><strong>communionem</strong></span> <span class='ocrx_word' id='word_1_635' title='bbox 2842 3259 3202 3314; x_wconf 88' lang='lat' dir='ltr'><strong>admltteiidos</strong></span> <span class='ocrx_word' id='word_1_636' title='bbox 3235 3275 3339 3315; x_wconf 92' lang='lat' dir='ltr'><strong>non</strong></span> <span class='ocrx_word' id='word_1_637' title='bbox 3383 3277 3506 3318; x_wconf 88' lang='lat' dir='ltr'><strong>esse</strong></span> <span class='ocrx_word' id='word_1_638' title='bbox 3556 3262 3640 3318; x_wconf 85' lang='lat' dir='ltr'><strong>fa-</strong></span> 
     </span>
    </p>
   </div>
   <div class='ocr_carea' id='block_1_91' title="bbox 2063 3357 2307 3404">
    <p class='ocr_par' dir='ltr' id='par_1_91' title="bbox 2063 3357 2307 3404">
     <span class='ocr_line' id='line_1_91' title="bbox 2063 3357 2307 3404; baseline -0.004 0"><span class='ocrx_word' id='word_1_639' title='bbox 2063 3357 2307 3404; x_wconf 75' lang='lat' dir='ltr'><strong>teantur.</strong></span> 
     </span>
    </p>
   </div>
   <div class='ocr_carea' id='block_1_92' title="bbox 2135 3439 3644 3514">
    <p class='ocr_par' dir='ltr' id='par_1_92' title="bbox 2135 3439 3644 3514">
     <span class='ocr_line' id='line_1_92' title="bbox 2135 3439 3644 3514; baseline 0.007 -20"><span class='ocrx_word' id='word_1_640' title='bbox 2135 3440 2335 3494; x_wconf 88' lang='lat' dir='ltr'><strong>Scribit</strong></span> <span class='ocrx_word' id='word_1_641' title='bbox 2378 3439 2447 3513; x_wconf 81' lang='grc' dir='ltr'><strong>(ε)</strong></span> <span class='ocrx_word' id='word_1_642' title='bbox 2504 3441 2667 3494; x_wconf 89' lang='lat' dir='ltr'><strong>etiam</strong></span> <span class='ocrx_word' id='word_1_643' title='bbox 2714 3442 2779 3495; x_wconf 90' lang='lat' dir='ltr'><strong>ad</strong></span> <span class='ocrx_word' id='word_1_644' title='bbox 2822 3441 3127 3512; x_wconf 79' lang='lat' dir='ltr'><strong>Cyriacum,</strong></span> <span class='ocrx_word' id='word_1_645' title='bbox 3174 3443 3332 3514; x_wconf 82' lang='lat' dir='ltr'><strong>eique</strong></span> <span class='ocrx_word' id='word_1_646' title='bbox 3365 3456 3553 3501; x_wconf 87' lang='lat' dir='ltr'><strong>narrat</strong></span> <span class='ocrx_word' id='word_1_647' title='bbox 3584 3463 3644 3505; x_wconf 86' lang='lat' dir='ltr'><strong>se</strong></span> 
     </span>
    </p>
   </div>
   <div class='ocr_carea' id='block_1_93' title="bbox 2065 3531 3642 3606">
    <p class='ocr_par' dir='ltr' id='par_1_93' title="bbox 2065 3531 3642 3606">
     <span class='ocr_line' id='line_1_93' title="bbox 2065 3531 3642 3606; baseline 0.004 -19"><span class='ocrx_word' id='word_1_648' title='bbox 2065 3532 2121 3587; x_wconf 91' lang='lat' dir='ltr'><strong>in</strong></span> <span class='ocrx_word' id='word_1_649' title='bbox 2159 3531 2418 3585; x_wconf 80' lang='lat' dir='ltr'><strong>fratribus</strong></span> <span class='ocrx_word' id='word_1_650' title='bbox 2447 3547 2477 3587; x_wconf 81' lang='grc' dir='ltr'><strong>θ</strong></span> <span class='ocrx_word' id='word_1_651' title='bbox 2516 3533 2662 3587; x_wconf 90' lang='lat' dir='ltr'><strong>clero</strong></span> <span class='ocrx_word' id='word_1_652' title='bbox 2690 3532 2941 3588; x_wconf 89' lang='lat' dir='ltr'><strong>Tarsensi</strong></span> <span class='ocrx_word' id='word_1_653' title='bbox 2972 3536 3149 3590; x_wconf 87' lang='lat' dir='ltr'><strong>missis</strong></span> <span class='ocrx_word' id='word_1_654' title='bbox 3181 3550 3432 3606; x_wconf 84' lang='lat' dir='ltr'><strong>magnum</strong></span> <span class='ocrx_word' id='word_1_655' title='bbox 3462 3538 3642 3593; x_wconf 86' lang='lat' dir='ltr'><strong>anim-</strong></span> 
     </span>
    </p>
   </div>
   <div class='ocr_carea' id='block_1_94' title="bbox 2066 3623 3641 3699">
    <p class='ocr_par' dir='ltr' id='par_1_94' title="bbox 2066 3623 3641 3699">
     <span class='ocr_line' id='line_1_94' title="bbox 2066 3623 3641 3699; baseline 0.005 -23"><span class='ocrx_word' id='word_1_656' title='bbox 2066 3624 2363 3679; x_wconf 89' lang='lat' dir='ltr'><strong>advertisse</strong></span> <span class='ocrx_word' id='word_1_657' title='bbox 2412 3623 2531 3677; x_wconf 89' lang='lat' dir='ltr'><strong>fidei</strong></span> <span class='ocrx_word' id='word_1_658' title='bbox 2586 3625 2837 3691; x_wconf 89' lang='lat' dir='ltr'><strong>studium,</strong></span> <span class='ocrx_word' id='word_1_659' title='bbox 2890 3640 3252 3695; x_wconf 89' lang='lat' dir='ltr'><strong>magnumque</strong></span> <span class='ocrx_word' id='word_1_660' title='bbox 3275 3628 3328 3681; x_wconf 91' lang='lat' dir='ltr'><strong>in</strong></span> <span class='ocrx_word' id='word_1_661' title='bbox 3358 3629 3641 3699; x_wconf 85' lang='lat' dir='ltr'><strong>Cyriacum</strong></span> 
     </span>
    </p>
   </div>
   <div class='ocr_carea' id='block_1_95' title="bbox 2068 3715 3645 3784">
    <p class='ocr_par' dir='ltr' id='par_1_95' title="bbox 2068 3715 3645 3784">
     <span class='ocr_line' id='line_1_95' title="bbox 2068 3715 3645 3784; baseline 0.003 -15"><span class='ocrx_word' id='word_1_662' title='bbox 2068 3728 2348 3780; x_wconf 87' lang='lat' dir='ltr'><strong>amorem;</strong></span> <span class='ocrx_word' id='word_1_663' title='bbox 2386 3727 2551 3782; x_wconf 86' lang='lat' dir='ltr'><strong>seque</strong></span> <span class='ocrx_word' id='word_1_664' title='bbox 2599 3728 2697 3783; x_wconf 91' lang='lat' dir='ltr'><strong>pro</strong></span> <span class='ocrx_word' id='word_1_665' title='bbox 2738 3729 2801 3768; x_wconf 90' lang='lat' dir='ltr'><strong>eo</strong></span> <span class='ocrx_word' id='word_1_666' title='bbox 2848 3715 3221 3784; x_wconf 83' lang='lat' dir='ltr'><strong>spepondisse,</strong></span> <span class='ocrx_word' id='word_1_667' title='bbox 3280 3730 3466 3771; x_wconf 90' lang='lat' dir='ltr'><strong>sanam</strong></span> <span class='ocrx_word' id='word_1_668' title='bbox 3522 3732 3645 3773; x_wconf 88' lang='lat' dir='ltr'><strong>esse</strong></span> 
     </span>
    </p>
   </div>
   <div class='ocr_carea' id='block_1_96' title="bbox 2070 3804 3646 3877">
    <p class='ocr_par' dir='ltr' id='par_1_96' title="bbox 2070 3804 3646 3877">
     <span class='ocr_line' id='line_1_96' title="bbox 2070 3804 3646 3877; baseline 0.003 -18"><span class='ocrx_word' id='word_1_669' title='bbox 2070 3804 2211 3860; x_wconf 91' lang='lat' dir='ltr'><strong>illius</strong></span> <span class='ocrx_word' id='word_1_670' title='bbox 2249 3805 2405 3858; x_wconf 78' lang='lat' dir='ltr'><strong>[idem</strong></span> <span class='ocrx_word' id='word_1_671' title='bbox 2441 3813 2496 3859; x_wconf 91' lang='lat' dir='ltr'><strong>et</strong></span> <span class='ocrx_word' id='word_1_672' title='bbox 2541 3806 2805 3869; x_wconf 88' lang='lat' dir='ltr'><strong>animum,</strong></span> <span class='ocrx_word' id='word_1_673' title='bbox 2841 3804 2907 3857; x_wconf 89' lang='lat' dir='ltr'><strong>ad</strong></span> <span class='ocrx_word' id='word_1_674' title='bbox 2940 3804 3119 3857; x_wconf 88' lang='lat' dir='ltr'><strong>omnia</strong></span> <span class='ocrx_word' id='word_1_675' title='bbox 3170 3820 3268 3874; x_wconf 93' lang='lat' dir='ltr'><strong>pro</strong></span> <span class='ocrx_word' id='word_1_676' title='bbox 3305 3804 3411 3861; x_wconf 89' lang='lat' dir='ltr'><strong>fide</strong></span> <span class='ocrx_word' id='word_1_677' title='bbox 3456 3821 3646 3877; x_wconf 88' lang='lat' dir='ltr'><strong>perpe-</strong></span> 
     </span>
    </p>
   </div>
   <div class='ocr_carea' id='block_1_97' title="bbox 2068 3894 3644 3965">
    <p class='ocr_par' dir='ltr' id='par_1_97' title="bbox 2068 3894 3644 3965">
     <span class='ocr_line' id='line_1_97' title="bbox 2068 3894 3644 3965; baseline 0.002 -15"><span class='ocrx_word' id='word_1_678' title='bbox 2068 3896 2248 3950; x_wconf 92' lang='lat' dir='ltr'><strong>tienda</strong></span> <span class='ocrx_word' id='word_1_679' title='bbox 2282 3904 2588 3964; x_wconf 90' lang='lat' dir='ltr'><strong>promptum</strong></span> <span class='ocrx_word' id='word_1_680' title='bbox 2617 3903 2671 3946; x_wconf 93' lang='lat' dir='ltr'><strong>et</strong></span> <span class='ocrx_word' id='word_1_681' title='bbox 2712 3902 2977 3963; x_wconf 87' lang='lat' dir='ltr'><strong>paratum.</strong></span> <span class='ocrx_word' id='word_1_682' title='bbox 3018 3894 3228 3950; x_wconf 81' lang='lat' dir='ltr'><strong>Rursus</strong></span> <span class='ocrx_word' id='word_1_683' title='bbox 3255 3910 3354 3965; x_wconf 92' lang='lat' dir='ltr'><strong>pro</strong></span> <span class='ocrx_word' id='word_1_684' title='bbox 3386 3896 3644 3955; x_wconf 89' lang='lat' dir='ltr'><strong>fratribus</strong></span> 
     </span>
    </p>
   </div>
   <div class='ocr_carea' id='block_1_98' title="bbox 2071 3985 3645 4057">
    <p class='ocr_par' dir='ltr' id='par_1_98' title="bbox 2071 3985 3645 4057">
     <span class='ocr_line' id='line_1_98' title="bbox 2071 3985 3645 4057; baseline 0.001 -15"><span class='ocrx_word' id='word_1_685' title='bbox 2071 3988 2314 4057; x_wconf 91' lang='lat' dir='ltr'><strong>spondet,</strong></span> <span class='ocrx_word' id='word_1_686' title='bbox 2348 3988 2392 4040; x_wconf 92' lang='lat' dir='ltr'><strong>si</strong></span> <span class='ocrx_word' id='word_1_687' title='bbox 2426 3985 2585 4040; x_wconf 91' lang='lat' dir='ltr'><strong>modo</strong></span> <span class='ocrx_word' id='word_1_688' title='bbox 2616 3986 2885 4041; x_wconf 80' lang='lat' dir='ltr'><strong>Nicamam</strong></span> <span class='ocrx_word' id='word_1_689' title='bbox 2944 3986 3099 4041; x_wconf 86' lang='lat' dir='ltr'><strong>fidem</strong></span> <span class='ocrx_word' id='word_1_690' title='bbox 3141 3988 3390 4057; x_wconf 81' lang='lat' dir='ltr'><strong>recipiat,</strong></span> <span class='ocrx_word' id='word_1_691' title='bbox 3443 3990 3645 4044; x_wconf 88' lang='lat' dir='ltr'><strong>nullam</strong></span> 
     </span>
    </p>
   </div>
   <div class='ocr_carea' id='block_1_99' title="bbox 2071 4076 3650 4151">
    <p class='ocr_par' dir='ltr' id='par_1_99' title="bbox 2071 4076 3650 4151">
     <span class='ocr_line' id='line_1_99' title="bbox 2071 4076 3650 4151; baseline 0.003 -19"><span class='ocrx_word' id='word_1_692' title='bbox 2071 4079 2124 4132; x_wconf 88' lang='lat' dir='ltr'><strong>in</strong></span> <span class='ocrx_word' id='word_1_693' title='bbox 2149 4093 2210 4132; x_wconf 86' lang='lat' dir='ltr'><strong>ea</strong></span> <span class='ocrx_word' id='word_1_694' title='bbox 2248 4093 2433 4132; x_wconf 88' lang='lat' dir='ltr'><strong>vocem</strong></span> <span class='ocrx_word' id='word_1_695' title='bbox 2468 4076 2735 4144; x_wconf 87' lang='lat' dir='ltr'><strong>rejiciens,</strong></span> <span class='ocrx_word' id='word_1_696' title='bbox 2772 4090 2933 4147; x_wconf 89' lang='lat' dir='ltr'><strong>atque</strong></span> <span class='ocrx_word' id='word_1_697' title='bbox 2962 4078 3086 4133; x_wconf 92' lang='lat' dir='ltr'><strong>huic</strong></span> <span class='ocrx_word' id='word_1_698' title='bbox 3116 4078 3238 4133; x_wconf 84' lang='lat' dir='ltr'><strong>fidei</strong></span> <span class='ocrx_word' id='word_1_699' title='bbox 3263 4081 3425 4135; x_wconf 86' lang='lat' dir='ltr'><strong>addat</strong></span> <span class='ocrx_word' id='word_1_700' title='bbox 3476 4081 3650 4151; x_wconf 87' lang='lat' dir='ltr'><strong>Spiri-</strong></span> 
     </span>
    </p>
   </div>
   <div class='ocr_carea' id='block_1_100' title="bbox 2072 4169 3647 4238">
    <p class='ocr_par' dir='ltr' id='par_1_100' title="bbox 2072 4169 3647 4238">
     <span class='ocr_line' id='line_1_100' title="bbox 2072 4169 3647 4238; baseline 0.001 -14"><span class='ocrx_word' id='word_1_701' title='bbox 2072 4180 2184 4224; x_wconf 92' lang='lat' dir='ltr'><strong>tum</strong></span> <span class='ocrx_word' id='word_1_702' title='bbox 2234 4178 2482 4222; x_wconf 91' lang='lat' dir='ltr'><strong>sanctum</strong></span> <span class='ocrx_word' id='word_1_703' title='bbox 2520 4178 2825 4222; x_wconf 89' lang='lat' dir='ltr'><strong>creaturam</strong></span> <span class='ocrx_word' id='word_1_704' title='bbox 2864 4170 2964 4223; x_wconf 91' lang='lat' dir='ltr'><strong>dici</strong></span> <span class='ocrx_word' id='word_1_705' title='bbox 2999 4184 3102 4222; x_wconf 91' lang='lat' dir='ltr'><strong>non</strong></span> <span class='ocrx_word' id='word_1_706' title='bbox 3134 4169 3354 4238; x_wconf 90' lang='lat' dir='ltr'><strong>debere,</strong></span> <span class='ocrx_word' id='word_1_707' title='bbox 3388 4186 3487 4225; x_wconf 90' lang='lat' dir='ltr'><strong>nec</strong></span> <span class='ocrx_word' id='word_1_708' title='bbox 3524 4186 3647 4225; x_wconf 91' lang='lat' dir='ltr'><strong>cum</strong></span> 
     </span>
    </p>
   </div>
   <div class='ocr_carea' id='block_1_101' title="bbox 2071 4259 3649 4328">
    <p class='ocr_par' dir='ltr' id='par_1_101' title="bbox 2071 4259 3649 4328">
     <span class='ocr_line' id='line_1_101' title="bbox 2071 4259 3649 4328; baseline 0.003 -16"><span class='ocrx_word' id='word_1_709' title='bbox 2071 4259 2161 4326; x_wconf 91' lang='lat' dir='ltr'><strong>iis,</strong></span> <span class='ocrx_word' id='word_1_710' title='bbox 2208 4259 2299 4328; x_wconf 91' lang='lat' dir='ltr'><strong>qui</strong></span> <span class='ocrx_word' id='word_1_711' title='bbox 2336 4260 2537 4324; x_wconf 91' lang='lat' dir='ltr'><strong>dicunt,</strong></span> <span class='ocrx_word' id='word_1_712' title='bbox 2567 4259 3102 4326; x_wconf 85' lang='lat' dir='ltr'><strong>communicandum,</strong></span> <span class='ocrx_word' id='word_1_713' title='bbox 3152 4259 3266 4315; x_wconf 92' lang='lat' dir='ltr'><strong>fore</strong></span> <span class='ocrx_word' id='word_1_714' title='bbox 3312 4271 3369 4315; x_wconf 90' lang='lat' dir='ltr'><strong>ut</strong></span> <span class='ocrx_word' id='word_1_715' title='bbox 3400 4261 3449 4315; x_wconf 91' lang='lat' dir='ltr'><strong>ei</strong></span> <span class='ocrx_word' id='word_1_716' title='bbox 3490 4277 3649 4317; x_wconf 92' lang='lat' dir='ltr'><strong>omne</strong></span> 
     </span>
    </p>
   </div>
   <div class='ocr_carea' id='block_1_102' title="bbox 2070 4347 3651 4420">
    <p class='ocr_par' dir='ltr' id='par_1_102' title="bbox 2070 4347 3651 4420">
     <span class='ocr_line' id='line_1_102' title="bbox 2070 4347 3651 4420; baseline 0.003 -15"><span class='ocrx_word' id='word_1_717' title='bbox 2070 4353 2386 4420; x_wconf 88' lang='lat' dir='ltr'><strong>obsequium</strong></span> <span class='ocrx_word' id='word_1_718' title='bbox 2422 4348 2620 4403; x_wconf 85' lang='lat' dir='ltr'><strong>fratres</strong></span> <span class='ocrx_word' id='word_1_719' title='bbox 2643 4349 2949 4404; x_wconf 83' lang='lat' dir='ltr'><strong>exhibeant.</strong></span> <span class='ocrx_word' id='word_1_720' title='bbox 2986 4347 3065 4403; x_wconf 83' lang='lat' dir='ltr'><strong>Ex</strong></span> <span class='ocrx_word' id='word_1_721' title='bbox 3101 4352 3297 4420; x_wconf 92' lang='lat' dir='ltr'><strong>quibus</strong></span> <span class='ocrx_word' id='word_1_722' title='bbox 3317 4352 3496 4406; x_wconf 89' lang='lat' dir='ltr'><strong>verbis</strong></span> <span class='ocrx_word' id='word_1_723' title='bbox 3524 4353 3651 4409; x_wconf 89' lang='lat' dir='ltr'><strong>illud</strong></span> 
     </span>
    </p>
   </div>
   <div class='ocr_carea' id='block_1_103' title="bbox 2074 4438 3645 4511">
    <p class='ocr_par' dir='ltr' id='par_1_103' title="bbox 2074 4438 3645 4511">
     <span class='ocr_line' id='line_1_103' title="bbox 2074 4438 3645 4511; baseline 0 -16"><span class='ocrx_word' id='word_1_724' title='bbox 2074 4442 2248 4497; x_wconf 88' lang='lat' dir='ltr'><strong>obiter</strong></span> <span class='ocrx_word' id='word_1_725' title='bbox 2271 4439 2526 4511; x_wconf 86' lang='lat' dir='ltr'><strong>colligere</strong></span> <span class='ocrx_word' id='word_1_726' title='bbox 2549 4454 2855 4508; x_wconf 89' lang='lat' dir='ltr'><strong>possumus,</strong></span> <span class='ocrx_word' id='word_1_727' title='bbox 2884 4438 3171 4509; x_wconf 83' lang='lat' dir='ltr'><strong>Cyriaeum</strong></span> <span class='ocrx_word' id='word_1_728' title='bbox 3198 4442 3522 4495; x_wconf 89' lang='lat' dir='ltr'><strong>auctoritate</strong></span> <span class='ocrx_word' id='word_1_729' title='bbox 3559 4442 3645 4495; x_wconf 87' lang='lat' dir='ltr'><strong>io-</strong></span> 
     </span>
    </p>
   </div>
   <div class='ocr_carea' id='block_1_104' title="bbox 2076 4532 3511 4601">
    <p class='ocr_par' dir='ltr' id='par_1_104' title="bbox 2076 4532 3511 4601">
     <span class='ocr_line' id='line_1_104' title="bbox 2076 4532 3511 4601; baseline -0.002 -13"><span class='ocrx_word' id='word_1_730' title='bbox 2076 4541 2163 4588; x_wconf 80' lang='lat' dir='ltr'><strong>ter</strong></span> <span class='ocrx_word' id='word_1_731' title='bbox 2191 4532 2326 4587; x_wconf 92' lang='lat' dir='ltr'><strong>alios</strong></span> <span class='ocrx_word' id='word_1_732' title='bbox 2356 4532 2739 4600; x_wconf 64' lang='lat' dir='ltr'><strong>prmcelluisse.</strong></span> <span class='ocrx_word' id='word_1_733' title='bbox 3496 4588 3511 4601; x_wconf 41' lang='grc' dir='ltr'>δ</span> 
     </span>
    </p>
   </div>
   <div class='ocr_carea' id='block_1_105' title="bbox 2149 4615 3655 4696">
    <p class='ocr_par' dir='ltr' id='par_1_105' title="bbox 2149 4615 3655 4696">
     <span class='ocr_line' id='line_1_105' title="bbox 2149 4615 3655 4696; baseline 0.001 -18"><span class='ocrx_word' id='word_1_734' title='bbox 2149 4625 2265 4679; x_wconf 73' lang='lat' dir='ltr'><strong>Non</strong></span> <span class='ocrx_word' id='word_1_735' title='bbox 2295 4625 2570 4693; x_wconf 89' lang='lat' dir='ltr'><strong>pertinent</strong></span> <span class='ocrx_word' id='word_1_736' title='bbox 2608 4623 2730 4678; x_wconf 74' lang='lat' dir='ltr'><strong>dua:</strong></span> <span class='ocrx_word' id='word_1_737' title='bbox 2757 4623 2858 4679; x_wconf 66' lang='lat' dir='ltr'><strong>illae</strong></span> <span class='ocrx_word' id='word_1_738' title='bbox 2900 4624 3139 4694; x_wconf 66' lang='lat' dir='ltr'><strong>epistolae</strong></span> <span class='ocrx_word' id='word_1_739' title='bbox 3174 4625 3240 4678; x_wconf 92' lang='lat' dir='ltr'><strong>ad</strong></span> <span class='ocrx_word' id='word_1_740' title='bbox 3267 4624 3415 4677; x_wconf 89' lang='lat' dir='ltr'><strong>initia</strong></span> <span class='ocrx_word' id='word_1_741' title='bbox 3444 4615 3655 4696; x_wconf 80' lang='lat' dir='ltr'><strong>episco-</strong></span> 
     </span>
    </p>
   </div>
   <div class='ocr_carea' id='block_1_106' title="bbox 2077 4714 3655 4787">
    <p class='ocr_par' dir='ltr' id='par_1_106' title="bbox 2077 4714 3655 4787">
     <span class='ocr_line' id='line_1_106' title="bbox 2077 4714 3655 4787; baseline 0.001 -18"><span class='ocrx_word' id='word_1_742' title='bbox 2077 4724 2265 4785; x_wconf 87' lang='lat' dir='ltr'><strong>patus;</strong></span> <span class='ocrx_word' id='word_1_743' title='bbox 2314 4726 2443 4771; x_wconf 90' lang='lat' dir='ltr'><strong>tunc</strong></span> <span class='ocrx_word' id='word_1_744' title='bbox 2477 4716 2622 4770; x_wconf 91' lang='lat' dir='ltr'><strong>enim</strong></span> <span class='ocrx_word' id='word_1_745' title='bbox 2668 4730 2774 4770; x_wconf 91' lang='lat' dir='ltr'><strong>non</strong></span> <span class='ocrx_word' id='word_1_746' title='bbox 2820 4724 3101 4785; x_wconf 78' lang='lat' dir='ltr'><strong>tantOpere</strong></span> <span class='ocrx_word' id='word_1_747' title='bbox 3144 4714 3384 4769; x_wconf 87' lang='lat' dir='ltr'><strong>fervebat</strong></span> <span class='ocrx_word' id='word_1_748' title='bbox 3433 4716 3501 4771; x_wconf 91' lang='lat' dir='ltr'><strong>de</strong></span> <span class='ocrx_word' id='word_1_749' title='bbox 3535 4717 3655 4787; x_wconf 86' lang='lat' dir='ltr'><strong>Spi-</strong></span> 
     </span>
    </p>
   </div>
   <div class='ocr_carea' id='block_1_107' title="bbox 2078 4808 3657 4872">
    <p class='ocr_par' dir='ltr' id='par_1_107' title="bbox 2078 4808 3657 4872">
     <span class='ocr_line' id='line_1_107' title="bbox 2078 4808 3657 4872; baseline 0.003 -11"><span class='ocrx_word' id='word_1_750' title='bbox 2078 4808 2183 4861; x_wconf 87' lang='lat' dir='ltr'><strong>ritu</strong></span> <span class='ocrx_word' id='word_1_751' title='bbox 2208 4818 2399 4862; x_wconf 83' lang='lat' dir='ltr'><strong>sancto</strong></span> <span class='ocrx_word' id='word_1_752' title='bbox 2427 4809 2823 4872; x_wconf 88' lang='lat' dir='ltr'><strong>controversia,</strong></span> <span class='ocrx_word' id='word_1_753' title='bbox 2852 4821 2952 4863; x_wconf 91' lang='lat' dir='ltr'><strong>nec</strong></span> <span class='ocrx_word' id='word_1_754' title='bbox 2978 4809 3198 4861; x_wconf 86' lang='lat' dir='ltr'><strong>deerant</strong></span> <span class='ocrx_word' id='word_1_755' title='bbox 3228 4808 3371 4862; x_wconf 88' lang='lat' dir='ltr'><strong>inter</strong></span> <span class='ocrx_word' id='word_1_756' title='bbox 3396 4810 3657 4865; x_wconf 89' lang='lat' dir='ltr'><strong>orthodo-</strong></span> 
     </span>
    </p>
   </div>
   <div class='ocr_carea' id='block_1_108' title="bbox 2079 4898 3658 4969">
    <p class='ocr_par' dir='ltr' id='par_1_108' title="bbox 2079 4898 3658 4969">
     <span class='ocr_line' id='line_1_108' title="bbox 2079 4898 3658 4969; baseline 0.003 -17"><span class='ocrx_word' id='word_1_757' title='bbox 2079 4913 2203 4963; x_wconf 79' lang='lat' dir='ltr'><strong>xos,</strong></span> <span class='ocrx_word' id='word_1_758' title='bbox 2240 4898 2332 4967; x_wconf 89' lang='lat' dir='ltr'><strong>qui</strong></span> <span class='ocrx_word' id='word_1_759' title='bbox 2373 4898 2831 4953; x_wconf 86' lang='lat' dir='ltr'><strong>consubstantiale</strong></span> <span class='ocrx_word' id='word_1_760' title='bbox 2862 4899 3103 4952; x_wconf 90' lang='lat' dir='ltr'><strong>nondum</strong></span> <span class='ocrx_word' id='word_1_761' title='bbox 3135 4901 3468 4969; x_wconf 88' lang='lat' dir='ltr'><strong>recepissent</strong></span> <span class='ocrx_word' id='word_1_762' title='bbox 3500 4910 3557 4955; x_wconf 94' lang='lat' dir='ltr'><strong>ut</strong></span> <span class='ocrx_word' id='word_1_763' title='bbox 3585 4916 3658 4957; x_wconf 69' lang='lat' dir='ltr'><strong>et</strong></span> 
     </span>
    </p>
   </div>
   <div class='ocr_carea' id='block_1_109' title="bbox 2078 4990 3658 5060">
    <p class='ocr_par' dir='ltr' id='par_1_109' title="bbox 2078 4990 3658 5060">
     <span class='ocr_line' id='line_1_109' title="bbox 2078 4990 3658 5060; baseline 0.003 -17"><span class='ocrx_word' id='word_1_764' title='bbox 2078 4991 2239 5060; x_wconf 91' lang='lat' dir='ltr'><strong>epist.</strong></span> <span class='ocrx_word' id='word_1_765' title='bbox 2280 4990 2350 5044; x_wconf 75' lang='grc'><strong>52</strong></span> <span class='ocrx_word' id='word_1_766' title='bbox 2385 4991 2810 5047; x_wconf 89' lang='lat' dir='ltr'><strong>observavimus.</strong></span> <span class='ocrx_word' id='word_1_767' title='bbox 2851 4990 2940 5055; x_wconf 91' lang='lat' dir='ltr'><strong>At,</strong></span> <span class='ocrx_word' id='word_1_768' title='bbox 2976 4993 3100 5045; x_wconf 92' lang='lat' dir='ltr'><strong>dum</strong></span> <span class='ocrx_word' id='word_1_769' title='bbox 3139 4992 3510 5048; x_wconf 85' lang='lat' dir='ltr'><strong>scriberentur</strong></span> <span class='ocrx_word' id='word_1_770' title='bbox 3539 4994 3658 5049; x_wconf 74' lang='lat' dir='ltr'><strong>dua:</strong></span> 
     </span>
    </p>
   </div>
   <div class='ocr_carea' id='block_1_110' title="bbox 2075 5084 3659 5155">
    <p class='ocr_par' dir='ltr' id='par_1_110' title="bbox 2075 5084 3659 5155">
     <span class='ocr_line' id='line_1_110' title="bbox 2075 5084 3659 5155; baseline 0.001 -17"><span class='ocrx_word' id='word_1_771' title='bbox 2075 5085 2178 5138; x_wconf 67' lang='lat' dir='ltr'><strong>illa:</strong></span> <span class='ocrx_word' id='word_1_772' title='bbox 2211 5085 2470 5153; x_wconf 68' lang='lat' dir='ltr'><strong>epistolae,</strong></span> <span class='ocrx_word' id='word_1_773' title='bbox 2501 5087 2590 5139; x_wconf 85' lang='lat' dir='ltr'><strong>vix</strong></span> <span class='ocrx_word' id='word_1_774' title='bbox 2617 5094 2933 5155; x_wconf 88' lang='lat' dir='ltr'><strong>supererant</strong></span> <span class='ocrx_word' id='word_1_775' title='bbox 2974 5084 3168 5153; x_wconf 90' lang='lat' dir='ltr'><strong>quibus</strong></span> <span class='ocrx_word' id='word_1_776' title='bbox 3194 5085 3477 5141; x_wconf 87' lang='lat' dir='ltr'><strong>molestum</strong></span> <span class='ocrx_word' id='word_1_777' title='bbox 3508 5095 3659 5141; x_wconf 86' lang='lat' dir='ltr'><strong>esset</strong></span> 
     </span>
    </p>
   </div>
   <div class='ocr_carea' id='block_1_111' title="bbox 2075 5175 3652 5247">
    <p class='ocr_par' dir='ltr' id='par_1_111' title="bbox 2075 5175 3652 5247">
     <span class='ocr_line' id='line_1_111' title="bbox 2075 5175 3652 5247; baseline 0.001 -17"><span class='ocrx_word' id='word_1_778' title='bbox 2075 5175 2551 5247; x_wconf 81' lang='lat' dir='ltr'><strong>consubstantiale.</strong></span> <span class='ocrx_word' id='word_1_779' title='bbox 2590 5175 2705 5231; x_wconf 83' lang='lat' dir='ltr'><strong>Non</strong></span> <span class='ocrx_word' id='word_1_780' title='bbox 2736 5178 3007 5233; x_wconf 90' lang='lat' dir='ltr'><strong>metuebat</strong></span> <span class='ocrx_word' id='word_1_781' title='bbox 3046 5178 3295 5245; x_wconf 85' lang='lat' dir='ltr'><strong>Basilius,</strong></span> <span class='ocrx_word' id='word_1_782' title='bbox 3342 5193 3411 5232; x_wconf 87' lang='lat' dir='ltr'><strong>ne</strong></span> <span class='ocrx_word' id='word_1_783' title='bbox 3443 5193 3652 5233; x_wconf 90' lang='lat' dir='ltr'><strong>moram</strong></span> 
     </span>
    </p>
   </div>
   <div class='ocr_carea' id='block_1_112' title="bbox 2080 5269 3729 5344">
    <p class='ocr_par' dir='ltr' id='par_1_112' title="bbox 2080 5269 3729 5344">
     <span class='ocr_line' id='line_1_112' title="bbox 2080 5269 3729 5344; baseline 0.003 -20"><span class='ocrx_word' id='word_1_784' title='bbox 2080 5270 2204 5324; x_wconf 91' lang='lat' dir='ltr'><strong>huic</strong></span> <span class='ocrx_word' id='word_1_785' title='bbox 2258 5271 2332 5325; x_wconf 90' lang='lat' dir='ltr'><strong>rei</strong></span> <span class='ocrx_word' id='word_1_786' title='bbox 2387 5269 2605 5325; x_wconf 69' lang='lat' dir='ltr'><strong>afferret</strong></span> <span class='ocrx_word' id='word_1_787' title='bbox 2643 5270 2947 5341; x_wconf 85' lang='lat' dir='ltr'><strong>Cyriacus;</strong></span> <span class='ocrx_word' id='word_1_788' title='bbox 3002 5276 3094 5329; x_wconf 88' lang='lat' dir='ltr'><strong>sed</strong></span> <span class='ocrx_word' id='word_1_789' title='bbox 3145 5288 3241 5344; x_wconf 93' lang='lat' dir='ltr'><strong>pro</strong></span> <span class='ocrx_word' id='word_1_790' title='bbox 3303 5287 3369 5328; x_wconf 90' lang='lat' dir='ltr'><strong>eo</strong></span> <span class='ocrx_word' id='word_1_791' title='bbox 3428 5272 3663 5329; x_wconf 81' lang='lat' dir='ltr'><strong>libenter</strong></span> <span class='ocrx_word' id='word_1_792' title='bbox 3719 5324 3729 5339; x_wconf 77' lang='grc'><em>,</em></span> 
     </span>
    </p>
   </div>
   <div class='ocr_carea' id='block_1_113' title="bbox 2076 5360 3660 5435">
    <p class='ocr_par' dir='ltr' id='par_1_113' title="bbox 2076 5360 3660 5435">
     <span class='ocr_line' id='line_1_113' title="bbox 2076 5360 3660 5435; baseline 0.003 -21"><span class='ocrx_word' id='word_1_793' title='bbox 2076 5361 2390 5429; x_wconf 87' lang='lat' dir='ltr'><strong>spondebat.</strong></span> <span class='ocrx_word' id='word_1_794' title='bbox 2432 5360 2709 5431; x_wconf 66' lang='lat' dir='ltr'><strong>Praecipua</strong></span> <span class='ocrx_word' id='word_1_795' title='bbox 2753 5364 2897 5419; x_wconf 93' lang='lat' dir='ltr'><strong>enim</strong></span> <span class='ocrx_word' id='word_1_796' title='bbox 2928 5377 3046 5420; x_wconf 86' lang='lat' dir='ltr'><strong>erat</strong></span> <span class='ocrx_word' id='word_1_797' title='bbox 3074 5365 3142 5420; x_wconf 90' lang='lat' dir='ltr'><strong>de</strong></span> <span class='ocrx_word' id='word_1_798' title='bbox 3183 5364 3387 5435; x_wconf 84' lang='lat' dir='ltr'><strong>Spiritu</strong></span> <span class='ocrx_word' id='word_1_799' title='bbox 3442 5375 3660 5419; x_wconf 85' lang='lat' dir='ltr'><strong>contro-</strong></span> 
     </span>
    </p>
   </div>
   <div class='ocr_carea' id='block_1_114' title="bbox 2076 5454 3662 5529">
    <p class='ocr_par' dir='ltr' id='par_1_114' title="bbox 2076 5454 3662 5529">
     <span class='ocr_line' id='line_1_114' title="bbox 2076 5454 3662 5529; baseline 0.003 -22"><span class='ocrx_word' id='word_1_800' title='bbox 2076 5455 2254 5509; x_wconf 90' lang='lat' dir='ltr'><strong>versia</strong></span> <span class='ocrx_word' id='word_1_801' title='bbox 2279 5454 2443 5508; x_wconf 90' lang='lat' dir='ltr'><strong>etiam</strong></span> <span class='ocrx_word' id='word_1_802' title='bbox 2474 5457 2611 5510; x_wconf 87' lang='lat' dir='ltr'><strong>inter</strong></span> <span class='ocrx_word' id='word_1_803' title='bbox 2655 5457 2984 5525; x_wconf 83' lang='lat' dir='ltr'><strong>Catholicos,</strong></span> <span class='ocrx_word' id='word_1_804' title='bbox 3027 5459 3147 5514; x_wconf 89' lang='lat' dir='ltr'><strong>aliis</strong></span> <span class='ocrx_word' id='word_1_805' title='bbox 3194 5458 3358 5514; x_wconf 88' lang='lat' dir='ltr'><strong>Deum</strong></span> <span class='ocrx_word' id='word_1_806' title='bbox 3387 5456 3662 5529; x_wconf 81' lang='lat' dir='ltr'><strong>appellau-</strong></span> 
     </span>
    </p>
   </div>
   <div class='ocr_carea' id='block_1_115' title="bbox 2168 5657 2520 5729">
    <p class='ocr_par' dir='ltr' id='par_1_115' title="bbox 2168 5657 2520 5729">
     <span class='ocr_line' id='line_1_115' title="bbox 2168 5657 2520 5729; baseline -0.003 -16"><span class='ocrx_word' id='word_1_807' title='bbox 2168 5657 2237 5729; x_wconf 77' lang='grc' dir='ltr'><strong>(ο)</strong></span> <span class='ocrx_word' id='word_1_808' title='bbox 2277 5657 2370 5729; x_wconf 76' lang='grc' dir='ltr'><strong>εν.</strong></span> <span class='ocrx_word' id='word_1_809' title='bbox 2399 5658 2520 5713; x_wconf 74' lang='lat' dir='ltr'><strong>iii.</strong></span> 
     </span>
    </p>
   </div>
  </div>
