4040 6216
414 349 499 387 cu
1769 325 2279 383 PROLEGOMENA

429 447 554 500 dum
597 457 716 498 esse
753 439 1222 502 contendentibus,
1270 437 1391 494 aliis
1417 437 1753 493 divinitatem
1783 439 2000 510 quidem
2031 444 2078 500 Α
2108 439 2260 495 lanti.
2294 437 2388 494 Sin
2421 447 2599 503 autem
2641 445 2700 492 ut
2746 435 3068 506 deponatur,
3129 441 3390 504 tanquam
3436 434 3692 506 indignus

429 534 807 600 tribuentibus,
851 533 942 587 sed
984 542 1160 587 tamen
1205 532 1306 585 hac
1329 545 1462 586 voce
1492 530 1569 585 uti
1602 532 1999 586 recusantibus.

501 629 761 681 Videntur
801 635 988 680 tamen
1041 633 1166 677 ante
1204 637 1406 677 annum
1443 622 1546 676 373
1585 623 1819 691 scriptae.
1865 622 2002 676 Nam

429 718 616 773 Basilii
643 716 895 788 querelae,
929 722 1074 784 quod
1106 715 1248 769 nulla
1281 715 1498 784 siterga
1540 713 1744 771 debiles
1776 713 2004 768 commi-

430 811 655 874 seratio,
688 807 830 864 nulla
862 822 1114 863 sanorum
1145 808 1370 862 fratrum
1403 805 1663 869 defensio,
1711 805 1856 860 haud
1890 805 2004 859 scio

425 918 497 956 an
531 916 626 957 eos
661 910 903 970 tangant,
944 901 1138 970 quibus
1182 901 1362 955 Basilii
1395 901 1447 955 in
1478 900 1819 954 Eustathium
1859 898 2004 968 ejus—

429 1008 536 1064 que
573 992 860 1063 discipulos
893 993 1086 1048 lenitas
1117 1008 1219 1047 non
1264 992 1530 1062 placebat.
1580 992 1850 1046 Praeterea
1898 1007 2002 1045 non

428 1085 752 1156 praescrihit,
791 1084 842 1140 id
867 1086 1009 1156 quod
1032 1084 1284 1154 deinceps
1306 1085 1371 1140 ab
1389 1099 1455 1139 eo
1484 1086 1780 1155 perspectis
1812 1085 2006 1139 Eusta-

431 1177 528 1232 tbii
553 1176 693 1232 dolis
731 1178 1102 1247 praescriptum
1132 1179 1458 1244 videbimus,
1491 1186 1550 1232 ut
1609 1176 1848 1246 Spiritus
1872 1191 2002 1233 san-

431 1279 552 1325 ctus
583 1285 705 1325 eum
738 1269 896 1324 Patre
923 1278 980 1324 et
1019 1269 1155 1324 Filio
1190 1269 1540 1339 glorilicetur.

503 1359 589 1414 VI.
622 1359 876 1426 Quaedam
905 1359 1256 1430 Cappadocia:
1270 1357 1511 1416 Ecclesia
1551 1360 1627 1432 (a)
1657 1376 1775 1415 cum
1807 1361 2003 1415 dudum

427 1451 682 1519 episcopo
711 1460 943 1515 careret,
978 1450 1250 1504 communi
1297 1466 1564 1506 consensu
1597 1451 1760 1522 elegit
1788 1467 2002 1506 servum

432 1540 744 1610 Simpliciae,
782 1541 963 1596 divitis
1011 1551 1272 1594 matronae
1304 1549 1358 1594 et
1389 1541 1438 1592 in
1470 1555 1736 1610 pauperes
1783 1541 2003 1594 munifi-

431 1647 529 1698 εκ,
561 1633 654 1688 sed
697 1633 918 1686 haeresis
951 1631 1354 1700 suspicionibus
1382 1631 1676 1701 flagrantis.
1724 1631 1910 1702 Itaque
1935 1633 2002 1687 ad

429 1719 682 1776 Basilium
727 1729 781 1775 et
838 1719 1156 1791 Gregorium
1205 1720 1307 1776 loci
1349 1722 1538 1777 incola:
1580 1724 1722 1776 hunc
1786 1738 2002 1777 servum

2105 531 2410 586 sacerdodo
2439 570 2454 594 ,
2493 529 2763 583 consentit
2793 528 2954 582 etiam
2981 537 3060 592 ut,
3089 529 3202 598 ipsa
3227 536 3495 598 praesente
3521 538 3693 597 atque

2105 622 2291 687 etiam,
2332 624 2376 675 si
2409 621 2646 686 libuerit,
2672 619 2972 690 judicante,
3022 634 3108 675 res
3145 620 3519 690 episcoporum
3541 618 3692 690 judi—

2105 714 2191 769 cio
2216 712 2549 782 exploretur.

2175 803 2470 874 Simplicia:
2517 801 2659 858 servi
2714 800 3108 868 ordinationem
3159 816 3282 855 cum
3339 800 3692 856 Tillemontio

2108 894 2258 950 circa
2294 896 2395 950 hoc
2435 905 2669 965 tempus,
2697 896 2748 949 id
2779 901 2882 959 est,
2921 895 3065 948 circa
3093 909 3292 947 annum
3327 893 3432 947 572
3456 905 3547 946 aut
3579 893 3692 948 373

2107 995 2379 1054 peractam
2424 997 2696 1055 putamus.
2741 984 2857 1040 Non
2893 985 3036 1040 enim
3077 984 3241 1039 citius
3291 984 3544 1039 collocari
3587 1000 3692 1052 po-

2110 1087 2233 1141 test,
2287 1077 2410 1148 quia
2449 1078 2768 1148 Gregorium
2815 1078 2918 1133 hac
2969 1078 3020 1130 in
3071 1077 3410 1132 ordinatione
3442 1077 3684 1132 Basilius

2108 1166 2366 1238 collegam
2403 1167 2612 1222 habuit.
2665 1167 2850 1236 Neque
2891 1167 3051 1222 etiam
3100 1168 3270 1221 multo
3303 1168 3512 1232 serius;
3556 1181 3688 1221 cum

2104 1255 2395 1328 Gregorius
2440 1258 2730 1312 secesserit
2778 1257 3080 1312 Seleuciam
3134 1272 3276 1310 anno
3335 1257 3489 1312 375:
3541 1257 3692 1311 unde

2105 1363 2210 1402 non
2235 1349 2445 1402 videtur
2483 1357 2608 1405 ante
2635 1348 2820 1404 Basilii
2851 1359 3077 1402 mortem
3106 1363 3359 1418 egressus
3387 1363 3528 1402 esse.

2183 1441 2292 1496 VII.
2341 1440 2552 1496 Charus
2606 1450 2722 1497 erat
2763 1441 2962 1495 Basilio
3015 1440 3211 1494 nobilis
3236 1440 3454 1508 quidam
3503 1437 3692 1494 adole-

2105 1548 2284 1598 seens,
2320 1534 2472 1604 cujus
2507 1535 2742 1603 majores
2769 1532 3131 1601 gubernacula
3163 1532 3420 1596 civitatis,
3450 1538 3508 1584 ut
3542 1534 3690 1584 veri-

2104 1629 2282 1683 simile
2323 1635 2430 1692 est,
2470 1609 2827 1683 Caesariensis
2862 1633 3183 1690 tenueraut;
3225 1640 3357 1679 avus
3381 1635 3560 1679 autem
3591 1639 3691 1693 pa-

2106 1735 2295 1780 ternus
2349 1738 2498 1777 arma
2555 1731 2770 1778 secutus
2820 1720 3014 1775 fuerat.
3071 1719 3119 1774 Is
3176 1735 3244 1774 eo
3295 1718 3486 1789 majori
3541 1732 3692 1771 cura:

431 1813 770 1868 adduxerunt
802 1827 904 1866 non
937 1813 1055 1866 sine
1091 1813 1364 1885 lacrymis,
1392 1824 1450 1868 ut
1492 1815 1638 1869 illum
1667 1815 1767 1870 sibi
1796 1816 2006 1885 episco-
2036 1794 2077 1849 Β
2106 1824 2225 1870 erat
2255 1812 2476 1878 Basilio,
2515 1813 2658 1882 quod
2693 1826 2816 1865 eum
2849 1824 2908 1864 se
2945 1818 3068 1864 voto
3096 1807 3418 1876 virginitatis
3443 1810 3689 1862 obstrin—

434 1921 559 1976 pum
586 1908 795 1960 darent.
837 1905 1425 1976 Aunueruntepismpi
1470 1907 1688 1962 fervidis
1735 1909 2002 1978 precibus,

433 2013 498 2052 ac
525 2011 739 2052 servum
776 1996 1131 2052 reluctantem
1171 2009 1226 2053 et
1267 2000 1488 2054 invitum
1529 2002 1867 2065 ordinarunt,
1899 2016 2004 2054 non

431 2099 743 2160 exspectato
773 2091 1001 2146 dominae
1033 2106 1320 2157 consensu,
1370 2093 1461 2162 qui
1513 2102 1690 2148 tamen
1734 2109 1799 2149 eo
1838 2095 2006 2165 magis

436 2181 794 2252 requirendus
818 2183 1124 2247 videbatur,
1148 2188 1288 2252 quod
1320 2185 1463 2238 herae
1484 2187 1624 2239 bona
1654 2185 1884 2240 famulus
1909 2187 2005 2240 ad-

433 2272 795 2326 ministrabat.
840 2271 944 2350 Sed
981 2274 1164 2329 hacin
1216 2290 1275 2329 re
1310 2273 1541 2330 Basilius
1588 2286 1642 2331 et
1689 2275 2002 2347 Gregorius,

434 2378 556 2418 cum
583 2362 874 2433 Simplicia:
917 2365 1296 2421 liberalitatem
1344 2368 1444 2422 sibi
1481 2384 1640 2424 nosse
1667 2369 2002 2434 viderentur,

433 2451 734 2521 simplicius
759 2464 1002 2524 egerunt.
1048 2455 1151 2511 Ubi
1184 2457 1234 2512 id
1265 2458 1481 2512 rescivit
1507 2459 1761 2513 iracunda
1789 2459 2002 2524 mulier,

431 2543 586 2600 furiis
637 2545 689 2600 in
736 2543 992 2600 Basilium
1045 2547 1282 2615 incensa,
1330 2551 1584 2604 conviciis
1633 2564 1754 2605 eum
1788 2551 2004 2622 aggredi

429 2638 617 2707 coepit,
682 2638 875 2692 docere
926 2640 1128 2695 audens
1192 2649 1249 2693 ut
1292 2640 1450 2695 olllcii
1510 2642 1689 2696 minus
1747 2642 2002 2710 peritum.

431 2729 736 2797 Quinetiam
793 2731 844 2785 in
897 2745 1018 2786 eum
1077 2733 1339 2801 quosdam
1399 2734 1646 2788 homines
1691 2733 2003 2797 concitavit,

430 2835 568 2890 quos
595 2819 822 2877 Basilius
850 2821 1082 2878 lacertos
1105 2832 1158 2878 et
1205 2827 1421 2880 rubetas
1451 2825 1702 2894 appellat,
1730 2826 1780 2880 id
1805 2835 1912 2891 est,
1947 2835 2007 2880 ut

425 2913 622 2983 conjici
655 2922 832 2983 potest
877 2929 945 2970 ex
976 2916 1059 2970 bis
1095 2932 1214 2987 quae
1250 2925 1570 2987 sequuntur.
1607 2932 1791 2973 servos
1833 2926 1888 2972 et
1912 2931 2006 2972 eu-

430 3007 656 3064 nuchos.
695 3005 846 3061 Hanc
872 3005 1105 3062 Basilius
1139 3022 1247 3061 non
1277 3007 1638 3076 deprecando,
1667 3023 1774 3062 non
1811 3007 2007 3064 blande

419 3097 746 3166 'appellando
769 3098 1176 3189 demulcendam
1200 3113 1320 3155 esse
1345 3100 1498 3154 duxit
1527 3117 1541 3154 :
1573 3099 1676 3189 sed,
1695 3100 2001 3155 vehementi
2029 3129 2072 3189 α

430 3196 590 3239 utens
622 3187 1063 3256 reprehensione,
1095 3189 1446 3255 demonstrat,
1475 3188 1682 3244 etiamsi
1719 3189 1998 3259 pecuniam

435 3289 597 3328 arena
657 3275 929 3345 copiosius
957 3276 1267 3347 profundat,
1305 3280 1418 3334 haec
1453 3295 1616 3349 opera
1661 3279 1798 3348 apud
1829 3279 1997 3335 Deum

429 3367 640 3434 impura
671 3383 814 3423 esse.
852 3368 996 3424 lllius
1021 3371 1374 3426 contumelzas
1411 3371 1628 3427 silentio
1655 3372 1873 3449 premit,
1907 3372 2000 3428 sed

435 3459 684 3512 hortatur
716 3471 773 3515 ut
809 3462 1155 3532 scmetipsam
1191 3465 1256 3518 de
1295 3463 1500 3533 judicio
1543 3465 1723 3520 divino
1753 3479 2000 3520 commo-

427 3558 575 3616 veat,
601 3564 766 3620 seque
788 3552 980 3606 docere
1012 3553 1241 3621 desinat,
1272 3563 1329 3607 ut
1368 3555 1457 3623 qui
1493 3553 1663 3624 plura,
1693 3569 1851 3624 quam
1889 3553 1998 3621 illa,

432 3640 587 3705 sciat,
627 3656 725 3696 nec
757 3642 987 3697 internis
1032 3643 1202 3714 spinis
1233 3651 1342 3698 tam
1372 3643 1681 3708 sull'ocetur,
1711 3658 1811 3698 nec
1847 3642 2002 3699 bonis

429 3736 620 3803 paucis
679 3737 960 3807 decuplam
1031 3738 1292 3793 malitiam
1346 3737 1658 3793 admisceat.
1718 3735 2002 3792 Postremo

431 3827 710 3898 gloriatur,
747 3831 888 3900 quod
923 3830 1025 3885 sibi
1076 3831 1343 3886 reddenda
1375 3829 1444 3882 sit
1481 3829 1618 3883 ratio
1648 3829 1701 3882 in
1730 3828 1822 3883 Dei
1855 3827 2003 3899 judi-

430 3922 536 3987 cio,
571 3919 624 3974 in
676 3937 784 3990 quo
831 3937 934 3976 non
985 3922 1126 3976 servi
1153 3932 1208 3978 et
1235 3920 1466 3976 euuucbi
1497 3929 1663 3976 testes
1695 3928 1878 3986 erunt,
1906 3920 2003 3976 sed

426 4011 556 4081 justi
589 4022 643 4068 et
660 4013 882 4083 perfecti
922 4015 1049 4070 viri.

506 4099 598 4154 Sic
638 4095 949 4169 compressa
992 4102 1057 4155 ad
1117 4111 1324 4169 tempus
1380 4099 1621 4155 mulieris
1665 4097 1946 4154 insolentia
1983 4115 1998 4151 :

431 4195 668 4264 quandiu
709 4195 851 4250 enim
891 4193 1025 4247 vixit
1059 4191 1308 4258 Basilius,
1339 4191 1533 4247 mutire
1575 4204 1680 4244 non
1721 4203 1851 4243 ausa
1891 4196 1994 4242 est.

429 4288 501 4342 At
545 4300 611 4340 eo
641 4293 855 4340 mortuo
884 4284 949 4338 ad
973 4281 1248 4355 ingenium
1277 4282 1454 4348 rediit,
1485 4291 1539 4337 et
1577 4283 1644 4336 ad
1683 4281 2003 4352 Gregorium

426 4391 492 4430 ea
533 4377 599 4429 de
641 4389 697 4430 re
724 4376 966 4444 scripsit,
1009 4375 1407 4445 perltonorilice
1447 4374 1664 4443 quidem
1709 4375 1775 4429 de
1805 4372 2004 4430 Basilio

2111 1910 2299 1974 xisset,
2337 1916 2394 1960 ut
2426 1921 2492 1961 eo
2541 1905 2759 1959 nomine
2813 1902 3021 1973 gratior
3057 1911 3177 1956 erat
3218 1912 3273 1955 et
3325 1901 3560 1964 cbarior,
3613 1901 3691 1955 ita

2109 1999 2370 2069 naufragii
2411 2008 2613 2051 metum
2642 1997 2712 2051 ob
2747 1995 2922 2051 aetatis
2947 1991 3132 2049 ﬂorem
3159 1991 3442 2047 aﬂ'erebat.
3480 1992 3690 2061 Itaque,

2105 2108 2228 2147 cum
2262 2091 2504 2145 audisset
2527 2077 2759 2144 Basilius
2785 2102 2929 2152 eum,
2957 2085 3142 2142 relicto
3169 2086 3444 2140 beatorum
3489 2099 3690 2154 proge-

2108 2188 2346 2240 nitorum
2391 2185 2604 2247 ordine,
2637 2183 2702 2238 ad
2733 2197 2895 2236 avum
2926 2190 3213 2249 paternum
3248 2176 3607 2248 transfugere,
3633 2185 3690 2232 et

2107 2276 2442 2333 Brettanium
2473 2291 2571 2346 pro
2601 2274 2842 2328 Firmino
2869 2273 2982 2327 fieri
3017 2271 3174 2336 velle,
3203 2271 3460 2339 majorem
3493 2271 3546 2324 in
3573 2285 3690 2323 mo—

2107 2371 2235 2424 dum
2263 2369 2529 2426 sollicitus
2572 2366 2696 2420 fuit.
2729 2367 3016 2421 Auxerunt
3045 2363 3456 2420 sollicitudinem
3482 2363 3692 2417 brevis-

2110 2463 2262 2517 simae
2314 2459 2545 2514 Firmini
2591 2459 2805 2523 littera,
2845 2473 2969 2526 qua:
3015 2456 3230 2512 silentio
3283 2470 3382 2510 suo
3423 2454 3687 2526 pudorem

2109 2553 2228 2607 novi
2258 2551 2471 2607 consilii
2505 2551 2836 2606 indicabant.
2875 2547 3077 2604 Scribit
3117 2549 3301 2617 itaque
3333 2547 3400 2601 ad
3447 2561 3589 2612 eum,
3627 2555 3689 2598 ut

2108 2647 2244 2701 nihil
2303 2647 2508 2716 pudore
2565 2646 2784 2716 dignum
2842 2643 3125 2714 suscipiat,
3153 2643 3246 2698 sed
3295 2642 3339 2697 si
3384 2641 3511 2711 quid
3543 2639 3689 2694 illius

2108 2746 2343 2793 mentem
2390 2738 2576 2804 subiit,
2613 2744 2824 2790 mature
2853 2735 3128 2794 emendet.
3157 2748 3218 2788 ac
3260 2732 3419 2803 longo
3440 2730 3557 2786 vale
3582 2731 3687 2784 mi-

2108 2829 2238 2885 lilia;
2295 2840 2350 2884 et
2397 2830 2566 2884 armis
2600 2829 2744 2884 dicto
2803 2829 2857 2882 in
2907 2828 3140 2898 patriam
3195 2825 3400 2891 redeat,
3431 2822 3565 2879 satis
3619 2823 3687 2875 ad

2106 2923 2234 2977 vitae
2273 2922 2623 2977 securitatem
2675 2930 2730 2975 et
2767 2920 2835 2974 ad
2868 2934 3081 2973 omnem
3126 2916 3466 2988 splendorem
3497 2914 3687 2970 existi-

2108 3029 2286 3081 triens,
2321 3013 2478 3080 urbi,
2510 3013 2698 3068 itidem
2748 3024 2808 3068 ut
2835 3012 3089 3082 majores,
3132 3024 3368 3080 przecsse
3415 3025 3431 3062 :
3462 3008 3517 3060 id
3545 3007 3687 3078 quod

2107 3105 2220 3171 tibi,
2264 3104 2463 3174 inquit.
2519 3105 2650 3158 citra
2689 3105 2922 3160 laborem
2968 3102 3307 3157 obventurum
3349 3097 3686 3166 conﬁdimus,

2107 3200 2437 3269 respicientes
2491 3209 2601 3253 tum
2643 3202 2713 3254 ad
2757 3201 2972 3254 idoneas
3021 3208 3224 3253 natura
3262 3199 3428 3261 dotes,
3478 3206 3587 3248 tum
3615 3196 3688 3247 ad

2102 3292 2505 3360 competitorum
2560 3291 2902 3359 paucitatem.
2947 3289 3226 3345 Postrema
3267 3285 3429 3340 verba
3477 3294 3689 3354 tempus

2104 3383 2348 3437 indicant
2376 3382 2654 3451 epistolae;
2686 3398 2808 3436 cum
2851 3383 2995 3437 enim
3032 3381 3275 3451 plerique
3311 3377 3682 3447 magistratus,

2103 3483 2198 3529 aut
2236 3474 2343 3527 alio
2385 3473 2532 3527 inviti
2575 3483 2756 3532 essent
2789 3474 3053 3539 translati,
3079 3482 3173 3526 aut
3203 3481 3395 3540 sponte
3435 3469 3685 3523 Caesarea

2104 3564 2516 3627 abscessissent,
2558 3565 2609 3617 id
2656 3567 2799 3635 quod
2839 3580 2982 3619 anno
3030 3563 3136 3618 372
3166 3561 3390 3622 factum,
3433 3576 3540 3616 non
3567 3570 3688 3615 erat

2103 3673 2201 3711 cur
2252 3656 2638 3726 competitores
2684 3667 2952 3712 metueret
2999 3655 3297 3711 Firminus.
3354 3654 3534 3720 Quare
3577 3667 3683 3706 non

2105 3749 2273 3803 multo
2306 3758 2429 3819 post
2469 3748 2828 3818 Cappadocia:
2873 3749 3191 3804 divisionem
3232 3745 3434 3814 scripta
3471 3742 3686 3797 videtur

2105 3844 2221 3898 haec
2243 3839 2492 3910 epistola.

2176 3933 2422 4000 Sequens
2455 3927 2686 4000 epistola
2732 3941 2837 3981 non
2875 3934 2958 3981 est
3007 3925 3236 3995 Basilii,
3283 3927 3377 3983 sed
3431 3924 3686 3989 Firmini,

2036 4064 2037 4067 η
2105 4025 2198 4095 qui
2235 4032 2516 4094 peccatum
2565 4021 2817 4090 ingenue
2852 4017 3075 4084 fatetur,
3111 4029 3167 4073 et
3213 4019 3412 4074 Basilio
3470 4019 3682 4089 gratias

2107 4116 2256 4186 agit,
2289 4115 2429 4183 quod
2472 4129 2530 4167 se
2557 4152 2572 4177 ,
2605 4121 2663 4165 ut
2709 4125 2805 4180 par
2837 4118 2986 4178 erat,
3016 4112 3404 4166 admonuisset.
3441 4109 3685 4166 Celerem

2107 4205 2481 4261 dimissionem
2533 4200 2812 4272 Sperabat,
2864 4213 2963 4252 nec
3001 4200 3296 4269 quidquam
3331 4202 3398 4253 ad
3432 4213 3550 4252 eam
3580 4198 3683 4252 im-

2106 4293 2422 4364 petrandam
2464 4290 2770 4345 omittebat.
2809 4286 2916 4342 Sed
2950 4296 3132 4342 tamen
3174 4287 3415 4342 declarat
3459 4301 3518 4340 se
3575 4301 3684 4340 non

2109 4383 2315 4439 idcirco
2351 4382 2718 4436 discessurum
2747 4392 2777 4430 a
2807 4377 3128 4446 preposito,
3146 4377 3362 4432 etiamsi
3415 4374 3550 4430 nihil
3591 4375 3687 4428 im-

426 4467 675 4536 quuens,
709 4466 801 4522 sed
832 4475 1008 4519 tamen
1037 4467 1386 4520 vehementer
1416 4467 1768 4532 contendens,
1801 4476 1859 4521 ut
1883 4480 2000 4522 ser-
2035 4483 2080 4539 D
2109 4479 2286 4542 pen-et
2310 4470 2379 4524 ab
2405 4465 3118 4540 imperatore._Persuasum
3163 4468 3307 4522 enim
3334 4467 3438 4521 sibi
3465 4480 3590 4521 esse
3621 4465 3676 4518 in

427 4557 479 4610 vi
508 4556 776 4611 ordinatio
805 4555 1197 4624 antiquaretur.
1238 4555 1537 4610 Minabatur
1561 4555 1840 4611 saecularia
1860 4553 2006 4624 judi-

427 4648 638 4711 cia;’et
685 4651 778 4719 qui
836 4657 1226 4703 consenserant
1263 4649 1609 4715 ordiuatioui,
1656 4649 1926 4716 negabant
1947 4661 2004 4702 se

430 4742 793 4808 consensisse,
857 4751 914 4793 ut
974 4739 1184 4795 mulieri
1220 4751 1647 4796 asseutarentur.
1696 4739 2006 4809 Respondet

426 4833 478 4888 ei
512 4833 801 4903 Gregorius
827 4832 899 4903 (b)
937 4833 1104 4887 multo
1144 4831 1314 4886 lenius
1355 4847 1515 4901 quam
1540 4832 1827 4901 scripserat
1859 4831 2004 4885 Basi-

430 4923 554 4977 lius.
589 4922 760 4994 Rogat
791 4933 989 4992 utqum
1019 4923 1184 4977 Deum
1215 4923 1406 4991 Opibus
1433 4923 1544 4977 suis
1570 4921 1797 4988 colebat,
1818 4921 2002 4976 Eccle-

429 5015 564 5068 siam
598 5012 899 5076 sacerdote,
925 5012 1318 5082 prctiosissimo
1351 5011 1595 5078 denario,
1628 5028 1731 5066 non
1770 5012 2005 5081 spoliet;

428 5106 596 5161 multo
635 5105 754 5176 plus
785 5105 958 5160 laudis
998 5122 1151 5174 nunc,
1187 5105 1512 5170 habituram,
1555 5105 1600 5159 si
1635 5107 1793 5160 rebus
1818 5121 1879 5160 ea
1919 5107 2003 5160 in-

430 5197 672 5253 consulta
717 5196 883 5266 gestis
934 5197 1264 5260 consentiat,
1319 5212 1478 5265 quam
1532 5198 1575 5252 si
1603 5207 1761 5251 antea
1810 5207 1993 5268 rogata

431 5289 810 5347 consensisset.
874 5287 1128 5343 Hortatur
1193 5297 1250 5343 ut
1301 5289 1637 5358 suspiciones
1690 5290 1884 5361 fugiat,
1945 5301 2003 5348 et

429 5384 574 5454 quod
615 5382 892 5438 dicebatur
939 5382 1062 5436 odio
1121 5382 1242 5436 fidei
1289 5382 1565 5438 catholicae
1616 5386 1729 5437 haec
1787 5382 1993 5448 facere,

430 5475 572 5529 hunc
606 5486 877 5526 rumorem
924 5471 1213 5541 propulset.
1253 5469 1401 5536 Quod
1435 5473 1483 5526 si
1510 5473 1642 5541 petit
1667 5481 1725 5527 ul.
1756 5474 1990 5529 rationes

431 5564 619 5618 reddat
647 5561 896 5628 famulus,
918 5561 1209 5617 asseutitur
1231 5559 1523 5633 Gregorius
1551 5572 1607 5619 ut
1629 5579 1780 5634 aequa
1808 5574 1992 5636 postu-

508 5742 580 5815 (α)
610 5741 740 5800 Nar.
774 5758 860 5814 ep.
894 5742 985 5802 58.

2111 4561 2376 4632 ejusmodi
2404 4562 2564 4616 rebus
2588 4559 2856 4629 potiorem
2895 4559 3057 4629 regiis
3097 4557 3366 4611 mandatis
3415 4571 3536 4612 esse
3585 4569 3686 4609 vo-

2112 4652 2396 4714 luntatem,
2432 4664 2590 4720 quam
2617 4648 2663 4702 si
2695 4647 3031 4700 immutatam
3071 4654 3118 4698 et
3147 4646 3439 4708 immotam,
3487 4643 3687 4710 inquit,

2111 4763 2144 4799 a
2165 4745 2432 4814 proposito
2457 4743 2575 4796 vim:
2613 4739 2862 4809 perfecta:
2907 4737 3194 4793 exhibuero
3215 4777 3230 4801 ,
3262 4734 3687 4806 inexpugnabilis

2113 4837 2260 4890 nobis
2284 4844 2331 4889 et
2357 4833 2678 4888 inviolabilis
2705 4830 2802 4884 Dei
2821 4831 3024 4884 auxilio
3047 4832 3144 4884 erit
3168 4829 3484 4898 virginitatis
3506 4835 3686 4880 custo-

2112 4926 2223 4979 dia.
2272 4925 2760 4980 Commendaverat
2793 4925 2842 4977 ei
2891 4924 3120 4992 aliquem
3158 4921 3410 4983 Basilius,
3446 4933 3606 4988 quem
3633 4925 3688 4971 et

2112 5017 2346 5071 libenter
2372 5031 2403 5069 a
2434 5031 2491 5069 se
2510 5025 2792 5083 exceptum
2822 5025 2876 5070 et
2902 4998 3201 5070 amicorum
3248 5026 3472 5067 numero
3519 5011 3688 5065 ascri-

2110 5117 2262 5177 ptum
2293 5105 2463 5160 fuisse
2504 5117 2754 5160 testatur.

2183 5198 2317 5253 Cum
2348 5198 2608 5252 Basilium
2668 5198 2918 5253 inriserit
2963 5198 3186 5252 Joviuus
3235 5197 3522 5266 episcopus
3554 5196 3690 5249 Pei-

2110 5293 2221 5342 rha:
2252 5330 2267 5353 ,
2318 5303 2462 5343 anno
2512 5288 2662 5354 373,
2714 5289 2874 5359 paulo
2928 5299 3046 5358 post
3100 5289 3305 5344 Pascha
3340 5328 3354 5352 ,
3412 5286 3642 5357 epistola
3672 5330 3687 5351 ,

2109 5396 2214 5448 qua
2273 5396 2395 5435 eum
2455 5381 2690 5437 Basilius
2745 5390 2900 5452 urget
2935 5392 2994 5435 ut
3031 5383 3096 5435 ad
3143 5397 3204 5436 se
3269 5382 3491 5447 veniat,
3543 5394 3689 5432 anno

2108 5473 2214 5527 372
2265 5485 2538 5541 exeunte,
2610 5483 2703 5530 aut
2767 5475 2987 5532 ineunte
3043 5473 3194 5542 373,
3250 5474 3463 5529 videtur
3517 5471 3687 5528 eoilo-

2109 5567 2300 5622 canda.

2182 5746 2258 5821 (b)
2279 5749 2412 5809 Ibld.
