4040 6216
1717 376 1879 433 ἮΤΑ
1912 374 1970 431 S.
2009 371 2283 429 BASILII.

3516 392 3608 434 Cll!

448 496 576 554 Vill.
598 496 796 553 Basilio
828 499 893 550 ad
929 496 1295 566 episcopatum
1320 494 1708 550 Caesariensem
1738 504 1928 549 evecto
1968 496 2014 552 Δ
2042 494 2280 561 insignes
2307 488 2676 559 injurias,non
2707 498 2815 546 tam
2846 491 3076 546 calidum
3102 491 3243 547 illius
3263 492 3601 548 defensorem

368 593 515 647 dedit
548 589 859 645 Eustathius
896 587 1228 643 Sebastenus
1255 586 1331 655 (a)
1367 586 1503 640 duos
1533 602 1599 641 ex
1635 587 1750 641 suis
1779 598 1934 640 asce-

371 683 463 744 tis,
488 681 588 734 sub
614 678 793 745 specie
825 677 1012 730 auxilii
1060 685 1113 730 et
1142 675 1330 728 amicae
1376 675 1794 740 communionis,
1850 689 1937 728 re-

367 788 498 825 vera
532 781 593 825 ut
616 772 761 824 illius
790 772 1035 823 actiones
1060 766 1430 822 observarent.
1452 764 1659 821 Horum
1694 766 1938 830 nomina,

368 863 604 917 Basilius
632 875 686 916 et
721 861 1086 929 Sophronius.
1120 860 1182 913 Hi
1220 861 1516 915 manebant
1542 860 1594 912 in
1624 858 1783 912 domo
1836 857 1943 911 Ba-

368 956 475 1010 silii
512 964 566 1008 et
601 953 886 1008 candidam
922 953 1067 1007 illam
1098 954 1331 1006 animam
1360 951 1625 1005 simulatis
1661 949 1943 1005 charitatis

370 1046 717 1102 sermonibus
759 1045 1032 1100 ludebant.
1061 1044 1302 1097 Primum
1335 1042 1561 1097 Basilius
1587 1042 1657 1096 ob
1690 1041 1938 1094 decoram

369 1136 592 1206 pietatis
638 1134 829 1202 pellem
870 1135 993 1188 vitae
1023 1149 1133 1188 sua:
1166 1131 1474 1202 praesidium
1505 1145 1627 1185 esse
1652 1131 1879 1185 ducebat
1921 1146 1937 1195 ;

373 1227 601 1281 alterum
633 1225 800 1279 ﬁlium
833 1224 1071 1292 appellat
1099 1224 1152 1277 in
1177 1223 1400 1292 epistola
1432 1222 1558 1277 105.
1586 1222 1692 1277 Sed
1726 1232 1784 1276 ut
1819 1222 1941 1275 ficta

372 1318 555 1371 omnia
600 1317 779 1371 serius
828 1317 981 1369 ocius
1014 1316 1204 1370 nudari
1242 1316 1443 1379 solent,
1474 1317 1689 1369 tandem
1720 1329 1750 1369 e
1783 1316 1943 1371 domo

369 1406 551 1461 Basilii
588 1421 907 1476 prorupere,
930 1421 1095 1475 seque
1119 1408 1380 1461 hactenus
1407 1409 1722 1461 immensam
1745 1422 1940 1477 qnam-

373 1498 495 1550 dam
525 1496 631 1551 doli
660 1496 1048 1550 etacerbitatis
1097 1497 1403 1564 voraginem
1440 1497 1743 1552 occultasse
1771 1538 1786 1563 ,
1842 1500 1946 1551 hac

371 1586 619 1640 illiberali
651 1586 772 1657 fuga
799 1588 1174 1642 ostenderunt.
1204 1588 1322 1642 Non
1355 1590 1516 1643 audet
1543 1604 1812 1656 exponere
1838 1588 1947 1641 Ba-

370 1678 524 1733 silius
556 1694 692 1749 quas
741 1680 810 1734 ab
861 1682 1062 1734 eximio
1093 1679 1295 1734 Basilio
1326 1681 1683 1735 contumelias
1717 1696 1938 1749 accepe-

370 1771 445 1825 rit
481 1790 497 1825 :
526 1772 629 1826 sibi
656 1781 836 1826 autem
865 1771 1036 1826 aliicta
1079 1788 1108 1826 a
1139 1771 1449 1842 Sophronio
1478 1773 1706 1827 crimina
1732 1788 1796 1828 eo
1822 1787 1946 1842 spe-

370 1872 520 1918 ctare
555 1864 706 1929 dicit,
741 1873 797 1917 ut
846 1862 1161 1918 Eustathius
1204 1880 1233 1917 a
1273 1880 1332 1919 se
1379 1863 1737 1919 abalienetur.
1768 1864 1945 1919 Testis

370 1954 474 2010 fuit
500 1954 660 2023 hujus
690 1955 930 2024 perﬁdiae
980 1963 1091 2010 tota
1132 1956 1326 2011 civitas
1353 1994 1371 2021 ,
1414 1971 1748 2027 magnusque
1802 1956 1946 2011 risus

371 2048 581 2101 exstitit
623 2061 809 2100 eorum
838 2085 857 2113 ,
887 2048 979 2115 qui
1012 2047 1152 2116 piam
1181 2048 1344 2101 vitam
1372 2046 1643 2115 oderant,
1689 2064 1787 2102 nec
1832 2048 1944 2118 jam

373 2136 663 2206 quidquam
698 2139 864 2208 magis
911 2149 1218 2208 suspectum
1251 2149 1387 2206 erat,
1420 2156 1581 2210 quam
1628 2141 1751 2196 vitae
1801 2157 1949 2197 asce-

375 2231 495 2284 tica:
518 2229 805 2299 professio.

440 2321 641 2376 Basilio
676 2321 752 2392 (b)
789 2330 997 2376 tantum
1023 2322 1260 2378 dolorem
1284 2324 1480 2378 inussit
1509 2315 1947 2399 eorum,‘qui.bus

372 2415 609 2467 maxime
646 2414 880 2478 fidebat,
910 2415 1242 2483 deprehensa
1296 2416 1614 2483 improbitas
1646 2456 1662 2479 ,
1696 2425 1756 2470 ut
1806 2431 1947 2486 pene

371 2519 562 2560 omnes
588 2505 841 2560 homines
872 2505 921 2561 ei
972 2506 1027 2560 in
1079 2507 1441 2576 suspicionem
1498 2507 1764 2561 venirent.
1799 2506 1941 2561 Nihil

375 2612 555 2651 tamen
594 2597 661 2651 de
686 2597 970 2652 Eustathio
1001 2608 1128 2653 tunc
1157 2600 1462 2669 suspicatus
1491 2600 1728 2667 videtur,
1752 2615 1949 2671 quam-

376 2687 455 2741 vis
486 2687 599 2757 ipse
628 2686 746 2743 fons
780 2698 923 2743 esset
949 2698 1003 2744 et
1041 2700 1202 2758 caput
1236 2690 1402 2746 totius
1428 2692 1590 2755 mali;
1623 2693 1718 2746 sed
1742 2693 1948 2749 veritus

375 2791 445 2831 ne
472 2778 617 2833 illius
648 2794 679 2832 a
732 2794 790 2833 se
828 2780 1066 2833 animum
1102 2780 1403 2836 alienarent
1452 2782 1731 2851 discipuli,
1766 2795 1820 2837 et
1880 2784 1949 2839 ad

375 2868 742 2925 defensionem
768 2885 981 2935 eorum,
1024 2887 1141 2940 quae
1172 2873 1412 2941 improbe
1443 2874 1707 2940 fecerant,
1740 2874 1947 2929 calum-

376 2960 497 3015 nias
545 2962 911 3027 adornarent;
965 2963 1113 3017 misit
1151 2962 1454 3018 Sebastiam
1493 2964 1720 3020 fratrem
1792 2982 1949 3022 suum

373 3051 618 3118 Petrum,
656 3064 717 3107 ut
751 3055 963 3124 singula
1003 3064 1252 3110 narraret
1278 3055 1588 3125 Eustathio,
1617 3058 1776 3128 eique
1808 3060 1949 3114 scri-

375 3143 488 3213 psit
539 3143 807 3213 insignem
860 3144 1128 3213 -omnibus
1180 3145 1465 3200 charitatis
1536 3147 1680 3201 notis
1743 3149 1950 3216 episto-

378 3231 487 3286 lam
517 3273 534 3297 ,
570 3248 768 3302 rogans
826 3241 881 3286 ut
936 3248 1033 3302 pro
1073 3248 1170 3288 sua
1211 3233 1501 3303 prudentia
1553 3236 1754 3305 cogitet
1810 3251 1945 3305 quo-

394 3323 558 3377 modo
604 3324 845 3379 curanda
917 3327 1026 3379 sint
1083 3340 1203 3395 quae
1253 3326 1498 3395 discipuli
1548 3337 1948 3396 peccaverant,

375 3425 443 3469 ac
499 3415 770 3469 charitate
824 3430 922 3470 sua
982 3418 1246 3485 astringat
1307 3418 1489 3485 potius
1549 3432 1673 3487 qua:
1735 3419 1948 3491 disiun-

376 3514 467 3560 cta
505 3514 681 3575 sunt,
732 3521 895 3576 quam
951 3523 1073 3562 cum
1128 3509 1234 3563 illis
1288 3510 1356 3564 ad
1404 3508 1683 3564 dissidium
1735 3510 1951 3566 incuru-

376 3596 493 3652 bat.

449 3688 741 3743 Existimat
766 3689 1143 3748 Tillemontius
1166 3692 1300 3749 duos
1324 3693 1444 3751 illos
1470 3704 1708 3764 ascetas,
1756 3698 1949 3754 saltem

378 3794 501 3833 eum
532 3782 624 3850 qui
659 3780 893 3837 Basilius
919 3785 1235 3849 vocabatur,
1268 3796 1423 3857 turpe
1466 3788 1669 3856 aliquid
1699 3800 1755 3844 et
1792 3791 1949 3861 igno-

381 3872 670 3927 miniosum
707 3875 1067 3942 commisisse,
1110 3886 1396 3947 antequam
1428 3879 1612 3935 Basilii
1641 3882 1801 3936 domo
1855 3898 1953 3936 au-

378 3961 647 4032 fugerent.
676 3964 749 4020 At
782 3980 1121 4037 nequaquam
1147 3968 1200 4023 id
1226 3970 1497 4039 colligitur
1526 3986 1592 4025 ex
1625 3971 1799 4026 sancti
1845 3972 1954 4025 Ba-

379 4050 484 4103 silii
507 4053 746 4120 querelis
774 4094 791 4120 ,
827 4056 918 4123 qui
946 4057 1054 4111 duo
1086 4066 1296 4111 tantum
1323 4060 1402 4112 eis
1427 4060 1740 4129 exprobrat,
1769 4060 1953 4132 fugam

378 4144 719 4213 illiberalem,
755 4162 822 4201 ex
872 4163 975 4217 qua
1024 4150 1240 4218 patebat
1273 4166 1369 4205 eos
1393 4154 1652 4207 hactenus
1679 4153 1826 4206 vultu
1859 4154 1941 4205 hi-

378 4235 484 4289 lari
523 4254 586 4290 ac
610 4238 881 4292 simulatis
918 4239 1211 4295 dilectionis
1257 4244 1584 4297 sermonibus
1632 4243 1952 4297 immensam

378 4329 660 4395 quamdam
690 4330 799 4382 doli
820 4339 868 4383 et
883 4331 1186 4385 acerbitatis
1224 4335 1521 4401 voraginem
1561 4334 1736 4388 animo
1773 4334 1953 4387 occul-

381 4428 538 4482 tasse,
565 4426 621 4470 et
659 4420 1020 4474 contumelias
1069 4421 1171 4474 sibi
1205 4421 1378 4476 factas
1403 4437 1432 4476 a
1461 4422 1685 4489 Basilio,
1723 4425 1951 4479 crimina

2042 583 2230 638 fuisse.
2266 582 2444 648 Quare
2490 582 2763 637 immerito
2812 584 3189 640 Tillemontius
3216 585 3328 640 haec
3362 585 3610 639 evenisse

2043 685 2199 743 putat
2239 675 2393 729 initio
2433 677 2558 729 anni
2592 676 2729 741 572,
2773 684 2901 730 ante
2924 684 3198 731 strenuam
3235 677 3379 731 illam
3413 678 3605 732 Eusta-

2045 767 2143 821 thii
2163 782 2336 821 causa:
2357 765 2743 831 defensionem,
2779 783 2936 836 quam
2960 768 3189 823 Basilius
3210 784 3391 824 coram
3422 769 3479 823 S.
3499 768 3611 824 Me—

2044 859 2174 913 letio
2223 868 2277 911 et
2328 858 2560 914 Diodoro
2621 861 3235 930 presbyteroadversus
3275 862 3608 917 Theodotum

2045 952 2320 1021 suscepit;
2347 967 2468 1005 cum
2504 951 2708 1005 diceret
2754 952 2825 1023 (c)
2856 969 3163 1021 persuasum
3198 953 3297 1007 sibi
3335 970 3446 1008 esse
3480 971 3608 1009 con-

2037 1044 2301 1117 jecturam
2330 1044 2544 1111 facienti
2580 1060 2643 1097 ea:
2687 1045 2886 1113 reliqua
2932 1047 3028 1098 viri
3064 1047 3358 1100 constantia
3386 1088 3401 1114 ,
3435 1049 3609 1117 ipsum

2045 1140 2189 1189 haud
2226 1137 2299 1189 ita
2330 1137 2511 1190 leviter
2535 1138 2589 1191 in
2618 1139 2883 1190 contraria
2906 1138 3256 1207 circumferri,
3287 1155 3448 1209 neque
3475 1156 3611 1193 nunc

2044 1227 2253 1295 quidem
2295 1227 2556 1294 conﬁteri,
2585 1243 2721 1279 nunc
2750 1242 2868 1279 vero
2910 1242 3097 1295 negare
3121 1244 3238 1296 qua:
3275 1228 3496 1293 dixerit;
3523 1229 3616 1281 Ita-

2046 1317 2238 1370 minem
2272 1319 2605 1371 mendacium
2655 1320 2707 1370 in
2750 1318 2901 1371 rebus
2951 1319 3214 1385 minimis,
3265 1330 3318 1371 ut
3366 1321 3615 1374 horribile

2045 1406 2331 1472 quiddam,
2381 1416 2703 1460 aversantem
2738 1426 2757 1473 ,'
2807 1412 2995 1461 nedum
3034 1409 3087 1461 in
3141 1410 3290 1462 rebus
3331 1411 3463 1462 tanti
3505 1426 3616 1464 mo-

2046 1496 2205 1548 menti
2236 1513 2296 1549 ac
2324 1497 2395 1549 ita
2416 1499 2646 1551 omnium
2676 1498 2821 1567 fama
2851 1500 3125 1553 celebratis
3151 1501 3361 1554 veritati
3385 1517 3614 1571 unquam

2048 1588 2315 1641 adversari
2345 1589 2487 1643 velit.

2592 1702 2818 1759 CAPUT
2868 1704 3057 1760 XXVI.

1980 1834 2025 1890 Β
2048 1810 2088 1865 1.
2117 1812 2490 1890 Sanctissimns
2529 1818 2795 1890 presbyter
2830 1817 3076 1890 Cmsarea
3119 1823 3333 1876 transit.
3365 1821 3470 1875 Per
3499 1838 3617 1876 eum

2123 1886 2228 1957 agit
2272 1883 2499 1937 Basilius
2544 1889 2607 1939 de
2641 1883 2896 1957 legatione
2956 1887 3173 1942 Romam
3212 1894 3483 1947 mittenda.
3546 1892 3611 1946 ΙΙ.

2121 1950 2793 2025 ζξςιτιέιιιεγονάίηιιιαῖαἱ)
2840 1957 3088 2025 ΑιιιΙιὶιηο
3137 1970 3321 2014 contra
3365 1977 3612 2016 canones.

2122 2021 2702 2095 ll_l.ABusili0'gxsilium
2728 2021 2982 2081 imminet.
3026 2028 3363 2095 Ejuslitterm
3402 2032 3469 2083 ad
3509 2030 3614 2084 Ur-

2124 2092 2315 2143 bicium
2364 2103 2412 2145 et
2457 2092 2804 2149 Theodorum.
2858 2095 2945 2150 IV.
2983 2092 3095 2149 lter
3125 2098 3316 2151 Basilii
3344 2102 3399 2152 in
3429 2100 3615 2154 Arme-

2123 2162 2292 2236 niam.
2339 2161 2403 2214 V.
2454 2163 2701 2236 Δίῳ-ῥίνῃ
2756 2166 3031 2219 calumniis
3080 2171 3273 2236 appetit
3331 2169 3612 2224 Basiliam.

2122 2228 2241 2295 Ipse
2278 2234 2490 2286 hccresis
2523 2232 2837 2287 Sabelliana:
2868 2228 3168 2290 accusatur.
3193 2238 3275 2291 Vl.
3298 2238 3452 2291 Hunc
3477 2239 3618 2293 Neo-

2122 2300 2481 2354 cresariensem
2508 2305 2799 2372 episcopum
2841 2304 3003 2373 fuisse
3026 2306 3327 2371 ostenditur

2121 2406 2163 2462 1.
2200 2410 2358 2464 Αηηο
2388 2409 2512 2474 575.
2552 2427 2672 2466 cum
2702 2414 2993 2469 vehemens
3036 2430 3098 2471 ac
3133 2416 3288 2487 longa
3318 2418 3491 2473 hiems
3517 2420 3616 2474 ad-

2053 2500 2157 2555 huc
2212 2503 2427 2559 saeviret
2458 2543 2474 2568 ,
2532 2502 2917 2564 Sanctissimus
2958 2507 3223 2563 Ecclesiae
3270 2510 3618 2566 Antiochense

2051 2592 2331 2661 presbyter
2377 2593 2604 2648 contulit
2656 2611 2714 2650 se
2757 2597 2821 2650 ad
2876 2597 2938 2651 S.
2966 2597 3236 2654 Meletium
3272 2598 3325 2654 in
3357 2599 3613 2656 Armenia

2052 2682 2414 2741 exsulantem.
2446 2684 2695 2739 Caesarea
2738 2685 2813 2756 (d)
2849 2688 3117 2742 transiens
3157 2704 3278 2743 cum
3322 2690 3521 2746 Basilio
3548 2692 3614 2746 de

2054 2772 2216 2828 rebus
2245 2774 2482 2829 Orientis
2506 2791 2569 2829 ac
2603 2776 2669 2830 de
2701 2777 3048 2845 paciﬁcandis
3087 2780 3341 2836 Eeclesiis
3370 2798 3616 2837 commu-

2054 2866 2275 2919 nicavit.
2307 2866 2501 2922 Allata:
2522 2869 2687 2922 etiam
2718 2869 2924 2923 Basilio
2954 2871 3171 2925 fuerunt
3209 2882 3330 2929 ante
3356 2873 3497 2929 illius
3520 2878 3619 2932 ad-

2054 2964 2270 3009 ventum
2294 2998 2310 3023 ,
2352 2957 2436 3012 vel
2493 2957 2635 3012 lorte
2665 2959 2830 3012 etiam
2869 2975 2967 3028 per
3001 2960 3173 3030 ipsum
3205 2962 3617 3033 Sanctissimum

2053 3045 2247 3101 littera:
2268 3046 2326 3101 S.
2351 3047 2569 3103 Eusebii
2604 3049 3031 3119 Samosatensis,
3061 3053 3150 3123 qui
3183 3053 3523 3125 hortabatur,
3556 3065 3615 3113 ut

2055 3137 2247 3191 iterum
2296 3139 2349 3192 in
2380 3138 2732 3196 Occidentem
2778 3143 2843 3197 de
2894 3145 3059 3198 certis
3090 3146 3411 3213 quibusdam
3444 3149 3617 3203 eccle-

2054 3229 2291 3283 siasticis
2313 3229 2475 3285 rebus
2501 3232 2855 3298 scriberetur,
2889 3248 2953 3289 ac
2979 3234 3237 3289 Basiliam
3274 3239 3519 3308 rogabat,
3559 3249 3618 3294 ut

2053 3321 2336 3391 epistolam
2366 3323 2480 3391 ipse
2506 3324 2791 3389 scriberet,
2812 3340 3105 3397 omnesque
3128 3329 3621 3386 communicatores

2054 3409 2473 3463 subscriberent.
2526 3408 2631 3465 Sed
2667 3410 2899 3467 Basilius
2924 3454 2939 3481 ,
2971 3430 3092 3469 cum
3128 3417 3306 3473 minus
3332 3421 3620 3487 reperiret,

2054 3501 2321 3569 quomodo
2357 3501 2441 3557 his
2470 3500 2537 3557 de
2584 3504 2746 3559 rebus
2800 3506 3119 3573 dissereret,
3148 3514 3620 3578 commentarium,

2054 3594 2197 3662 quod
2238 3595 2536 3650 Samosatis
2581 3597 2802 3651 missum
2840 3597 3059 3665 fuerat,
3094 3602 3241 3656 misit
3271 3604 3337 3657 ad
3364 3603 3422 3659 S.
3452 3604 3619 3660 Mele-

2056 3687 2215 3751 tium,
2243 3686 2418 3742 oblata
2466 3687 2721 3742 facultate
2758 3688 3130 3757 Sanctissimi,
3165 3708 3394 3764 eumque
3442 3706 3615 3766 rogat,

2056 3788 2115 3832 ut
2168 3780 2277 3848 ipse
2309 3779 2392 3834 his
2423 3780 2488 3835 de
2524 3782 2684 3836 rebus
2715 3783 2966 3848 scribat,
2996 3799 3275 3839 assensum
3330 3787 3617 3855 pollicetur

2056 3885 2121 3924 ac
2154 3886 2303 3924 suam
2335 3872 2496 3927 etiam
2550 3888 2771 3943 operam
2798 3914 2813 3940 ,
2847 3884 2904 3928 ut
2943 3877 3205 3945 scriptum
3235 3879 3300 3932 ad
3324 3881 3622 3934 communi-

2057 3972 2273 4018 catores
2301 3963 2553 4018 celeriter
2582 3964 2910 4034 perferatur,
2946 3967 3017 4021 ita
3063 3977 3124 4022 ut
3166 3969 3212 4024 is
3243 3969 3332 4039 qui
3366 3969 3417 4024 in
3464 3970 3623 4027 Occi-

2057 4057 2270 4108 dentem
2305 4056 2477 4111 iturus
2502 4065 2629 4126 est,
2674 4072 2793 4112 cum
2839 4059 3081 4113 omnium
3135 4062 3624 4133 subscriptionibus

2057 4143 2328 4210 proficisci
2356 4146 2543 4212 possit.

2130 4231 2415 4302 Presbyter
2440 4234 2528 4291 ille
2550 4232 2943 4290 Sanctissimus
3004 4234 3145 4294 idem
3203 4242 3439 4295 studium
3481 4260 3624 4297 anno

2058 4322 2164 4377 575
2194 4334 2255 4378 et
2298 4324 2428 4389 576,
2455 4326 2505 4379 in
2540 4326 2854 4395 colligendis
2874 4330 3245 4400 episcoporum
3272 4336 3623 4405 subscriplio—

2058 4415 2217 4469 nibus
2234 4417 2499 4481 adhibuit,
2514 4418 2604 4471 sed
2626 4418 2860 4473 feliciore
2873 4436 3147 4477 successu.
3167 4425 3254 4478 Bis
3272 4427 3410 4479 enim
3430 4428 3625 4481 missus

384 4526 414 4564 a
442 4512 751 4580 Sophronio
779 4510 975 4566 aﬂicta.
1008 4511 1230 4566 Occulta
1279 4527 1408 4583 ergo
1430 4522 1546 4568 erat
1575 4514 1790 4571 illorum
1825 4526 1954 4571 ante
1986 4522 2032 4578 ι)
2062 4517 2145 4563 est
2184 4510 2235 4562 in
2264 4507 2612 4564 Occidentem
2644 4526 2766 4563 cum
2799 4511 3154 4568 Orientalium
3184 4516 3401 4582 litteris,
3432 4533 3625 4587 nempe

384 4602 704 4657 illiberalem
728 4602 911 4672 fugam
939 4605 1278 4673 improbitas.

453 4695 571 4749 Non
595 4695 833 4749 dissiluit
868 4695 972 4750 hoc
999 4707 1191 4751 eventu
1221 4697 1483 4753 Basilium
1514 4698 1655 4752 inter
1680 4706 1735 4752 et
1759 4697 1961 4753 Eusta-

383 4788 553 4841 thium
581 4789 847 4853 amicitia,
876 4790 972 4843 sed
1013 4797 1188 4844 tamen
1220 4790 1554 4859 aliquantum
1585 4790 1840 4856 refrixit;
1877 4790 1959 4843 id-

382 4896 488 4949 que
508 4881 767 4951 colligere
792 4892 876 4937 est
906 4896 973 4937 ex
1001 4882 1224 4951 epistola
1251 4882 1380 4949 225,
1412 4883 1500 4937 ubi
1527 4883 1776 4948 Basilius,
1808 4892 1960 4952 post-

383 4988 543 5039 quam
573 4983 852 5042 acceptum
888 4988 954 5028 ex
1003 4973 1395 5043 speculatorum
1431 4974 1652 5043 perﬁdia
1711 4974 1953 5028 dolorem

382 5062 679 5127 enarravit,
710 5063 826 5117 haec
866 5063 1015 5117 addit
1049 5081 1065 5115 :
1101 5062 1203 5116 Sed
1238 5075 1408 5116 tamen
1447 5063 1717 5117 videbatur
1738 5065 1947 5117 interim

384 5156 562 5225 aliqua
595 5157 744 5210 nobis
790 5156 961 5209 inesse
1006 5156 1199 5224 species
1234 5155 1628 5208 consuetudinis
1654 5171 1773 5208 cum
1811 5155 1944 5219 illis,

384 5258 534 5316 atque
558 5248 721 5301 etiam
751 5247 1131 5314 disputationes
1148 5246 1342 5300 habita:
1364 5247 1500 5299 inter
1526 5263 1618 5300 nos
1640 5246 1703 5300 de
1728 5247 1954 5317 dogma-

386 5340 522 5393 tibus
560 5339 716 5392 semel
759 5347 805 5390 et
836 5339 1055 5402 iterum,
1101 5353 1163 5389 ac
1190 5339 1287 5392 visi
1325 5354 1503 5391 sumus
1535 5338 1671 5390 inter
1705 5355 1798 5392 nos
1846 5355 1949 5392 non

380 5447 615 5501 pugnare
638 5472 654 5495 ,
690 5432 779 5485 sed
818 5432 1127 5486 consentire.
1180 5430 1274 5486 His
1317 5445 1447 5485 sane
1479 5447 1547 5486 ex
1598 5431 1777 5485 verbis
1805 5438 1954 5501 patet

385 5522 643 5577 Basilium
673 5531 797 5593 post
843 5534 1098 5594 acceptas
1129 5538 1159 5577 a
1189 5522 1467 5594 discipulis
1512 5522 1783 5579 Eustathii
1841 5531 1949 5578 tam

458 5679 533 5748 (α)
559 5678 657 5746 Ep.
682 5677 808 5733 225.

484 5751 535 5815 b)
561 5749 699 5803 Ibid.

479 5819 525 5880 ί)
554 5819 652 5880 Ευ.
678 5818 769 5885 99,
809 5836 863 5876 n.
889 5820 963 5885 5.,

2060 4601 2216 4655 annis
2243 4600 2348 4655 576
2378 4611 2431 4655 et
2460 4602 2584 4657 577.
2640 4603 2792 4659 lluuc
2843 4605 3220 4661 Tillemontius
3266 4606 3333 4678 (e)
3375 4609 3445 4662 ob
3480 4608 3627 4663 Lati-

2062 4706 2190 4746 num
2219 4706 2411 4746 nomen
2445 4692 2759 4750 Occidentis
2789 4697 2969 4765 potius
2993 4736 3010 4761 ,
3042 4711 3203 4765 quam
3237 4696 3479 4753 Orientis
3506 4714 3628 4768 pre-

2061 4784 2339 4854 sbyterum
2391 4783 2559 4840 fuisse
2617 4788 2926 4857 suspicatur
2981 4807 2994 4842 :
3048 4790 3275 4858 ejusque
3334 4791 3624 4845 adventum

2063 4874 2392 4943 litterarum,
2431 4891 2568 4946 quas
2596 4894 2737 4933 anno
2764 4878 2869 4932 579.
2935 4865 3167 4936 Sabinus
3196 4897 3261 4936 ex
3290 4880 3509 4938 Oriente
3543 4898 3627 4938 re-

2060 4967 2280 5031 tulerat,
2313 4967 2547 5022 fractum
2590 4970 2759 5024 videri
2794 4986 2971 5040 posse.
3016 4973 3088 5026 De
3138 4972 3280 5027 illius
3308 4984 3488 5032 autem
3516 4976 3629 5029 col-

2064 5059 2401 5129 ligendarum
2434 5061 2892 5129 subscriptionum
2929 5064 3107 5119 studio
3154 5063 3363 5118 dubitat
3397 5106 3413 5131 ,
3449 5075 3627 5118 utrum

2063 5151 2116 5206 id
2148 5168 2243 5206 sua
2274 5162 2466 5223 sponte
2519 5153 2736 5216 fecerit,
2771 5169 2837 5205 an
2874 5156 3112 5223 acceptis
3162 5170 3191 5211 a
3240 5156 3480 5213 Romano
3510 5157 3627 5222 epi-

2062 5258 2226 5314 scopo
2274 5245 2563 5299 mandatis.
2608 5245 2713 5299 Sed
2764 5245 3150 5314 improbabiles
3177 5261 3394 5318 prorsus
3426 5247 3631 5299 doctis—

2065 5337 2183 5391 simi
2216 5338 2316 5392 viri
2342 5338 2687 5404 conjecturae.
2712 5337 2832 5392 Non
2869 5338 3009 5393 enim
3037 5338 3214 5394 Roma
3245 5348 3469 5395 venerat
3491 5338 3628 5391 San-

2058 5429 2368 5489 ctissimus.
2398 5430 2489 5485 sed
2525 5429 2820 5486 Antiochia
2852 5470 2867 5493 ,
2897 5431 3056 5501 eique
3092 5430 3423 5485 narrandum
3464 5429 3626 5482 relin-

2060 5520 2177 5590 quit
2224 5516 2455 5575 Basilius
2506 5522 2633 5589 quid
2668 5521 2967 5578 Antiochiae
3018 5533 3314 5593 gereretur.
3348 5523 3471 5603 Ejus
3528 5521 3625 5574 Vill!

2131 5680 2213 5821 id)
2243 5680 2339 5751 Ep.
2372 5681 2492 5734 ηο.

2153 5754 2201 5818 ε)
2230 5749 2384 5807 Tom.
2412 5750 2492 5818 IX,

2153 5749 2201 5818 ε)
2230 5749 2384 5807 Tum.
2412 5750 2504 5819 ix,
2531 5749 2738 5821 p.219.
