4040 6216
395 349 484 389 (iv
1735 326 1960 382 PROLE

2065 326 2272 384 MENA.

397 458 521 510 linis
549 463 666 509 erat
708 451 976 508 Armenia:
1023 449 1196 513 locus,
1235 447 1322 502 ubi
1352 449 1637 504 exsulabat
1676 447 1921 503 Meletius
1947 489 1962 515 ,
1995 453 2042 509 Α
2081 448 2214 502 inita
2243 449 2309 503 de
2335 462 2394 504 se
2420 447 2718 503 AntiOchiat
2745 446 2966 503 consilia
3004 446 3155 502 brevi
3187 448 3252 501 ad
3283 449 3486 504 exitum
3513 465 3644 521 per-

397 562 454 604 ut
481 558 629 618 patet
658 563 721 601 ex
757 546 841 598 his
867 545 1045 598 verbis
1068 541 1313 609 epistolae
1345 541 1410 594 ad
1443 541 1784 594 Theodotum
1839 537 1916 609 (α)
1948 557 1960 592 :

399 639 888 694 Desideratissimus
957 639 1123 703 frater
1174 641 1352 686 noster
1393 631 1774 686 Sanctissimus
1819 647 1964 683 com-

397 739 667 806 presbyter
697 737 764 787 ad
800 749 892 787 vos
934 747 1095 801 usque
1139 732 1238 783 iter
1259 729 1504 795 suscepit.
1537 726 1673 781 Hinc
1701 728 1789 780 ditt
1827 726 1964 794 apud

396 827 669 882 Meletium
725 824 942 880 mansit.
980 823 1106 875 Erat
1152 835 1280 889 ergo
1320 819 1579 874 Ecclesia:
1618 817 1966 872 Antiochente

397 919 678 988 presbyter
705 955 723 979 ,
755 925 848 967 aut
873 923 1019 967 certe
1072 910 1323 964 Ecclesia:
1364 906 1678 971 Orientalis,
1706 921 1827 974 qua:
1883 907 1965 960 his

396 1009 544 1063 illum
587 1007 640 1060 in
673 1005 1020 1061 Occidentem
1072 1002 1238 1057 misit.
1290 999 1477 1069 Neque
1509 999 1638 1054 huic
1678 997 1966 1053 sententia:

395 1101 577 1156 obstat
611 1114 805 1152 nomen
840 1098 1088 1151 Latinum
1125 1093 1487 1149 Sanctissimi.
1523 1090 1658 1146 Nam
1689 1092 1962 1145 interdum

394 1191 656 1261 ejusmodi
720 1190 936 1244 nomina
992 1186 1234 1240 ferebant
1283 1182 1631 1247 Orientales,
1682 1181 1828 1236 velut
1876 1181 1965 1236 ille

400 1283 666 1338 Sacerdos
697 1280 950 1336 Ecclesia}
984 1275 1337 1333 Ctesariensis
1379 1273 1685 1343 presbyter,
1743 1272 1810 1326 de
1858 1286 1965 1339 quo

394 1372 684 1442 Gregorius
743 1369 1116 1424 Nazianzenus
1168 1365 1220 1418 in
1271 1363 1513 1433 pluribus
1563 1361 1805 1431 epistolis
1837 1401 1852 1425 ,
1911 1370 1966 1414 et

393 1463 737 1519 Innocentius
789 1461 1074 1532 episcopus
1119 1456 1184 1510 ad
1246 1469 1407 1524 quem
1453 1453 1572 1508 dua:
1626 1452 1810 1508 Basilii
1845 1452 1963 1522 epi-

393 1556 564 1612 stulte.

467 1648 528 1703 ll.
563 1648 763 1700 Eadem
789 1646 852 1699 de
881 1659 938 1698 re
977 1642 1134 1696 aliam
1162 1639 1347 1694 Basilii
1378 1637 1660 1708 epistolam
1686 1636 1751 1690 ad
1780 1635 1958 1690 Theo-

394 1741 578 1794 dotum
634 1736 1057 1806 Nicepolitanum
1113 1732 1184 1802 (ὁ)
1248 1732 1463 1800 pertulit
1512 1729 1902 1785 Sanctissimus
1947 1745 1960 1780 :

2075 541 2291 595 ductum
2329 541 2414 592 iri.
2441 539 2572 592 Rem
2605 539 2792 609 paucis
2828 539 3032 594 indicat
3075 541 3127 593 in
3174 540 3400 609 epistola
3427 541 3493 595 ad
3535 540 3642 597 Me-

2066 629 2251 684 letium
2288 630 2370 701 (ά)
2414 647 2427 683 :
2468 645 2690 684 necesse
2739 645 2846 684 non
2876 631 3193 685 existimans
3225 630 3469 700 pluribus
3495 633 3639 688 edis-

2071 737 2273 785 serere,
2307 724 2450 791 quod
2484 721 2878 777 Sanctissimus
2921 723 3206 777 Antiochia
3235 738 3430 779 recens
3457 723 3640 792 profe-

2066 823 2189 868 ctus
2215 828 2438 866 narrare
2463 822 2694 882 poterat,
2721 828 2783 866 ac
2818 811 2957 866 forte
2981 815 3091 880 ipsa
3124 816 3288 867 etiam
3320 814 3464 869 fama
3495 831 3632 869 nun-

2069 905 2322 958 tiaverat.
2374 903 2453 958 Ad
2490 905 2628 958 hanc
2667 904 2842 958 exsilii
2877 907 3341 972 exspectationem
3403 908 3638 975 pertinet

2065 991 2291 1060 epistola
2327 994 2392 1045 ad
2438 991 2712 1046 Urbicium
2761 993 3083 1047 monachum
3117 992 3209 1064 (ε),
3240 1009 3400 1063 quem
3453 999 3518 1050 ad
3575 1011 3634 1052 se

2067 1093 2351 1138 venturum
2386 1082 2614 1138 Basilius
2671 1099 3024 1154 speraverat,
3085 1087 3180 1140 sed
3230 1089 3472 1157 peccatis
3520 1089 3635 1146 suis

2065 1174 2343 1243 assignat,
2379 1176 2523 1244 quod
2553 1175 2657 1230 hoc
2684 1176 2947 1230 malorum
2993 1193 3214 1232 suorum
3263 1181 3461 1250 partim
3495 1197 3634 1250 pra:-

2065 1267 2323 1331 sentium,
2355 1269 2552 1336 partim
2587 1269 3014 1339 impendentium
3041 1265 3280 1327 solamen
3309 1289 3412 1327 non
3438 1275 3641 1331 habue-

2066 1356 2159 1410 rit.
2194 1355 2306 1409 llac
2349 1357 2618 1425 praecipua
2649 1359 2818 1411 utitur
2841 1367 2919 1412 tot
2944 1375 3308 1414 aerumnarum
3339 1361 3628 1426 levatione,

2067 1455 2124 1499 ut
2153 1446 2382 1515 tempori
2417 1448 2596 1510 cedat,
2626 1463 2796 1516 seque
2851 1451 3288 1517 persecutoribus
3331 1453 3634 1518 subducat;

2066 1535 2160 1591 sed
2192 1546 2371 1590 tamen
2411 1549 2566 1606 urget
2597 1537 2873 1593 Urbicium
2919 1551 2974 1593 ut
3011 1542 3226 1596 tandem
3268 1543 3335 1597 ad
3365 1559 3427 1598 se
3457 1547 3637 1598 veniat

2067 1627 2150 1682 vel
2181 1627 2582 1693 consolaturus,
2616 1631 2695 1685 vel
2733 1631 3017 1686 consilium
3045 1635 3289 1700 daturus,
3315 1637 3397 1688 vel
3429 1636 3641 1704 profici-

2067 1730 2306 1775 scentem
2336 1720 2690 1776 deducturus.
2731 1722 2824 1778 llis
2875 1725 3160 1793 postremis
3201 1726 3381 1781 verbis
3438 1727 3640 1781 indicat

394 1790 569 1886 QQ}.
599 1790 860 1884 ωιιιωῦυε
887 1828 952 1880 ad
977 1827 1036 1881 δ,
1071 1790 1340 1880 Mallem-um
1384 1834 1437 1877 οι
1475 1821 1814 1877 Theodotum
1848 1819 1963 1888 epi-
1995 1790 2037 1845 Β
2074 1808 2360 1864 imminens
2386 1810 2633 1864 exsilium
2655 1850 2672 1875 ,
2697 1827 2761 1867 ac
2784 1828 3049 1868 summam
3074 1815 3140 1869 ab
3175 1816 3364 1870 amicis
3393 1817 3640 1871 solitudi-

393 1923 546 1978 stolis
595 1919 739 1975 aliud
785 1919 961 1986 agitur
999 1917 1268 1987 negotium
1322 1929 1425 1969 nOn
1479 1912 1630 1982 parvi
1679 1909 1958 1964 momenti.

391 2013 586 2070 Pacem
617 2026 755 2064 anno
781 2008 887 2062 572
921 2015 1296 2074 composuerat
1356 2003 1590 2056 Basilius
1637 2002 1777 2053 inter
1805 2000 1965 2053 Sata-

393 2105 594 2160 leusem
621 2101 874 2170 pupulum
907 2111 959 2152 et
984 2097 1295 2166 episcopum
1325 2092 1608 2163 Cyrillum.
1645 2088 1751 2144 Sed
1773 2098 1960 2158 postea

394 2194 674 2252 recruduit
704 2191 919 2255 vulnus,
950 2199 1004 2243 et
1041 2187 1272 2242 Faustus
1300 2185 1544 2254 quidam,
1576 2182 1665 2250 qui
1701 2189 1960 2236 eratcum

326 2285 334 2300 '
393 2302 555 2357 papa,
585 2285 634 2339 id
669 2295 773 2346 est,
799 2283 852 2337 in
893 2282 1052 2336 domo
1082 2279 1224 2334 illius
1251 2279 1350 2331 viri
1397 2275 1479 2330 vel
1522 2273 1771 2328 amicitiae
1797 2286 1962 2326 causa

392 2380 478 2435 vel
502 2378 566 2433 ad
598 2374 960 2430 ministerium
984 2370 1196 2440 aliquod
1223 2385 1327 2423 non
1355 2365 1588 2436 ignobile
1620 2364 1960 2428 versabatur,

392 2471 573 2527 attulit
605 2471 670 2522 ad
705 2466 956 2520 Basilium
990 2465 1194 2518 litteras
1221 2463 1288 2515 ab
1312 2462 1413 2517 hoc
1441 2474 1572 2529 papa
1593 2497 1607 2522 ,
1641 2457 1838 2526 quibus
1872 2470 1962 2511 ro-

393 2563 618 2634 gabatur
653 2559 904 2623 Basilius,
937 2567 990 2609 nt
1020 2555 1280 2610 Faustum
1310 2553 1587 2607 ordinaret
1612 2551 1951 2618 episcopum.

392 2653 617 2722 Negavit
657 2648 888 2702 Basilius
916 2663 973 2700 se
1021 2646 1314 2717 quidquam
1371 2642 1635 2712 ejusmodi
1682 2639 1956 2694 facturum

393 2746 511 2800 sine
537 2743 842 2796 testimonio
868 2737 1132 2791 Theodoti
1175 2746 1231 2788 ct
1274 2735 1500 2788 aliorum
1535 2735 1804 2788 Armenia:
1849 2733 1960 2801 epi-

392 2849 698 2904 scoporum.
732 2831 868 2886 Tum
903 2830 1133 2884 Faustus
1152 2828 1215 2880 ad
1239 2827 1553 2879 Anthiinunt
1585 2823 1957 2893 Thyanenscm

393 2944 451 2983 se
476 2926 724 2990 contulit,
754 2924 869 2993 qui,
891 2919 1138 2990 quamvis
1167 2933 1353 2988 pacem
1379 2932 1499 2971 cum
1523 2916 1726 2970 Basilio
1763 2916 1959 2969 dudum

394 3021 637 3084 fecisset,
678 3027 854 3070 tamen
898 3013 1135 3066 oblatam
1162 3010 1447 3077 potestatis
1476 3021 1588 3061 sua:
1643 3005 1960 3061 exercenda:

392 3121 447 3166 et
477 3108 738 3164 molestia:
776 3103 974 3158 Basilio
1007 3101 1326 3155 exhibendas
1372 3099 1715 3152 occasionem
1752 3111 1854 3150 non
1883 3094 1960 3149 di-

395 3195 562 3259 misit,
593 3209 658 3249 ac
709 3191 965 3246 Faustum
997 3187 1273 3244 ordinavit
1319 3187 1634 3256 episcopum
1678 3186 1730 3239 in
1784 3185 1960 3239 locum

394 3285 582 3357 Cyrilli
610 3323 625 3346 ,
655 3298 761 3337 non
793 3291 1106 3346 exspectato
1148 3282 1521 3346 episcoporum
1549 3276 1819 3329 Armenia:
1848 3273 1963 3329 suf-

395 3376 566 3446 fragio
594 3416 610 3441 ,
642 3385 696 3428 et
743 3372 927 3426 Basilii
983 3370 1034 3424 in
1088 3369 1388 3424 canouihus
1417 3365 1773 3427 observandis
1804 3365 1959 3418 irrisa

395 3464 693 3538 diligentia.
739 3463 972 3519 Rediens
1002 3461 1232 3515 FaUstus
1272 3461 1465 3514 iterum
1500 3458 1746 3513 Caesarea
1789 3465 1963 3510 trans-

394 3557 476 3620 iit,
509 3553 602 3610 sed
636 3568 758 3608 eum
814 3551 1044 3606 Basilius
1083 3551 1147 3603 ad
1178 3548 1610 3604 communionem
1644 3560 1749 3601 non
1791 3545 1960 3600 admi-

397 3646 510 3711 sit,
559 3645 717 3714 eique
748 3642 1083 3698 denuntiavit
1115 3656 1173 3696 se
1202 3656 1322 3695 cum
1357 3653 1442 3704 eo,
1477 3639 1577 3693 nisi
1609 3638 1819 3693 litteras
1857 3637 1959 3692 Ar-

399 3736 603 3796 nenizej
615 3735 990 3806 episcoporum
1020 3732 1211 3786 aﬂ‘erat
1235 3773 1251 3799 ,
1285 3746 1557 3800 nunquam
1587 3730 1960 3784 communica-

397 3839 576 3883 turum
603 3867 620 3895 ,
656 3841 719 3881 ac
757 3839 882 3880 suos
915 3824 1196 3878 unanimes
1236 3824 1288 3877 in
1340 3821 1584 3877 eamdem
1636 3820 1959 3876 sententiam

395 3919 772 3973 adducturum.
794 3918 801 3923 ’
826 3913 903 3969 Nc
955 3914 1007 3967 id
1038 3914 1256 3983 quidem
1288 3911 1490 3967 Fausto
1536 3911 1763 3980 ejusque
1796 3911 1960 3964 sociis

393 4007 618 4062 h0noris
653 4001 1116 4072 habuittBasilius,
1141 4010 1197 4055 ut
1226 4003 1304 4055 eis
1335 4000 1568 4070 aliquam
1593 4001 1660 4054 ad
1692 3999 1961 4053 Armenia:

391 4099 674 4165 episcopos
713 4091 994 4161 epistolam
1056 4092 1422 4145 committeret
1467 4105 1482 4141 :
1520 4089 1615 4143 sed
1674 4101 1958 4158 postquam

392 4186 594 4250 abiere,
629 4182 900 4238 Meletium
941 4191 996 4235 et
1021 4181 1357 4236 Theodotum
1393 4179 1557 4234 totius
1590 4179 1666 4233 rei
1698 4179 1960 4234 certiores

392 4275 522 4331 iecit
555 4289 650 4343 per
677 4273 1115 4330 Sanctissimum.
1145 4271 1385 4326 Primum
1415 4278 1589 4340 rogat,
1629 4281 1686 4324 ut
1711 4270 1802 4325 det
1833 4285 1961 4341 ope-

388 4384 506 4424 rain
538 4385 603 4422 tie
632 4367 912 4423 mendacia
956 4366 1022 4421 ab
1065 4364 1324 4434 ejusmodi
1353 4364 1663 4419 hominibus
1696 4379 1960 4434 spargan-

2070 1916 2214 1954 nein.
2241 1900 2443 1955 Revera
2475 1901 2542 1954 ab
2564 1903 2682 1972 ejus
2707 1903 2865 1957 domo
2891 1919 2994 1959 non
3053 1907 3123 1959 ita
3176 1907 3382 1975 pridem
3415 1906 3641 1976 aufugeo

2071 2003 2194 2044 rant
2228 1992 2495 2046 Eustathii
2524 1994 2795 2063 discipuli,
2831 2010 2968 2064 quos
3006 1997 3226 2065 pietatis
3257 2000 3438 2066 specie
3481 1999 3641 2055 dece-

2069 2093 2192 2152 ptus
2217 2085 2342 2138 vita:
2371 2099 2481 2139 suae
2510 2086 2763 2140 solatium
2800 2102 2865 2141 ac
2899 2088 3206 2156 praesidium
3234 2104 3358 2144 esse
3385 2090 3636 2146 ducebat.

2073 2173 2226 2230 Unde
2280 2176 2343 2229 ad
2393 2177 2493 2229 hoc
2527 2187 2738 2247 tempus
2784 2177 3125 2233 referendam
3175 2180 3484 2236 censuimus
3520 2182 3637 2249 cpio

2069 2267 2265 2320 stolam
2317 2269 2383 2320 ad
2417 2265 2756 2322 Theodorum
2779 2313 2793 2336 ,
2820 2285 2980 2338 quem
3017 2281 3169 2340 rogat
3202 2271 3435 2328 Basilius
3484 2272 3553 2343 (Ῑ)
3583 2283 3639 2326 ut

2069 2357 2136 2412 ad
2191 2371 2251 2414 se
2312 2359 2528 2424 veniat,
2578 2373 2743 2429 seque
2771 2359 2938 2414 vitam
2994 2361 3262 2430 ingratam
3311 2367 3526 2419 trahere
3565 2365 3638 2419 si-

2067 2449 2284 2519 gnificat
2311 2490 2327 2517 ,
2379 2465 2444 2506 eo
2481 2453 2622 2522 quod
2663 2453 2732 2507 ab
2764 2453 2954 2508 amicis
3003 2453 3304 2525 disjunctus
3349 2456 3443 2510 sit.
3472 2456 3636 2512 Vide-

2069 2552 2156 2595 tur
2213 2541 2300 2595 ille
2357 2542 2674 2598 Theodorus
2729 2544 2900 2600 fuisse
2937 2547 3233 2600 monachus
3265 2586 3280 2611 ,
3333 2559 3388 2603 et
3432 2549 3485 2601 in
3545 2564 3640 2604 co-

2068 2631 2190 2689 dem
2251 2625 2579 2690 moriasterio
2637 2652 2759 2691 cum
2807 2638 2876 2692 iis
2919 2638 3165 2704 vixisse,
3213 2654 3349 2708 quos
3405 2639 3636 2695 Basilius

2067 2722 2214 2780 illius
2273 2725 2472 2782 fratres
2535 2726 2809 2796 appellat,
2872 2743 3213 2798 quorumque
3271 2730 3327 2783 in
3395 2747 3636 2799 conspeo

2067 2826 2157 2871 ctu
2218 2818 2506 2888 imaginem
2562 2819 2732 2887 ipsius
2766 2821 3035 2875 Theodori
3086 2823 3187 2878 sibi
3233 2823 3380 2884 visus
3429 2835 3514 2880 est
3550 2827 3633 2878 iu-
3727 2852 3730 2856 -

2069 2908 2228 2964 tueri.

2139 3001 2229 3056 IV.
2262 3000 2488 3074 Magnos
2528 3003 2788 3058 tumultus
2817 3005 2868 3058 in
2899 3006 3152 3060 Armenia
3178 3008 3636 3064 excitavitFausti

2067 3094 2384 3160 ordinatio,
2433 3094 2526 3148 sed
2577 3103 2756 3148 tamen
2809 3097 3024 3152 videtur
3069 3097 3381 3152 Poemenius
3431 3099 3637 3155 Basilio

2064 3187 2350 3255 scripsisse
2383 3185 2710 3240 laudabilem
2741 3186 2885 3242 illius
2907 3203 3029 3244 esse
3057 3190 3222 3244 vitam
3255 3230 3269 3255 ,
3315 3207 3414 3246 nec
3445 3194 3635 3247 vitium

2062 3276 2425 3330 ordinationis
2450 3277 2774 3334 insanabile.
2801 3278 2966 3333 Forte
2991 3281 3178 3344 etiam,
3228 3293 3286 3336 ut
3308 3299 3430 3336 eum
3467 3301 3628 3355 roga-

2062 3379 2216 3422 verat
2267 3367 2500 3422 Basilius
2527 3411 2543 3432 ,
2578 3369 2712 3426 alios
2750 3371 3023 3428 Armeniae
3052 3375 3332 3444 episcopos
3354 3375 3420 3430 ad
3485 3377 3627 3432 idem

2061 3458 2432 3512 testimonium
2467 3458 2670 3513 Fausto
2703 3459 3045 3517 tribuendum
3071 3465 3314 3519 adduxit.
3352 3466 3500 3521 Unde
3525 3466 3628 3521 Ba-

2062 3552 2218 3604 silius
2264 3550 2366 3604 iter
2399 3549 2455 3604 in
2486 3551 2800 3605 Armeniam
2830 3555 3069 3623 suscepit
3103 3596 3118 3619 ,
3146 3567 3204 3610 ut
3229 3557 3304 3626 (g)
3349 3559 3490 3613 malo
3536 3561 3639 3614 ali—

2061 3643 2188 3711 quid
2217 3642 2438 3696 remedii
2476 3640 2717 3700 all‘erret.
2744 3643 3045 3700 Plurimum
3073 3647 3150 3718 (It)
3180 3649 3436 3704 moleStiae
3466 3653 3633 3706 susti—

2059 3735 2184 3789 nuit
2238 3733 2480 3801 Nicopoli
2511 3771 2528 3798 ,
2561 3736 2653 3789 sed
2686 3735 2736 3790 ei
2775 3734 2829 3790 in
2878 3738 2964 3792 his
3017 3754 3199 3794 rerum
3232 3740 3635 3798 difﬁcultatibus

2058 3825 2302 3879 versanti
2365 3831 2768 3894 peropportune
2808 3829 3125 3896 supervenit
3157 3830 3388 3888 Jovinus
3411 3832 3634 3889 Perrhai

2060 3914 2367 3984 episcopus,
2405 3915 2463 3970 S.
2499 3915 2714 3971 Eusebii
2742 3915 3151 3976 Samosatensis
3187 3923 3506 3992 discipulus,
3535 3927 3628 3996 qui

2060 4006 2320 4062 Basilium
2347 4007 2549 4063 acriter
2571 4007 2791 4077 quidem
2823 4010 3088 4076 defendit,
3124 4015 3218 4068 sed
3259 4017 3530 4084 prazcipue
3559 4019 3628 4071 ad

2065 4114 2331 4154 canonum
2357 4098 2733 4156 defensionem
2774 4102 3036 4157 incubuit.
3060 4103 3287 4160 Basilius
3311 4121 3416 4160 non
3438 4107 3490 4160 id
3515 4108 3636 4176 qui-

2069 4189 2192 4246 dem
2217 4191 2439 4245 omnino
2473 4203 2801 4246 consecutus
2838 4203 2924 4248 est
2947 4196 3090 4263 quod
3113 4196 3212 4249 sibi
3243 4209 3629 4265 proposuerat;

2069 4295 2196 4336 nam
2228 4295 2478 4337 reversus
2509 4281 2832 4348 Caesaream,
2865 4283 2950 4338 his
2979 4299 3099 4354 qua:
3129 4287 3470 4356 contigerant
3495 4287 3630 4342 ami-

2067 4384 2211 4429 ctam
2247 4387 2368 4428 esse
2395 4372 2696 4428 Ecclesium
2730 4373 3122 4432 Caesariensem
3159 4387 3214 4432 et
3261 4381 3635 4436 consolatione

392 4473 500 4526 tur,
533 4472 584 4515 et
610 4461 874 4531 quomodo
903 4473 990 4513 res
1018 4467 1136 4514 acta
1186 4459 1257 4513 sit
1302 4459 1415 4527 ipse
1447 4457 1568 4512 aliis
1597 4457 1826 4513 nuntiet.
1870 4457 1959 4512 Vi-
1990 4495 2034 4551 υ
2068 4479 2230 4535 egere
2269 4474 2502 4520 testatur
2529 4467 2584 4520 in
2613 4466 2773 4535 epist.
2804 4466 2926 4533 126,
2956 4469 3049 4522 sed
3077 4479 3254 4523 tamen
3285 4471 3500 4526 videtur
3521 4472 3625 4526 ali-

387 4556 546 4610 detur
589 4570 710 4608 eum
750 4553 834 4607 his
883 4551 1090 4606 duabus
1121 4549 1362 4620 epistolis
1403 4549 1792 4606 Sanctissimus
1847 4559 1960 4606 ter-

391 4644 517 4698 tiam
543 4643 642 4714 (c),
670 4657 788 4712 quae
811 4650 904 4696 est
935 4641 1000 4694 ad
1033 4639 1365 4694 Premenium
1411 4637 1753 4695 Satalensem
1784 4680 1799 4706 ,
1833 4655 1957 4710 per-

390 4737 595 4790 tulisse.
617 4735 795 4804 Bogat
831 4734 975 4787 illum
1001 4731 1254 4797 Basilius,
1285 4740 1344 4792 ut
1373 4731 1440 4785 ad
1467 4746 1526 4786 se
1554 4732 1756 4786 scribat
1779 4740 1956 4786 utrum

393 4842 482 4880 res
516 4827 695 4880 sanari
728 4841 899 4880 necne
927 4823 1097 4894 possit
1130 4840 1144 4876 :
1185 4837 1248 4876 ac
1279 4824 1322 4876 si
1354 4823 1517 4877 vitam
1550 4823 1735 4878 Fausti
1766 4823 1958 4879 lauda-

388 4916 552 4972 bilem
587 4917 839 4984 reperiat,
865 4917 1065 4969 tribuat
1116 4913 1165 4967 ei
1209 4913 1576 4969 testimonium
1613 4925 1668 4970 et
1697 4915 1834 4971 alios
1891 4916 1958 4972 ad

390 5007 532 5061 idem
594 5004 898 5058 faciendum
954 5005 1217 5057 hortetur.
1271 5003 1424 5069 Quod
1497 5004 1540 5059 si
1600 5004 1798 5059 malum
1870 5005 1953 5060 in-

387 5096 628 5154 sanabile
667 5094 873 5163 judicet
907 5133 922 5158 ,
961 5095 1012 5148 id
1065 5109 1280 5165 quoque
1321 5095 1389 5149 ad
1444 5110 1502 5150 se
1537 5096 1779 5164 scribat;
1830 5097 1954 5151 nul-

387 5191 496 5244 tam
543 5186 686 5244 enim
745 5201 803 5241 se
855 5185 1046 5242 Fausti
1103 5188 1354 5256 deinceps
1417 5190 1684 5243 rationem
1736 5188 1955 5245 habitu-

388 5294 530 5336 rum.

457 5371 542 5426 lll.
573 5371 708 5426 Tum
737 5385 857 5427 cum
889 5371 1002 5426 hare
1053 5370 1310 5427 scriberet
1363 5367 1614 5427 Basilius
1641 5408 1656 5437 ,
1691 5371 1948 5441 sperabat

362 5585 366 5589 ,
458 5530 533 5598 (a)
570 5529 666 5598 Ep.
692 5527 815 5598 129,
844 5543 896 5580 n.
919 5527 974 5580 εὶ.

363 5621 368 5670 ;
459 5596 533 5669 (ι’)
562 5596 656 5670 Εὐ.
683 5597 778 5670 121
806 5607 861 5653 et
883 5598 971 5664 99,
1010 5614 1062 5651 ιι.
1099 5596 1154 5650 4.

459 5667 529 5738 (ε)
560 5669 654 5734 Ep.
686 5667 808 5738 ηεξ..

457 5737 535 5811 (α)
561 5738 657 5809 Ep.
687 5737 808 5792 1‘20.

2064 4556 2189 4626 quid
2223 4557 2579 4626 promovisse.
2638 4556 2772 4611 Nam
2827 4567 2882 4613 et
2929 4559 3218 4628 plurimum
3269 4561 3520 4616 utilitatis
3573 4578 3633 4618 se

2061 4647 2368 4717 percepisse
2399 4648 2529 4702 dicit
2563 4663 2627 4702 ex
2656 4646 2837 4703 Jovini
2884 4651 3154 4717 adventu;
3191 4663 3244 4705 et
3273 4664 3520 4723 acceptas
3553 4655 3634 4708 in-

2054 4738 2224 4808 jurias
2250 4755 2472 4795 narrare
2489 4741 2653 4795 noluit
2675 4739 2905 4797 Eusebio
2922 4743 2976 4796 in
2999 4744 3157 4812 epist.
3179 4744 3299 4810 127,
3326 4761 3392 4800 ne
3418 4746 3633 4802 videre-

2060 4839 2150 4884 tur
2178 4830 2428 4885 homines
2481 4830 2584 4884 sibi
2617 4832 2823 4887 amicos
2853 4835 3050 4888 animis
3080 4836 3382 4894 immutatis
3430 4838 3628 4904 factos,

2059 4921 2229 4991 culpas
2317 4924 2830 4978 commemoratione
2924 4927 3332 4995 quodammodo
3419 4941 3628 4985 notare.

2067 5011 2200 5068 Sine
2232 5013 2442 5068 ratione
2471 5012 2846 5071 Tillemontius
2869 5019 3150 5073 Atarbium
3203 5021 3288 5074 his
3325 5023 3503 5077 verbis
3548 5023 3631 5098 vel

2066 5103 2403 5158 Theodotum
2485 5105 2754 5174 designari
2823 5119 2993 5178 putat.
3076 5113 3150 5166 De
3219 5112 3446 5167 Atarhio
3508 5131 3630 5168 mox

2063 5195 2365 5252 videbimus
2406 5211 2569 5265 quam
2624 5214 2732 5253 non
2779 5201 2983 5257 amicus
3028 5202 3226 5258 Basilio
3283 5203 3459 5259 factus
3523 5216 3630 5258 tam

2065 5286 2172 5340 cito
2201 5283 2379 5340 fuerit.
2415 5288 2460 5341 A
2523 5286 2798 5346 Theodoto
2837 5301 3014 5346 autem
3065 5294 3196 5348 nihil
3245 5296 3456 5350 molesti
3484 5296 3630 5350 vide-

2065 5383 2155 5428 tur
2204 5375 2450 5430 accidere
2493 5377 2733 5446 potuisse
2787 5379 3006 5448 Basilio,
3044 5397 3166 5437 cum
3225 5392 3453 5455 uterque
3483 5399 3630 5439 eam-

2130 5524 2201 5594 (e)
2237 5525 2339 5594 Ep.
2376 5527 2500 5582 ias.

2133 5595 2200 5663 (ί)
2231 5596 2326 5661 Ep.
2368 5597 2491 5652 124.

2135 5663 2208 5733 (g)
2247 5664 2340 5732 Ep.
2384 5667 2507 5722 1‘26.

2136 5733 2212 5804 (ιι)
2245 5733 2340 5802 Ep.
2369 5735 2496 5792 tas.

2463 5941 2485 5970 δ
