4040 6216
1740 362 1899 416 ῊΤΑ
1941 360 1997 417 S.
2038 362 2115 416 BA
2128 363 2299 418 SlLll.
3582 381 3645 423 t'v

397 484 519 537 dem
571 495 791 536 causam
841 481 1194 545 defenderet,
1245 497 1308 535 ac
1360 482 1642 546 utriusque
1694 480 1815 547 jura
1879 496 1973 547 pa-
2006 485 2046 540 Α
2079 491 2195 533 erat
2235 480 2415 535 Basilii
2450 481 2898 550 consanguineus,
2933 491 2990 535 ut
3016 481 3198 536 videre
3232 488 3311 536 est
3337 482 3387 534 in
3423 485 3647 552 epistola

394 573 533 628 riter
574 569 803 625 fuissem
830 571 1177 624 ordinatione
1221 567 1404 623 Fausti
1446 569 1664 622 violata.
1702 567 1970 622 Praeterea

392 663 672 735 peramice
700 671 840 714 Inter
868 676 927 715 se
975 660 1223 719 Basilius,
1249 670 1305 715 et
1337 660 1647 715 Theodotus
1672 660 1735 714 de
1783 674 1974 728 propo-

394 758 573 810 nenda
632 752 910 807 Eustathio
957 752 1081 807 fidei
1113 752 1338 806 formula
1393 752 1780 809 deliberarunt.
1813 750 1971 805 Solus

392 862 526 915 ergo
566 847 855 900 Authitnus
885 846 1099 916 culpam
1145 844 1447 899 sustinebat
1482 862 1495 898 :
1537 860 1600 898 ex
1651 860 1715 899 eo
1768 843 1968 897 malum

390 953 555 993 omne
575 952 779 1005 ortum,
807 948 864 992 ut
895 939 1124 1008 perspici
1155 947 1332 1007 potest
1363 954 1427 992 ex
1458 937 1827 1005 superioribus
1856 937 1971 1004 epi-

394 1032 565 1094 stolis,
599 1032 650 1084 in
676 1033 871 1101 quibus
923 1031 1043 1101 ejus
1082 1032 1272 1101 agendi
1307 1031 1444 1083 ratio
1488 1044 1593 1083 non
1627 1030 1817 1083 leviter
1847 1044 1969 1097 per—

393 1123 703 1186 stringitur.
758 1122 862 1175 Sed
898 1140 1020 1176 cum
1064 1123 1296 1179 Basilius
1338 1134 1484 1177 esset
1517 1123 1580 1175 ad
1616 1122 1967 1190 deponendas

394 1212 621 1280 injurias
648 1215 1098 1281 promptissimus,
1124 1218 1230 1269 cito
1255 1217 1302 1269 ei
1322 1217 1565 1285 placatus
1582 1222 1684 1276 est,
1714 1229 1811 1268 nec
1841 1229 1963 1266 eum

392 1303 444 1357 In
478 1304 577 1357 hac
614 1307 679 1357 ad
721 1304 1009 1359 Eusebium
1038 1306 1263 1374 epistula
1297 1321 1475 1360 comm
1490 1307 1835 1361 emoratione
1850 1306 1966 1359 cul-

390 1408 473 1461 pae
496 1405 687 1448 notare
709 1394 899 1461 voluit,
926 1398 1051 1464 quia
1077 1396 1189 1465 jam
1224 1407 1368 1451 sarta
1397 1405 1513 1451 erat
1555 1396 1696 1451 inter
1716 1411 1809 1450 eos
1839 1412 1963 1466 gra-

388 1486 491 1547 tia,
515 1486 603 1537 vel
626 1486 842 1553 saltem,
879 1488 924 1541 si
964 1488 1343 1543 nonnullorum
1371 1488 1616 1542 codicum
1644 1489 1962 1556 scripturam

389 1576 694 1640 sequimur,
724 1576 838 1642 jam
869 1579 1063 1633 sarciri
1110 1590 1325 1648 empta;
1366 1581 1479 1633 sive
1530 1578 1829 1647 Nicopolim
1872 1594 1962 1633 ve-

387 1667 535 1720 nerit
562 1684 684 1718 cum
730 1667 930 1723 Basilio
961 1670 1275 1735 Anthimus,
1312 1671 1427 1727 sive
1451 1669 1749 1725 Caesaream
1783 1685 1965 1725 rever-

386 1774 507 1811 sum
558 1759 827 1826 iuviserit,
861 1770 954 1813 aut
999 1761 1207 1829 aliquos
1258 1776 1325 1816 ex
1365 1763 1483 1815 suis
1536 1762 1765 1814 miserit.
1801 1760 1962 1814 Certe

2077 572 2204 635 210,
2236 589 2289 625 n.
2321 571 2376 624 4.
2434 572 2501 624 At
2552 574 2771 640 querela
2828 582 2878 625 et
2940 572 3296 641 expostulatio
3358 572 3538 628 Basilii
3593 577 3644 629 iu

2074 664 2234 729 epist.
2270 663 2360 726 6|,
2393 664 2536 732 quod
2564 664 2629 716 ad
2662 679 2721 716 se
2762 664 3019 733 majorem
3068 672 3194 717 natu
3239 666 3497 720 Atarbius
3540 683 3642 720 non

2075 757 2221 824 prior
2248 757 2589 824 scripsisset,
2620 768 2994 823 argumentum
3028 765 3111 810 est
3153 757 3536 813 intercedentis
3566 759 3645 811 in-

2074 855 2158 899 ter
2185 862 2278 899 eos
2312 848 2540 915 alicujus
2567 847 3004 912 necessitudinis,
3040 848 3110 900 ita
3143 857 3199 901 ut
3222 848 3312 916 jus
3353 866 3508 904 suum
3544 849 3644 903 Ba-

2071 938 2224 991 silius
2263 954 2366 991 non
2405 953 2469 992 ex
2508 938 2652 992 sedis
2689 939 2969 1005 dignitate,
3010 941 3125 1003 sed,
3162 952 3219 995 ut
3255 943 3396 994 inter
3425 942 3643 1010 propin-

2070 1045 2203 1094 quos
2228 1030 2339 1083 ﬁeri
2369 1032 2525 1092 solet.
2559 1046 2623 1084 ex
2676 1040 2834 1083 :etate
2890 1042 3179 1098 repeteret.
3217 1033 3276 1086 2ο
3307 1034 3467 1088 Multa
3506 1036 3636 1089 dicit

2072 1118 2299 1173 Basilius
2335 1122 2470 1173 etin
2510 1121 2609 1173 hac.
2672 1120 2896 1189 epistola
2950 1120 3069 1185 126,
3106 1131 3159 1175 et
3204 1122 3255 1175 in
3306 1124 3638 1191 sexagesima

2071 1210 2239 1278 prima
2263 1251 2277 1275 ,
2310 1226 2431 1279 qua:
2463 1209 2824 1265 Neocaesarete
2876 1211 3066 1264 melius
3102 1214 3445 1276 conveniant,
3476 1230 3636 1283 quam

2071 1304 2317 1355 obscura:
2346 1301 2508 1355 alicui
2554 1303 2605 1355 in
2650 1303 2907 1357 Armenia
2944 1319 3007 1357 ac
3057 1304 3197 1357 forte
3227 1305 3387 1357 etiam
3423 1315 3639 1359 remotae

2069 1394 2296 1448 civitati.
2336 1394 2673 1449 Vicinitatem
2702 1396 2923 1461 indicat,
2953 1397 3077 1450 dum
3112 1397 3393 1450 Atarbium
3434 1408 3636 1459 monet.

2069 1495 2124 1536 ut
2143 1500 2311 1551 parvo
2339 1484 2528 1538 itinere
2554 1484 2802 1539 confecto
2828 1487 2893 1539 ad
2934 1502 2991 1540 se
3018 1487 3215 1539 veniat.
3251 1486 3340 1540 Sic
3366 1502 3486 1539 eum
3511 1487 3638 1540 bor~

2068 1584 2213 1629 tatur
2244 1578 2295 1630 in
2320 1576 2546 1643 epistola
2571 1577 2633 1631 61
2665 1578 2731 1631 ad
2759 1594 2944 1646 pacem
2976 1578 3343 1633 Eeclesiarum
3378 1580 3555 1633 studio
3584 1586 3640 1633 et

2066 1684 2228 1737 opera
2279 1687 2376 1725 sua
2422 1671 2821 1733 stabilieudam,
2880 1681 2937 1725 ut
2978 1686 3187 1739 magnae
3228 1670 3391 1724 alicui
3432 1671 3636 1725 civitati

2064 1761 2320 1815 videatur
2371 1762 2674 1831 prsefnissc.
2707 1762 2946 1817 Conatur
2990 1763 3151 1816 etiam
3198 1779 3261 1816 ex
3305 1762 3419 1829 ejus
3448 1765 3631 1817 animo

383 1862 509 1902 cum
538 1858 693 1903 vocat
713 1853 1025 1906 unanimem
1055 1868 1214 1906 suum
1242 1851 1476 1906 Basilius
1503 1853 1555 1906 in
1586 1852 1808 1919 epistola
1832 1851 1959 1917 210,
1993 1840 2033 1896 Β
2063 1852 2307 1905 eamdem
2340 1853 2648 1921 opinionem
2681 1853 2931 1917 evellere,
2959 1869 3116 1922 quam
3152 1852 3388 1906 Ponticis
3417 1855 3637 1923 episco-

386 1953 531 1992 anno
560 1939 669 1993 575
722 1941 945 2009 scripta.
988 1939 1111 1996 Haec
1160 1951 1342 1995 autem
1394 1942 1510 1995 sive
1568 1940 1959 2005 reconciliatio,

386 2031 503 2085 sive
533 2033 994 2089 reconciliationis
1027 2033 1177 2087 initia
1219 2042 1344 2087 ante
1368 2034 1597 2087 reditum
1624 2033 1800 2088 Jovini
1832 2048 1965 2087 cou-

387 2122 651 2192 tigerunt.
695 2123 997 2180 Verisimile
1029 2133 1112 2180 est
1136 2125 1279 2179 enim
1315 2122 1586 2188 Iovinum,
1614 2140 1776 2195 quem
1814 2135 1963 2178 tanto

385 2214 570 2268 studio
592 2214 915 2268 invitaverat
944 2214 1197 2281 Basilius,
1225 2232 1329 2270 non
1376 2217 1558 2270 statim
1587 2217 1654 2270 ab
1688 2232 1753 2270 eo
1778 2216 1962 2271 dimis-

386 2319 529 2368 sum,
561 2304 657 2358 sed
682 2306 984 2360 Caesaream
1010 2308 1319 2372 deductum,
1356 2316 1414 2359 ut
1454 2307 1750 2362 Ecclesiatn
1777 2309 1927 2363 Caesa
1946 2339 1960 2348 -

386 2398 624 2450 rieusem
664 2397 942 2451 inviseret.
985 2398 1033 2452 Is
1062 2399 1253 2453 abiens
1282 2398 1469 2454 detulit
1510 2398 1791 2468 epistolam
1836 2400 1958 2465 127,

386 2504 508 2559 qua!
530 2498 618 2543 est
642 2490 708 2542 ad
740 2489 800 2543 S.
835 2490 1151 2545 Eusebium.

461 2579 524 2632 ν.
557 2580 717 2636 Circa
765 2581 908 2634 idem
969 2589 1179 2650 tempus
1226 2583 1427 2651 scripta
1484 2582 1714 2652 epistola
1746 2584 1847 2638 126
1893 2585 1959 2636 ad

384 2674 671 2727 Atarbium
703 2674 1041 2742 episcopum,
1072 2688 1303 2742 quocum
1341 2690 1398 2728 se
1445 2673 1677 2729 Basilius
1714 2674 1958 2745 Nicopoli

384 2781 825 2837 congressurum.
860 2775 913 2821 et
945 2768 1011 2821 de
1067 2766 1227 2821 rebus
1284 2768 1463 2835 magni
1512 2770 1767 2824 momenti
1810 2783 1962 2823 aetu-

384 2876 506 2913 rum
529 2860 808 2928 sperabat.
839 2857 1095 2912 Audierat
1125 2860 1267 2912 enim
1288 2860 1567 2913 Atarbium
1604 2876 1665 2915 ea
1697 2862 1746 2915 in
1786 2865 1959 2917 inedia

384 2950 615 3007 ecclesia
654 2965 844 3003 ausum
876 2963 999 3003 esse
1042 2964 1159 3017 quze
1206 2953 1468 3003 hactenus
1511 2950 1748 3003 inaudita
1781 2964 1958 3017 erant,

386 3043 437 3097 id
464 3053 565 3107 est,
596 3052 653 3096 ut
684 3058 753 3096 ex
790 3043 871 3095 his
901 3057 1019 3111 qua:
1065 3050 1364 3111 sequuntur
1434 3043 1771 3113 intelligitur,
1805 3044 1961 3098 Basi-

383 3134 514 3190 linm
539 3135 875 3205 gravissimis
891 3135 1228 3189 contumeliis
1250 3145 1302 3188 et
1326 3134 1586 3189 conviciis
1632 3137 1959 3203 exagitasse.

382 3228 561 3296 Atque
588 3229 701 3282 hzec
730 3228 947 3297 quidem
978 3228 1076 3281 etsi
1119 3228 1299 3296 gravia
1328 3237 1381 3280 et
1417 3227 1640 3281 molesta
1666 3239 1841 3292 erant,
1888 3242 1963 3285 to-

383 3319 630 3374 lerabilia
681 3328 859 3373 tamen
915 3319 1261 3384 videbantur,
1332 3329 1517 3387 utpote
1575 3320 1628 3373 in
1685 3321 1959 3376 hominem

385 3423 558 3485 gesta,
597 3427 832 3482 eumque
863 3428 893 3466 a
926 3413 1168 3467 vindicta
1213 3414 1475 3478 alienum,
1512 3430 1610 3469 nec
1662 3417 1959 3485 quidquam

386 3506 561 3572 magis
587 3512 944 3567 metuentem,
980 3517 1138 3571 quam
1177 3517 1243 3556 ne
1271 3503 1425 3573 culpa
1459 3520 1553 3556 sua
1584 3505 1784 3574 aliquid
1812 3506 1960 3560 noxii

386 3594 588 3665 pepulo
624 3594 717 3649 Dei
766 3595 1002 3648 eveniat.
1038 3594 1107 3646 At
1162 3594 1367 3649 doloris
1413 3595 1661 3650 stimulos
1720 3598 1963 3651 acriores

389 3689 657 3750 admovit,
692 3689 834 3755 quod
886 3687 953 3739 ad
1006 3698 1127 3738 eum
1164 3687 1382 3754 quidam
1419 3686 1718 3740 honorandi
1764 3701 1827 3741 ac
1862 3687 1965 3741 fide

386 3779 692 3851 dignissimi
748 3778 945 3833 fratres
990 3778 1320 3841 detulerant,
1352 3780 1636 3832 Atarbium
1697 3781 1967 3835 novitates

396 3873 451 3925 in
483 3872 643 3925 fidem
678 3870 953 3933 inducere,
990 3877 1043 3922 et
1077 3884 1222 3922 sanm
1264 3869 1385 3923 fidei
1438 3870 1735 3933 contraria,
1772 3886 1833 3925 ac
1863 3871 1965 3925 Sa-

386 3964 638 4018 belliaua:
677 3962 900 4016 haeresis
935 3960 1113 4014 alliuia
1156 3962 1370 4015 docere.
1403 3960 1496 4015 His
1534 3964 1598 4016 de
1634 3963 1795 4017 rebus
1844 3979 1964 4017 cum

386 4051 615 4106 Atarbio
639 4052 874 4120 colloqui
905 4052 1244 4114 volebat,sed
1271 4068 1368 4105 suo
1400 4051 1700 4121 NicOpolitn
1732 4056 1965 4109 adventu

386 4142 577 4196 didicit
619 4158 742 4195 eum
785 4156 996 4195 summa
1030 4141 1305 4195 celeritate
1334 4144 1656 4197 excessisse.
1692 4142 1965 4198 Permole-

388 4245 531 4291 stum
565 4236 617 4289 id
672 4236 869 4289 Basilio
920 4238 1152 4300 accidit,
1182 4253 1244 4290 ac
1278 4237 1365 4289 ubi
1420 4236 1723 4290 Ctesarcam
1774 4237 1953 4301 rediit,

388 4328 857 4397 saipsitAtarbio
908 4329 1192 4395 epistolam
1246 4325 1371 4390 126,
1402 4342 1637 4394 eumque
1675 4337 1877 4390 monet,
1911 4336 1968 4381 ut

389 4418 607 4471 modico
653 4418 850 4471 itinere
898 4417 1151 4471 confecto
1197 4418 1262 4471 ad
1290 4433 1348 4471 sc
1396 4418 1597 4480 veniat,
1627 4432 1690 4471 ac
1720 4418 1885 4488 plene-
1904 4419 1970 4473 de

387 4509 474 4563 his
506 4510 669 4562 rebus
690 4508 1057 4574 satisfaciens,
1078 4522 1131 4562 et
1156 4524 1213 4562 se
1237 4519 1290 4563 et
1321 4508 1589 4561 Ecclesias
1617 4519 1727 4563 ttnn
1763 4513 1825 4565 iis
1849 4527 1968 4581 quae
2000 4526 2043 4580 ι)

404 4610 523 4654 acta
562 4598 797 4663 fuerant,
824 4611 942 4665 tum
998 4602 1063 4654 iis
1099 4617 1217 4670 quae
1258 4604 1325 4655 ab
1360 4602 1585 4655 Atarbio
1632 4603 1778 4658 dicta
1826 4604 1965 4660 fere-

390 4693 612 4755 bantur,
645 4692 876 4745 amictas
901 4692 1236 4747 consoletur.

464 4780 552 4834 Vl.
584 4782 864 4835 Atarbium
892 4784 943 4836 in
963 4784 1212 4837 Armenia
1238 4785 1550 4856 episcopum
1582 4788 1745 4842 fuisse
1776 4790 1965 4843 existi-

389 4883 502 4927 mat
532 4871 944 4939 Tillemontius;
982 4890 1102 4942 qua:
1138 4877 1353 4944 quidem
1401 4878 1586 4947 opinio
1625 4880 1796 4947 prima
1841 4892 1961 4947 spe-

388 4968 476 5019 cie
507 4966 795 5019 admodum
826 4967 1139 5035 probabilis.
1175 4966 1223 5021 Is
1255 4970 1397 5022 enim
1437 4969 1734 5038 Nicepolim
1772 4971 1835 5022 ad
1871 4984 1960 5039 sy-

391 5060 591 5113 nodutu
616 5059 730 5112 sive
757 5060 822 5113 ad
840 5070 1167 5112 conventum
1198 5061 1365 5123 venit,
1393 5062 1549 5129 eique
1582 5060 1809 5113 Basilius
1840 5077 1969 5112 vcn-

394 5160 578 5202 turum
605 5164 665 5202 se
698 5149 749 5201 in
780 5164 1089 5202 sermonem
1152 5150 1392 5220 Νίσοροιί
1437 5134 1706 5219 sperabat.
1742 5151 1843 5204 Sed
1888 5162 1964 5203 ta-

394 5254 518 5293 men
551 5239 749 5306 legitur
781 5240 834 5291 iu
868 5239 1078 5293 duobus
1132 5242 1523 5308 antiquissimis
1554 5242 1829 5295 codicibus
1855 5242 1964 5295 Me-

394 5332 566 5384 dicaeo
590 5340 646 5384 et
676 5331 1024 5397 Coisliniano,
1044 5332 1316 5405 Ἀθαρϐίῳ
1346 5335 1793 5406 Νεοκαισαρείας,
1815 5335 1970 5387 Alar-

394 5423 477 5474 bia
506 5420 891 5479 Neocresarete.
946 5425 1106 5479 Multa
1138 5442 1268 5481 sane
1289 5437 1622 5482 concurrunt
1655 5429 1793 5481 hanc
1827 5428 1968 5482 scri-

392 5524 607 5582 pturam
647 5516 1047 5572 conlirmantia.
1089 5519 1141 5573 1°
1182 5520 1629 5577 Neocaesariensis
1673 5521 1963 5593 episcopus

470 5740 545 5809 (a)
589 5740 690 5808 Ep.
721 5740 848 5804 207,
881 5759 936 5795 η.
970 5743 1019 5797 1.

472 5812 544 5879 (ιν)
579 5812 676 5880 Ep.
706 5812 836 5877 204,
869 5828 923 5865 ιι.
954 5812 979 5865 1

2064 1942 2143 2009 pis
2169 1942 2400 1997 illusisse
2432 1943 2791 2012 perspicimus
2828 1959 2889 1998 ex
2925 1945 3144 2013 epistola
3170 1944 3297 2009 205,
3321 1962 3373 1999 n.
3402 1946 3451 2008 1,
3496 1956 3552 2000 ιιι
3580 1962 3637 2001 se

2063 2031 2295 2099 regionis
2326 2032 2428 2084 situ
2464 2036 2530 2085 ab
2583 2034 2848 2085 haereticis
2889 2034 3138 2102 procellis
3188 2045 3351 2097 tutos,
3407 2035 3633 2089 aliorum

2061 2123 2441 2177 communione
2461 2125 2745 2177 crederent
2772 2140 2877 2177 non
2905 2125 3165 2194 indigere.
3186 2126 3244 2179 5ο
3262 2125 3329 2179 Ut
3356 2126 3634 2179 Atarbiutn

2061 2211 2114 2265 in
2150 2211 2250 2265 hac
2281 2212 2530 2280 epistola,
2560 2212 2634 2265 ita
2663 2213 2713 2266 in
2746 2212 2916 2265 tribus
2953 2214 3093 2277 aliis,
3128 2230 3319 2284 nempe
3345 2215 3472 2281 204,
3508 2216 3630 2275 207.

2060 2300 2185 2367 210,
2214 2300 2696 2355 Neocmsarietisem
2722 2302 3033 2371 episcOpum
3060 2302 3379 2358 Sabellianat
3415 2303 3636 2358 haeresis

2062 2395 2280 2447 nomine
2310 2393 2541 2449 Basilius
2583 2403 2823 2449 accusat.
2848 2395 2904 2448 4⁸
2934 2394 3065 2449 Tota
3093 2396 3299 2449 Atarbii
3326 2397 3515 2467 agendi
3546 2412 3635 2451 ra-

2064 2482 2137 2536 tio
2163 2483 2655 2539 Neocmsaricnsem
2699 2484 3007 2553 episeolmm
3035 2488 3254 2539 omnino
3280 2486 3499 2541 redolet.
3536 2484 3639 2541 Ba-

2062 2574 2213 2628 silius
2257 2575 2511 2642 episcopo
2569 2573 2992 2629 Neocaesariensi
3041 2577 3092 2629 iu
3143 2577 3384 2643 epistolis
3431 2577 3537 2633 204
3584 2587 3638 2632 et

2061 2665 2200 2731 207;
2227 2666 2365 2719 idem
2393 2682 2455 2720 ac
2502 2666 2725 2720 Atarbio
2767 2667 2818 2720 in
2865 2666 2966 2721 hac
3003 2667 3103 2720 126
3146 2669 3458 2736 exprobrat,
3492 2668 3635 2737 quod

2063 2773 2217 2812 suum
2248 2757 2433 2827 fugiat
2461 2772 2831 2827 congressum.
2874 2758 3130 2811 Atarbius
3160 2758 3331 2812 media
3368 2760 3419 2812 in
3462 2758 3636 2814 ecclec

2063 2848 2142 2901 sia
2175 2848 2426 2902 Basiliam
2458 2849 2789 2917 gravissimis
2835 2850 3177 2903 contumeliis
3210 2852 3459 2903 vexabat.
3499 2848 3631 2903 Eum

2066 2937 2521 2995 Neoczesariensis
2571 2941 2854 3009 episcopus
2898 2939 2976 3011 (a)
3008 2941 3059 2993 in
3104 2941 3457 2995 concionibus
3486 2941 3635 2994 onmi

2066 3029 2475 3084 maledictorum
2509 3044 2702 3100 genere
2737 3031 3031 3095 lacerabat,
3070 3041 3121 3085 et
3146 3032 3359 3085 somnia
3391 3031 3635 3101 quaedam

2066 3121 2167 3175 sibi
2200 3122 2458 3177 divinitus
2491 3122 2671 3176 oblata
2701 3122 2957 3190 fingebat,
2989 3132 3045 3175 ut
3074 3121 3329 3175 Basiliam
3363 3122 3415 3175 in
3463 3122 3639 3192 suspi-

2063 3217 2273 3268 cionem
2314 3229 2492 3284 pravas
2537 3215 2799 3269 doctrina:
2829 3224 3068 3269 vocaret.
3096 3213 3190 3268 IIis
3226 3215 3423 3268 addere
3452 3230 3637 3284 possu-

2064 3322 2185 3361 mus
2210 3322 2329 3376 qute
2354 3323 2382 3360 a
2406 3305 2604 3361 Basilio
2650 3306 3177 3362 Neoczesariensibus
3199 3321 3493 3376 eorumque
3513 3306 3633 3361 duci

2063 3397 2458 3465 exprobrantur
2490 3398 2588 3466 (ὁ),
2618 3398 2926 3452 diuturnum
2974 3397 3247 3451 silentium
3279 3406 3333 3451 et
3381 3398 3639 3467 producta

2064 3505 2161 3558 per
2189 3497 2356 3543 totam
2412 3489 2643 3544 hominis
2678 3489 2839 3543 vitam
2894 3490 3041 3544 odia.
3095 3489 3222 3544 Ilzec
3270 3490 3471 3558 optime
3506 3506 3637 3543 cou-

2067 3594 2267 3653 yuunt
2290 3583 2538 3649 Alarbio,
2570 3585 2657 3654 qui
2700 3584 2894 3639 litteris
2927 3584 3341 3653 perhonorillcis
3378 3599 3406 3638 a
3438 3583 3639 3639 Basilio

2070 3689 2398 3747 provocatus
2430 3678 2499 3749 (ρ)
2532 3694 2638 3733 non
2683 3681 2841 3735 modo
2873 3695 2975 3733 non
3016 3680 3311 3747 respondit,
3344 3680 3434 3733 sed
3473 3682 3637 3732 etiam

2067 3783 2282 3823 onmem
2315 3769 2367 3823 in
2408 3768 2665 3823 Basilium
2716 3770 3065 3823 acerbitatem
3090 3768 3296 3823 effudit.
3332 3768 3425 3822 llis
3468 3769 3639 3822 ratio-

2070 3875 2196 3915 num
2230 3859 2541 3922 momentis,
2578 3861 3073 3915 vetustissimorum
3117 3861 3362 3915 codicum
3401 3861 3639 3914 auctori-

2069 3961 2181 4009 tate
2234 3952 2543 4022 conjunctis
2603 3952 2864 4017 adducor,
2900 3963 2957 4007 ut
3007 3954 3288 4007 Atarbium
3332 3953 3641 4023 episc0pnm

2068 4044 2560 4100 Neocaesariensem
2591 4043 2757 4099 fuisse
2784 4045 3109 4098 existimem.

2614 4133 2841 4191 CAPUT
2868 4135 3081 4190 XXVII.

2073 4224 2115 4280 ι.
2166 4225 2436 4281 Formula:
2467 4244 2498 4280 a
2539 4226 2597 4281 S.
2628 4226 2826 4281 Basilio
2844 4228 3123 4295 proposita?
3142 4225 3421 4295 subscribit
3448 4225 3640 4279 Eusta-

2147 4298 2308 4366 thius,
2333 4300 2422 4350 sed
2454 4298 2612 4364 paulo
2640 4309 2749 4358 post
2774 4298 2949 4350 omnia
2979 4298 3262 4363 perturbat.
3292 4296 3356 4348 Il.
3388 4294 3644 4366 S._Euse-

2146 4367 2262 4419 bius
2288 4364 2579 4421 nascentem
2597 4366 2917 4421 discordiam
2942 4369 3123 4421 sedare
3139 4377 3380 4419 conatur.
3406 4364 3487 4418 III.
3535 4366 3643 4417 Eu-

2146 4438 2372 4490 stathius
2424 4454 2454 4488 a
2502 4436 2691 4489 Basilii
2730 4437 3089 4489 communione
3141 4436 3379 4497 discedit,
3426 4452 3642 4500 eumque

2145 4508 2348 4574 famoso
2390 4506 2559 4558 libello
2606 4506 2825 4559 lacerat.
2885 4505 2970 4558 IV.
3006 4504 3131 4557 Tres
3174 4521 3233 4557 ea
3272 4504 3413 4556 dere
3452 4503 3642 4556 Basilii

2148 4576 2360 4630 litteraz.
2413 4580 2528 4639 Quo
2584 4578 2709 4630 anui
2762 4586 2988 4639 tempore
3029 4576 3139 4628 [nec
3187 4583 3307 4625 acta
3354 4582 3403 4626 et
3448 4582 3645 4637 scripta

2149 4658 2285 4699 sunt.
2310 4646 2369 4698 V.
2390 4645 2621 4699 Basilius
2651 4650 2877 4698 nondum
2897 4647 3023 4696 liber
3041 4649 3103 4696 ab
3127 4645 3292 4695 exsilii
3320 4644 3491 4695 minis.
3518 4644 3644 4709 Ejus

2148 4718 2401 4768 sententia
2423 4717 2484 4768 de
2503 4716 2683 4784 legatis
2708 4714 3228 4784 Ιίοηιαηιηιὶιιειιίίξιῑζ
3263 4710 3451 4765 Scribit
3479 4713 3648 4766 Abra-

2148 4786 2253 4837 mio
2284 4803 2373 4853 per
2406 4781 2811 4839 Sanciissimum
2840 4783 3115 4852 epistolam
3137 4781 3256 4835 152.

2143 4877 2182 4933 Ι.
2228 4877 2658 4945 Nicopolitattum
2704 4878 2806 4930 iter
2850 4875 3060 4929 initium
3113 4874 3259 4928 dedit
3303 4873 3423 4928 aliis
3461 4872 3644 4937 rebus,

2075 4985 2194 5038 quae
2230 4970 2283 5023 in
2319 4969 2439 5023 Vita
2465 4970 2523 5024 S.
2561 4968 2743 5022 Basilii
2778 4975 2990 5020 exstant
3024 4978 3079 5020 et
3116 4966 3355 5037 eminent
3387 4966 3639 5019 maxime.

2078 5062 2201 5116 Post
2220 5061 2603 5131 discipulorum
2628 5058 2893 5113 Eustathii
2918 5057 3146 5119 facinus,
3170 5058 3308 5125 quod
3330 5072 3491 5126 supra
3515 5072 3645 5109 nar-

2078 5157 2339 5218 ravimus,
2372 5154 2589 5208 refrixit
2614 5153 2942 5221 aliquantum
2994 5149 3249 5205 Basilium
3280 5150 3420 5203 inter
3452 5158 3507 5202 et
3542 5149 3649 5201 Itiu-

2078 5246 2340 5300 statltiunt
2396 5245 2658 5310 amicitia,
2694 5245 2787 5298 sed
2831 5254 3008 5296 tamen
3062 5242 3298 5311 speciem
3353 5240 3642 5310 quamdam

2078 5338 2220 5392 inter
2248 5354 2305 5392 se
2337 5337 2742 5391 consueutdiuis
2778 5334 3112 5397 retinebant,
3143 5349 3204 5386 ac
3251 5330 3418 5386 semel
3448 5340 3501 5384 ct
3544 5331 3648 5384 ite-

2078 5445 2197 5482 rum
2246 5430 2317 5482 ita
2366 5430 2431 5483 de
2483 5428 2822 5498 dogmatibus
2858 5427 3109 5482 collocuti
3149 5433 3298 5489 sttnt,
3336 5434 3392 5478 ut
3419 5423 3557 5477 inter
3589 5438 3650 5477 se

2080 5520 2389 5575 consentire
2446 5520 2774 5574 viderentur.
2812 5518 2923 5574 Duo
2976 5527 3156 5573 autem
3186 5516 3258 5570 illi
3289 5515 3378 5587 ,de
3428 5514 3654 5584 dogma-

2155 5736 2225 5808 (ε)
2258 5736 2352 5807 Ep.
2383 5734 2471 5791 61.
