4040 6216
361 356 449 400 cu
638 338 641 341 ’
1703 343 2239 402 PROLEGOMENA.

367 458 508 514 tibus
539 469 862 526 congressus
903 455 948 510 si
975 463 1094 524 post
1134 457 1491 525 proditionem
1529 458 1698 516 habiti
1729 461 1880 516 fuere
1903 501 1918 522 .
1956 467 1998 520 B
2030 465 2228 531 partim
2255 470 2624 528 accurrerent,
2654 460 2876 530 scripsit
2904 460 2971 514 ad
3004 459 3348 516 Eustathium
3375 462 3599 533 ejusque.

365 558 587 599 necesse
647 554 729 598 est
785 553 845 597 ut
907 545 1149 599 dicamus
1201 545 1456 601 Basilium
1505 560 1721 604 euntem
1767 550 1928 606 Nico-

364 635 530 702 polim
589 650 652 689 ac
717 635 1031 689 redeuntem
1081 651 1204 690 cum
1257 637 1541 696 Eustalhio
1608 643 1928 699 collocutum

363 741 502 780 C336.

432 814 564 871 Illud
590 825 770 871 autem
797 826 949 873 certo
977 829 1192 876 constat
1218 819 1473 878 Basilium
1503 824 1605 880 hoc
1626 842 1769 881 anno
1803 843 1927 897 per-

366 906 577 971 fecisse,
628 907 768 976 quod
820 909 1072 978 proxime
1107 911 1292 979 elapso
1339 917 1628 971 morositas
1664 917 1928 973 Theodoti

365 997 820 1066 interpellaverat,
865 1009 920 1053 ut
971 1015 1098 1055 cum
1150 1000 1428 1058 Theodoto
1473 1006 1540 1061 de
1589 1011 1928 1076 pr0ponenda

362 1089 651 1144 Eustathio
700 1090 823 1145 ﬁdei
877 1093 1107 1148 formula
1161 1094 1486 1150 deliberaret
1526 1097 1623 1168 (a).
1669 1100 1931 1168 Sperabat

362 1181 504 1235 enim
537 1197 596 1237 se
649 1182 757 1238 duo
800 1199 902 1237 una
952 1193 1006 1238 et
1052 1188 1240 1240 eadem
1289 1202 1450 1255 opera
1496 1189 1929 1254 lueratnrum.si

362 1271 680 1328 Eustathius
703 1276 1069 1344 comprobatae
1098 1277 1199 1346 ipsi
1234 1277 1508 1333 Theodoto
1535 1281 1777 1336 formulae
1806 1285 1932 1338 sub-

363 1361 661 1429 scriberet;
695 1377 755 1419 se
788 1365 854 1418 ab
895 1365 1238 1420 inimicorum
1280 1367 1586 1434 calumniis,
1621 1371 1790 1438 ipsum
1817 1371 1928 1426 Eu-

361 1452 619 1507 stathium
644 1467 675 1507 a
703 1453 965 1510 Theodoti
1003 1457 1238 1525 querelis
1275 1466 1330 1513 et
1364 1459 1767 1528 suspicionibus
1793 1462 1928 1517 libe-

361 1559 478 1598 rum
506 1554 560 1600 et
583 1544 812 1601 solutum
839 1546 977 1604 fore.
1002 1547 1118 1615 lpse
1141 1551 1282 1604 enim
1313 1549 1549 1606 Basilius
1573 1553 1803 1609 multum
1832 1570 1929 1624 po-

361 1633 441 1686 nit
485 1632 813 1690 discriminis
848 1636 994 1692 inter
1025 1637 1361 1693 Theodotum
1390 1641 1486 1711 (ὁ),
1517 1642 1607 1710 qui
1647 1644 1760 1698 solo
1799 1644 1926 1702 ﬁdei

367 1726 549 1782 Studio
581 1727 916 1796 movebatur,
949 1739 1003 1784 et
1026 1731 1268 1788 inimicos
1293 1747 1357 1788 ac
1376 1735 1762 1792 obtrectatores
1779 1754 1924 1804 suos,

359 1827 586 1885 quorum
609 1818 883 1886 perpetuis
912 1818 1201 1873 calumniis
1246 1822 1528 1877 materiam
1581 1825 1743 1881 dabat
1795 1843 1925 1883 con-

353 1904 560 1974 junctio
587 1922 709 1961 eum
739 1907 1039 1964 Eustathio.
1073 1909 1415 1980 Purgaverat
1447 1928 1507 1968 se
1543 1917 1713 1971 semel
1742 1928 1795 1972 et
1824 1920 1924 1976 ite-

359 2012 477 2052 rum
518 1997 748 2055 Basilius
783 2015 796 2052 :
832 2001 946 2070 sed,
979 2017 1100 2057 cum
1130 2003 1262 2056 nihil
1308 2005 1686 2073 promovisset,
1741 2021 1925 2074 postu-

357 2085 490 2141 lanti
524 2087 822 2154 Theodoto,
874 2101 932 2144 ut
963 2089 1085 2145 ﬁdei
1124 2089 1352 2146 formula
1389 2092 1674 2151 Eustatbio
1725 2113 1923 2169 propo-

360 2186 604 2246 neretur,
633 2179 860 2235 libenter
888 2182 1097 2236 annuit.
1130 2182 1341 2252 Scripta
1367 2199 1495 2254 ergo
1522 2186 1655 2242 ﬁdes
1683 2188 1922 2260 Nicopoli

358 2268 645 2335 coniuncte
671 2283 796 2326 cum
827 2271 1132 2337 Theodoto,
1166 2288 1230 2328 ac
1259 2273 1402 2328 forte
1440 2276 1606 2330 etiam
1641 2293 1762 2334 cum
1801 2282 1925 2337 aliis

357 2361 646 2430 episcopis.
678 2361 830 2415 Hanc
862 2363 1004 2416 enim
1053 2364 1364 2433 synodicam
1389 2369 1622 2435 appellat
1651 2369 1922 2429 Leontius.

357 2448 705 2506 Perferenda:
736 2453 1094 2508 ministerium
1123 2455 1361 2525 suscepit
1397 2455 1629 2515 Basilius
1661 2461 1730 2531 (c)
1757 2479 1771 2516 :
1799 2463 1927 2518 sub-

357 2541 574 2610 scripsit
602 2541 918 2599 Eustathius
943 2558 1064 2599 cum
1117 2544 1393 2603 Frontone
1419 2557 1473 2602 et
1514 2548 1714 2607 Severo
1773 2555 1923 2611 chor-

356 2633 606 2704 episeopo
634 2642 690 2690 et
711 2636 832 2690 aliis
851 2637 1122 2692 nonnullis
1152 2637 1384 2694 clericis.
1413 2640 1539 2696 Haec
1574 2643 1805 2700 formula
1837 2648 1923 2702 in-

355 2732 442 2781 ter
472 2725 656 2779 Basilii
682 2726 940 2794 epistolas
968 2737 1248 2782 numerata
1271 2739 1375 2794 est,
1404 2741 1597 2801 estque
1625 2735 1920 2792 centesima

355 2815 612 2871 vicesima
641 2817 850 2887 quinta.
875 2817 1081 2873 Praeter
1109 2818 1378 2875 Nica'nam
1405 2823 1563 2880 ﬁdem
1587 2841 1648 2880 ea
1683 2828 1922 2884 continet

357 2921 478 2975 quae
519 2907 590 2962 ad
625 2907 1058 2979 perspiciendam
1097 2909 1364 2965 Eustathii
1399 2914 1464 2968 de
1498 2913 1706 2985 Spiritu
1731 2927 1922 2974 sancto

353 2996 514 3052 ﬁdem
536 2998 838 3055 necessaria
880 3000 1224 3055 videbantur.

421 3087 716 3160 Postquam
774 3092 1093 3161 subscripsit
1152 3092 1504 3161 Eustathius,
1556 3097 1790 3156 indictus
1838 3110 1922 3156 est

358 3180 497 3237 alius
537 3181 708 3248 locus,
744 3181 996 3252 aliudque
1049 3193 1262 3255 tempus
1295 3187 1491 3248 iterum
1541 3193 1916 3260 conveniendi,

359 3281 418 3327 ut
441 3273 756 3328 coeuntibus
781 3273 1035 3342 parteciae
1059 3276 1328 3346 episcopis
1364 3278 1624 3346 insignior
1648 3285 1923 3336 essetani-

356 3377 566 3418 morum
599 3365 930 3432 conciliatio,
974 3382 1039 3422 ac
1068 3367 1323 3438 deinceps
1345 3371 1742 3440 suspicionibus
1768 3374 1920 3430 locus

357 3455 781 3524 przecluderetur
811 3459 912 3528 (τί).
945 3459 1267 3515 Adfuturum
1313 3477 1374 3517 se
1425 3466 1675 3533 promisit
1725 3466 1921 3520 Eusta-

357 3549 499 3604 thius
551 3559 606 3604 et
653 3549 941 3618 discipulos
1001 3553 1378 3609 adducturum.
1421 3556 1512 3610 Ait
1569 3559 1800 3615 Basilius
1851 3558 1918 3634 (ε)

354 3654 512 3692 suum
536 3639 702 3695 fuisse
721 3639 894 3696 locum
935 3643 1082 3698 illum
1118 3646 1207 3714 qui
1250 3646 1562 3717 designatus
1592 3659 1694 3716 est,
1735 3650 1789 3705 id
1815 3663 1916 3718 est,

353 3744 540 3800 agrum
577 3731 828 3801 episcopo
854 3732 1175 3790 Caesariensi
1210 3737 1532 3807 subjectum.
1567 3738 1793 3794 Videtur
1828 3759 1917 3795 vo-

353 3833 506 3878 catus
545 3823 710 3879 fuisse
743 3825 986 3881 Colonia.
1013 3827 1129 3883 Huc
1159 3831 1304 3884 enim
1341 3832 1521 3885 refero
1547 3833 1690 3899 quod
1726 3832 1921 3902 legitur

352 3915 407 3970 in
433 3917 654 3983 epistola
685 3917 788 3972 i28
811 3935 828 3974 :
853 3918 919 3973 Et
939 3921 1038 3974 nisi
1056 3922 1202 3989 pacis
1224 3922 1398 3976 studio
1426 3939 1527 3976 non
1557 3924 1921 3994 abnegaverim

352 4009 530 4063 venire
559 4007 855 4074 Coloniam,
903 4029 1006 4066 non
1035 4014 1164 4066 mihi
1187 4016 1498 4084 paciﬁcatur
1517 4017 1644 4070 vita.
1692 4015 1921 4086 chellit

353 4099 440 4155 his
463 4098 643 4155 verbis
672 4099 904 4155 Basilius
941 4103 1352 4158 criminationes
1394 4105 1659 4158 Eustathii
1697 4105 1920 4175 ejusque

353 4191 671 4258 amicorum,
717 4190 808 4260 qui
865 4191 1038 4259 ipsum
1091 4192 1232 4246 malo
1284 4194 1466 4248 animo
1501 4195 1640 4250 hanc
1669 4198 1921 4266 paciﬁca-

354 4283 556 4337 tionem
604 4284 909 4352 suscepisse
973 4284 1314 4339 dictitabant.
1363 4285 1724 4350 Quamobrem
1757 4286 1916 4343 Colo-

352 4373 465 4438 nia,
506 4389 614 4444 quo
641 4389 700 4428 se
731 4376 880 4443 pacis
904 4389 1064 4428 causa
1095 4375 1309 4431 venisse
1339 4387 1648 4442 asseverat,
1684 4379 1799 4447 ipse
1830 4379 1920 4434 ille

2032 556 2274 618 amicos,
2322 565 2374 610 et
2410 554 2557 608 misit
2586 555 2675 624 qui
2729 555 3011 623 episcopos
3056 554 3340 611 advenisse
3383 557 3600 610 nuntia-

2031 650 2175 698 rent.
2197 643 2265 697 Αι
2285 659 2349 696 ex
2377 653 2533 710 parte
2552 642 2823 697 Euatatbii
2852 656 3010 697 nemo
3033 644 3239 707 aderat,
3271 657 3430 698 nemo
3450 645 3596 699 illius

2030 734 2320 788 adventum
2357 733 2772 802 prtenuntiabat,
2803 742 2857 786 et
2885 733 2974 801 qui
3013 747 3040 785 a
3075 732 3271 787 Basilio
3311 735 3458 789 missi
3491 734 3602 788 fue-

2029 833 2148 878 rant
2179 827 2242 876 ad
2268 821 2636 886 Enstathium,
2670 824 2955 893 plurimam
2988 824 3095 878 illic
3124 825 3399 879 tristitiam
3434 836 3487 880 et
3515 827 3599 880 itt-

2030 913 2411 983 dignationetn,
2444 914 2598 981 quasi
2647 929 2782 967 nova
2829 913 2961 968 ﬁdes
2992 929 3021 966 a
3061 913 3256 970 Basilio
3310 916 3589 983 proposita

2033 1001 2243 1070 fuisset,
2268 1019 2327 1058 se
2361 1003 2808 1058 animadvertisse
2847 1012 3159 1067 narrarunt,
3198 1014 3357 1072 atque
3387 1021 3451 1058 ex
3485 1006 3598 1058 Eu-

2031 1094 2218 1148 stathii
2269 1093 2552 1163 discipulis
2595 1094 2854 1157 audiisse,
2881 1109 3001 1148 cum
3046 1096 3286 1148 dicerent
3316 1111 3595 1164 nunquam

2027 1200 2087 1240 se
2123 1200 2401 1254 passuros,
2443 1194 2500 1238 ut
2525 1185 2592 1238 ad
2617 1183 2954 1253 designatum
2987 1183 3162 1237 locum
3189 1183 3502 1238 Eustathius
3535 1199 3598 1238 se

2028 1277 2322 1334 conferret.
2350 1274 2509 1330 Venit
2534 1282 2708 1328 tamen
2735 1274 2930 1342 aliquis
2962 1272 3376 1342 perfunctoriam
3397 1273 3592 1327 Eusta—

2031 1366 2127 1419 thii
2157 1365 2441 1434 epistolam
2477 1364 2678 1428 ferens,
2712 1379 2811 1416 nec
2842 1363 2905 1416 de
2941 1363 3007 1414 iis
3034 1378 3153 1429 quae
3188 1363 3254 1416 ab
3283 1363 3435 1416 initio
3460 1377 3594 1415 con-

2027 1455 2217 1508 stituta
2273 1453 2508 1518 fuerant,
2557 1453 2851 1522 quidquam
2894 1451 3200 1504 habentem.
3233 1448 3378 1503 Misit
3425 1449 3592 1502 etiam

2029 1544 2358 1614 Theophilus
2375 1543 2783 1599 Castabalorum
2805 1542 3088 1611 episcopus
3111 1541 3339 1610 aliquem
3366 1557 3428 1594 ex
3457 1540 3592 1604 suis,

2027 1637 2120 1706 qui
2171 1635 2428 1690 Basilium
2481 1634 2740 1689 conviciis
2807 1633 3150 1702 perfunderet
3186 1654 3196 1687 :
3231 1645 3404 1700 neque
3446 1631 3592 1684 enim

2030 1727 2267 1782 scribere
2301 1727 2556 1794 dignatus
2585 1735 2700 1792 est;
2735 1740 2839 1778 nou
2868 1735 2976 1777 tam
3017 1734 3262 1777 metuens
3292 1738 3360 1777 ne
3391 1737 3455 1776 ex
3501 1723 3592 1775 lit-

2028 1821 2159 1874 teris
2187 1819 2336 1889 argui
2371 1827 2574 1887 posset,
2602 1832 2762 1885 quam
2801 1831 2866 1870 ne
2894 1817 2944 1868 in
2977 1815 3352 1869 necessitatem
3386 1814 3594 1868 veniret

2025 1910 2206 1966 Basilii
2250 1909 2547 1978 appellandi
2590 1909 2850 1979 episcopi.
2883 1907 2974 1962 Sic
3014 1923 3075 1961 re
3133 1905 3330 1961 infecta
3363 1905 3594 1960 Basilius

2025 2011 2079 2056 et
2130 2001 2389 2071 episcopi,
2435 2015 2571 2070 quos
2613 2008 3038 2066 convocaverat,
3088 1999 3267 2052 moesti
3321 1998 3590 2053 discesse-

2026 2103 2172 2148 runt.

2093 2183 2290 2252 Liquet
2323 2199 2391 2238 ex
2431 2182 2516 2237 his
2558 2197 2677 2252 quae
2710 2182 3050 2237 narravimus
3087 2181 3440 2250 Theophilum
3491 2181 3590 2236 Se-

2026 2277 2212 2331 bastiaa
2244 2275 2428 2337 fuisse,
2451 2289 2575 2329 cum
2611 2290 2640 2328 a
2675 2273 2874 2328 Basilio
2925 2289 3142 2337 venere,
3175 2275 3265 2344 qui
3289 2275 3352 2327 de
3385 2274 3596 2344 episco-

2025 2383 2216 2438 porum
2275 2369 2509 2422 adventu
2559 2367 2870 2421 nuntiarent
2921 2366 3022 2436 (Ιι).
3075 2365 3208 2420 Cum
3265 2367 3368 2420 hoc
3429 2365 3596 2420 Cilice

2025 2459 2276 2529 episcopo
2311 2459 2626 2514 Eustathius
2655 2459 2708 2512 in
2744 2457 3000 2512 Basilium
3040 2455 3492 2524 frequentissimis
3538 2457 3592 2509 in

2030 2550 2384 2606 concionibus
2416 2550 2789 2613 invehebatur,
2818 2548 2970 2618 quasi
3003 2548 3231 2602 Basilius
3261 2547 3441 2616 populi
3476 2547 3594 2600 ani-

2024 2643 2130 2697 mis
2158 2641 2330 2696 aliena
2385 2641 2454 2696 ab
2488 2641 2657 2711 ipsius
2691 2641 2952 2695 Eustathii
2986 2640 3231 2694 doctrina
3274 2639 3595 2694 inseruisset

2025 2734 2295 2804 dogmata.
2331 2733 2469 2788 Huic
2497 2732 2865 2788 criminationi
2904 2732 3076 2786 locum
3122 2730 3336 2784 videtur
3373 2728 3593 2783 dedisse

2025 2840 2131 2879 non
2162 2834 2265 2878 tam
2292 2825 2594 2895 subscripta
2617 2827 2684 2879 ab
2705 2824 3007 2888 Eustathio,
3033 2822 3216 2876 Basilii
3246 2822 3432 2889 petitu,
3460 2821 3593 2876 fides

2025 2916 2262 2979 Nicaena,
2291 2932 2453 2986 quam
2499 2932 2527 2970 a
2558 2915 2782 2982 Basilio,
2837 2919 2964 2968 dum
3020 2913 3266 2968 Sebastia
3311 2913 3588 2975 transiret,

2026 3005 2200 3076 palam
2234 3015 2289 3058 et
2333 3016 2539 3074 aperte,
2571 3020 2674 3060 non
2705 3020 2770 3058 ex
2803 3019 2859 3057 re
2887 3010 2940 3057 et
2972 3000 3239 3056 sententia
3294 2997 3589 3063 Eustathii,

2024 3095 2219 3165 populo
2253 3097 2562 3165 praedicata.
2592 3093 2709 3149 Non
2759 3094 2903 3149 enim
2957 3092 3308 3146 dubitandum
3347 3099 3430 3143 est
3459 3089 3592 3158 quin

2024 3186 2341 3242 Eustathius
2398 3186 2540 3240 hunc
2573 3186 2835 3240 honorem
2882 3183 3080 3238 Basilio
3121 3180 3396 3246 habuerit,
3428 3195 3592 3249 quem

2023 3276 2291 3346 episcopis
2316 3277 2367 3329 in
2404 3275 2578 3330 aliena
2611 3275 2842 3330 ecclesia
2872 3274 3069 3329 deferri
3109 3287 3223 3327 mos
3254 3281 3393 3336 erat,
3427 3281 3486 3326 ut
3513 3269 3594 3325 eis

2023 3369 2252 3439 populus
2275 3368 2601 3424 erudiendus
2629 3369 2952 3424 traderetur.

2093 3460 2157 3516 ll.
2189 3461 2245 3514 S.
2276 3460 2539 3516 Eusebius
2572 3458 2993 3522 Samosatensis,
3017 3473 3138 3512 cum
3171 3455 3398 3510 moleste
3424 3454 3594 3509 ferret

2023 3551 2125 3606 hoc
2151 3552 2442 3605 amicorum
2464 3550 2743 3605 dissidimn
2765 3549 2852 3619 (i),
2885 3550 3114 3602 medium
3134 3561 3192 3601 se
3211 3546 3351 3601 inter
3378 3555 3593 3599 utrum-

2023 3658 2128 3713 que
2160 3644 2501 3712 interposuit,
2535 3657 2600 3696 ac
2639 3655 2822 3711 pacem
2845 3649 3074 3694 conatus
3102 3648 3185 3693 est
3214 3637 3440 3692 sarcire.
3471 3634 3596 3702 Egit

2023 3749 2142 3788 cum
2186 3733 2488 3798 Eustathio,
2520 3743 2578 3786 ut
2607 3734 2656 3787 is
2682 3733 2839 3788 ﬁdem
2865 3747 3018 3786 suam
3050 3738 3326 3800 purgaret,
3349 3740 3405 3785 et
3436 3729 3504 3784 ab
3526 3741 3595 3782 eo

2023 3836 2246 3896 accepta
2280 3827 2344 3880 de
2367 3828 2468 3881 ﬁde
2490 3841 2745 3894 responsa
2779 3825 2923 3878 misit
2943 3825 3008 3878 ad
3039 3823 3297 3878 Basilium
3325 3821 3412 3894 (j),
3432 3837 3594 3892 quem

2022 3918 2183 3972 etiam
2225 3918 2291 3973 ad
2319 3932 2504 3988 pacem
2560 3918 2906 3984 hortabatur,
2943 3927 2998 3970 et
3033 3915 3355 3970 humilitatis
3388 3912 3596 3984 signiﬁ-

2023 4009 2264 4065 cationes
2292 4010 2360 4064 ab
2387 4024 2450 4063 eo
2479 4010 2822 4078 reposcebat.

2096 4100 2406 4169 Respondet
2440 4100 2670 4155 Basilius
2697 4114 2756 4155 se
2778 4117 2875 4170 pro
2914 4115 3045 4168 pace
3067 4101 3230 4155 vitam
3268 4097 3598 4168 profundere

2021 4201 2268 4262 paratum
2292 4207 2436 4256 esse,
2463 4192 2556 4246 sed
2583 4207 2765 4246 veram
2808 4206 3018 4260 pacem,
3047 4206 3166 4261 quae
3193 4206 3222 4244 a
3256 4190 3482 4246 Domino
3511 4205 3596 4243 re—

2023 4282 2146 4337 licta
2175 4291 2278 4348 est,
2311 4283 2600 4351 exquirere
2630 4299 2645 4348 ;
2685 4282 2752 4337 ab
2790 4283 3076 4336 Eustathio
3120 4292 3298 4336 autem
3344 4280 3476 4335 nihil
3505 4278 3596 4333 af-

2022 4374 2150 4430 ferri
2181 4376 2326 4444 quod
2355 4374 2620 4444 ejusmodi
2646 4390 2835 4444 pacem
2872 4375 3166 4430 conciliare
3197 4374 3404 4444 possit;
3441 4373 3509 4427 ab
3531 4385 3601 4426 eo

350 4465 502 4520 locus
526 4464 751 4534 intelligi
771 4464 954 4530 debet,
987 4466 1076 4521 ubi
1099 4477 1400 4522 conventus
1426 4469 1798 4538 episcoporum
1829 4473 1912 4524 in-
1946 4486 1991 4541 ι)
2023 4468 2163 4521 enim
2189 4468 2473 4537 quaesitum
2503 4481 2624 4522 esse
2650 4467 2718 4522 ab
2743 4467 2924 4532 initio,
2951 4478 3129 4520 utrum
3165 4481 3193 4520 a
3218 4464 3600 4521 communione

349 4556 550 4613 dictus.

417 4645 678 4712 Quamvis
727 4646 1078 4717 Basilius(f),
1126 4657 1248 4702 cum
1301 4646 1586 4702 formulam
1639 4649 1920 4705 Eustatbio

351 4738 798 4794 subscribendam
853 4739 1158 4809 proposuit,
1201 4739 1358 4794 ﬁdem
1415 4739 1560 4794 illius
1614 4750 1919 4810 suspectam

350 4843 458 4884 non
494 4829 740 4895 haberet,
772 4831 866 4886 sed
889 4830 992 4886 hoc
1033 4833 1190 4886 unice
1220 4839 1512 4901 spectaret,
1543 4840 1600 4885 ut
1621 4833 1920 4887 amicorum

351 4919 760 4988 suspicionibus
793 4929 849 4976 et
887 4922 1229 4976 inimicorum
1260 4931 1572 4977 occurreret
1607 4922 1916 4985 calumniis;

350 5025 412 5064 ea
447 5026 532 5065 res
557 5020 736 5066 tamen
754 5011 1020 5068 Eustathii
1043 5015 1283 5068 furorem
1307 5014 1573 5079 accendit,
1605 5014 1755 5080 isque
1780 5014 1918 5068 hanc

347 5105 578 5171 primam
610 5104 838 5158 internae
880 5104 1018 5160 labis
1065 5106 1515 5180 signiﬁcationem
1547 5106 1710 5166 dedit.
1745 5117 1800 5158 ut
1849 5106 1917 5160 ad

347 5192 491 5246 diem
521 5203 577 5248 et
608 5193 784 5248 locum
817 5195 1007 5250 adesse
1035 5197 1221 5250 nollet.
1251 5196 1440 5251 Adfuit
1468 5205 1649 5250 autent
1679 5194 1914 5249 Basilius

347 5283 423 5353 (g)
459 5283 767 5354 diligenter,
792 5293 996 5339 etcum
1043 5287 1160 5356 ejus
1205 5287 1364 5342 amici
1398 5287 1592 5357 partim
1635 5289 1907 5350 adessent,

418 5460 493 5546 ςςι)
651 5466 780 5533 ιιι,
823 5483 877 5521 n.
913 5465 970 5518 2.

665 5605 775 5695 ιλιι
809 5605 1020 5661 Nestor.
1048 5615 1093 5660 et
1122 5602 1344 5675 Eutych.

417 5673 495 5741 (ιι)
531 5675 627 5744 Ep.
661 5675 780 5730 150.

417 5744 490 5813 (c)
531 5745 628 5816 Ep.
660 5744 786 5807 ΞΗ,
818 5759 872 5798 ιι.
904 5741 963 5797 2.

2021 4567 2203 4612 arceat
2222 4573 2318 4612 eos
2339 4558 2428 4628 qui
2462 4557 2619 4612 fidem
2643 4557 2918 4612 Nicaznam
2947 4573 3053 4610 non
3085 4556 3371 4624 recipiunt,
3397 4565 3451 4609 et
3471 4569 3600 4608 cum

2027 4649 2095 4704 iis
2121 4650 2212 4717 qui
2252 4650 2514 4718 Spiritum
2541 4658 2789 4704 sanctum
2825 4659 3132 4704 creaturam
3161 4648 3343 4703 dicere
3373 4647 3598 4712 audent,

2021 4749 2226 4808 partem
2252 4740 2450 4794 habere
2475 4741 2607 4794 nolit
2638 4740 2766 4796 :cui
2800 4741 3083 4811 qua-stioni
3107 4756 3228 4795 cum
3264 4738 3595 4808 respondere

2025 4830 2092 4883 ad
2141 4831 2368 4882 verbum
2428 4831 2721 4894 debuisset,
2751 4831 2804 4884 in
2859 4831 2976 4884 illas
3015 4829 3301 4885 verborum
3343 4829 3599 4895 ambages

2027 4920 2334 4984 deﬂexisse,
2356 4937 2493 4990 quas
2525 4922 2748 4976 miserat
2777 4923 3061 4979 Eusebius.
3093 4921 3274 4990 Itaque
3315 4930 3464 4989 rogat
3489 4919 3601 4973 Eu-

2028 5012 2234 5066 sebium
2258 5011 2510 5074 Basilius,
2555 5027 2622 5066 ne
2648 5028 2707 5067 se
2734 5012 2996 5079 ejusmodi
3031 5012 3464 5066 cavillationibus
3498 5015 3597 5063 de-

2025 5101 2128 5171 cipi
2156 5117 2275 5154 cum
2296 5102 2414 5154 aliis
2448 5101 2704 5169 patiatur.
2732 5101 2881 5155 Adeo
2903 5114 3082 5155 autem
3117 5100 3450 5169 exploratum
3477 5108 3601 5153 erat

2023 5191 2220 5246 Basilio
2251 5191 2316 5245 de
2352 5191 2622 5246 Eustathii
2651 5192 2871 5259 astutia,
2899 5203 2957 5244 ut
2990 5193 3041 5245 in
3077 5207 3137 5245 se
3186 5207 3399 5245 omnem
3435 5189 3599 5244 dissi-

2022 5285 2094 5340 dii
2134 5283 2345 5353 culpam
2398 5284 2632 5338 conferri
2671 5285 2924 5355 patiatur,
2957 5285 2999 5339 si
3049 5283 3364 5338 Eustathius
3393 5283 3590 5337 adduci

2104 5457 2171 5525 (ι’)
2215 5456 2310 5522 Ep.
2348 5455 2471 5520 9.25,
2512 5471 2565 5508 n.
2591 5457 2645 5509 7.

2093 5531 2166 5594 (9)
2201 5525 2446 5592 Εμ.244,
2490 5543 2543 5579 ιι.
2581 5526 2633 5580 2.

2088 5597 2164 5666 (Ιι)
2203 5596 2300 5661 Ep.
2334 5597 2459 5649 150.

2091 5669 2156 5733 (η
2197 5666 2452 5733 Ep.tes.

2089 5736 2158 5804 υ)
2188 5734 2346 5799 nam,
2379 5753 2431 5789 ιι.
2461 5733 2520 5792 2.
