4040 6216
1757 316 1919 373 VITA
1958 314 2015 370 S.
2056 313 2141 368 BA
2150 313 2321 372 SILII.

3552 331 3665 374 ενιι

405 424 601 495 possit,
638 432 698 479 ut
743 440 1183 482 commun.onem
1222 443 1345 483 cum
1384 428 1507 485 ﬁdei
1552 430 1798 486 hostibus
1844 430 1989 485 clare
2018 432 2065 490 Α
2096 444 2219 483 vera
2273 429 2339 481 ad
2386 443 2587 484 omnes
2639 429 2887 483 homines
2938 428 3151 499 scriptis
3185 426 3271 500 (f).
3330 425 3462 481 Nam
3520 429 3658 483 intra

402 527 457 571 et
485 522 774 586 perspicue
800 517 1129 573 conﬁteatur
1155 530 1249 573 aut
1292 520 1485 585 ejuret.
1520 520 1768 589 Quandiu
1802 530 1982 575 autem

401 610 454 663 in
485 611 591 663 hoc
627 609 791 662 medii
845 609 1088 665 hominis
1113 620 1255 665 statu
1306 613 1593 683 perstabit,
1624 629 1896 684 nunquam
1924 628 1984 669 se

400 715 524 753 cum
557 714 624 754 eo
667 702 1193 757 communicaturum
1241 704 1497 760 declarat.
1535 705 1653 761 Non
1707 718 1885 761 tamen
1915 706 1984 761 ab

400 790 468 844 iis
490 793 583 858 qui
610 791 770 845 (idem
800 808 907 847 non
953 794 1559 862 recipiebant,onmlno
1586 797 1977 852 discedendum

400 889 594 950 putat;
626 884 720 936 sed
767 887 1041 953 quomodo
1073 888 1299 941 curandi
1329 887 1440 941 sint
1469 896 1525 942 et
1567 889 1853 943 reducendi
1886 904 1982 943 ex-

399 977 572 1042 ponit.
603 975 1022 1032 Eximia'virtus
1056 978 1114 1033 S.
1171 980 1390 1034 Eusebii
1432 990 1489 1035 et
1540 982 1777 1036 studium
1830 982 1978 1049 ﬁdei,

397 1067 542 1133 quod
570 1068 625 1119 in
651 1082 716 1121 eo
753 1083 1025 1122 summum
1078 1070 1308 1136 exstitit,
1332 1070 1580 1125 dubitare
1628 1087 1732 1126 non
1765 1075 1975 1141 sinunt,

398 1157 530 1225 quin
569 1156 822 1211 Basiliqu
848 1159 951 1213 hac
992 1161 1043 1212 in
1068 1174 1231 1214 causa
1270 1160 1427 1229 longe
1465 1163 1753 1219 Eustathio
1778 1176 1980 1235 praetu-

397 1248 541 1303 lerit.
578 1249 714 1303 Hinc
748 1265 872 1303 eum
917 1251 1152 1307 Basilius
1199 1254 1300 1307 hoc
1340 1255 1458 1324 ipso
1504 1271 1666 1322 anno,
1700 1267 1757 1311 ut
1804 1258 1979 1311 homi-

397 1356 521 1394 nem
559 1340 628 1395 de
674 1340 991 1409 Eustathio,
1021 1353 1079 1397 ut
1128 1360 1226 1413 par
1274 1355 1378 1411 est,
1415 1346 1735 1401 sentientem
1782 1362 1978 1403 consu-

395 1432 515 1498 luit,
541 1434 672 1502 quid
724 1433 942 1489 clericis
1003 1434 1277 1490 Eustathii
1329 1452 1482 1506 opem
1533 1454 1728 1506 suam,
1760 1444 1975 1498 detecto

391 1527 636 1596 episcopi
689 1528 771 1581 sui
819 1526 1024 1594 ulcere,
1071 1528 1487 1597 implorantibus
1537 1534 1972 1603 respondendum

391 1628 555 1674 esset.
886 1610 887 1615 “
1452 1626 1455 1629 ’

464 1710 556 1765 Ill.
591 1710 708 1766 Non
740 1712 830 1768 hic
859 1722 1125 1768 steterunt
1153 1713 1423 1770 Eustathii
1450 1715 1502 1770 in
1537 1717 1794 1773 Basilinm
1828 1719 1969 1790 inju-

2085 534 2289 590 paucos
2319 520 2441 575 dies
2462 535 2561 589 per
2577 535 2789 574 omnem
2818 520 3044 575 Pontum
3074 531 3129 575 et
3158 521 3420 576 Galatiam
3454 522 3664 591 disper-

2083 631 2157 670 sze
2190 614 2410 669 fuerunt
2442 630 2457 677 ;
2511 613 2807 680 quinetiam
2846 613 3120 667 ferebatur
3158 612 3420 682 ejusmodi
3446 614 3661 668 litterav

2083 723 2202 760 rum
2257 705 2444 775 bajuli,
2493 703 2745 774 Bithynia
2812 713 3118 773 peragrata,
3164 722 3335 775 usque
3381 708 3446 761 ad
3484 710 3657 778 ipsum

2089 798 2492 866 Hellespontum
2544 806 2881 865 penetrasse.
2920 795 3045 850 Jam
3090 806 3292 867 septem
3343 798 3457 852 dies
3488 798 3562 867 lg)
3602 798 3655 852 in

2083 888 2312 943 aliorum
2352 888 2611 942 manibus
2656 896 2775 940 erat
2814 888 3078 957 (epistola,
3124 905 3244 943 cum
3293 889 3357 943 ad
3399 890 3653 944 Basilinm

2080 982 2347 1051 pervenit.
2390 981 2445 1035 In
2509 980 2614 1036 hoc
2653 981 2857 1051 repudii
2885 980 2982 1053 (Ιι),
3028 991 3085 1035 ιιι
3132 982 3433 1051 appellabat
3480 982 3656 1037 Gene-

2083 1069 2249 1125 thlius
2280 1071 2588 1140 presbyter,
2616 1069 2816 1137 libello,
2846 1086 3055 1140 magna:
3093 1072 3414 1127 humilitatis
3441 1073 3654 1128 laudem

2078 1162 2182 1216 sibi
2226 1163 2477 1217 sumebat
2518 1162 2849 1217 Eustathius
2880 1180 2893 1213 :
2932 1162 3129 1218 Basilio
3163 1151 3345 1218 autem
3377 1163 3568 1218 fastum
3599 1175 3654 1219 et

2077 1255 2467 1324 arrogantiam,
2502 1256 2744 1309 fraudem
2798 1262 2854 1309 et
2900 1256 3215 1323 versutiam,
3246 1257 3648 1323 corruptionem

2086 1344 2447 1400 Ecclesiarum
2488 1356 2542 1401 et
2578 1348 2877 1402 animarum
2936 1346 3230 1416 perniciem
3270 1346 3650 1415 exprobrabat.

2076 1436 2419 1503 Querebatur
2455 1440 2599 1507 quod
2644 1439 3067 1508 chorepiscopos
3106 1453 3234 1494 suos
3276 1438 3516 1507 recipere
3550 1451 3651 1490 no-

2074 1527 2288 1595 luisset,
2317 1538 2373 1584 et
2404 1531 2543 1599 quod
2580 1545 2647 1584 ex
2690 1531 2903 1585 insidiis
2932 1542 2988 1584 et
3017 1529 3157 1585 malo
3198 1530 3381 1583 animo
3412 1528 3654 1584 celeber-

2071 1618 2263 1672 rimam
2307 1619 2448 1673 illam
2474 1620 2596 1675 lidei
2633 1620 3032 1675 confessionem
3065 1621 3361 1676 elicuisset.
3397 1621 3523 1675 Post
3551 1620 3651 1674 has

2071 1707 2478 1763 criminationes
2499 1720 2555 1764 et
2576 1710 2709 1765 alias
2730 1711 3016 1765 nonnullas
3034 1711 3457 1780 subjiciebantur
3484 1710 3648 1765 verba

390 1804 509 1858 riae,
550 1802 815 1858 Graviora
865 1805 1172 1873 postulabar
1211 1806 1494 1862 inimicum
1535 1818 1747 1878 tempus
1778 1784 1967 1867 Basilii
1998 1784 2041 1840 Β
2075 1798 2328 1854 hteretica
2349 1800 2685 1869 Apollinarii,
2728 1803 2892 1857 tacito
2932 1813 3108 1856 tamen
3140 1802 3378 1857 auctoris
3408 1802 3648 1867 nomine,

392 1896 578 1949 virtuti
605 1894 705 1964 (a).
734 1893 1066 1961 Quzerebant
1088 1896 1230 1951 illius
1257 1897 1493 1951 animam
1516 1900 1724 1963 Ariani,
1753 1914 1968 1955 eorum-

391 2001 498 2055 que
531 1988 843 2043 molitiones
897 1990 1046 2043 brevi
1078 1998 1322 2060 optatum
1348 1993 1553 2045 exitum
1594 1994 1860 2049 habitura;
1893 1996 1970 2051 vi-

388 2081 678 2134 debantur.
715 2082 897 2147 Quare
926 2083 979 2136 in
1030 2098 1143 2136 rem
1196 2100 1299 2138 non
1329 2095 1454 2139 erat
1497 2084 1806 2153 Eustathio,
1834 2103 1966 2143 con-

381 2171 631 2238 junctum
661 2186 781 2226 cum
832 2172 1033 2229 Basilio
1064 2175 1273 2228 videri:
1312 2186 1501 2230 contra
1547 2178 1780 2233 maxima
1827 2182 1968 2248 apud

388 2264 625 2318 Arianos
670 2266 1074 2319 commendatio
1098 2306 1113 2329 ,
1145 2267 1450 2334 capitaliter
1488 2270 1557 2323 ab
1589 2283 1653 2323 eo
1680 2270 1964 2327 dissidere.

390 2354 558 2408 Paulo
588 2366 713 2423 post
738 2370 799 2409 ea
834 2371 954 2425 quae
979 2359 1324 2413 narravimus
1347 2360 1450 2431 (b),
1489 2362 1622 2416 ahiit
1654 2362 1969 2420 Eustathius

386 2449 440 2500 in
486 2435 737 2501 Ciliciam
794 2463 857 2502 ac
907 2448 1126 2504 Gelasio
1180 2450 1391 2504 cuidam
1435 2468 1556 2506 eam
1600 2453 1759 2508 fidem
1810 2471 1969 2524 expo-

383 2536 609 2607 suit(c),
628 2554 789 2605 quam
815 2539 983 2593 solius
1007 2540 1116 2593 Arii
1137 2551 1256 2594 erat
1273 2541 1533 2606 seribere,
1560 2553 1611 2597 et
1632 2545 1675 2598 si
1700 2546 1822 2615 quis
1838 2546 1968 2602 Ario

383 2628 580 2681 similis
613 2630 715 2699 (cl).
738 2627 865 2684 Inde
895 2630 1101 2684 reditus
1131 2640 1184 2685 et
1206 2632 1386 2686 statim
1412 2632 1604 2689 littera
1631 2638 1969 2692 communio-

382 2732 508 2770 nem
545 2716 745 2771 Basilio
774 2720 1182 2774 renuntiantes:
1207 2720 1303 2776 has
1326 2720 1534 2777 litteras
1566 2724 1746 2778 attulit
1775 2725 1969 2782 Eusta-

384 2810 533 2862 thius
549 2810 964 2881 chorepiscopus
995 2812 1087 2882 (ε),
1118 2828 1251 2882 quas
1277 2827 1397 2868 cum
1432 2816 1737 2872 tradidisset
1755 2819 1967 2874 cohorti

382 2900 609 2965 Vicarii,
634 2920 697 2958 ac
735 2904 850 2959 dies
894 2916 1001 2959 tres
1037 2905 1090 2959 in
1127 2908 1259 2963 urbe
1288 2919 1657 2966 commoratus
1692 2923 1859 2977 esset,
1897 2914 1963 2969 ad

387 3009 485 3047 sua
520 3008 863 3059 reversurus,
900 2994 1066 3050 tnulto
1095 2995 1207 3065 jam
1262 3014 1488 3068 vespere
1535 3002 1736 3057 dicitur
1767 3008 1833 3058 ad
1860 3003 1967 3059 Ba-

383 3085 493 3138 silii
528 3085 675 3140 (cdes
721 3086 954 3141 venisse.
992 3085 1062 3140 At
1102 3104 1223 3142 eum
1253 3090 1491 3145 dormire
1524 3106 1646 3146 cum
1682 3094 1963 3161 audiisset,

384 3176 521 3229 abiit
558 3192 659 3231 nec
694 3178 960 3245 postridie
992 3180 1058 3233 ad
1107 3195 1228 3234 eum
1281 3182 1532 3247 accessit,
1565 3184 1658 3236 sed
1710 3185 1776 3238 ad
1819 3185 1961 3240 hunc

382 3268 602 3321 modum
642 3284 741 3322 suo
781 3285 909 3337 erga
943 3270 1092 3324 illum
1134 3271 1352 3342 expleto
1384 3274 1754 3344 perfunctorie
1784 3276 1962 3332 oilicio

383 3361 570 3414 rediit.
606 3361 781 3414 Causa
821 3373 992 3430 ruptae
1024 3364 1422 3418 communionis
1462 3366 1576 3419 ιιωο
1621 3367 1959 3434 praetexeba-

384 3462 491 3517 tur,
522 3455 669 3523 quod
706 3452 935 3508 Basilius
986 3455 1052 3507 ad
1094 3454 1483 3531 Apollinarium
1531 3456 1857 3526 scripsisset,
1909 3468 1964 3513 et

384 3544 766 3614 presbyterum
813 3545 1105 3599 Diodorum
1141 3545 1372 3600 haberet
1418 3549 1958 3605 communicatorem.

384 3635 482 3689 llis
517 3637 721 3690 litteris
757 3635 1040 3704 perculsus
1072 3637 1300 3691 Basilius
1327 3637 1463 3691 nihil
1491 3640 1819 3708 nespondere
1860 3656 1957 3710 po-

385 3729 512 3793 tuit,
541 3738 658 3782 erat
684 3728 829 3782 enim
879 3728 1233 3783 constrictum
1262 3729 1403 3784 illius
1436 3744 1550 3794 cor,
1573 3731 1752 3801 lingua
1781 3733 1959 3787 disso-

383 3819 520 3881 luta,
564 3835 756 3874 manus
808 3820 1073 3889 torpebat.
1113 3821 1415 3887 Quinetiam
1468 3822 1672 3876 fatetur
1718 3839 1778 3879 se
1828 3840 1964 3893 pene

382 3913 435 3965 in
465 3913 611 3965 hunc
648 3911 818 3965 animi
861 3927 969 3966 non
1001 3915 1245 3982 generosi
1297 3915 1545 3970 morbum
1596 3916 1874 3980 incidisse,
1906 3927 1964 3973 ut

379 4004 564 4058 odium
623 4004 904 4058 hominum
939 4004 1270 4075 conciperet,
1304 4020 1365 4060 ac
1405 4016 1684 4075 suspectos
1721 4009 1961 4062 omnium

380 4112 563 4151 mores
590 4096 836 4152 haberet.
873 4110 972 4150 nec
1015 4096 1339 4151 charitatem
1374 4098 1515 4152 inter
1546 4098 1819 4164 homines,
1860 4100 1963 4153 nisi

380 4196 499 4249 solo
531 4194 772 4256 nomine,
804 4193 1056 4246 crederet
1110 4206 1416 4262 superesse.
1452 4190 1585 4246 Nam
1618 4208 1743 4248 cum
1784 4194 1965 4249 censi-

384 4294 604 4347 deraret
651 4284 1020 4349 Eustathium,
1068 4286 1159 4353 qui
1211 4285 1279 4338 ab
1317 4286 1541 4339 infantia
1600 4288 1665 4340 ad
1698 4302 1962 4344 summam

386 4388 728 4437 senectutem
782 4375 929 4428 visus
983 4372 1163 4428 fuerat
1205 4375 1463 4444 praeclare
1506 4392 1564 4431 se
1606 4392 1815 4448 gerere,
1850 4389 1962 4433 tam

381 4475 595 4528 levibus
627 4471 693 4524 de
715 4469 913 4523 'causis
940 4467 994 4521 in
1025 4482 1288 4523 summam
1341 4469 1662 4522 discordiam
1693 4470 1957 4538 erupisse,

390 4584 497 4621 non
540 4565 754 4619 videbat
802 4563 1074 4633 quomodo
1117 4562 1238 4615 aliis
1287 4560 1595 4614 hominibus
1640 4562 1955 4627 conﬁderet,

379 4660 474 4729 qui
514 4671 613 4711 nec
644 4664 788 4710 tanta
818 4670 848 4707 a
898 4668 956 4708 se
985 4662 1311 4722 acceperant
1342 4653 1542 4707 amoris
1578 4654 1820 4722 pignora,
1856 4668 1957 4708 nec

385 4760 538 4803 tanta
568 4747 835 4800 virtutum
881 4747 1180 4813 spccimina
1211 4744 1511 4798 ediderant.
1547 4743 1730 4813 Itaque
1762 4744 1957 4800 litteris

384 4837 656 4893 Eustathii
689 4834 824 4888 nihil
857 4835 1150 4902 respondit,
1184 4850 1286 4887 non
1332 4843 1668 4901 contemptu,
1693 4834 1787 4887 sed
1825 4847 1957 4888 cou-

381 4930 492 4985 silii
520 4926 726 4997 inepia,
758 4936 813 4980 et
835 4927 975 4994 quod
1005 4926 1136 4979 nihil
1164 4926 1347 4980 dolore
1380 4926 1598 4993 dignum
1627 4925 1803 4994 eloqui
1829 4940 1957 4996 pos-

377 5032 484 5075 set.
534 5021 629 5074 Sic
668 5018 923 5072 aﬂ'ectum
958 5016 1216 5072 Basilinm
1255 5018 1421 5071 multo
1449 5012 1695 5087 graviora
1725 5032 1955 5087 excepe-

377 5120 531 5166 runt.
564 5109 877 5163 Eustathius
918 5109 1092 5177 palam
1122 5116 1175 5161 et
1201 5118 1385 5179 aperte
1416 5109 1563 5163 virus
1597 5109 1762 5162 animi
1792 5109 1873 5162 sui
1902 5107 1954 5160 in

378 5203 577 5257 litteris
604 5203 785 5271 specie
818 5202 1034 5271 quidem
1069 5202 1135 5256 ad
1168 5203 1453 5271 quemdam
1481 5200 1756 5265 Dazinam,
1794 5215 1953 5269 quem

377 5295 614 5350 Basilius
665 5294 1129 5363 religiosissimum
1181 5294 1407 5349 fratrem
1460 5292 1712 5363 appellat,
1749 5293 1844 5347 sed
1876 5305 1957 5347 re-

447 5426 525 5494 (a)
557 5424 654 5493 Ep.
686 5424 807 5479 120.

450 5496 527 5565 (b)
565 5497 661 5563 Ep.
691 5496 819 5558 2H,
851 5512 907 5548 ιι.
931 5495 983 5549 2.

451 5580 527 5633 (ε)
561 5568 657 5634 Ep.
692 5568 816 5619 130.

449 5638 530 5705 ιιι)
559 5638 655 5703 Ep.
689 5635 817 5698 244,
852 5652 909 5689 ιι.
945 5637 999 5689 '5.

476 5709 524 5774 e)
561 5709 657 5774 Ep.
686 5706 810 5768 226,
833 5722 889 5759 ιι.
917 5706 974 5759 2.

476 5709 524 5774 e)
561 5709 657 5774 Ep.
686 5706 810 5768 226,
833 5722 889 5759 ιι.
917 5706 974 5759 2.

452 5704 519 5849 El)
548 5776 649 5848 Ep.
676 5777 803 5844 244,
834 5794 890 5831 ιι.
931 5776 985 5829 5.

2074 1902 2131 1946 ιιι
2165 1891 2398 1946 Basilius
2429 1895 2543 1963 ipse
2573 1904 2764 1949 auctor
2795 1909 2915 1950 esse
2938 1895 3362 1949 existimaretur.

2148 1982 2306 2036 Putat
2355 1984 2728 2041 Tillemontius
2779 1987 2832 2039 in
2896 1987 3087 2040 iisdem
3166 1986 3365 2041 litteris
3423 1986 3648 2044 dicteria

2072 2073 2241 2131 fuisse
2294 2078 2347 2129 in
2394 2076 2553 2131 ﬁdem
2584 2076 2885 2142 Nicaenam,
2925 2093 2989 2131 ac
3016 2077 3270 2131 Basilinm
3306 2079 3650 2134 bomoousia-

2076 2175 2217 2221 stam
2254 2181 2352 2236 per
2386 2168 2668 2222 ridiculum
2702 2169 2873 2225 fuisse
2904 2170 3247 2238 appellatum.
3282 2176 3349 2226 At
3377 2188 3485 2226 non
3520 2185 3649 2242 puto

2077 2258 2425 2313 Eustathium
2462 2271 2568 2314 tam
2602 2260 2713 2316 cito
2756 2276 2820 2315 ex
2863 2262 3313 2316 dissimulationis
3356 2264 3646 2319 involucris

2069 2352 2339 2420 prodiisse
2376 2352 2461 2423 (ἰ).
2500 2353 2624 2407 Non
2659 2355 2802 2408 enim
2835 2354 3109 2409 fatebatur
3137 2370 3195 2410 se
3215 2356 3480 2424 paenitere
3505 2358 3647 2425 quod

2070 2438 2272 2504 libello,
2309 2456 2466 2509 quem
2502 2442 2551 2496 ei
2594 2442 2828 2496 Basilius
2878 2453 3256 2513 proposuerat,
3290 2444 3648 2514 subscripsis-

2070 2539 2174 2586 set.
2211 2530 2391 2598 Quare
2438 2548 2558 2586 cum
2602 2534 2678 2587 ait
2724 2533 2956 2588 Basilius
3008 2534 3074 2588 de
3116 2535 3643 2607 Eustathiolj):Hi

2070 2639 2205 2676 nunc
2239 2634 2286 2676 et
2322 2626 2386 2677 de
2419 2624 2641 2679 Nicwna
2668 2624 2947 2678 detrahunt
2969 2625 3094 2692 ﬁde,
3121 2641 3314 2696 nosque
3336 2637 3520 2681 vocant
3549 2630 3647 2681 Ito~

2069 2714 2441 2778 moousiastas,
2482 2717 2535 2769 id
2578 2716 2918 2769 referendum
2963 2716 3179 2770 videtur
3213 2719 3279 2772 ad
3314 2727 3642 2789 postremam

2068 2804 2337 2861 EuStathii
2370 2806 2677 2872 formulam,
2703 2823 2864 2877 quam
2890 2808 3074 2879 Cyzici
3111 2810 3316 2878 recepit
3354 2825 3496 2865 anno
3517 2810 3642 2867 575.

2071 2894 2223 2951 Unde
2264 2896 2494 2952 Basilius
2528 2896 2601 2967 (lt)
2638 2912 2651 2949 :
2683 2896 2835 2952 Patet
2882 2908 3080 2966 autem,
3116 2900 3310 2969 inquit,
3371 2902 3534 2957 etiam
3580 2920 3645 2957 ea;

2064 2988 2133 3042 iis
2161 3005 2279 3056 qua:
2322 3005 2458 3043 nunc
2498 2990 2971 3059 circumferuntur,
3000 2992 3403 3048 condemnatam
3444 2996 3509 3049 ab
3536 2996 3642 3048 illis

2070 3096 2181 3134 esse
2227 3081 2382 3150 ﬁdem
2406 3080 2706 3136 Nicamam.
2752 3080 3001 3135 Viderunt
3022 3084 3157 3136 enim
3186 3081 3433 3154 Cyzicum
3454 3095 3502 3139 et
3523 3102 3643 3139 cum

2071 3172 2179 3225 alia
2212 3173 2316 3240 fide
2342 3175 2535 3228 reversi
2574 3184 2716 3229 sunt.
2745 3174 2811 3228 Et
2856 3177 2956 3230 sub
2985 3176 3144 3231 linem
3179 3177 3419 3247 ejusdem
3450 3180 3645 3249 episto-

2064 3263 2166 3317 lae:
2201 3261 2437 3317 Promoti
2486 3265 2554 3319 ad
2603 3256 2992 3334 episcopatum,
3043 3276 3099 3319 ut
3153 3267 3328 3321 media
3370 3269 3638 3335 incidam,

2062 3366 2186 3425 quot
2215 3357 2339 3423 ﬁdei
2375 3358 2631 3425 formulas
2667 3359 2987 3413 ediderunt?
3015 3360 3190 3413 Aliam
3216 3362 3456 3433 Ancyra',
3480 3362 3641 3416 aliam

2067 3446 2357 3513 Seleuciw,
2398 3449 2564 3503 aliam
2617 3448 3111 3520 Constantinopoli,
3154 3468 3370 3523 eamque
3425 3454 3645 3508 celeber-

2066 3538 2280 3602 rimam,
2320 3539 2595 3609 Lampsaci
2637 3542 2820 3607 aliam,
2853 3544 3068 3612 posthac
3105 3560 3219 3597 eam
3260 3561 3377 3614 qua:
3415 3545 3546 3599 Nice
3584 3547 3641 3599 in

2072 3629 2296 3684 Thracia
2321 3633 2460 3685 edita
2506 3643 2601 3699 est,
2640 3650 2776 3686 nunc
2814 3651 3004 3687 rursus
3045 3635 3206 3689 aliam
3251 3639 3449 3706 Lyzici,
3489 3638 3641 3707 cujus

2064 3725 2279 3795 quidem
2331 3726 2530 3795 reliqua
2568 3726 2774 3795 ignoro,
2807 3733 2896 3781 sed
2938 3728 3035 3781 hoc
3082 3737 3286 3782 tantum
3326 3732 3505 3796 audio,
3551 3748 3640 3788 eu
3730 3750 3733 3753 '

2065 3814 2275 3868 silentio
2349 3817 2787 3870 consubstantiali
2854 3819 3082 3880 indicto,
3127 3820 3295 3874 simile
3353 3823 3640 3877 secundum

2066 3907 2346 3960 essentiam
2394 3924 2533 3961 nunc
2572 3908 2786 3977 inferre,
2833 3920 2991 3979 atque
3047 3928 3153 3965 una
3213 3927 3330 3965 cum
3380 3913 3642 3970 Eunomia

2067 3996 2414 4067 blasphemias
2458 4000 2512 4053 in
2556 3998 2812 4069 Spiritum
2848 4011 3088 4055 sanctum
3142 4006 3486 4060 conscribere.
3517 4005 3643 4062 Haec

2066 4103 2196 4155 ergo
2240 4088 2505 4158 Cyzicena
2534 4088 2786 4155 formula,
2811 4105 2933 4159 quae
2961 4090 3026 4145 de
3063 4089 3167 4147 ﬁde
3209 4092 3421 4149 Nicaena
3454 4105 3639 4164 aperte

2065 4180 2413 4245 detrahebat,
2446 4180 2590 4235 inter
2631 4181 2916 4249 formulas,
2950 4184 3144 4254 quibus
3188 4187 3505 4259 subscripsit
3530 4186 3641 4243 Eu-

2066 4272 2322 4336 stathius,
2354 4282 2623 4340 postrema
2653 4282 2753 4327 est.

2146 4360 2348 4416 Praater
2394 4362 2600 4418 litteras
2651 4366 2718 4419 ad
2765 4364 3041 4430 Dazinam,
3096 4382 3232 4438 quas
3275 4382 3374 4423 suo
3421 4369 3638 4424 nomine

1992 4484 2036 4539 Β
2066 4454 2314 4523 vulgavit
2357 4454 2688 4523 Eustathius,
2738 4459 2941 4527 sparsit
2983 4459 3144 4514 etiam
3183 4462 3239 4514 in
3294 4459 3478 4531 vulgus
3514 4461 3641 4530 Epi-

2066 4548 2270 4601 stolam
2312 4546 2493 4601 Basilii
2528 4548 2594 4601 ad
2631 4549 3041 4617 Apollinarium.
3088 4550 3192 4605 Sed
3235 4566 3353 4606 eam
3393 4551 3637 4620 profere-

2068 4639 2179 4703 bat,
2214 4655 2317 4694 non
2353 4648 2409 4692 ut
2454 4655 2483 4693 a
2530 4638 2729 4695 Basilio
2761 4643 2961 4710 scripta
3013 4641 3208 4706 fuerat,
3242 4643 3334 4697 sed
3368 4642 3640 4699 adultera-

2069 4741 2202 4797 tam,
2256 4730 2394 4785 lorte
2436 4733 2503 4787 ab
2542 4732 2664 4802 ipso
2704 4732 3004 4799 Eustathio,
3038 4742 3095 4786 ut
3136 4735 3326 4804 conjici
3359 4745 3543 4804 posset
3567 4751 3635 4792 ex

2069 4824 2154 4879 bis
2183 4822 2373 4877 Basilii
2407 4826 2595 4879 verbis
2624 4824 2687 4896 (l)
2718 4841 2733 4880 :
2766 4824 2919 4890 Quod
2950 4827 2995 4879 si
3030 4825 3299 4895 proferunt
3338 4829 3637 4898 epistolam,

2088 4926 2332 4969 crateram
2364 4927 2484 4969 ante
2512 4933 2677 4969 annos
2711 4918 2893 4986 uiginti
2918 4918 3145 4989 quinque
3170 4920 3240 4971 ad
3263 4919 3429 4988 ipsum
3456 4920 3639 4992 (Apol-

2072 5006 2357 5075 linarium)
2380 5008 2652 5076 scriptam,
2676 5018 2723 5059 et
2751 5023 2814 5059 ne
2836 5006 2971 5059 hanc
2985 5010 3191 5075 quidem
3212 5018 3265 5062 ut
3290 5026 3321 5062 a
3351 5027 3431 5064 me
3445 5012 3636 5079 scripta

2074 5110 2171 5162 est,
2192 5097 2282 5152 sed
2303 5098 2691 5162 adulteratam;
2716 5115 2746 5151 α
2778 5099 2964 5168 quibus
2992 5110 3187 5167 autem,
3221 5100 3362 5155 Deus
3385 5104 3503 5167 scit,
3526 5113 3633 5160 etc.

2065 5192 2386 5258 Corruptam
2432 5191 2483 5243 in
2527 5204 2593 5243 eo
2640 5190 2811 5244 fuisse
2842 5199 2994 5259 putat
3039 5189 3435 5260 Tillemontius,
3471 5198 3633 5261 quod,

2067 5297 2188 5337 cum
2236 5280 2470 5336 Basilius
2505 5282 2639 5335 nihil
2667 5283 2977 5352 scripsisset
3005 5293 3199 5355 praeter
3228 5287 3457 5343 amicam
3491 5290 3633 5357 salu-

2154 5487 2208 5552 It)
2240 5487 2338 5556 Ep.
2370 5487 2497 5553 224,
2531 5503 2585 5542 ιι.
2622 5487 2673 5543 1.

2153 5559 2191 5628 i)
2232 5556 2480 5628 Ep.226,
2518 5573 2572 5610 ιι.
2602 5558 2656 5613 ει.

2163 5629 2194 5693 ί)
2229 5627 2366 5680 Ibid.

2163 5632 2194 5693 ·)
2229 5632 2366 5680 Ibid.

2126 5632 2200 5769 ὅ)
2230 5696 2328 5769 Ερο
2349 5695 2472 5769 μιν
2508 5714 2561 5751 ιτα
2589 5697 2641 5769 ’ἲ-

2133 5767 2194 5843 (Ι)
2231 5767 2324 5839 Ep.
2350 5767 2477 5837 22i,
2501 5785 2556 5823 ιι.
2593 5768 2649 5823 2.

2160 5424 2210 5489 g)
2247 5419 2344 5486 Ep.
2377 5414 2505 5481 225,
2537 5434 2593 5471 ιι.
2628 5418 2681 5472 7.

2154 5490 2208 5552 It)
2240 5487 2338 5556 Ep.
2370 5487 2497 5553 224,
2531 5503 2585 5542 ιι.
2622 5487 2673 5543 1.

2129 5426 2191 5630 ἒξ)
2230 5556 2480 5630 βρηῖἓϋ,
2518 5573 2572 5610 ιι.
2602 5558 2656 5613 5.
