4040 6216
317 283 436 336 ενηι

1653 279 2021 336 PROLEGOM
2031 279 2188 334 ENA.

306 395 607 451 tationem:
643 393 694 448 in
721 407 782 446 ea
810 392 1062 461 epistola,
1094 408 1256 462 quam
1303 395 1618 450 Eustathius
1645 395 1888 465 profere-
1918 400 1966 456 Α
1997 397 2131 462 129,
2167 396 2293 459 150,
2327 395 2450 460 151,
2481 395 2791 450 referuntur
2823 411 2850 448 a
2879 395 3221 451 Tillemontio
3251 397 3316 452 ad
3348 409 3565 458 autum.

308 485 424 548 bat,
464 484 661 551 librum
694 483 768 537 De
813 482 1024 552 Spiritu
1058 493 1241 538 sancto
1277 496 1485 553 peteret
1521 487 1590 542 ab
1617 487 1888 556 Apollina-

309 579 415 632 rio.
452 576 569 631 lluc
598 585 806 642 spectat
850 578 992 646 quod
1027 577 1104 631 ait
1140 578 1190 630 in
1222 577 1451 646 epistola
1509 579 1575 632 ad
1603 578 1890 645 Patrophi-

310 666 419 720 lum
451 668 525 735 (a)
555 684 569 721 :
602 664 726 719 Non
771 675 945 720 tamen
1001 668 1064 720 de
1106 667 1310 736 Spiritu
1346 678 1527 723 sancto
1567 680 1657 724 aut
1697 671 1888 724 librant

311 772 393 808 me
423 755 486 808 ab
518 772 578 809 eo
607 768 777 825 petere
805 757 1017 812 memini
1055 768 1148 811 aut
1178 760 1392 812 missum
1422 760 1676 828 accipere.

384 845 474 900 lV.
510 845 802 916 Postquam
849 864 1032 904 rumor
1063 849 1133 904 ad
1167 861 1411 905 sanctum
1444 851 1715 907 Meletium
1739 854 1891 906 detu-

312 939 374 993 lit
428 938 695 994 Eustathii
741 941 794 995 in
839 939 896 996 S.
936 941 1195 996 Basilium
1237 943 1566 1008 calumnias,
1615 943 1801 998 mirari
1830 959 1890 999 se

312 1030 656 1100 signiﬁcavit,
683 1032 827 1101 quod
864 1048 1058 1087 novum
1099 1033 1434 1104 Apollinario
1483 1035 1692 1089 crimen
1729 1033 1892 1088 infer-

320 1132 490 1187 retur,
521 1136 583 1176 ac
611 1123 788 1177 multo
818 1125 1011 1192 magis,
1039 1132 1098 1178 ut
1134 1124 1425 1178 verisimile
1455 1134 1559 1190 est,
1607 1125 1749 1194 quod
1781 1135 1890 1176 tam

315 1215 553 1284 indignis
588 1216 763 1271 modis
814 1215 1070 1270 Basiliam
1102 1216 1417 1272 Eustathius
1457 1217 1746 1272 laceraret.
1778 1215 1892 1269 Mit-

315 1303 381 1357 tit
414 1303 464 1358 ei
506 1303 734 1360 Basilius
770 1304 844 1376 (b)
881 1305 1198 1374 Apollinarii
1256 1307 1416 1360 verba
1458 1306 1668 1362 famoso
1713 1306 1891 1361 libello

318 1395 386 1449 ab
438 1393 724 1451 Eustathio
775 1395 1063 1465 subjuncta
1095 1412 1107 1447 :
1140 1410 1206 1450 ex
1278 1412 1386 1465 quo
1442 1395 1756 1464 conjectura
1807 1407 1892 1450 est

316 1488 555 1542 nondum
600 1489 715 1543 haec
761 1487 936 1543 oculis
983 1487 1096 1542 suis
1151 1489 1351 1542 vidisse
1387 1488 1679 1544 Meletium.
1722 1487 1891 1558 Negat

318 1580 550 1635 Basilius
595 1581 788 1635 adduci
834 1595 894 1636 se
939 1597 1118 1652 posse,
1163 1592 1222 1636 ut
1259 1583 1372 1636 haec
1409 1582 1672 1636 Eustathii
1730 1596 1891 1634 manu

317 1673 580 1729 fabricata
637 1673 958 1729 existimet:
989 1689 1157 1744 seque
1191 1683 1438 1729 coactum
1475 1673 1672 1727 fatetur
1700 1672 1888 1738 fuisse,

1995 505 2125 542 num
2174 489 2338 558 hujus
2400 488 2546 541 anni.
2595 487 2666 541 At
2705 487 2946 556 profecto
2990 487 3187 556 prima,
3214 503 3333 557 qua:
3362 501 3444 545 est
3491 495 3562 548 ad

1991 589 2238 633 sanctum
2288 578 2603 641 Eusebium,
2654 594 2760 631 non
2801 576 2975 631 solum
3027 588 3152 631 ante
3203 579 3466 635 violentas
3494 583 3564 636 ad

1995 672 2254 725 Danizam
2295 670 2502 723 litteras
2549 669 2884 731 collocanda,
2925 669 3023 723 sed
3071 671 3231 723 etiam
3281 683 3406 726 ante
3445 688 3558 736 eas,

1999 778 2133 833 quas
2163 761 2474 816 Eustathius
2500 775 2530 813 e
2557 760 2747 814 Cicilia
2789 761 3000 815 rediens
3032 761 3270 828 scripsit,
3318 773 3376 815 ut
3415 779 3568 817 com-

1993 855 2311 907 munionem
2345 852 2542 905 Basilio
2575 852 2932 906 renuntiaret.
2963 851 3096 905 Nam
3127 853 3181 906 1⁸
3203 863 3320 907 erat
3348 856 3564 925 quidem

1993 943 2245 1008 Basilius,
2273 958 2396 997 cum
2438 942 2504 996 ad
2530 943 2821 997 Eusebium
2852 945 3094 1010 scripsit,
3124 943 3262 999 fixus
3285 955 3340 999 et
3369 948 3565 1000 immo-

1995 1048 2080 1092 tus
2125 1039 2180 1092 in
2213 1036 2438 1092 consilio
2468 1035 2735 1090 Eustathii
2766 1052 2796 1089 a
2833 1051 2926 1090 sua
2969 1037 3352 1092 connnunione
3381 1052 3562 1091 remo-

1990 1128 2186 1194 vendi;
2234 1137 2287 1182 at
2316 1130 2523 1185 consilii
2562 1129 2721 1199 hujus
2747 1129 3057 1196 mquitatem
3087 1128 3166 1184 sic
3215 1129 3478 1196 defendit,
3509 1140 3570 1185 ut

1993 1235 2095 1275 nec
2131 1221 2492 1275 renuntiatam
2524 1221 2625 1275 sibi
2671 1221 2739 1274 ab
2779 1220 3065 1274 Eustathio
3107 1221 3567 1284 communionem,

1993 1327 2094 1366 nec
2127 1311 2368 1366 famosos
2418 1311 2649 1375 libellos,
2689 1313 2783 1366 sed
2821 1321 3026 1363 tantum
3069 1312 3301 1366 astutias
3333 1311 3474 1365 illius
3511 1319 3570 1366 et

1993 1403 2372 1459 cavillationes
2435 1415 2708 1458 causetur.
2771 1404 2830 1458 2ο
2863 1403 3148 1466 Eusebius,
3199 1418 3355 1469 quem
3405 1417 3569 1472 supra

1992 1497 2403 1550 observavimus
2432 1511 2536 1550 non
2574 1497 2752 1550 minus
2789 1497 3023 1549 amicum
3067 1493 3370 1556 Eustathio,
3405 1508 3570 1563 quant

1993 1591 2167 1658 ipsum
2205 1589 2481 1651 Basiliam,
2510 1587 2700 1652 fuisse,
2729 1588 2806 1642 sic
2835 1586 3163 1640 discordiam
3193 1587 3334 1641 inter
3359 1597 3574 1640 atram-

1997 1696 2102 1750 que
2136 1681 2329 1735 sedare
2363 1681 2698 1745 inStituehat,
2729 1681 2981 1747 utipsam
3015 1678 3270 1733 Basiliam
3301 1679 3570 1746 quodam-

317 1777 432 1822 tum
476 1767 879 1823 criminationis
911 1767 1200 1833 diluendae,
1232 1776 1342 1820 tum
1387 1767 1510 1820 fidei
1561 1780 1675 1819 suae
1711 1767 1891 1819 decla-

2003 1775 2155 1826 modo
2183 1772 2600 1842 reprehendere,
2637 1781 2690 1825 et
2721 1771 2863 1825 illius
2889 1772 2993 1826 hac
3023 1772 3077 1824 in
3128 1785 3185 1825 re
3214 1769 3574 1824 humilitatem

317 1859 503 1914 renda:
534 1873 720 1926 causa,
769 1857 1193 1929 Apollinarium,
1228 1871 1286 1914 ut
1316 1860 1588 1915 hominem
1630 1858 1893 1914 Sabellia-

318 1965 401 2005 nm
427 1949 646 2005 haeresis
673 1947 907 2015 aﬂinem,
941 1958 1152 2003 notare.
1777 1959 1785 1970 '

391 2043 468 2096 Ex
523 2057 631 2112 quo
671 2041 905 2097 Basilius
958 2041 1196 2112 Nicopoli
1242 2041 1595 2105 discesserat,
1649 2051 1706 2094 ut
1768 2039 1889 2094 ﬁdei

318 2127 606 2191 formulam
631 2135 801 2191 ferret
837 2135 1119 2190 Eustathio
1144 2174 1160 2200 ,
1190 2133 1320 2188 nihil
1346 2149 1568 2203 prorsus
1591 2133 1892 2197 Theodoto,

323 2242 556 2296 quocum
589 2242 652 2282 ea
682 2228 750 2284 de
780 2242 837 2282 re
866 2227 1287 2289 deliberaverat,
1328 2241 1507 2296 neque
1538 2241 1762 2295 parvum
1801 2239 1891 2280 ne-

323 2334 428 2389 que
459 2335 711 2390 magnum
750 2319 815 2375 de
855 2320 1125 2375 Eustathii
1152 2319 1314 2375 rebus
1341 2319 1659 2388 scripserat.
1694 2317 1897 2387 Repre-

321 2413 525 2468 hensus
564 2412 632 2466 ob
675 2425 794 2466 eam
836 2426 950 2466 rem
985 2427 1016 2466 a
1055 2404 1332 2466 Theodoto
1368 2422 1526 2482 negat
1558 2412 1629 2480 (ε)
1658 2411 1796 2466 hanc
1824 2411 1898 2465 si-

319 2505 478 2561 lentii
515 2503 596 2559 sui
626 2517 750 2558 esse
771 2517 1010 2567 causam,
1043 2503 1186 2573 quod
1229 2518 1350 2572 qua:
1385 2503 1486 2558 sibi
1519 2501 1586 2557 ab
1614 2501 1898 2557 Eustathio

319 2595 659 2661 acciderant,
689 2593 1004 2665 negligenda
1055 2594 1295 2660 duceret,
1335 2594 1429 2647 sed
1462 2593 1604 2663 quod
1647 2593 1891 2648 omnium

321 2687 466 2742 fama
491 2685 766 2743 celebrata
803 2693 1004 2740 essent.
1032 2681 1088 2739 id
1115 2684 1259 2738 enim
1311 2685 1424 2754 ipse
1459 2691 1748 2737 curaverat
1790 2681 1898 2737 Eu-

323 2779 580 2835 stathius.
623 2777 769 2833 illius
812 2777 1041 2848 injurias
1080 2776 1321 2841 breviter
1373 2783 1594 2829 enarrat
1632 2772 1885 2838 Basilius,

321 2887 388 2928 ac
419 2886 617 2927 novum
644 2869 858 2931 facinus
891 2868 1155 2938 adjungit,
1185 2867 1326 2938 quod
1358 2875 1558 2931 tamen,
1595 2875 1648 2920 ut
1676 2879 1898 2920 rumore

323 2971 628 3032 acceptum,
660 2973 975 3016 asseverare
1014 2973 1123 3012 non
1164 2957 1346 3011 audet.
1409 2955 1706 3012 Ferebatur
1750 2956 1895 3010 enim

322 3053 641 3108 Eustathius
671 3049 1007 3105 reordinare.
1047 3045 1198 3113 Quod
1233 3046 1451 3115 quidem
1499 3045 1680 3099 minus
1708 3058 1892 3099 verum

325 3144 519 3208 fuisse,
547 3156 611 3197 ac
643 3141 840 3195 merito
867 3152 1150 3194 assensum
1186 3137 1495 3193 cohibuisse
1522 3136 1777 3192 Basiliam
1830 3149 1896 3190 ex

323 3235 444 3290 aliis
492 3234 610 3303 ejus
657 3231 852 3286 litteris
890 3228 1122 3300 perspici
1176 3237 1374 3298 potest,
1412 3228 1462 3281 in
1517 3228 1712 3298 quibus
1755 3227 1897 3282 nulla

332 3338 557 3394 prorsus
587 3320 745 3390 hujus
785 3318 1007 3374 sceleris
1029 3318 1251 3372 mentio.
1286 3317 1449 3372 Forte
1473 3316 1760 3372 accusandi
1789 3314 1899 3368 Eu-

325 3416 516 3472 stathii
548 3415 672 3468 inde
717 3422 844 3468 nata
876 3413 1091 3467 occasio
1124 3414 1267 3482 quod
1301 3410 1588 3466 vehemens
1618 3421 1673 3464 et
1699 3411 1897 3463 immo-

325 3509 548 3564 deratus
581 3506 847 3562 interdum
900 3505 952 3559 in
1000 3505 1103 3559 hoc
1151 3518 1349 3574 genere
1401 3503 1612 3558 fuisset.
1666 3501 1800 3556 Nam
1845 3501 1896 3555 in

324 3601 523 3656 litteris
548 3599 626 3670 (ά)
657 3614 793 3670 quas
833 3598 1051 3667 scripsit
1087 3596 1348 3651 adversus
1399 3595 1678 3664 episcopos
1711 3608 1740 3647 a
1772 3593 1897 3663 qui-

324 3695 429 3749 bus
465 3693 741 3762 depositus
783 3691 985 3756 fuerat,
1029 3689 1261 3761 negabat
1291 3703 1386 3742 eos
1419 3702 1538 3742 esse
1582 3687 1895 3755 episcopos;

325 3786 520 3840 altaria
564 3781 814 3838 Basilidis
838 3791 1140 3845 everterat,
1181 3792 1234 3833 et
1263 3781 1315 3833 in
1349 3780 1580 3848 pr0priis
1624 3778 1900 3833 sacriﬁea-

331 3887 480 3933 verat
537 3876 770 3942 mensis;
814 3891 878 3930 ac
929 3875 982 3928 in
1043 3873 1293 3928 ecclesiis
1345 3874 1589 3926 Amasea:
1640 3880 1692 3925 et
1744 3871 1903 3925 Zelo-

328 3991 448 4031 rum
478 3974 548 4047 (ε)
572 3974 921 4045 presbyteros
951 3979 1008 4026 et
1032 3971 1294 4025 diaconos
1328 3984 1422 4037 per
1456 3983 1515 4022 se
1547 3971 1661 4036 ipse
1697 3967 1902 4021 consti-

329 4075 530 4123 tuerat.
981 4076 985 4080 ’

398 4157 454 4212 ln
488 4171 679 4211 manus
707 4154 964 4225 Olympii,
998 4154 1089 4222 qui
1132 4153 1362 4223 insignis
1393 4158 1512 4206 erat
1569 4152 1710 4204 inter
1762 4146 1902 4202 Neo-

332 4250 687 4306 cmsarienses
731 4247 866 4302 civis
905 4256 960 4301 et
1013 4245 1215 4299 Basilio
1274 4244 1502 4309 amicus,
1540 4248 1906 4312 pervenerunt

331 4336 528 4392 litteras
559 4333 829 4389 Eustathii
859 4334 925 4386 ad
969 4332 1258 4393 Dazinam;
1287 4344 1488 4398 easque
1533 4327 1720 4381 statim
1753 4325 1904 4379 [lasi-

1997 1864 2275 1932 requirere
2319 1864 2616 1917 videretur.
2648 1863 2708 1915 id
2744 1870 2892 1931 patet
2921 1877 2988 1916 ex
3021 1861 3103 1914 his
3127 1860 3309 1914 verbis
3335 1857 3517 1912 Basilii
3556 1877 3570 1912 :

1999 1955 2144 2009 Tunc
2173 1973 2204 2008 a
2239 1972 2319 2009 me
2357 1955 2674 2008 humilitatis
2708 1954 3139 2023 signiﬁcationem
3183 1967 3412 2019 reposce.
3455 1949 3574 2003 Non

2003 2063 2134 2119 ergo
2192 2049 2404 2102 viderat
2446 2046 2713 2102 Eusebius
2771 2044 3032 2114 epistolas
3101 2042 3218 2098 illas
3268 2041 3566 2107 Eustathii,

1995 2155 2222 2208 quarmn
2259 2155 2360 2191 una
2401 2137 2830 2192 communionem
2882 2135 3224 2190 renuntiabat
3263 2135 3330 2189 ob
3371 2133 3577 2187 saluta-

1998 2240 2110 2283 tum
2147 2229 2276 2283 olim
2309 2245 2404 2298 per
2447 2229 2654 2282 litteras
2682 2227 3108 2296 Apollinarium;
3142 2225 3311 2279 altera
3342 2224 3572 2278 horren-

1996 2323 2079 2376 dis
2105 2321 2580 2377 criminationibus
2615 2320 2813 2374 referta
2846 2330 2967 2381 erat
2993 2337 3007 2373 :
3039 2328 3285 2388 utraque,
3314 2319 3358 2371 si
3387 2318 3568 2371 minus

1996 2430 2143 2485 spem
2187 2429 2403 2468 omnem
2443 2413 2724 2468 auferebat
2787 2412 2936 2482 pacis
2984 2412 3307 2475 sarciendae,
3343 2419 3399 2463 at
3430 2419 3578 2463 certe

1998 2507 2290 2562 accusandi
2329 2506 2512 2560 Basilii
2554 2515 2608 2560 et
2667 2504 2987 2560 humilitatis
3022 2504 3091 2557 ab
3139 2518 3204 2557 eo
3231 2501 3580 2571 reposcenda:

2001 2598 2176 2654 locum
2231 2597 2437 2652 nullum
2511 2596 2875 2665 relinquebat.
2947 2593 3002 2648 5⁸
3057 2593 3395 2660 Eustathius,
3452 2605 3578 2645 cum

1999 2685 2222 2753 scripsit
2250 2683 2501 2749 Eusebio,
2531 2683 2714 2737 Basilii
2751 2683 3188 2738 communionem
3223 2685 3289 2736 ad
3315 2697 3374 2736 se
3403 2691 3581 2735 retra-

2003 2777 2136 2832 here
2177 2775 2392 2832 volebat
2441 2776 2710 2846 ambiguis
2746 2776 3041 2845 responsis,
3075 2775 3272 2829 nedum
3314 2773 3387 2828 illi
3428 2787 3582 2828 com-

2001 2869 2311 2923 munionem
2348 2868 2472 2936 ipse
2509 2868 2659 2936 prior
2682 2867 3066 2933 renuntiasset,
3095 2877 3187 2919 aut
3212 2865 3263 2919 in
3293 2864 3466 2920 oculis
3497 2871 3582 2917 to-

2005 2962 2111 3016 tius
2145 2975 2284 3029 pene
2316 2958 2556 3015 Orientis
2592 2968 2773 3012 notam
2804 2959 3098 3027 impietatis
3126 2957 3434 3012 inussisset.

2073 3055 2362 3108 Existimat
2399 3054 2773 3109 Tillemontius
2821 3054 3100 3116 Basilium,
3149 3060 3431 3121 postquam
3471 3047 3582 3103 Euo-

2006 3148 2263 3203 stathium
2301 3147 2433 3201 vidit
2469 3147 2534 3201 ad
2572 3159 2850 3201 extremas
2898 3145 3194 3201 iracundiae
3217 3141 3571 3211 signiﬁcatio-

2006 3255 2102 3294 nes
2132 3238 2340 3300 ell‘erri,
2377 3239 2662 3294 nonnullas
2695 3238 2746 3293 ei
2783 3239 2933 3308 pacis
2981 3236 3325 3292 conditiones
3368 3233 3582 3298 tulisse,

2006 3346 2203 3399 easque
2237 3331 2538 3386 declinasse
2561 3347 2627 3384 ac
2661 3329 3062 3399 subterfugisse
3087 3326 3452 3382 EuStathium.
3474 3323 3581 3378 Sed

2006 3439 2069 3478 ex
2097 3437 2204 3490 quo
2241 3422 2553 3476 Eustathius
2586 3422 2848 3475 indictum
2872 3433 3202 3490 congressus
3227 3418 3403 3472 locum
3434 3417 3587 3470 adire

2011 3515 2208 3578 noluit,
2235 3515 2411 3567 nullus
2445 3515 2554 3583 jam
2585 3513 2769 3567 Basilii
2813 3528 2936 3566 eum
2965 3527 3030 3566 eo
3059 3524 3383 3579 congressus
3412 3508 3584 3562 exsti-

2011 3605 2095 3671 tit,
2125 3605 2286 3658 nulla:
2318 3620 2541 3673 prorsus
2586 3605 2652 3656 ad
2694 3618 2818 3657 eam
2855 3602 3069 3657 litterze.
3115 3600 3222 3654 Sed
3266 3615 3388 3655 cmn
3424 3600 3590 3653 Euse-

2012 3700 2162 3754 bium
2189 3709 2344 3767 rogat
2372 3698 2468 3770 (γι),
2497 3707 2552 3751 ut
2582 3713 2761 3752 eorum
2783 3712 2900 3767 qua:
2922 3696 2984 3747 ab
3002 3697 3153 3748 initio
3179 3693 3446 3763 proposita
3471 3692 3592 3760 fue-

2011 3806 2068 3843 re
2090 3792 2404 3854 meminerit,
2436 3805 2496 3844 ea
2531 3789 2780 3858 intelligit
2809 3803 2928 3857 quae
2959 3785 3199 3856 Nicopoli
3235 3787 3448 3839 rediens
3475 3782 3587 3836 Ειι-

2008 3881 2208 3945 slathio
2241 3888 2612 3948 proposuerat,
2645 3894 2822 3944 nempe
2870 3889 3047 3930 utrum
3088 3893 3200 3938 eos,
3233 3877 3323 3943 qui
3356 3891 3457 3927 non
3499 3890 3601 3928 re-

2008 3971 2206 4039 cipiunt
2231 3971 2503 4022 Nicwnam
2540 3969 2714 4036 ﬁdem,
2751 3983 3023 4019 arceamus
3066 3983 3098 4018 a
3131 3965 3508 4028 communione,
3536 3973 3586 4016 et

2011 4072 2186 4114 utrum
2215 4075 2331 4111 cum
2377 4060 2464 4118 iis,
2506 4058 2595 4128 qui
2628 4068 2926 4110 creaturam
2957 4057 3127 4108 dicere
3159 4054 3414 4122 Spiritum
3455 4069 3586 4105 san-

2011 4163 2150 4207 ctum
2181 4153 2398 4214 audent,
2433 4161 2634 4219 partem
2663 4151 2850 4203 habere
2883 4149 3128 4202 nolimus.
3171 4147 3295 4200 llsec
3327 4146 3468 4198 enim
3503 4155 3587 4196 to-

2024 4242 2187 4296 tidem
2230 4241 2409 4295 verbis
2442 4241 2702 4294 habemus
2741 4241 2793 4292 in
2842 4238 3068 4291 formula
3099 4237 3241 4299 lidei,
3269 4235 3354 4290 cui
3385 4252 3412 4287 a
3440 4231 3595 4288 Basi-

2023 4336 2096 4390 lio
2123 4335 2413 4404 proposita:
2436 4333 2755 4400 subscripsit
2781 4331 3110 4386 Eustathius.

331 4431 404 4484 lio
432 4425 788 4497 perferendas
816 4424 1030 4478 curavit
1077 4420 1172 4490 (fi,
1200 4419 1484 4488 suspicans
1527 4412 1589 4471 id
1629 4415 1773 4485 quod
1802 4432 1897 4468 usu

2091 4427 2244 4493 Quod
2275 4434 2484 4494 spectat
2513 4425 2576 4478 ad
2620 4436 2731 4477 tres
2767 4423 2903 4476 alias
2931 4421 3208 4491 epistolas,
3229 4419 3441 4488 scriptae
3463 4425 3592 4471 sunt

331 4521 533 4587 evenit,
569 4517 910 4572 Eustathium
945 4529 1050 4569 non
1095 4522 1200 4565 tam
1239 4513 1345 4566 cito
1382 4510 1500 4563 illas
1542 4508 1745 4562 Basilio
1775 4509 1906 4562 mis-

337 4627 546 4666 surum.
577 4609 633 4665 ld
677 4609 930 4680 colligere
976 4619 1262 4677 possumus
1285 4618 1350 4658 ex
1393 4603 1475 4656 his
1504 4617 1623 4670 qua:
1651 4600 1921 4672 leguntur

331 4705 432 4759 sub
463 4702 625 4757 ﬁnem
657 4701 897 4772 epistola:
922 4700 987 4754 ad
1020 4697 1322 4768 Olympium
1349 4713 1364 4750 :
1397 4694 1526 4749 Hazc
1559 4694 1791 4763 quidem,
1823 4693 1908 4747 in-

332 4793 452 4863 quit
480 4791 582 4862 (g),
611 4792 678 4846 ad
722 4792 939 4844 missum
975 4799 1173 4842 tomum
1207 4785 1472 4852 respondi,
1509 4793 1563 4836 ut
1603 4793 1652 4837 et
1679 4784 1789 4852 ipse
1826 4797 1913 4835 ve-

333 4887 542 4938 ritatem
590 4883 876 4952 intelligas,
906 4892 951 4936 et
983 4882 1048 4934 iis
1099 4880 1192 4949 qui
1231 4878 1499 4932 veritatem
1544 4876 1598 4928 in
1643 4875 1907 4945 injustitia

333 4978 565 5031 detinere
601 4973 806 5036 nolunt,
845 4973 1187 5043 manifestam
1225 4971 1414 5039 facias.
1453 4969 1682 5038 Exponit
1724 4969 1772 5022 ei
1800 4966 1905 5020 Ba-

335 5069 488 5122 silius
511 5065 642 5136 qaid
669 5066 734 5118 de
755 5065 990 5133 acceptis
1012 5065 1080 5118 ab
1114 5063 1401 5116 Eustathio
1431 5060 1644 5128 injuriis
1687 5059 1903 5122 sentiat,

334 5179 500 5234 seque
547 5179 647 5217 nec
681 5172 790 5216 tres
835 5163 965 5216 deos
1002 5143 1292 5215 admittere
1323 5173 1422 5214 nec
1459 5172 1581 5213 cum
1634 5155 1907 5226 Apollina-

335 5258 418 5312 rio
443 5255 851 5311 communicare
874 5253 1132 5307 declarat.

408 5346 648 5413 Quatuor
691 5347 908 5410 litteris,
951 5358 1089 5414 quas
1128 5341 1522 5410 recensuimus,
1552 5354 1743 5412 netnpe
1782 5339 1908 5403 128,

405 5522 480 5596 (a)
509 5524 608 5594 Ep.
636 5523 765 5590 att,
791 5542 847 5583 n.
875 5528 930 5582 δ.

405 5599 479 5718 $0)
513 5597 605 5680 Ep.
643 5597 767 5650 1'29.

427 5671 475 5718 ci
510 5665 604 5718 ho.
639 5666 760 5718 1'50.

427 5671 475 5727 ε)
510 5665 604 5728 Ep.
639 5666 760 5720 150.

408 5736 490 5808 (ά)
528 5735 624 5808 Ep.
655 5735 782 5805 ait,
807 5752 859 5792 η.
891 5737 960 5802 6;
994 5734 1202 5804 251,11.
1237 5733 1293 5804 e,
1321 5735 1374 5791 5.

2007 4531 2129 4590 post
2162 4518 2446 4588 epistolam
2482 4518 2548 4570 ad
2586 4515 2868 4577 Dazinant,
2906 4516 2972 4568 de
2998 4530 3102 4582 qua
3135 4512 3459 4566 mentionem
3511 4507 3590 4561 fa-

2005 4609 2319 4665 ciunt:sed
2368 4623 2475 4661 non
2539 4605 2708 4660 multo
2755 4614 2875 4672 post
2925 4604 3143 4672 scripta:
3177 4603 3445 4654 videntur.
3477 4599 3591 4654 Re-

2015 4702 2244 4772 spondet
2295 4699 2440 4754 enim
2497 4698 2728 4752 Basilius
2783 4695 2996 4749 Meletio
3043 4705 3096 4748 ct
3147 4693 3445 4755 Theodoto,
3495 4690 3592 4760 qui

2011 4808 2166 4848 suum
2212 4807 2278 4846 ex
2329 4789 2597 4844 Eustathii
2651 4789 2891 4842 facinore
2937 4797 3209 4854 stuporem
3256 4782 3598 4848 signiﬁcave-

2018 4892 2162 4946 rant,
2191 4881 2374 4936 statim
2413 4888 2586 4948 atque
2615 4878 2678 4930 ad
2707 4892 2894 4930 eorum
2938 4890 3099 4928 aures
3136 4872 3402 4941 pervenit.
3443 4868 3590 4922 Prat-

2018 4988 2164 5030 terea
2201 4983 2347 5042 patet
2381 4988 2448 5026 ex
2496 4971 2722 5040 epistola
2760 4971 2824 5023 ad
2855 4968 3124 5021 Meletinm
3181 4965 3418 5019 nondum
3464 4962 3612 5016 tunc

2018 5063 2288 5135 ahjectum
2318 5065 2488 5118 fuisse
2517 5065 2804 5118 consilium
2839 5062 3104 5116 scribendi
3139 5059 3189 5112 in
3214 5057 3590 5119 Occidentem,

2016 5160 2157 5227 quod
2181 5158 2232 5211 in
2264 5157 2459 5211 litteris
2497 5156 2596 5210 hac
2626 5165 2815 5210 aestate
2843 5153 3061 5220 scriptis
3093 5151 3305 5220 penitus
3339 5161 3594 5202 evanuts-

2017 5264 2076 5304 se
2104 5249 2423 5302 videbimus.
2467 5247 2521 5300 ln
2562 5246 2791 5314 epistola
2829 5256 3006 5298 autem
3041 5243 3104 5294 ad
3137 5239 3445 5310 Olympium
3492 5237 3591 5290 ita-

2021 5340 2264 5411 probitas
2293 5340 2561 5393 Eustathii
2595 5354 2732 5409 pene
2754 5341 2930 5392 adhuc
2956 5337 3199 5405 utrisque
3230 5332 3412 5388 Basilii
3445 5329 3594 5384 auri-

2085 5519 2154 5588 (ρ)
2188 5521 2280 5587 Ep.
2306 5518 2430 5580 29.6,
2466 5537 2517 5573 ιι.
2549 5519 2599 5574 li.

2097 5591 2163 5628 tn
2197 5591 2271 5628 En
2316 5590 2422 5628 903
2474 5607 2502 5628 η
2555 5588 2586 5628 7

2097 5591 2163 5660 (Ῑ)
2197 5591 2290 5657 Ep.
2316 5590 2444 5651 9:23,
2474 5607 2526 5644 ιι.
2555 5588 2600 5642 7.

2097 5658 2174 5802 tt;
2209 5661 2307 5798 az:
2338 5660 2460 5784 at:

2120 5729 2174 5802 ιι)
2215 5731 2307 5798 Ep.
2341 5729 2459 5784 tas.
