4040 6216
1631 358 1790 415 YITA
1828 355 1884 411 S.
1930 355 2195 412 BASILII.

3444 379 3533 419 HI

281 469 382 522 bus
429 466 686 519 tinnitum
728 464 1022 519 inferebat.
1059 464 1180 535 Ipse
1230 463 1530 535 Olympius,
1570 482 1692 519 cum
1732 468 1869 521 scri-
1896 472 1941 527 Α
1971 468 2270 522 cedendam
2308 484 2451 533 esse,
2486 471 2577 523 sed
2607 471 2775 525 semel
2805 488 2906 526 una
2936 481 3091 542 parte
3113 471 3281 527 electa
3308 472 3541 543 reliquos

284 561 431 612 b’eret
462 556 688 618 Basilio,
722 556 1015 610 dubitabat
1050 572 1117 609 an
1163 557 1389 625 epistola
1419 558 1484 611 ad
1516 557 1771 611 Dazinam
1808 560 1863 610 in

279 650 391 714 ejus
437 664 631 702 manus
678 649 1040 717 pervenisset.
1085 646 1233 701 Unde
1266 649 1530 703 adductus
1572 657 1656 703 est
1697 660 1755 703 ut
1809 648 1866 703 il-

284 746 385 795 lam
416 742 621 795 Basilio
650 744 917 794 mitteret.

354 835 580 887 Videtur
626 850 759 903 ergo
804 844 972 887 totam
1019 836 1157 888 banc
1199 834 1524 903 tragoediam
1553 835 1728 903 egisse
1758 833 1864 886 Eu-

284 926 520 979 stathius
558 941 588 978 a
643 926 835 979 diebus
872 922 1098 979 Pascha:
1144 940 1316 993 usque
1363 926 1427 977 ad
1480 939 1722 978 mensem
1774 922 1867 976 Ju-

288 1020 456 1071 niutu.
492 1016 639 1070 Nihil
668 1017 811 1071 enim
843 1017 1045 1071 habent
1069 1017 1285 1080 litterae,
1308 1031 1443 1085 quas
1478 1016 1863 1081 recensuimus,

288 1110 355 1162 de
380 1110 707 1175 gravissimo
742 1110 951 1171 morbo,
978 1122 1086 1177 quo
1115 1107 1344 1161 Basilius
1376 1109 1478 1161 hac
1504 1116 1689 1160 :estate
1720 1106 1869 1159 labo-

290 1201 428 1252 ravit
469 1217 486 1252 :
532 1210 587 1253 et
632 1215 755 1253 cum
805 1215 930 1252 eum
984 1202 1206 1252 morbus
1258 1197 1553 1251 detinuerit
1592 1212 1689 1266 per
1735 1197 1869 1251 duos

288 1306 505 1343 menses
532 1290 795 1360 (nondum
824 1292 968 1343 enim
1009 1300 1231 1344 sanatus
1262 1298 1382 1342 erat
1417 1289 1504 1342 die
1533 1289 1872 1357 quinquage-

288 1381 469 1451 simo),
491 1396 555 1435 ac
576 1382 787 1436 tandem
806 1382 1136 1449 aliquantum
1156 1391 1448 1441 recreatus,
1475 1380 1669 1434 festum
1692 1378 1749 1434 S.
1772 1379 1873 1433 Eu-

288 1474 496 1543 psychii
542 1474 634 1527 die
684 1474 916 1540 septimo
977 1471 1308 1541 Septembris
1345 1470 1736 1537 celebraverit,
1784 1484 1871 1524 se-

292 1571 404 1621 rius
446 1582 635 1620 mense
677 1564 820 1620 Julio
868 1567 1088 1619 ineunte
1131 1566 1183 1619 in
1216 1566 1462 1618 morbum
1503 1564 1740 1618 incidere
1764 1578 1869 1617 non

294 1660 489 1728 potuit,
517 1675 583 1713 ac
600 1659 835 1728 proinde
859 1658 1054 1712 litterre
1085 1673 1204 1727 quae
1242 1658 1386 1711 hunc
1421 1658 1671 1710 morbum
1713 1664 1869 1707 ante-

292 1752 489 1806 cedunt
510 1753 577 1804 ad
604 1751 822 1806 .quium
860 1750 1158 1804 referendae
1180 1790 1196 1815 ,
1224 1760 1278 1803 et
1312 1750 1477 1803 totius
1504 1748 1744 1801 historias
1772 1746 1873 1799 ini-

1965 574 2031 611 ex
2080 560 2392 613 testimonio
2429 576 2640 625 eorum,
2680 562 2873 630 quibus
2905 578 3167 618 concessa
3201 563 3364 618 fuerit
3391 580 3542 619 com-

1966 650 2170 712 munio,
2223 650 2588 706 admittendos
2628 673 2640 707 :
2688 656 2729 705 si
2763 655 2905 708 enim
2942 656 3119 710 nullus
3169 658 3219 710 in
3259 656 3341 711 his
3382 661 3542 711 rebus

1968 741 2232 793 habeatur
2262 742 2526 803 delectus,
2590 759 2688 796 ttsu
2726 756 3041 799 eventurum
3088 760 3144 799 ut
3185 749 3403 802 haeresis
3436 767 3541 803 ma-

1967 834 2047 899 gis
2074 833 2428 897 accendatur,
2460 835 2586 886 dum
2618 833 2676 897 ii,
2709 837 2800 904 qui
2858 836 3001 890 inter
3046 854 3106 892 se
3141 841 3377 894 maxime
3427 842 3541 894 dis-

1968 927 2230 989 sentiunt,
2280 928 2719 980 communionem
2770 926 3197 983 Occidentalium
3253 932 3367 999 pari
3422 932 3545 1001 jure

1971 1018 2226 1079 retinent,
2259 1028 2314 1071 et
2361 1028 2613 1087 acceptas
2651 1020 2719 1072 ab
2754 1020 2888 1088 ipsis
2949 1020 3156 1075 litteras
3213 1021 3313 1075 sibi
3360 1032 3545 1077 mutuo

1971 1108 2252 1176 objiciunt.
3050 1108 3057 1125 ‘

2041 1200 2308 1254 Iledeuuti
2347 1199 2709 1255 Sanctissimo
2746 1200 2973 1254 Basilius
3010 1202 3294 1269 epistolam
3331 1202 3433 1255 I52
3460 1204 3547 1255 de-

1972 1292 2048 1345 dit
2078 1294 2145 1345 ad
2181 1293 2495 1345 Abrantium
2529 1293 2819 1344 Batnurttm
2851 1293 2901 1344 in
2935 1291 3321 1361 Mesopotamia
3342 1294 3547 1361 episco~

1972 1400 2122 1453 pum,
2155 1384 2311 1451 cujus
2342 1401 2536 1438 nomen
2570 1385 2765 1454 legitur
2798 1388 2939 1438 inter
2960 1386 3255 1455 episc0pos
3290 1386 3545 1439 Orienta-

1972 1474 2118 1528 Iesin
2142 1476 2302 1543 epist.
2331 1474 2419 1527 9‘2.
2458 1476 2804 1529 Venerandus
2849 1476 2942 1528 ille
2977 1478 3263 1546 episcopus
3292 1475 3546 1537 Basilinut

1973 1566 2041 1620 ab
2078 1566 2231 1618 initio
2265 1565 2548 1628 dilexerat,
2584 1566 2633 1619 id
2661 1575 2765 1630 est,
2797 1580 2861 1618 ex
2892 1583 2999 1635 quo
3027 1580 3145 1621 sese
3187 1567 3331 1622 inter
3359 1584 3415 1622 se
3447 1584 3543 1622 no-

1973 1664 2188 1719 verant,
2230 1656 2459 1725 ideoque
2486 1654 2716 1709 Basilius
2738 1671 2879 1725 saepe
2909 1658 2975 1711 ad
3014 1672 3135 1710 eum
3180 1660 3420 1712 scribere
3449 1673 3547 1727 op-

1975 1756 2177 1812 tasset;
2229 1746 2319 1800 sed
2363 1762 2483 1800 cum
2545 1762 2610 1801 eo
2661 1746 2847 1802 Batnis
2896 1747 3095 1814 ejecto,
3127 1748 3262 1802 varii
3308 1762 3553 1802 rumores

293 1846 450 1909 tium,
486 1844 535 1897 id
569 1853 674 1906 est,
705 1842 887 1896 Basilii
920 1844 1023 1896 iter
1064 1843 1117 1897 iu
1166 1841 1479 1895 Armeniam
1529 1840 1714 1894 statim
1756 1847 1877 1907 post
1912 1824 1953 1877 Β
1981 1837 2275 1902 ferrentur,
2332 1838 2453 1891 aliis
2501 1852 2623 1892 eum
2677 1839 2998 1904 Satnosatis,
3053 1841 3172 1894 aliis
3223 1855 3349 1893 rure
3407 1855 3551 1906 eSse,

290 1936 500 1989 Pascha
530 1934 933 1989 collocandum.

359 2028 441 2082 Ad
481 2028 624 2080 idem
658 2037 891 2094 tempus,
916 2042 1026 2094 quo
1058 2039 1204 2095 spem
1233 2026 1385 2093 pacis
1410 2024 1608 2077 nullam
1641 2022 1877 2092 relique-

295 2128 378 2171 rat
411 2118 750 2178 Eustathius,
794 2118 961 2170 refert
1002 2117 1376 2171 'I‘illemoutius
1437 2117 1576 2171 hanc
1620 2114 1877 2169 brevissi-

294 2225 437 2262 mam
478 2208 724 2276 Gregorii
772 2207 1100 2261 Nazianzeni
1159 2208 1437 2276 epistolam
1486 2208 1551 2259 ad
1605 2206 1880 2275 Amphilo-

292 2301 476 2355 chium
502 2300 576 2371 (α)
611 2319 625 2354 :
658 2300 733 2352 Οὐ
766 2298 1043 2370 βάρϐαρον
1070 2298 1129 2351 τὸ
1154 2298 1434 2368 ἐπίταγμα
1470 2299 1567 2369 τῆς
1600 2299 1876 2367 ἀμιμήτου

296 2415 389 2451 πυ
431 2396 857 2464 καλοκάγαθίας,
898 2396 1011 2449 ἀλλ’
1049 2395 1376 2465 Ἑλληνικὸν,
1430 2394 1627 2464 μᾶλλον
1667 2394 1722 2446 δὲ
1754 2395 1881 2465 Χρι-

297 2490 597 2541 στιανικὸν.
634 2489 694 2541 'O
738 2489 795 2541 δὲ
839 2488 1153 2559 Ἀρμένιος,
1208 2488 1291 2554 ἐφ’
1319 2480 1363 2553 ᾧ
1410 2488 1552 2538 πάνυ
1599 2485 1879 2555 φιλοτιμῇ,

298 2581 573 2654 βάρϐαρος
608 2583 890 2652 ἀντικρὺς,
927 2581 1020 2633 καὶ
1052 2581 1332 2652 πὸρῤωοεν
1356 2580 1457 2648 τῆς
1495 2577 1766 2648 ἡμετέρας
1794 2595 1881 2647 φι-

294 2673 569 2739 λοτιμίας.
605 2673 727 2726 Non
767 2673 1098 2724 barbaricum
1144 2681 1216 2723 est
1252 2670 1589 2722 inimitabilia
1619 2680 1723 2719 tute
1756 2684 1879 2736 pro-

299 2765 477 2817 bitatis
520 2766 774 2827 edictum,
826 2762 915 2815 sed
972 2760 1231 2817 Crwcunt.
1264 2763 1367 2811 imo
1411 2757 1882 2811 Christiuuunt.At

300 2858 607 2920 Armenius,
642 2857 705 2908 de
736 2873 836 2924 quo
863 2854 1130 2923 gloriaris,
1178 2852 1435 2903 barbarus
1498 2850 1650 2916 plane
1694 2857 1792 2911 est,
1823 2863 1885 2900 ac

302 2951 457 3018 longe
489 2968 519 3001 a
548 2957 729 3002 nasfra
754 2949 910 3000 laude
933 2957 978 2998 et
1005 2944 1320 3013 gloriatione
1348 2952 1598 2994 remotus.

386 3041 450 3094 ν.
487 3040 570 3092 Ad
603 3040 701 3092 has
736 3036 1003 3091 Eustathii
1054 3034 1357 3089 calumnias
1402 3033 1534 3087 illud
1566 3033 1882 3099 accedebat,

306 3144 361 3187 ut
392 3131 602 3185 nullum
660 3144 888 3197 prorsus
926 3128 1067 3190 diem
1098 3126 1165 3178 ab
1219 3122 1400 3177 exsilii
1454 3123 1617 3176 minis
1647 3123 1880 3175 solutum

306 3223 540 3278 Basilius
619 3219 864 3273 haberet.
940 3216 1367 3284 Impetraverant
1414 3204 1497 3265 'ab
1559 3214 1885 3280 imperatore

306 3314 521 3377 Ariani,
558 3321 617 3366 ut
644 3312 691 3364 is
714 3324 903 3364 eorum
931 3308 1188 3360 voluntati
1215 3307 1541 3358 traderetur.
1575 3303 1705 3366 Sed,
1735 3312 1888 3357 ante-

308 3420 470 3475 quam
504 3404 774 3457 scriberet
801 3400 867 3453 ad
904 3398 1171 3453 Meletium
1208 3397 1436 3451 Basilius
1464 3394 1571 3466 (ὁ),
1606 3396 1893 3450 nuntiave-

312 3508 394 3550 rat
433 3496 653 3564 quidam
699 3509 765 3547 ex
817 3492 936 3545 aula
976 3492 1220 3553 veniens,
1256 3490 1358 3543 hoc
1405 3491 1684 3544 decretum
1715 3498 1893 3540 muta-

315 3602 424 3640 tum
461 3588 655 3651 fuisse,
686 3601 748 3639 ac
778 3584 1007 3652 jussisse
1043 3584 1449 3651 imperatorem,
1486 3590 1543 3633 ut
1590 3580 1767 3647 aliqua
1811 3580 1895 3632 di-

316 3682 447 3734 latio
472 3680 649 3734 ﬁeret.
687 3677 875 3747 Itaque
908 3676 1037 3747 quid
1097 3674 1337 3729 futurum
1368 3682 1531 3737 esset,
1567 3672 1786 3725 omnino
1815 3671 1898 3725 in-

316 3782 520 3827 certum
546 3782 686 3826 erat.

384 3866 690 3920 Mirabatur
742 3864 794 3916 in
847 3863 1034 3917 eadem
1069 3857 1296 3929 epistola
1329 3856 1575 3921 Basilius,
1610 3853 1751 3923 quod
1783 3861 1899 3906 tan-

322 3959 411 4013 diu
437 3958 835 4013 Sanctissimus
876 3955 1015 4022 apud
1044 3951 1100 4005 S.
1132 3951 1401 4004 Meletiutn
1438 3956 1761 4003 moraretur.
1792 3944 1901 3999 Sed

321 4065 441 4103 eum
500 4063 628 4115 spes
676 4044 948 4099 mittendte
987 4042 1039 4094 in
1086 4040 1432 4093 Occidentem
1477 4035 1759 4104 legationis
1794 4034 1901 4087 cito

322 4135 628 4199 evanuerit,
664 4144 721 4184 Ill
747 4132 905 4183 modo
932 4128 1253 4189 videbimus,
1282 4126 1368 4177 vix
1394 4125 1613 4178 dubium
1636 4132 1742 4187 est,
1772 4122 1900 4190 quin

326 4226 465 4279 nulla
496 4241 620 4278 eum
648 4223 760 4290 jam
814 4223 902 4276 his
955 4222 1007 4274 in
1044 4220 1175 4273 locis
1220 4217 1493 4271 detinentc
1529 4230 1711 4279 causa,
1747 4214 1901 4267 initio

330 4316 539 4369 aestatis
568 4312 812 4367 redierit.
840 4311 1108 4365 Attulerat
1140 4308 1282 4363 enim
1327 4306 1541 4360 Meletio
1568 4312 1901 4359 commenta-

330 4410 466 4461 rium
499 4408 559 4461 S.
588 4406 809 4459 Eusebii
849 4405 915 4459 de
949 4406 1049 4457 hac
1076 4402 1339 4455 mittenda
1368 4401 1635 4469 legatione
1668 4408 1722 4452 et
1754 4398 1901 4451 line-

1977 1927 2098 1981 aliis
2128 1927 2272 1981 circa
2328 1926 2529 1981 Batnas
2566 1928 2708 1994 ipsas
2754 1929 2961 1983 versari
3018 1929 3401 1995 narrantibus;
3439 1932 3553 1984 haec

1977 2020 2212 2073 varietas
2264 2019 2582 2071 nuntiorum
2626 2018 2883 2072 Basiliotn
2923 2021 2990 2073 ab
3028 2029 3289 2072 autumno
3328 2035 3554 2087 suspen-

1979 2124 2099 2163 sum
2132 2121 2188 2163 et
2216 2109 2507 2164 sollicitum
2539 2120 2806 2163 tenuerat.
2837 2111 2906 2164 At
2944 2110 3030 2163 ubi
3062 2125 3182 2162 eum
3227 2109 3415 2162 didicit
3444 2110 3555 2163 Att-

1979 2199 2195 2253 tiochite
2248 2199 2299 2252 in
2354 2198 2560 2253 :edibus
2608 2200 2890 2253 Saturnini
2948 2200 3161 2253 comitis
3204 2199 3555 2262 commorari,

1980 2300 2091 2345 tum
2121 2306 2249 2345 vero
2275 2291 2507 2346 libenter
2547 2292 2807 2347 facultate
2846 2291 3187 2347 Sauctissimi
3223 2307 3352 2346 usus
3384 2301 3469 2346 est
3498 2300 3558 2345 ut

1980 2397 2101 2437 eum
2126 2383 2411 2437 salutaret.

2051 2474 2202 2528 IIanc
2241 2484 2418 2527 autem
2457 2473 2735 2541 epistolam
2771 2475 2871 2528 hoc
2905 2489 3045 2528 anno
3088 2472 3355 2526 collocare
3389 2470 3553 2525 malui

1981 2579 2143 2635 quam
2178 2578 2318 2619 anno
2356 2563 2479 2627 576,
2516 2580 2623 2633 quo
2678 2566 2858 2634 plures
2896 2564 3159 2635 ejusmodi
3204 2566 3409 2619 litteras
3452 2562 3557 2617 Ba-

1982 2657 2087 2711 silii
2123 2656 2344 2724 pertulit
2374 2654 2785 2712 Sanctissimns.
2821 2658 2943 2710 Istae
2968 2656 3109 2709 enim
3140 2657 3205 2709 de
3236 2655 3371 2711 Ia-tis
3400 2656 3562 2711 rebus

1982 2762 2051 2802 ex
2102 2744 2396 2800 Occidente
2443 2746 2618 2799 allatis
2666 2746 2882 2814 scriptae
2934 2755 3081 2799 sunt.
3126 2745 3178 2799 lu
3232 2746 3331 2799 hac
3381 2754 3559 2799 autem

1984 2834 2119 2890 nihil
2168 2851 2391 2905 prorsus
2439 2834 2723 2904 ejusmodi.
2780 2834 3041 2887 Praeterea
3098 2849 3219 2887 cum
3271 2834 3563 2888 Sanctissi-

1985 2939 2107 2978 mus
2138 2940 2242 2978 non
2278 2924 2500 2977 redierit
2534 2938 2679 2976 anno
2706 2924 2830 2987 376,
2870 2922 2968 2975 nisi
2996 2934 3258 2975 autumno
3284 2922 3395 2990 jam
3436 2918 3565 2974 επε-

1984 3025 2073 3069 cto
2095 3056 2110 3081 ,
2154 3031 2259 3069 non
2294 3028 2421 3069 tunc
2448 3016 2673 3069 dixisset
2714 3013 2940 3067 Basilius
2974 3028 3031 3067 se
3061 3014 3347 3067 sollicitum
3375 3013 3443 3067 ab
3472 3027 3567 3066 au-

1990 3115 2178 3161 tumno
2212 3107 2421 3170 fuisse;
2456 3106 2567 3175 jam
2604 3107 2746 3159 enim
2783 3113 2930 3158 totus
2970 3120 3141 3158 anuus
3180 3103 3489 3159 elliuxisset.

2523 3258 2752 3315 CAPUT
2802 3256 3034 3312 XXVIII.

1993 3401 2035 3460 Ι.
2080 3398 2138 3453 S.
2190 3396 2419 3451 Basilius
2461 3395 2646 3447 scribit
2698 3392 2854 3444 Petro
2904 3389 3284 3451 Alexandrino,
3327 3384 3565 3460 Paeonia,

2064 3480 2111 3525 et
2157 3468 2413 3521 Diodoro.
2463 3466 2522 3516 Il.
2568 3464 2761 3515 Incidit
2805 3464 2860 3513 in
2910 3461 3281 3528 gravissimum
3331 3457 3569 3528 morbum

2069 3550 2115 3595 el
2148 3538 2326 3591 scribit
2371 3534 2426 3589 S.
2461 3533 2710 3586 Eusebio.
2758 3525 2957 3583 Rumor
2991 3533 3053 3581 de
3088 3530 3233 3580 illius
3268 3535 3450 3577 morte.
3487 3525 3570 3577 Ad

2070 3624 2235 3676 aqua}
2262 3605 2463 3657 calidas
2490 3604 2866 3676 proﬁt-iacitur,
2904 3602 3036 3676 unde
3058 3600 3233 3676 sgibit
3270 3595 3567 3676 Antipatro.

2069 3663 2153 3732 Ili.
2199 3675 2458 3728 Iuvisilur
2490 3663 2554 3724 ob
2587 3663 2851 3741 'Eragrio
2880 3679 2924 3721 el
2970 3667 3027 3721 S.
3076 3668 3417 3741 Hieronymo.
3454 3663 3570 3741 [Irt-

2069 3750 2275 3815 plorunt
2316 3745 2429 3812 ejus
2471 3733 3085 3815 pru'sidittin_Sebqslgni
3125 3736 3422 3815 ori/today".
3472 3733 3572 3815 ἱρ-

2072 3802 2223 3872 ὶαηιν
2258 3802 2671 3867 αάέΙεέιὶοηεηι
2720 3812 2947 3875 episcopi
2996 3806 3308 3860 Icouiensis.
3347 3802 3435 3854 IV.
3478 3802 3575 3854 Die

2072 3886 2237 3940 morbi
2278 3884 2701 3951 quinqtmgesimo
2734 3880 2913 3932 scribit
2963 3879 3023 3934 S.
3055 3875 3320 3951 Eusebio,
3349 3888 3426 3951 duc
3454 3888 3576 3951 “non

2074 3938 2238 4009 multo
2267 3938 2376 4015 post
2416 3938 2794 4004 'Aleauudriuis
2848 3960 2893 4000 el
2942 3938 3413 4015 Antiorltettisav.
3446 3940 3576 4015 Quae

2076 4026 2133 4080 S.
2159 4011 2370 4076 Eusebii
2402 4024 2610 4082 (illene,
2631 4022 2815 4089 quibus
2846 4022 3115 4084 respondet
3163 4014 3412 4089 Basilius.
3449 4011 3583 4089 Quo

2078 4112 2232 4149 sensu
2263 4092 2575 4159 Bosporittm
2601 4084 3031 4159 stibiradjunclttm
3059 4102 3219 4159 nuper
3243 4086 3402 4159 {uisse
3425 4084 3576 4134 dicit.

2076 4164 2167 4220 Vl.
2204 4156 2380 4217 Nulla'
2398 4165 2494 4215 hoc
2526 4178 2663 4213 anno
2692 4158 2909 4211 Romam
2940 4161 3095 4209 missa
3127 4156 3338 4224 legatio.

2076 4305 2118 4362 Ι.
2169 4301 2301 4356 Cum
2347 4298 2631 4367 migrasset
2669 4295 2717 4347 in
2768 4293 2965 4347 cmlutu
3024 4292 3078 4345 S.
3124 4287 3451 4343 Athanasius
3496 4284 3584 4339 die

2009 4397 2246 4455 secunda
2292 4393 2415 4447 Maii
2447 4390 2608 4456 hujus
2644 4388 2770 4441 anni
2808 4388 2935 4450 ⁸575,
2978 4386 3137 4452 eique
3169 4382 3357 4435 Petrus
3388 4393 3588 4447 magno

330 4512 418 4549 ras
451 4495 513 4549 S.
551 4495 759 4557 Basilii,
795 4495 883 4560 qui
920 4491 979 4547 S.
1023 4492 1292 4547 Meletiqu
1335 4493 1556 4561 rogabat
1579 4490 1672 4560 (c),
1705 4495 1763 4541 ut
1786 4487 1900 4555 epi—
1929 4518 1981 4579 D
2016 4488 2270 4545 Ecclesia:
2302 4482 2680 4536 Alexandrina:
2717 4480 2904 4579 plausu
2937 4475 3324 4579 successisset;
3357 4470 3584 4569 Basilius

331 4586 525 4641 stolam
560 4587 625 4638 ad
658 4584 1029 4639 Occidentales
1056 4595 1324 4638 exararet.
1382 4583 1548 4637 Valde
1592 4581 1736 4635 enim
1781 4595 1906 4649 pro-

333 4678 496 4731 babat
523 4676 756 4735 Basilius
787 4677 990 4745 legatos
1021 4677 1076 4729 in
1104 4674 1450 4729 Occidentem
1480 4674 1645 4732 mitti.
1675 4673 1768 4725 sed
1805 4686 1904 4726 ne-

333 4786 442 4837 que
499 4772 554 4822 in
610 4769 1006 4822 commentario
1062 4768 1202 4835 quod
1241 4766 1464 4819 miserat
1523 4764 1581 4818 S.
1620 4763 1907 4825 Eusebius,

337 4876 514 4931 neque
551 4861 667 4929 ipse
706 4876 803 4913 sua
832 4867 1023 4927 sponte
1074 4860 1365 4928 quidquam
1408 4855 1735 4924 reperiebat,
1767 4852 1909 4922 quod

339 4968 452 5004 rem
492 4965 820 5018 causamque
843 4950 1146 5004 contineret
1176 4948 1252 5017 id)
1282 4965 1295 5000 :
1324 4956 1606 5016 propterea
1636 4945 1776 5013 quod
1811 4960 1910 4996 ne-

339 5044 577 5097 cessaria
608 5041 717 5107 jam
767 5051 1139 5110 praeoccupata
1182 5049 1375 5103 erant,
1414 5035 1682 5106 superflua
1731 5045 1910 5087 autem

340 5137 584 5189 scribere
615 5149 841 5203 prorsus
865 5132 1078 5197 inutile,
1111 5139 1164 5184 et
1192 5132 1257 5184 de
1303 5131 1493 5183 iisdem
1536 5130 1696 5181 rebus
1745 5126 1915 5179 mole-

343 5228 503 5280 stiam
532 5226 794 5279 exhibere
830 5224 1120 5277 ridicttlum
1177 5221 1491 5276 videbatur.
1532 5218 1655 5272 IItec
1705 5227 1914 5270 tantum

347 5320 637 5372 videbatur
680 5318 757 5371 illi
799 5318 999 5370 intacta
1039 5328 1163 5369 esse
1211 5314 1462 5377 materia,
1492 5312 1536 5365 si
1570 5321 1919 5364 tuonereutur

348 5411 726 5467 Occidentales
758 5424 860 5463 non
894 5409 1013 5463 sine
1035 5407 1239 5476 judicio
1266 5421 1329 5461 ac
1353 5405 1561 5459 delectu
1585 5401 1920 5457 communio-

349 5517 472 5557 nem
507 5502 590 5566 iis,
618 5500 708 5570 qui
738 5516 802 5553 ex
832 5499 1055 5554 Oriente
1091 5498 1311 5552 veniunt
1359 5506 1449 5549 aut
1494 5494 1759 5560 scribunt,
1791 5508 1919 5548 con-

422 5706 498 5770 (α)
531 5702 626 5771 Ep.
661 5701 781 5754 l62.

423 5774 497 5838 (ο)
528 5770 625 5841 ep.
662 5772 786 5836 tea,
811 5786 861 5823 II.
892 5770 947 5823 2.

2005 4579 2242 4650 acceptis
2291 4576 2434 4628 illius
2486 4573 2551 4625 de
2598 4586 2748 4625 more
2791 4568 2988 4620 litteris
3036 4564 3304 4633 respondit
3347 4576 3439 4628 per
3479 4561 3589 4627 epi-

2003 4648 2197 4732 stolam
2238 4666 2363 4729 155,
2390 4665 2441 4717 in
2469 4677 2575 4730 qua
2608 4660 2848 4713 declarat
2875 4656 3059 4726 quanti
3097 4654 3258 4705 faciat
3288 4648 3586 4702 amicitiam

2003 4763 2171 4824 Petri,
2202 4772 2363 4823 quam
2394 4769 2498 4807 non
2531 4751 2773 4820 corporei
2806 4748 2970 4811 oculi,
3016 4746 3111 4799 sed
3166 4746 3364 4795 donum
3410 4739 3586 4809 Spiri-

2009 4866 2101 4910 tus
2155 4849 2329 4905 sancti
2377 4845 2779 4899 conciliaverat.
2816 4839 3032 4892 Minime
3066 4834 3273 4887 dubitat
3317 4833 3446 4902 quin
3491 4831 3592 4885 Pe-

2018 4957 2156 5008 trus,
2206 4949 2265 4993 ttt
2311 4939 2443 4992 tanti
2494 4935 2594 4989 viri
2642 4935 2910 4996 alumnus,
2958 4944 3022 4982 ac
3063 4928 3216 4996 longa
3273 4926 3412 4979 illius
3460 4938 3590 4978 con-

2020 5032 2304 5091 suetudine
2351 5044 2500 5091 usus,
2551 5026 2739 5080 eodem
2792 5022 2982 5090 spiritu
3027 5020 3260 5081 incedat,
3296 5031 3357 5069 ac
3403 5015 3592 5069 eadem

2025 5129 2273 5195 dogmata
2324 5129 2600 5188 sequatur.
2647 5116 2961 5169 Obtestatur
3002 5120 3059 5163 ut
3095 5108 3379 5164 Atbauasii
3424 5106 3477 5159 in
3530 5119 3595 5159 se

2021 5230 2258 5271 amorem
2289 5228 2411 5267 cum
2445 5209 2657 5263 caeteris
2691 5208 2846 5260 rebus
2873 5203 3128 5271 excipiat,
3164 5217 3225 5253 ac
3260 5214 3398 5266 εωρθ
3433 5200 3498 5249 ad
3533 5212 3592 5251 se

2025 5308 2249 5369 scribat,
2283 5314 2337 5359 et
2384 5300 2742 5357 fraternitatis
2784 5297 2979 5364 ubique
3027 5292 3234 5348 diffusae
3275 5305 3461 5345 curam
3502 5302 3596 5341 ee-

2027 5400 2148 5452 dem
2177 5396 2377 5456 studio,
2412 5408 2472 5447 ac
2510 5390 2853 5446 beatissimus
2880 5388 2967 5441 ille
2996 5388 3095 5451 vir,
3138 5384 3421 5454 suscipiat.
3460 5381 3597 5435 Cum

2026 5489 2137 5542 lucc
2192 5485 2459 5539 scriberet
2512 5483 2776 5551 Basilius,
2837 5482 3070 5535 nondum
3127 5478 3321 5532 allatus
3378 5483 3494 5529 erat
3543 5471 3596 5525 in

2098 5687 2171 5749 (ε)
2205 5686 2298 5751 Ep.
2330 5683 2452 5737 1‘20.

2095 5756 2173 5826 (tl)
2204 5755 2298 5825 Ep.
2333 5754 2450 5809 ηε).
