4040 6216
415 346 485 388 cx
1781 321 2286 379 PiiOLEGOMENA
2299 363 2314 376 .

418 442 815 511 Cappadociam
861 438 1256 508 persecutionis
1294 439 1478 494 statim
1523 449 1643 511 post
1675 439 1818 494 Petri
1856 439 1996 495 ordi-
2022 445 2068 501 Α
2101 449 2358 493 recentes
2410 439 2590 492 adhuc
2652 447 2811 491 erant
2873 436 3211 492 calamitates
3264 453 3328 493 ex
3409 440 3678 497 divisione

425 535 697 589 nationem
729 533 978 587 excitatae
1012 533 1254 590 nuntius.

497 624 718 678 Videtur
769 631 1029 678 statutum
1086 623 1338 678 habuisse
1392 623 1623 678 Basilius
1673 623 1751 693 (ιι)
1809 625 1990 678 statim

419 726 542 780 post
593 715 795 769 Pascha
861 714 1152 769 Eusebium
1229 715 1672 770 Samosatensem
1735 715 1989 769 invisere.

421 805 525 858 Sed
577 805 624 857 ei
669 813 746 858 tot
794 804 1176 873 impedimenta
1211 814 1664 872 supervenerunt,
1697 814 1757 858 ut
1782 804 1995 859 deside-

420 896 558 948 rium
589 911 746 948 suum
783 895 999 965 explere
1040 912 1147 951 non
1185 897 1438 966 potuerit.
1467 895 1781 949 Eustathius
1812 895 1986 950 diaco-

420 1003 521 1042 nus
563 989 614 1040 in
643 1003 860 1057 gravem
895 991 1139 1042 morbum
1173 989 1445 1057 delapsus,
1479 987 1707 1042 detinuit
1737 1001 1860 1040 eum
1901 1003 1996 1056 per

418 1087 560 1132 totos
605 1081 737 1134 duos
785 1094 1018 1142 menses,
1061 1081 1184 1133 dum
1223 1080 1364 1134 diem
1408 1093 1475 1131 ex
1507 1078 1593 1132 die
1626 1077 1768 1131 illius
1800 1077 1999 1132 valetuo

419 1171 599 1223 dinem
655 1180 954 1240 exspectat.
1013 1171 1216 1225 Deinde
1257 1185 1446 1225 omnes
1495 1172 1584 1238 qui
1633 1185 1754 1224 cum
1796 1169 1995 1225 Basilio

421 1269 602 1322 erant,
640 1260 694 1314 id
726 1270 831 1327 est,
861 1261 1044 1316 clerici
1083 1261 1136 1313 in
1171 1261 1290 1330 ejus
1322 1262 1483 1314 (ιοιιιο
1517 1264 1793 1332 degentes,
1820 1277 1995 1332 aegro-

421 1359 606 1404 tarunt
644 1368 658 1417 ;
721 1367 784 1405 ac
825 1360 1098 1428 postremo
1138 1352 1250 1418 ipse
1286 1351 1519 1405 Basilius
1551 1351 1707 1421 longa
1758 1361 1806 1405 et
1854 1353 1999 1422 peri-

419 1443 604 1497 culosa
638 1444 956 1510 aegritudine
987 1452 1290 1512 correptus.

492 1534 574 1588 Ad
609 1534 742 1587 illud
787 1542 1022 1603 tempus,
1054 1549 1162 1604 quo
1189 1533 1522 1603 mgrotabant
1572 1533 1750 1589 Basilii
1788 1534 1993 1599 clerici,

422 1627 674 1680 videntur
703 1625 894 1680 referri
943 1641 1100 1694 posse
1141 1625 1384 1694 epistola:
1430 1626 1532 1680 134
1574 1635 1629 1680 et
1673 1627 1794 1687 155,
1827 1627 1994 1680 altera

422 1715 488 1768 ad
542 1714 821 1768 Paeonium
879 1714 1294 1785 presbyterum,
1351 1714 1519 1769 altera
1586 1715 1651 1767 ad
1705 1715 1994 1772 Diodorum

421 1808 722 1863 Antiochiae
768 1809 1174 1878 presbyterum.
1224 1807 1476 1863 Paeonius
1520 1818 1630 1862 tum
1675 1809 1904 1876 primum
1935 1809 1999 1862 ad
2033 1807 2075 1865 Β

425 1897 684 1952 Basiliam
738 1896 1065 1964 scripserat,
1097 1897 1321 1964 ejusque
1371 1909 1592 1965 accepta
1637 1895 1860 1963 epistola
1898 1895 2001 1948 Ba-

421 1989 576 2043 silius
629 1986 900 2042 silentium
950 1988 1208 2056 prmteriti
1265 1992 1524 2056 temporis
1575 1986 1802 2040 moleste
1859 1986 1999 2047 tulit,

419 2097 652 2152 eumque
699 2090 757 2135 ut
818 2091 1008 2152 pergat
1067 2082 1310 2136 scribere
1358 2082 1630 2135 hortatur.
1672 2078 1843 2148 Negat
1900 2078 2001 2133 sibi

422 2173 588 2226 ullum
639 2173 830 2228 adesse
883 2173 1275 2244 Calligraphum
1331 2181 1425 2224 aut
1501 2171 1926 2240 tachygraphum
1984 2187 1998 2224 :

424 2279 563 2332 quos
619 2264 762 2317 enim
809 2251 1167 2328 exercuerat,
1218 2263 1411 2318 horum
1463 2263 1551 2316 alii
1605 2265 1672 2315 ad
1717 2262 2000 2331 pristinum

423 2357 549 2408 vitae
609 2355 912 2409 institutum
969 2357 1284 2422 redierant,
1340 2356 1428 2409 alii
1480 2355 1755 2411 diuturnis
1804 2355 2005 2409 morbis

422 2449 602 2503 alllieti
638 2450 852 2505 labores
875 2449 1016 2504 ferre
1045 2464 1148 2503 non
1175 2458 1441 2518 poterant.

497 2541 759 2596 Diodorus
804 2541 1086 2611 presbyter
1130 2556 1251 2594 eum
1288 2539 1426 2593 duos
1464 2538 1634 2594 libros
1679 2539 1732 2592 in
1765 2537 2007 2606 dialogo-

424 2648 544 2685 rum
577 2646 780 2686 morem
811 2643 998 2686 contra
1025 2630 1303 2685 hmreticos
1336 2629 1673 2698 scripsisset,
1708 2643 1771 2683 ac
1803 2627 2008 2682 Basilio

425 2722 682 2790 legendos
731 2731 784 2776 et
827 2721 1216 2776 examinandos
1261 2721 1544 2786 misisset;
1593 2735 1745 2775 suam
1785 2719 1834 2772 ei
1884 2734 2008 2773 sen—

425 2814 646 2866 tentiam
678 2813 903 2866 Basilius
923 2812 996 2883 (ὑ)
1024 2813 1140 2866 sine
1162 2811 1284 2866 fuco
1299 2813 1559 2881 exponit:
1593 2827 1654 2864 ac
1682 2812 1733 2865 in
1773 2811 2010 2866 secundo

425 2905 642 2974 quidem
685 2905 850 2958 multa
880 2903 1085 2969 laudat,
1126 2906 1176 2957 in
1208 2904 1398 2971 primis
1436 2903 1661 2972 simplex
1701 2918 1798 2956 nec
1835 2901 2014 2956 elabo-

428 3005 605 3049 ratum
667 2996 880 3050 dicendi
939 3011 1142 3066 genus,
1199 2995 1507 3049 Christiano
1576 2997 1813 3049 maxime
1879 3011 2010 3050 con-

427 3101 667 3156 gruens;
726 3087 779 3139 in
840 3086 1013 3141 altero
1059 3093 1234 3140 autem
1281 3086 1372 3154 qui
1437 3086 1645 3156 longior
1699 3097 1833 3154 erat,
1883 3087 2009 3142 illud

430 3176 798 3245 reprehendit,
851 3176 1016 3245 quod,
1061 3190 1184 3230 eum
1233 3191 1497 3244 personas
1549 3177 1853 3232 indeﬁnitas
1888 3180 2010 3235 Dio-

432 3269 601 3321 dorus
653 3265 934 3320 induceret
986 3266 1290 3335 loquentes,
1333 3269 1767 3323 adversariorum
1803 3271 2011 3339 vitupe-

432 3359 534 3422 ria,
583 3368 999 3426 nostrorumque
1059 3358 1244 3413 laudes
1304 3360 1595 3416 intexeret.
1646 3362 1904 3432 Proponit
1961 3364 2010 3418 ei

431 3451 677 3518 exempla
721 3465 842 3504 cum
897 3451 1212 3506 Aristotelis
1264 3461 1319 3505 et
1367 3452 1756 3523 Theophrasti,
1807 3456 1898 3522 qui
1956 3456 2010 3510 in

438 3542 664 3611 dialogis
703 3542 1005 3597 scribendis
1051 3544 1235 3596 statim
1284 3559 1369 3599 res
1415 3545 1559 3614 ipsas
1601 3547 2008 3615 aggrediuntur,

441 3651 544 3691 nec
577 3635 887 3691 Platonicos
927 3635 1136 3704 lepores
1164 3637 1364 3690 imitari
1417 3639 1635 3704 audent,
1688 3649 1798 3692 tum
1850 3642 2011 3694 etiam

439 3727 608 3794 ipsius
633 3725 898 3787 Platonis.
938 3727 1028 3794 qui
1074 3727 1160 3782 ubi
1202 3743 1464 3797 personas
1509 3729 1817 3784 indeﬁnitas
1855 3732 2014 3784 indu-

437 3819 532 3884 cit,
575 3818 627 3872 id
669 3818 812 3886 quod
856 3816 983 3872 fecit
1014 3818 1066 3872 in
1108 3819 1341 3888 legibus,
1385 3834 1488 3874 non
1524 3818 1636 3886 jam
1677 3836 1772 3875 eas
1807 3823 2015 3876 comico

440 3924 591 3965 more
637 3910 918 3974 describit,
974 3925 1073 3965 nec
1113 3911 1407 3980 quidquam
1444 3911 1726 3964 admiscet
1777 3913 2016 3968 sermoni

437 4003 585 4071 quod
639 4017 996 4072 personarum
1058 4004 1335 4072 proprium
1399 4003 1490 4056 sit.
1545 4002 1771 4059 Fatetur
1837 4005 2018 4074 itaque

441 4092 694 4161 Basilius,
725 4095 812 4148 ubi
843 4110 1068 4162 persona
1097 4097 1148 4147 in
1175 4095 1499 4148 deteriorem
1525 4103 1732 4160 partem
1765 4096 2018 4154 omnibus

441 4185 654 4255 cognita
711 4182 1021 4252 subjicitur,
1067 4182 1324 4236 nonnulla
1371 4198 1435 4237 ex
1481 4183 1626 4238 illius
1675 4184 1851 4239 indole
1895 4202 2018 4240 ora-

443 4277 570 4330 tioni
620 4290 775 4343 posse
823 4274 1025 4336 iutexi,
1075 4274 1121 4328 si
1179 4283 1357 4328 tamen
1413 4273 1778 4334 Christianum
1831 4279 2019 4332 deceat

445 4384 705 4438 personas
736 4367 954 4422 omissis
987 4366 1148 4421 rebus
1179 4365 1508 4434 vituperare.
1550 4367 1621 4419 At
1655 4368 1741 4421 ubi
1775 4382 2020 4435 persona:

447 4461 739 4516 indeiiuita:
787 4460 1082 4523 disserunt,
1119 4457 1382 4528 ejusmodi
1420 4461 1485 4510 ad
1527 4473 1784 4526 personas
1826 4473 2021 4513 excur-

442 4554 594 4606 sibus
624 4551 891 4605 orationis
921 4550 1117 4604 seriem
1153 4550 1356 4603 frustra
1393 4547 1732 4618 interrumpi.
1775 4548 1898 4604 Haec
1924 4549 2019 4603 Ba-

446 4648 605 4704 silius
635 4647 890 4715 ingenue,
924 4652 982 4697 ut
1015 4659 1223 4710 aequum
1261 4640 1498 4709 judicent
1532 4640 1756 4695 decebat
1783 4659 1797 4707 ;
1828 4658 1926 4696 nec
1961 4651 2020 4697 ut

444 4738 646 4807 scripta
689 4736 987 4805 corrigeret
1028 4733 1311 4796 Diodorus,
1352 4730 1445 4784 sed
1491 4740 1546 4784 ut
1581 4739 1728 4785 esset
1765 4731 2018 4800 deinceps

446 4830 500 4882 iu
537 4828 823 4883 scribendo
851 4826 1100 4888 cautior;
1132 4822 1279 4876 illum
1313 4821 1454 4875 enim
1483 4830 1664 4889 sperat
1703 4819 1850 4889 plura
1881 4822 2019 4875 scri-

446 4934 687 4991 pturum.
723 4919 965 4972 Primum
1013 4917 1062 4969 ei
1111 4913 1306 4967 librum
1341 4912 1583 4976 remittit,
1630 4911 1859 4965 alterum
1905 4927 2020 4966 ser-

451 5022 560 5074 vat,
590 5011 897 5063 describere
941 5006 1150 5065 volens,
1193 5019 1292 5059 nec
1329 5001 1792 5072 cepiamjbabeus
1837 5004 2023 5073 tachy-

450 5101 658 5173 graphi.
688 5101 916 5154 Causam
950 5113 1054 5152 non
1079 5095 1258 5160 aﬂ'ert,
1281 5111 1381 5150 cur
1400 5104 1585 5148 careat
1609 5093 1975 5164 tachygrapho
2002 5109 2016 5144 :

451 5195 546 5248 sed
576 5193 789 5247 videtur
812 5191 1022 5251 eadem,
1066 5205 1130 5243 ac
1166 5189 1220 5242 in
1260 5185 1539 5256 superiore
1566 5183 1817 5252 epistola,
1850 5185 2025 5238 exsti-

453 5289 602 5340 tisse.
671 5283 870 5337 Deinde
922 5297 1052 5334 vero
1109 5279 1250 5349 quod
1300 5278 1466 5340 addit,
1522 5277 1602 5328 Ad
1646 5285 1844 5328 tantam
1889 5276 2027 5328 enim

453 5377 728 5447 parturiant
792 5372 1089 5428 invidenda:
1164 5370 1538 5439 Cappadocum
1609 5385 1689 5422 res
1743 5371 2025 5432 devenere,

456 5483 580 5524 cum
633 5468 837 5535 optime
895 5464 1150 5520 convenit
1200 5463 1276 5533 in,
1309 5463 1452 5518 hunc
1500 5476 1703 5517 annum
1748 5460 1875 5526 575,
1920 5473 2028 5527 quo

532 5665 608 5733 (at
637 5664 735 5733 Ep.
764 5665 885 5719 1'56.

525 5737 608 5808 (ο)
638 5737 731 5806 Ep.
767 5735 885 5791 155.

2096 530 2446 600 Cappadociae
2487 540 2657 594 ortae;
2702 538 2815 582 tum
2867 543 2994 582 vero
3040 543 3143 583 non
3181 529 3410 586 obscure
3448 532 3672 599 indicat,

2094 635 2192 675 cur
2231 621 2460 685 librarii,
2491 631 2550 674 ut
2577 629 2661 675 est
2703 620 2756 674 in
2803 620 3085 688 superiore
3113 621 3360 689 epistola,
3387 625 3453 678 ad
3485 626 3675 692 pristi-

2095 728 2194 767 nas
2241 722 2389 768 artes
2433 713 2743 767 rediissent.
2786 710 2842 766 Id
2871 713 3016 765 enim
3059 721 3118 767 ut
3160 713 3675 790 facerenthvidetur

2096 818 2190 859 eos
2228 804 2472 872 coegisse
2509 805 2558 858 di
2581 802 2810 858 ﬂicultas
2855 805 3207 874 comparandi
3232 808 3404 860 victus
3429 822 3494 860 ex
3525 809 3673 876 ejus-

2099 893 2241 949 modi
2273 904 2409 958 arte,
2435 895 2521 949 cui
2567 895 2620 949 in
2653 909 2863 948 summa
2898 904 3156 964 egestate,
3193 911 3256 950 ac
3312 896 3670 952 litteratorum

2099 984 2376 1040 hominum
2412 985 2579 1049 luctu,
2615 1001 2844 1056 quorum
2893 987 3138 1056 plerique
3194 989 3382 1043 urbem
3436 991 3674 1059 relique-

2098 1085 2242 1143 rant,
2289 1094 2396 1132 non
2446 1078 2738 1148 plurimum
2793 1079 2890 1133 loci
2938 1095 3058 1134 esse
3125 1089 3354 1149 poterat.
3405 1080 3673 1137 Praeterea

2098 1183 2220 1223 cum
2252 1170 2399 1224 dicat
2459 1170 2710 1236 Basilius,
2753 1171 2853 1225 sibi
2893 1186 2992 1225 nec
3020 1186 3118 1239 per
3149 1173 3530 1238 valetudinem,
3571 1189 3676 1229 nec

2097 1275 2196 1330 per
2235 1263 2447 1331 negotia
2488 1264 2736 1317 scribere
2768 1262 2955 1329 licere,
2987 1263 3038 1316 id
3071 1273 3384 1334 argumento
3419 1273 3504 1318 est
3545 1281 3673 1319 eum

2101 1353 2168 1406 ad
2199 1368 2338 1421 opus
2368 1354 2435 1407 de
2463 1352 2666 1422 Spiritu
2693 1362 2904 1418 sancto,
2938 1355 3082 1422 quod
3113 1369 3254 1408 anno
3274 1353 3378 1409 574
3398 1355 3678 1412 elaborare

2100 1443 2344 1514 incmpit,
2375 1449 2612 1499 nondum
2648 1453 2774 1499 tunc
2805 1445 3043 1499 animum
3069 1446 3401 1516 adjunxisse.

2176 1577 2238 1633 ll.
2284 1579 2530 1636 Basilius
2564 1592 2687 1651 post
2723 1579 2956 1637 clericos
2995 1598 3122 1638 suos
3164 1591 3269 1637 tam
3305 1582 3453 1650 gravi
3487 1584 3681 1639 morbo

2101 1685 2386 1742 correptus
2430 1682 2529 1734 est,
2585 1681 2643 1726 ut
2701 1687 2823 1727 cum
2884 1673 3025 1727 illius
3077 1673 3501 1744 magnitudinem
3556 1689 3667 1728 non

2106 1774 2289 1830 posset
2335 1763 2674 1831 exprimere,
2729 1776 2795 1816 ex
2851 1762 2967 1832 ipso
3021 1773 3296 1818 consuetae
3352 1764 3681 1819 valetudinis

2104 1863 2247 1906 statu
2289 1852 2696 1918 dijudicandam
2746 1854 3096 1926 relinqueret.
3148 1856 3238 1909 Ait
3279 1856 3421 1910 enim
3471 1871 3530 1910 se
3580 1855 3680 1925 (c),

2103 1945 2233 1998 dum
2307 1945 2488 2000 valere
2564 1946 2858 2011 videretur,
2937 1948 3298 2002 inﬁrmiorem
3357 1948 3424 2002 iis
3489 1947 3678 2010 fuisse.

2103 2051 2334 2104 quorum
2381 2037 2527 2091 salus
2564 2042 2884 2106 desperatur
2925 2058 2938 2093 :
2975 2040 3114 2092 unde
3161 2055 3264 2093 non
3317 2038 3529 2108 illepide
3563 2039 3682 2094 col-

2104 2126 2221 2196 ligit
2267 2127 2482 2182 habitus
2521 2129 2892 2193 mutationem,
2942 2144 3044 2182 non
3084 2129 3350 2193 morbum,
3396 2129 3490 2184 sed
3537 2144 3682 2198 prae-

2103 2219 2463 2274 clarissimam
2513 2219 2872 2275 valetudinem
2911 2236 3032 2274 esse
3082 2220 3352 2275 debuisse.
3412 2219 3684 2276 Discimus

2109 2329 2172 2366 ex
2220 2314 2382 2382 epist.
2429 2313 2526 2367 Mi
2573 2313 2703 2367 nihil
2743 2313 2791 2367 ei
2839 2313 3011 2382 magis
3057 2313 3351 2377 obstitisse,
3393 2315 3686 2382 quominus

2114 2403 2257 2456 vires
2291 2409 2588 2469 repararet,
2621 2416 2780 2470 quant
2825 2403 3060 2455 inusunn
3108 2419 3174 2455 ex
3216 2402 3454 2456 molestis
3491 2401 3674 2458 Eccle-

2110 2493 2204 2547 siae
2244 2493 2583 2562 temporibus
2630 2494 2891 2547 dolorem.
2928 2493 3091 2548 Forte
3137 2497 3277 2550 idem
3321 2496 3470 2550 dolor
3515 2497 3688 2551 totius

2110 2584 2287 2637 morbi
2331 2599 2494 2638 causa
2551 2585 2778 2639 exstitit.
2822 2583 2955 2638 Nam
3017 2595 3211 2655 prazter
3259 2587 3524 2641 horrenda
3571 2585 3685 2640 Eu-

2110 2673 2294 2728 stathii
2348 2674 2607 2743 facinora,
2667 2693 2773 2731 non
2829 2695 3018 2749 parum
3075 2678 3374 2746 angebatur
3425 2677 3566 2747 quod
3613 2677 3686 2730 ab

2112 2765 2240 2832 ipsis
2291 2767 2578 2834 episcopis,
2633 2768 2953 2836 quibuscum
3007 2769 3392 2823 conuuunimre
3448 2767 3677 2836 conjun-

2110 2863 2231 2910 ctns
2274 2864 2414 2919 erat,
2461 2857 2591 2910 nihil
2628 2858 2809 2911 auxilii
2845 2858 2911 2912 ad
2956 2875 3042 2912 res
3091 2857 3495 2912 ecclesiasticas
3541 2856 3688 2910 acci-

2112 2958 2284 3016 peret.
2332 2948 2387 3001 ln
2429 2948 2654 3016 epistola
2707 2949 2807 3004 136
2853 2953 2930 3020 (n.
2977 2950 3055 3021 2),
3106 2965 3267 3019 quam
3323 2949 3458 3002 lecto
3497 2946 3690 3001 aﬂixus

2114 3037 2332 3107 scripsit
2377 3038 2443 3092 ad
2500 3036 2826 3103 Eusebium,
2873 3040 3192 3108 ingemiscit,
3237 3041 3377 3109 quod
3425 3039 3686 3108 episcOpi,

2040 3143 2082 3201 ο
2117 3129 2242 3182 dum
2293 3143 2407 3183 sum
2442 3130 2674 3199 quisque
2721 3131 2998 3186 securitati
3033 3131 3340 3194 consulunt,
3376 3145 3562 3198 parum
3593 3146 3692 3184 cu-

2115 3233 2234 3277 rent
2269 3240 2390 3293 qna:
2429 3227 2494 3278 ad
2531 3225 2832 3291 proximqu
2883 3233 3147 3292 spectant,
3187 3239 3285 3279 nec
3331 3224 3488 3277 rebus
3531 3236 3688 3276 com-

2126 3317 2379 3370 munibus
2446 3319 2584 3371 male
2637 3317 2954 3371 cadentibus
3005 3317 3243 3386 privatas
3290 3315 3449 3368 simul
3503 3315 3682 3384 perire

2120 3407 2444 3477 intelligant.
2503 3407 2723 3462 Fatetur
2781 3423 2886 3461 non
2950 3408 3220 3462 indicente
3277 3405 3508 3460 Eusebio
3572 3405 3690 3459 haec

2123 3497 2238 3552 ﬁeri
2281 3517 2294 3553 :
2330 3514 2450 3553 eum
2499 3499 2640 3552 enim
2685 3499 2870 3552 omnia
2920 3498 3062 3553 velut
3094 3493 3162 3553 'ex
3208 3498 3421 3566 specula
3454 3497 3686 3566 quadam

2115 3589 2551 3658 prospicientem,
2603 3589 2738 3643 alios
2775 3599 2831 3642 et
2878 3587 3079 3644 litteris
3111 3599 3167 3644 et
3213 3588 3556 3644 sermonibus
3589 3590 3691 3641 ad—

2123 3683 2399 3736 hortatum
2464 3695 2618 3745 esse,
2667 3681 2911 3751 nihilque
2970 3682 3294 3734 intentatum
3356 3679 3688 3749 reliquisse;

2119 3779 2284 3838 atque
2322 3769 2466 3823 illius
2501 3770 2831 3822 monitorum
2868 3769 3204 3832 memoriam,
3243 3779 3300 3820 ut
3335 3783 3561 3838 qiueque
3600 3782 3691 3822 res

2122 3859 2340 3925 accidit,
2379 3859 2548 3914 oculis
2591 3859 2894 3923 obversari,
2923 3859 3016 3912 sed
3051 3873 3156 3912 non
3191 3858 3390 3912 idcirco
3416 3873 3502 3911 res
3533 3872 3690 3911 com-

2119 3964 2312 4004 munes
2348 3949 2614 4018 adjuvari.
2650 3949 2742 4001 Sic
2770 3949 3018 4002 desertus
3045 3947 3114 4002 ab
3141 3947 3406 4016 episcopis
3442 3946 3693 4012 Basilius,

2119 4047 2382 4092 statuerat
2411 4048 2566 4092 extra
2598 4038 2966 4092 ecclesiastica
2997 4051 3118 4090 esse
3149 4035 3275 4101 tela,
3307 4036 3359 4089 id
3394 4046 3497 4102 est,
3529 4044 3586 4089 ut
3615 4039 3695 4091 ait

2122 4143 2282 4197 supra
2328 4129 2379 4182 in
2427 4129 2586 4197 epist.
2621 4130 2688 4182 ad
2717 4128 3014 4192 Urbicium,
3050 4128 3389 4183 inimicorum
3423 4130 3591 4184 furori
3635 4144 3695 4185 se

2121 4221 2444 4283 subducere,
2489 4236 2610 4274 cum
2659 4235 2718 4275 se
2766 4221 3088 4289 imparatum
3131 4229 3186 4274 et
3239 4221 3502 4276 inermem
3540 4222 3691 4277 vide-

2124 4321 2206 4366 ret
2246 4330 2260 4364 :
2294 4328 2358 4365 ac
2405 4313 2579 4382 ipsum
2613 4313 2760 4366 illum
2797 4311 3011 4366 Eusebii
3051 4323 3396 4380 conspectum
3437 4323 3491 4366 et
3528 4313 3699 4370 collo-

2125 4404 2329 4472 quium,
2377 4419 2406 4457 a
2447 4419 2556 4473 quo
2599 4419 2720 4458 eum
2763 4419 2982 4457 suorum
3024 4404 3195 4457 morbi
3238 4419 3302 4458 ac
3345 4404 3537 4458 deinde
3567 4420 3699 4459 suus

2052 4493 2095 4546 D
2125 4497 2528 4559 abstraxerant,
2571 4511 2680 4549 non
2714 4495 2778 4548 ad
2809 4497 3171 4559 communem,
3198 4496 3290 4549 sed
3323 4500 3392 4550 ad
3423 4497 3698 4566 propriam

2122 4604 2274 4643 suam
2330 4588 2612 4641 utilitatem
2652 4587 2962 4656 :quaerehat.
3017 4585 3225 4656 Scripta
3283 4596 3368 4642 est
3420 4587 3535 4642 haec
3583 4589 3701 4658 epi-

2125 4680 2263 4735 stola
2336 4691 2628 4748 antequam
2684 4678 2910 4734 Basilius
2963 4681 3119 4748 aquis
3177 4680 3371 4734 calidis
3430 4691 3698 4748 uteretur,

2127 4790 2234 4844 quo
2284 4774 2524 4828 remedio
2573 4789 2726 4827 usum
2771 4789 2830 4828 se
2889 4789 3008 4828 esse
3055 4774 3188 4827 dicit
3243 4773 3296 4826 in
3341 4775 3696 4844 sequentibus

2127 4864 2385 4936 epistolis.

2202 5002 2343 5055 Ante
2399 4999 2527 5051 illud
2582 4998 2706 5060 iler,
2758 4997 2898 5066 quod
2943 4995 3144 5052 Basilio
3190 4999 3256 5052 ad
3303 5013 3472 5068 aquas
3527 4999 3700 5068 impe-

2134 5101 2323 5144 rarunt
2351 5090 2568 5148 medici.
2600 5091 2810 5141 videtur
2836 5090 3128 5158 contigisse
3169 5089 3312 5156 quod
3357 5091 3470 5158 ipse
3511 5100 3703 5144 narrat

2133 5182 2185 5235 in
2231 5180 2453 5248 epistola
2503 5177 2622 5232 Ml.
2661 5177 2862 5231 Audito
2891 5177 3008 5246 ejus
3045 5181 3234 5232 mortis
3272 5180 3483 5244 nuntio,
3535 5195 3703 5236 vene-

2131 5283 2254 5327 runt
2301 5272 2537 5340 episcopi
2581 5271 2924 5335 Caesaream;
2966 5270 3060 5324 sed
3102 5271 3256 5324 vivus
3290 5272 3358 5325 ab
3390 5272 3470 5326 eis
3494 5273 3692 5341 depre-

2129 5365 2366 5424 hensus,
2420 5363 2584 5416 etiam
2646 5371 2811 5432 atque
2866 5362 3028 5414 etiam
3083 5376 3177 5415 eos
3238 5361 3555 5416 adhortatus
3615 5373 3704 5416 est

2133 5457 2200 5510 ad
2234 5455 2488 5510 Ecclesia:
2527 5454 2916 5522 defensionem,
2951 5469 3014 5509 ac
3050 5452 3141 5510 Dei
3165 5453 3426 5524 judicium
3462 5455 3542 5512 eis
3575 5466 3704 5511 ante

2208 5654 2277 5726 (ε)
2313 5655 2408 5726 Ερ.
2442 5655 2558 5722 156,
2594 5668 2647 5706 n.
2681 5657 2725 5716 1,
