4040 6216
1678 296 1836 353 VITA
1875 297 1933 352 S.
1974 294 2243 352 BASILII.
3472 309 3564 354 σει

304 407 495 459 oculos
528 405 727 472 posuit,
759 406 811 461 id
850 407 995 476 quod
1036 407 1147 477 jam
1181 416 1341 463 antea
1374 423 1472 478 per
1505 409 1717 466 litteras
1742 426 1884 482 prae—
1914 412 1961 470 Α
1989 409 2246 465 Romanis
2281 420 2507 462 exarata
2546 406 2795 477 epistola,
2826 404 3038 476 qualem
3071 406 3136 459 ad
3173 421 3231 461 se
3271 406 3337 461 ab
3369 406 3564 463 Orien-

306 494 543 550 stiterat.

377 585 516 638 Tum
554 600 682 640 cum
717 586 874 655 aquis
916 586 1110 643 calidis
1149 598 1436 645 curaretur
1468 589 1722 653 Basilius,
1758 605 1887 644 suc-

308 678 478 731 cessit
541 678 825 747 Antipater
873 679 1109 735 Maximo
1162 682 1412 748 praesidi,
1467 682 1554 735 cui
1632 682 1888 751 abrogata

305 768 748 834 dignitas'l'uerat
791 786 897 824 nou
941 771 1058 824 sine
1082 772 1417 840 gravissimis
1449 771 1689 840 injuriis.
1741 770 1891 824 Scri-

305 857 390 911 bit
440 859 732 928 Antipatro
783 859 1012 914 Basilius
1065 860 1141 931 (α)
1191 864 1434 916 morbum
1484 878 1645 916 suum
1685 863 1739 916 in
1785 862 1890 915 hoc

309 949 554 1002 maxime
583 949 871 1004 molestum
896 952 996 1005 sibi
1021 967 1162 1016 esse,
1193 953 1335 1021 quod
1368 962 1521 1007 tanto
1553 954 1671 1007 viro
1694 953 1888 1024 guber-

308 1039 507 1092 nacula
568 1041 763 1108 patriae
817 1052 1138 1108 capessente
1182 1045 1375 1099 abesse
1423 1054 1670 1113 cogatur.
1731 1044 1890 1099 Com-

308 1134 538 1187 mendat
583 1135 748 1187 etiam
798 1136 1011 1204 praesidi
1066 1138 1339 1207 negotium
1394 1138 1671 1203 Palladiae,
1724 1155 1888 1208 quam

305 1226 506 1279 matris
558 1226 676 1280 loco
736 1227 1091 1281 reverebatur
1152 1243 1257 1283 nou
1320 1230 1493 1284 solum
1548 1232 1619 1285 ob
1675 1231 1889 1300 generis

304 1320 794 1387 propinquitatem,
826 1322 919 1373 sed
956 1322 1118 1375 etiam
1168 1324 1238 1377 ob
1280 1339 1489 1378 morum
1538 1325 1883 1394 probitatem.

306 1410 466 1462 Circa
505 1410 721 1463 domum
750 1410 911 1479 hujus
944 1422 1203 1465 matronae
1220 1425 1441 1467 exortus
1470 1416 1644 1468 fuerat
1669 1414 1886 1482 quidam

307 1500 617 1564 tumultus;
661 1500 800 1554 forte
838 1517 1001 1569 opera
1057 1504 1215 1557 unius
1268 1519 1329 1557 ex
1364 1507 1482 1575 ejus
1536 1507 1767 1570 famulis,
1795 1508 1887 1577 qui

306 1591 517 1644 idcirco
542 1592 886 1645 detinebatur
914 1609 944 1645 a
975 1595 1221 1649 cohorte.
1256 1595 1425 1666 Rogat
1458 1597 1683 1652 Basilius
1711 1609 1770 1653 ut
1795 1599 1887 1669 ju~

306 1681 511 1734 (licium
537 1681 819 1735 diﬂeratur
854 1698 1026 1750 usque
1050 1685 1114 1737 ad
1138 1700 1295 1737 suum
1328 1688 1641 1742 adventum.

1998 502 2197 556 talibus
2248 500 2414 554 scribi
2457 509 2709 568 oportere
2749 498 3081 568 judicabant.
3118 498 3402 568 Evagrium
3437 500 3567 554 hor-

1995 600 2136 648 tatus
2166 602 2249 648 est
2278 592 2509 647 Basilius
2552 592 2651 662 (d),
2695 600 2755 646 ut
2791 591 3095 645 Antiochiae
3130 606 3254 645 cum
3290 592 3564 646 Dorotheo

1990 688 2166 740 sancti
2224 684 2421 739 Meletii
2469 686 2782 755 presbytero
2813 686 3235 740 communicaret
3270 703 3283 738 :
3317 684 3565 755 promisit

1990 776 2270 845 Evagrius,
2305 785 2361 828 at
2392 777 2674 845 promissis
2705 791 2811 829 non
2847 776 3019 828 stetit.

2064 864 2347 919 Probabile
2417 874 2500 919 est
2574 874 2817 919 sanctum
2891 865 3275 936 Hieronymum
3348 865 3561 934 Evagrii

1991 958 2196 1011 socium
2221 958 2433 1012 itineris
2465 956 2651 1019 fuisse,
2686 966 2741 1010 et
2770 971 2890 1009 cum
2920 971 2984 1009 eo
3002 955 3299 1011 Caesaream
3330 958 3559 1011 venisse.

1993 1050 2153 1104 Certe
2205 1048 2568 1118 Hieronymus
2619 1050 2761 1103 circa
2800 1048 2901 1101 hoc
2937 1057 3147 1117 tempus
3190 1049 3241 1102 in
3285 1048 3561 1103 Orientem

1990 1140 2156 1194 venit.
2207 1138 2340 1192 Nam
2388 1138 2439 1192 in
2496 1138 2682 1207 primis
2732 1138 2926 1191 litteris
2976 1154 3111 1206 quas
3159 1154 3256 1192 suo
3323 1138 3559 1192 adventu

1991 1232 2251 1300 scripsit,
2292 1230 2531 1298 loquitur
2578 1230 2645 1283 de
2688 1228 3090 1283 eonfessoribus
3134 1228 3406 1300 Egyptiis
3463 1231 3555 1299 (e),

1990 1338 2126 1392 quos
2168 1320 2369 1374 Valens
2421 1322 2519 1374 hoc
2572 1335 2713 1373 anno
2760 1320 2811 1372 in
2854 1318 3195 1373 Palaestinam
3245 1321 3499 1389 relegavit
3543 1339 3559 1376 :

1991 1427 2161 1480 seque
2214 1411 2512 1465 Antiochiae
2554 1427 2658 1463 una
2718 1426 2839 1464 cum
2887 1411 3118 1479 Evagrio
3166 1415 3374 1467 versari
3426 1414 3563 1466 indi-

1988 1512 2074 1558 cat
2102 1504 2189 1573 (f),
2214 1502 2356 1556 illius
2394 1502 2575 1555 verbis
2615 1500 2946 1555 Florentium
2977 1502 3236 1557 salutans.
3274 1504 3565 1557 Enumerat

1990 1594 2065 1666 (g)
2091 1595 2252 1647 etiam
2310 1592 2699 1661 Cappadociam
2755 1592 2895 1646 inter
2932 1594 3266 1660 provincias,
3303 1610 3400 1663 per
3427 1611 3563 1663 quas

1991 1683 2243 1747 transiit;
2285 1690 2339 1737 et
2382 1697 2503 1735 cum
2547 1696 2604 1735 se
2644 1680 2850 1736 fervido
2898 1682 3099 1737 Cilicia:
3148 1690 3281 1737 aestu
3332 1684 3559 1738 fractum

380 1771 500 1826 lam
558 1781 730 1826 totum
783 1789 1026 1828 mensem
1080 1776 1144 1829 ad
1192 1791 1360 1845 aquas
1418 1778 1711 1843 residebat,
1760 1794 1882 1834 cuna
1916 1759 1961 1817 Β
1992 1776 2154 1829 fuisse
2187 1782 2431 1836 testetur,
2492 1773 2543 1825 id
2576 1772 2735 1826 etiam
2774 1775 2976 1841 Optime
3002 1776 3234 1841 quadrat
3269 1790 3391 1828 cum
3426 1776 3563 1828 Eva-

305 1862 529 1930 scripsit
572 1863 881 1931 Antipatro.
926 1864 1151 1918 Videtur
1196 1867 1442 1935 protinus
1488 1867 1732 1932 rediisse,
1781 1868 1888 1923 sal-

308 1963 420 2006 tem
453 1968 516 2007 se
549 1954 627 2007 ita
665 1954 933 2009 facturum
977 1956 1179 2011 indicat
1213 1958 1262 2011 in
1296 1958 1400 2011 hac
1437 1959 1687 2026 epistola.
1720 1958 1887 2013 Caete-

309 2059 433 2097 rum
468 2060 625 2114 aqua:
649 2061 756 2099 non
796 2048 1026 2100 multum
1073 2048 1145 2101 illi
1186 2049 1509 2117 profuerunt
1537 2064 1551 2101 :
1581 2063 1747 2119 seque
1777 2049 1888 2118 ipse

307 2136 530 2204 dignum
584 2136 782 2191 fatetur
829 2139 965 2203 risu,
1009 2140 1151 2209 quod
1200 2142 1543 2209 proverbium
1596 2141 1726 2195 illud
1781 2157 1886 2195 non

307 2224 661 2289 intellexerit,
700 2238 946 2283 mortuos
980 2230 1168 2284 calidis
1217 2246 1321 2284 non
1352 2231 1550 2300 juvari.
1592 2230 1882 2299 Postquam

311 2314 471 2366 rediit
510 2314 838 2382 Caesaream,
871 2316 1055 2372 adhuc
1079 2333 1199 2371 eum
1226 2318 1391 2373 febris
1422 2320 1739 2373 conficiebat
1773 2320 1883 2390 (b),

307 2420 374 2461 ac
403 2421 475 2461 ne
506 2407 962 2477 quinquagesimo
989 2410 1205 2477 quidem
1237 2412 1407 2465 morbi
1436 2413 1521 2465 die
1545 2412 1729 2465 sedata
1763 2413 1883 2478 fuit,

308 2499 403 2552 sed
438 2500 719 2554 nutriente
765 2501 993 2554 materia
1026 2502 1296 2566 destituta,
1331 2513 1385 2556 et
1438 2502 1491 2556 in
1537 2504 1685 2557 arida
1740 2504 1885 2559 illius

308 2603 497 2654 carne,
543 2589 694 2644 velut
735 2592 787 2644 in
829 2592 1095 2663 ellychnio
1139 2595 1368 2660 quodam
1416 2604 1611 2648 exusto
1655 2596 1887 2650 circum-

312 2680 539 2745 voluta,
594 2696 895 2737 marcorem
947 2684 1212 2753 pariebat.
1283 2683 1403 2739 Huc
1466 2686 1755 2741 accedebat
1801 2686 1885 2755 je-

308 2786 429 2836 cur,
474 2773 698 2842 antiqua
743 2772 886 2828 illius
928 2775 1125 2845 plaga;
1175 2783 1231 2831 et
1274 2790 1304 2829 a
1350 2777 1486 2832 cibis
1530 2786 1583 2832 et
1629 2794 1658 2832 a
1698 2793 1887 2833 somno

309 2865 630 2931 exeludens,
667 2879 731 2920 ac
762 2874 973 2920 tantum
1010 2868 1193 2922 sinens
1224 2868 1426 2936 vivere,
1458 2878 1713 2937 quantum
1752 2885 1886 2939 opus

308 2964 430 3008 erat
476 2956 545 3009 ad
600 2958 915 3012 sentiendos
967 2958 1203 3014 dolores.
1253 2960 1362 3015 Nec
1415 2976 1587 3029 aquae,
1635 2976 1736 3015 nec
1782 2961 1885 3014 alia

312 3045 648 3101 medicorum
702 3049 942 3105 remedia
989 3059 1194 3105 tantum
1238 3054 1439 3106 malum
1485 3067 1744 3122 superare
1790 3068 1887 3123 po-

316 3144 557 3191 tuerunt.

378 3223 467 3280 ill.
512 3228 643 3282 Post
694 3228 924 3284 reditum
960 3244 1026 3283 ex
1070 3231 1223 3299 aquis
1273 3240 1327 3285 et
1372 3243 1498 3285 ante
1544 3233 1883 3304 quinquage-

312 3317 505 3371 sium
542 3321 715 3375 morbi
745 3322 916 3385 diem,
946 3319 1213 3390 Evagrius
1243 3325 1539 3393 presbyter,
1573 3323 1884 3393 Pompeiani

312 3410 698 3466 Antiochensis
729 3412 889 3477 ﬁlius,
933 3413 1022 3482 qui
1064 3415 1116 3467 in
1164 3413 1506 3469 Occidentem
1540 3430 1658 3469 cum
1694 3423 1886 3471 sancto

312 3502 545 3557 Eusebio
596 3502 920 3559 Vereellensi
966 3504 1233 3573 profectus
1278 3507 1476 3569 fuerat,
1545 3507 1726 3574 ibique
1760 3521 1885 3576 per-

310 3596 491 3649 utilem
555 3595 811 3650 Ecclesia:
889 3610 1109 3664 operam
1181 3608 1505 3661 navaverat,
1557 3598 1770 3651 tandem
1830 3598 1885 3654 iu

316 3687 591 3742 Orientem
641 3686 856 3740 rediens
917 3685 1161 3741 Caesarea
1218 3688 1464 3754 transiit,
1513 3702 1576 3742 ac
1627 3687 1884 3742 Basilium

312 3776 495 3830 invisit
526 3776 619 3847 (ε).
655 3776 864 3845 Scripta
900 3778 1128 3832 Romam
1166 3793 1195 3833 a
1239 3780 1450 3834 Basilio‘
1473 3781 1638 3835 missa
1677 3780 1883 3846 retulit,

311 3875 369 3921 ut
412 3868 549 3923 viris
597 3867 710 3922 illic
755 3870 1184 3924 accuratioribus
1228 3885 1331 3923 non
1373 3870 1635 3939 placentia
1687 3885 1751 3925 ac
1800 3886 1888 3925 re-

312 3970 552 4015 trorsum
617 3959 816 4029 rejecta
866 3977 887 4015 τ
942 3962 1202 4030 petiitque
1258 3971 1317 4016 ιιι
1365 3961 1591 4031 epistola
1654 3960 1886 4016 Romam

314 4052 673 4115 scriberetur,
717 4051 783 4104 ad
828 4053 1048 4106 verbum
1088 4068 1151 4106 ea
1197 4053 1313 4122 ipsa
1355 4054 1658 4114 continens,
1708 4067 1827 4122 qua:
1856 4066 1886 4105 a

315 4142 578 4196 Romanis
626 4141 827 4211 scripta
866 4153 1063 4210 erant;
1114 4159 1177 4198 ac
1211 4144 1368 4214 legati
1401 4143 1721 4198 auctoritate
1752 4158 1887 4212 pra:-

313 4233 409 4287 diti
453 4234 825 4297 mitterentur,
882 4243 941 4287 ut
987 4234 1247 4290 Romanis
1297 4235 1572 4290 Orientem
1620 4232 1885 4287 invisendi

314 4326 556 4392 speciosa
591 4326 804 4380 occasio
855 4327 1089 4381 daretur.
1134 4326 1251 4382 Non
1293 4334 1584 4397 potuerunt
1627 4326 1741 4379 haec
1786 4324 1890 4378 Ba—

1989 1868 2127 1938 grio,
2160 1866 2251 1934 qui
2296 1864 2554 1919 Basilium
2581 1874 2707 1919 ante
2738 1880 2977 1919 mensem
3020 1864 3391 1935 Septembrem
3422 1867 3562 1921 invi-

1990 1960 2080 2014 sit.
2139 1956 2291 2023 Quod
2344 1957 2389 2010 si
2448 1955 2807 2025 Hieronymus
2866 1957 3111 2009 interfuit
3172 1956 3383 2026 Evagrii
3436 1972 3559 2011 cum

1987 2046 2187 2101 Basilio
2227 2044 2531 2114 colloquiis,
2564 2059 2629 2099 eo
2660 2046 2832 2113 magis
2866 2046 3034 2099 miror
3064 2047 3206 2116 quod
3253 2047 3315 2100 iis
3345 2061 3465 2115 qua:
3494 2061 3562 2102 ex

1992 2138 2193 2192 Basilio
2244 2137 2496 2191 audierat
2553 2145 2648 2190 aut
2699 2138 2911 2193 traditis
2967 2138 3221 2192 oblivioni
3286 2149 3377 2192 aut
3429 2154 3563 2193 eon-

1990 2229 2228 2297 temptis,
2283 2228 2486 2283 nullam
2545 2237 2758 2298 partem
2794 2229 2932 2298 aequi
2981 2229 3215 2297 bonique
3261 2230 3328 2284 de
3374 2239 3563 2286 sancto

1987 2321 2202 2376 Meletio
2237 2321 2490 2375 senserit.

2059 2413 2219 2467 Circa
2266 2412 2403 2466 idem
2437 2424 2658 2480 tempus
2692 2411 2796 2464 duo
2833 2410 3009 2480 magni
3055 2411 3309 2465 momenti
3348 2411 3559 2480 negotia

1986 2504 2182 2559 Basilio
2196 2510 2617 2572 supervenerunt
2640 2500 2735 2573 (Ii).
2758 2502 2856 2567 Qui
2877 2500 3133 2557 Sebastiae
3149 2502 3409 2557 catholice
3432 2518 3561 2555 sen-

1988 2596 2216 2658 tiebant,
2254 2594 2465 2648 occulto
2516 2608 2692 2662 prava:
2750 2593 3020 2661 opinionis
3067 2591 3338 2646 Eustathii
3380 2592 3561 2646 ulcere

1988 2686 2199 2741 detecto
2227 2724 2243 2749 ,
2282 2684 2515 2753 aliquam
2552 2698 2581 2737 a
2610 2680 2808 2736 Basilio
2837 2683 3259 2738 ecclesiasticam
3303 2682 3562 2737 sollicitu-

1989 2778 2171 2833 dinem
2203 2785 2587 2847 poposcerunt,
2628 2776 2679 2829 id
2723 2785 2827 2838 est,
2870 2776 2935 2828 ad
2976 2775 3094 2844 ejus
3122 2776 3558 2829 communionem

1987 2879 2042 2923 et
2080 2868 2440 2938 patrocinium
2473 2868 2857 2938 confugerunt.
2897 2865 3044 2919 Illius
3077 2869 3237 2920 etiam
3272 2882 3427 2936 opem
3459 2866 3561 2919 im-

1988 2960 2218 3030 ploravit
2250 2958 2545 3014 Iconiensis
2578 2960 2631 3012 in
2665 2958 2865 3012 Pisidia
2901 2956 3166 3021 Ecclesia,
3203 2972 3321 3025 quae
3348 2964 3559 3010 mortuo

1991 3051 2244 3119 episcopo
2281 3048 2539 3103 Faustino
2586 3047 2843 3102 Basilium
2889 3046 3156 3111 invitavit,
3210 3054 3266 3098 ut
3305 3059 3364 3099 se
3421 3044 3559 3097 invi-

1992 3151 2136 3196 seret
2195 3156 2261 3198 ac
2327 3140 2634 3210 episcopum
2712 3139 2885 3192 daret.
2952 3137 3079 3192 [lare
3144 3143 3320 3190 autem
3395 3134 3560 3190 collo-

1987 3249 2172 3289 camus
2209 3243 2329 3303 post
2377 3234 2605 3288 reditum
2652 3248 2720 3285 ex
2772 3230 2925 3299 aquis
2955 3240 3009 3284 et
3055 3237 3182 3283 ante
3208 3228 3345 3282 diem
3385 3226 3557 3281 morbi

1984 3326 2505 3397 quinquagesimum,
2560 3324 2683 3391 quia
2731 3330 3025 3376 evenerunt
3066 3321 3205 3374 intra
3267 3319 3395 3373 illud
3432 3333 3558 3385 spa-

1986 3415 2143 3477 tium,
2183 3413 2325 3483 quod
2385 3410 2452 3465 ab
2516 3410 2743 3479 epistola
2794 3409 2897 3464 136
2944 3409 3095 3462 initio
3130 3408 3299 3462 morbi
3334 3408 3555 3475 scripta,

1988 3505 2053 3556 ad
2085 3503 2373 3571 epistolam
2420 3500 2524 3555 138
2568 3504 2633 3555 ad
2678 3502 2923 3554 eumdem
2961 3499 3250 3553 Eusebium
3284 3498 3370 3552 die
3399 3499 3559 3566 quin-

1986 3596 2295 3667 quagesimo
2327 3594 2605 3663 scriptam,
2631 3591 2857 3646 ellluxit.
2900 3590 3043 3644 Nihil
3088 3590 3232 3645 enim
3271 3589 3434 3644 habet
3470 3588 3556 3641 his

1987 3689 2053 3743 de
2106 3686 2264 3742 rebus
2310 3684 2536 3755 epistola
2584 3684 2722 3751 156,
2773 3699 2911 3754 quas
2961 3693 3139 3738 tamen
3190 3697 3296 3735 non
3344 3680 3559 3733 videtur

1986 3778 2285 3833 emissurus
2337 3777 2599 3841 Basilius,
2657 3778 2701 3831 si
2751 3774 2863 3846 jam
2923 3785 3035 3829 tum
3085 3774 3231 3827 illum
3287 3771 3558 3825 invisisset

1988 3871 2267 3940 Evagrius,
2304 3880 2395 3924 aut
2442 3870 2557 3939 ejus
2608 3869 2914 3938 prasidium
2959 3865 3142 3922 clerici
3186 3862 3471 3920 Sebasteni
3504 3869 3558 3916 et

1986 3962 2282 4018 lconiensis
2312 3962 2554 4019 Ecclesia
2584 3963 2987 4031 implorassent.

2058 4054 2146 4110 lV.
2177 4055 2634 4124 Quinquagesimo
2662 4055 2747 4109 die
2794 4052 2967 4107 morbi
3009 4050 3224 4105 advenit
3253 4048 3557 4105 Ccesaream

1987 4148 2230 4218 Elpidius
2279 4148 2539 4201 diaconus
2604 4162 2725 4201 cum
2776 4145 2974 4198 litteris
3021 4142 3233 4197 Eusebii
3289 4154 3557 4196 summum

1989 4239 2172 4294 Basilii
2222 4238 2434 4292 videndi
2464 4237 2789 4292 desiderium
2825 4233 3269 4304 signiﬁcantibus.
3315 4231 3558 4298 Respon-

1988 4330 2068 4383 dit
2112 4327 2343 4381 Basilius
2382 4326 2446 4395 (ἱ)
2475 4327 2662 4380 eodem
2706 4325 2815 4387 die,
2843 4334 2903 4378 ut
2934 4330 3079 4393 patet
3109 4336 3175 4376 ex
3207 4322 3291 4375 bis
3318 4320 3499 4373 verbis
3540 4336 3554 4371 :

313 4414 434 4468 silio
485 4413 866 4469 molestissima
895 4432 997 4470 non
1037 4431 1182 4483 esse,
1216 4433 1319 4473 non
1351 4427 1458 4471 tam
1491 4425 1710 4487 propter
1744 4416 1885 4473 illius
1916 4458 1962 4513 Β
1992 4419 2493 4489 Quinquagesimum
2534 4419 2670 4470 hunc
2703 4417 2838 4470 diem
2882 4416 3099 4483 agebam
3136 4415 3190 4467 in
3230 4412 3553 4480 inﬁrmitate.

312 4506 516 4573 scripta
576 4507 757 4561 minus
803 4508 1099 4563 honoriﬁce
1149 4519 1394 4578 excepta,
1442 4524 1603 4579 quam
1661 4517 1884 4579 prepter

311 4597 538 4650 consilia
589 4597 844 4652 Ecclesiae
881 4600 1229 4669 paciﬁcanda:
1272 4602 1477 4656 nullum
1527 4601 1729 4656 exitum
1784 4600 1884 4655 ha-

311 4688 521 4742 bentia.
558 4686 769 4759 Scripta
799 4700 974 4745 autem
1010 4692 1121 4759 illa,
1163 4707 1283 4762 qua:
1332 4684 1594 4747 Romanis
1629 4707 1735 4747 non
1768 4691 1882 4761 pla-

314 4791 501 4843 cuere,
556 4780 808 4834 videntur
853 4782 1067 4852 aliquod
1120 4798 1239 4839 esse
1279 4784 1746 4849 commentarium,
1786 4784 1886 4838 Sa-

315 4871 443 4925 ‘.ino
498 4874 879 4935 commissum,
930 4875 983 4927 in
1042 4891 1149 4945 quo
1212 4876 1348 4932 forte
1406 4877 1636 4931 Basilius
1692 4876 1881 4931 eadem

315 4960 590 5024 libertate,
639 4978 699 5018 ac
743 4964 797 5018 in
854 4965 1052 5021 litteris
1112 4968 1177 5021 ad
1225 4967 1615 5033 Athanasium,
1682 4964 1880 5020 Meletii

307 5050 429 5118 jura
486 5052 758 5109 tuebatur.
806 5053 939 5108 Nam
993 5071 1100 5110 non
1152 5067 1258 5111 tam
1319 5070 1405 5110 res
1457 5058 1584 5126 ipsa:
1632 5057 1883 5112 videntur

311 5141 689 5211 displicuisse,
732 5161 893 5215 quam
944 5148 1161 5218 quidam
1208 5149 1476 5204 scribendi
1532 5150 1723 5205 modus
1775 5164 1882 5204 non

315 5235 447 5290 satis
470 5241 913 5294 accommodatus
933 5241 1001 5294 ad
1033 5239 1398 5297 deliniendum
1440 5258 1453 5296 :
1491 5243 1632 5299 unde
1655 5242 1724 5299 ab
1753 5240 1884 5313 ipsis

381 5417 457 5486 (α)
484 5417 582 5486 ΕΡ.
616 5418 739 5473 137.

380 5488 452 5557 (ιι)
479 5488 575 5557 Ep.
601 5488 723 5551 158,
753 5506 809 5544 η.
844 5491 896 5544 1.

380 5560 454 5624 (ε)
479 5558 577 5625 Ερ.
604 5560 727 5623 iss,
758 5577 811 5614 ιι.
837 5560 894 5612 2.

476 5627 583 5708 Ep.
618 5629 747 5696 156,
776 5647 831 5685 ιι.
862 5629 917 5708 5..

378 5699 447 5765 (ε)
474 5697 720 5768 llieron.,
756 5714 844 5768 rp.
886 5699 911 5754 1
942 5712 1093 5755 novae
1123 5699 1254 5756 edit.

1991 4526 2108 4564 cum
2155 4508 2364 4563 advenit
2402 4508 2549 4560 nobis
2583 4509 2804 4559 dilectus
2839 4522 2900 4558 ac
2928 4506 3153 4573 optimus
3191 4502 3358 4570 frater
3388 4508 3562 4551 noster

1990 4601 2341 4656 condiaconus
2392 4598 2662 4667 Elpidius.
2718 4598 2967 4652 Declarat
3014 4609 3092 4658 se,
3148 4592 3304 4646 lectis
3343 4589 3558 4643 Eusebii

1992 4692 2211 4757 litteris,
2265 4690 2544 4744 incitatum
2588 4690 2771 4753 fuisse,
2811 4696 2867 4740 ut
2913 4697 3056 4741 recta
3104 4684 3170 4738 ad
3221 4682 3387 4752 Syros
3428 4694 3560 4734 con-

1994 4785 2221 4848 volaret,
2274 4783 2367 4837 sed
2420 4798 2527 4836 non
2562 4782 2717 4837 modo
2760 4781 2809 4833 id
2862 4779 2963 4833 sibi
3010 4778 3217 4840 deesse,
3262 4785 3321 4827 ut
3376 4770 3562 4825 volare

1991 4875 2177 4946 possit,
2214 4874 2307 4928 sed
2344 4873 2506 4928 etiam
2540 4883 2596 4927 ut
2622 4888 2679 4927 se
2716 4873 2767 4926 in
2817 4872 2952 4926 lecto
2994 4875 3352 4923 converteret.
3388 4864 3560 4919 Caete—

1990 4982 2110 5021 rum
2153 4965 2342 5019 morbo
2383 4979 2505 5031 suo,
2557 4980 2743 5033 quem,
2785 4970 2843 5016 ut
2876 4976 3037 5031 supra
3071 4959 3323 5023 vidimus,
3352 4955 3558 5009 descri-

1990 5059 2088 5123 bit,
2114 5058 2202 5112 diu
2228 5066 2501 5122 vexatum,
2544 5072 2822 5124 nunquam
2860 5063 3067 5108 tantum
3099 5051 3360 5111 doluisse,
3386 5063 3557 5117 quan-

1993 5159 2102 5203 tum
2144 5164 2306 5213 nunc,
2337 5150 2405 5204 ab
2440 5164 2504 5203 eo
2547 5149 2888 5217 impeditum,
2921 5144 3213 5215 quominus
3244 5144 3298 5195 in
3338 5137 3555 5195 Eusebii

1989 5242 2325 5312 complexum
2374 5252 2430 5298 ct
2493 5242 2818 5313 colloquium
2866 5241 3069 5298 veniat.
3120 5236 3357 5293 Noverat
3412 5231 3557 5287 enim

2058 5422 2125 5489 (Γ)
2158 5421 2301 5475 Idem
2332 5437 2418 5490 ep.
2447 5423 2502 5476 2.

2056 5491 2133 5627 5g)
2161 5490 2302 5546 Idem
2326 5507 2409 5557 ep.
2441 5493 2490 5546 1.

2115 5561 2257 5627 )Ep.
2302 5562 2425 5627 158,
2456 5578 2487 5619 n

2062 5560 2132 5704 [Ιιέ
2159 5561 2257 5643 Ep.
2302 5562 2425 5629 158,
2456 5578 2511 5620 n.
2534 5560 2590 5615 ἓ.

2062 5633 2101 5703 (i
2149 5631 2283 5688 lbtd.
