4040 6216
445 329 553 371 ειη

1825 317 2346 378 l’BOLEGOMENA.

445 431 590 495 qudi
615 433 826 480 careret
866 437 1161 496 votuptate,
1191 436 1292 483 etsi
1317 433 1575 484 extremis
1606 442 1811 486 tantum
1840 435 2025 500 digitis
2053 439 2098 494 Α
2128 433 2251 501 psit.
2288 435 2628 502 Quapropter
2673 444 2875 487 veritus
2939 431 3190 496 Basilius,
3237 447 3305 488 ne
3359 434 3549 490 litterre
3595 453 3710 493 sua

446 531 590 570 anno
618 515 896 584 praeterito
929 516 1300 572 dulcissimum
1343 519 1447 572 mel
1490 519 1741 573 Ecclesia:
1773 519 2029 573 Samosa-

451 607 618 661 teusis
679 610 1085 675 degustaverat.
1151 611 1228 664 Eo
1281 620 1463 664 autem
1529 612 1742 666 videndi
1815 612 2026 668 EttScbii

457 698 705 766 cupidior
750 706 907 764 erat,
944 701 1088 768 quod
1132 717 1316 754 vcram
1361 701 1680 755 charitatem
1723 702 1773 755 in
1823 704 2028 772 Cappa-

451 789 603 842 docia
637 804 739 841 non
774 790 1052 858 reperiret,
1087 803 1178 844 aut
1231 792 1274 846 si
1307 808 1468 860 quem
1493 800 1715 846 omnino
1755 807 2026 848 amantem

461 882 701 948 reperire
745 895 946 950 posset,
979 885 1249 938 neminem
1295 895 1443 938 certe
1484 900 1605 938 cum
1656 885 1871 939 Eusebii
1905 902 2030 954 pru-

453 974 628 1026 dentia
653 984 705 1027 et
725 976 1054 1042 experientia
1086 978 1530 1045 comparandum.
1561 977 1673 1030 Sibi
1705 980 1848 1032 enim
1882 979 2029 1033 illius

458 1065 744 1119 consilium
776 1068 841 1119 ad
875 1066 1038 1120 multa
1081 1082 1216 1135 opus
1249 1084 1372 1123 csse
1413 1070 1749 1139 intelligebat
1779 1089 1792 1125 :
1829 1081 1877 1124 et
1908 1086 2029 1124 cum

464 1158 722 1209 nnnmtlla
773 1167 980 1224 essent,
1011 1174 1130 1226 quae
1163 1160 1400 1213 scribere
1447 1177 1550 1214 non
1593 1162 1811 1225 licebat,
1859 1164 1925 1216 de
1968 1163 2031 1216 iis

459 1263 580 1307 qua:
624 1247 840 1310 licebat,
893 1250 1108 1303 interim
1159 1252 1417 1315 consulit,
1467 1254 1593 1320 quid
1648 1255 1712 1305 de
1759 1255 1917 1306 rebus
1963 1255 2032 1310 ab

464 1337 694 1408 Evagrio
728 1343 1015 1409 propositis
1045 1344 1411 1408 sentiendum,
1435 1345 1561 1410 quid
1595 1346 2028 1412 restiondendutn

455 1428 787 1490 Sebastenis.
813 1440 866 1484 et
891 1434 1199 1501 peregrinas
1228 1435 1596 1488 ordinationes
1623 1451 1690 1488 an
1723 1437 2032 1492 detrectare

461 1537 565 1576 non
600 1535 866 1590 oporteat.
901 1525 1070 1594 Bogat
1113 1526 1399 1580 Eusebium
1441 1537 1518 1588 ut,
1567 1529 1612 1580 si
1643 1543 1799 1596 quem
1846 1529 1952 1582 cito
1979 1529 2030 1582 in

453 1611 846 1680 Cappadociam
891 1617 1189 1670 venientem
1247 1618 1613 1680 nanciscatur,
1671 1619 1737 1672 de
1805 1619 1888 1672 his
1921 1634 2032 1674 om-

457 1701 614 1756 nibus
647 1704 1002 1770 respondeat;
1037 1707 1120 1760 sin
1161 1708 1339 1760 minus
1367 1745 1384 1773 ,
1424 1717 1698 1776 precetur,
1735 1719 1793 1762 ιιι
1834 1711 1934 1762 sibi
1976 1712 2028 1763 itt

2128 524 2476 588 excidissent,
2508 525 2744 579 breviter
2776 524 2969 593 repetit
2991 540 3110 592 qua:
3139 524 3249 592 jam
3283 527 3594 591 scripserat.
3623 530 3704 582 Ac

2129 617 2380 670 'morbtnn
2420 616 2636 686 quidem
2673 631 2826 667 suum
2865 623 3111 677 excusat,
3153 629 3251 667 cur
3306 631 3409 668 non
3444 619 3650 672 venerit
3687 635 3705 680 ;

2129 721 2224 760 cur
2286 716 2462 759 autem
2499 720 2581 759 res
2638 704 2894 758 Ecclesia:
2948 705 3268 758 adversariis
3312 707 3518 760 traditae
3559 709 3702 773 sint,

2131 811 2282 850 suam
2319 795 2528 864 culpam
2559 810 2676 848 esse
2713 803 2895 860 negat,
2944 798 3032 862 qui
3077 795 3231 850 solus
3280 799 3409 849 tanti
3447 799 3707 853 momenti

2133 885 2342 954 negotia
2367 885 2581 953 aggredi
2621 901 2722 939 non
2755 885 2945 948 possit,
2976 901 3097 938 cum
3135 886 3184 937 id
3218 901 3454 941 canones
3493 903 3596 942 nou
3631 890 3708 942 si-

2133 986 2296 1040 nant;
2329 977 2422 1030 sed
2443 992 2659 1030 causam
2701 974 2874 1043 rcjicit
2917 978 2966 1028 in
3011 979 3301 1045 episcopos
3340 993 3520 1031 secum
3551 995 3705 1035 com-

2135 1066 2389 1120 munione
2449 1065 2787 1134 conjunctos.
2845 1066 3179 1121 Videbantur
3219 1068 3398 1136 plures
3440 1069 3707 1136 ejusmodi

2133 1155 2372 1223 episcopi
2406 1170 2526 1208 cum
2577 1154 2777 1209 Basilio
2821 1157 3119 1224 conjuncti,
3155 1172 3446 1224 eorumque
3476 1173 3705 1213 nurnero

2134 1242 2426 1313 Bosporius
2453 1261 2623 1312 nuper
2669 1246 2935 1314 ascriptus
2981 1245 3154 1300 fuerat
3184 1263 3199 1298 :
3235 1250 3328 1300 sed
3364 1248 3494 1301 nihil
3527 1264 3708 1314 operas

2135 1337 2403 1390 navabant
2436 1339 2503 1390 ad
2551 1351 2634 1390 res
2688 1339 2924 1391 maxime
2970 1340 3348 1402 necessarias;
3387 1351 3548 1408 atque
3589 1342 3707 1395 haec

2135 1428 2299 1480 animi
2329 1428 2590 1496 aegritudo
2615 1429 2847 1480 maxime
2897 1425 3186 1493 obstabat,
3240 1430 3526 1496 quominus
3560 1431 3706 1487 vires

2135 1529 2433 1586 repararet.
2472 1517 2664 1571 Narrat
2702 1518 2932 1574 Basilius
2977 1519 3243 1587 quomodo
3265 1534 3356 1573 eos
3397 1519 3704 1575 Caesaream

2135 1610 2318 1664 audito
2345 1611 2533 1666 mortis
2557 1625 2670 1664 sua:
2706 1611 2896 1665 nuntio
2922 1611 3211 1666 venientes
3238 1612 3480 1667 hortatus
3511 1613 3700 1667 fuerit:

2138 1701 2382 1768 queritur
2411 1701 2575 1768 quod,
2631 1715 2750 1755 cum
2784 1715 2843 1752 se
2875 1710 3191 1768 pra-sentem
3227 1713 3589 1765 revereautur,
3648 1715 3706 1757 et

467 1802 700 1846 mentem
741 1795 940 1857 veniat,
986 1796 1126 1862 quod
1172 1797 1280 1850 Deo
1317 1809 1596 1865 acet-ptum
1653 1799 1835 1855 fuerit.
1891 1801 2029 1856 Petit

2134 1789 2369 1844 ollicium
2412 1790 2652 1845 facturos
2682 1792 3015 1860 promittant,
3054 1791 3142 1845 ubi
3176 1791 3489 1856 discessere,
3529 1795 3594 1849 ad
3625 1795 3706 1850 in-

451 1885 617 1939 etiam
648 1894 706 1939 ut
733 1887 812 1939 sui
850 1887 1175 1941 mentionem
1211 1888 1264 1942 in
1295 1890 1522 1944 ecclesia
1570 1890 1683 1944 fieri
1714 1890 1922 1958 jubeat,
1969 1908 2032 1948 ac

461 1977 579 2039 ipse
607 1992 704 2046 pro
737 1993 814 2042 se,
843 1977 1095 2048 adjuncto
1127 1981 1345 2048 populo,
1373 1991 1640 2048 precetur.

530 2065 784 2132 Maiorem
833 2067 886 2120 in
941 2070 1158 2121 modum
1219 2070 1496 2138 perculsus
1524 2082 1607 2125 est
1665 2071 1893 2127 Basilius
1930 2072 2030 2142 (α),

462 2172 585 2212 cum
617 2160 786 2213 audiit
819 2159 1145 2214 horrendam
1211 2164 1662 2228 persecutionem,
1719 2179 1879 2233 quant
1910 2167 2034 2220 Aleo

465 2247 709 2302 xantlrize
759 2249 942 2302 Ariani
975 2251 1098 2304 etin
1141 2251 1346 2320 reliqua
1398 2252 1629 2323 Egypto
1685 2255 2030 2311 exercebant.

457 2337 713 2394 Libenter
776 2339 1068 2394 Ecclesiam
1097 2342 1517 2397 Alexandrinam
1557 2345 1871 2409 invisisset;
1928 2347 2025 2402 sed

461 2443 585 2482 cum
623 2430 882 2484 diuturno
943 2435 1130 2487 inorbo
1188 2435 1467 2489 confectus
1521 2450 1587 2490 ne
1638 2435 1775 2490 lecto
1813 2437 2032 2506 quidem

456 2527 640 2586 posset
667 2535 889 2589 surgere
915 2559 932 2586 ,
979 2522 1158 2577 oblata
1207 2522 1466 2578 facultate
1507 2524 1726 2595 Eugenii
1764 2527 2032 2592 monachi,

467 2609 689 2678 scripsit
719 2611 1098 2668 Alexandrinis
1127 2616 1375 2670 hortandi
1405 2631 1470 2670 ac
1506 2617 1817 2672 consolandi
1846 2633 2030 2676 causa.

460 2699 713 2768 Epistolas
751 2710 959 2772 tempus
998 2705 1235 2760 indicant
1270 2723 1391 2762 cum
1447 2709 1688 2774 morbus,
1749 2726 1856 2780 quo
1887 2711 2036 2767 labo-

463 2792 615 2846 rabat
649 2791 904 2857 Basilius,
935 2804 1044 2850 tum
1097 2793 1208 2866 ipsa
1251 2801 1573 2866 persecutio,
1604 2816 1764 2870 quant
1795 2801 2033 2858 Alexan-

464 2880 595 2934 driae
636 2885 792 2951 paulo
828 2894 947 2953 post
984 2887 1263 2942 Athanasii
1299 2900 1527 2944 mortem
1560 2891 1646 2945 die
1673 2891 1708 2946 2
1737 2891 1858 2946 Maii
1892 2908 2036 2948 anno

458 2969 564 3026 375
595 2973 647 3026 in
684 2974 880 3028 caelum
909 2975 1103 3028 sublati
1129 2978 1326 3031 scimus
1365 2980 1653 3033 exarsisse.

529 3061 740 3132 Scripta
795 3065 846 3118 in
892 3067 1140 3120 eamdem
1201 3071 1522 3122 sententiam
1561 3070 1812 3126 Ecclesiae
1846 3073 2034 3128 Antio-

2133 1880 2351 1950 geniunt
2389 1881 2630 1936 redeant.

2203 1970 2395 2026 Mirum
2418 1988 2551 2027 sane
2581 1983 2662 2027 est
2711 1989 2810 2028 cur
2835 1974 3061 2029 Basilius
3090 1989 3311 2029 suorum
3347 1988 3570 2029 numero
3603 1992 3708 2029 nu-

2134 2078 2231 2132 per
2265 2062 2576 2130 adjunctunt
2626 2068 2769 2118 dicat
2833 2065 3169 2134 Bosporium,
3225 2067 3442 2136 quicum
3474 2065 3705 2134 conjun-

2132 2155 2408 2208 ctissimus
2436 2154 2614 2208 fuerat
2635 2155 2787 2209 initio
2818 2157 3196 2225 episcopatus,
3233 2169 3290 2212 ut
3319 2160 3547 2228 perspici
3601 2175 3704 2228 po—

2142 2255 2242 2300 test
2268 2261 2332 2299 ex
2365 2245 2605 2314 epistolis
2650 2246 2709 2300 5i
2747 2256 2800 2300 et
2832 2246 2919 2301 52.
2969 2246 3192 2303 Videtur
3223 2250 3432 2305 illorum
3462 2253 3704 2306 amicitia

2134 2333 2429 2396 refrixisse.
2477 2351 2596 2389 cum
2627 2336 2848 2391 Colonia
2878 2377 2892 2400 ,
2934 2339 3090 2406 cujus
3140 2341 3422 2410 episcopus
3451 2353 3564 2396 erat
3600 2343 3707 2396 Bo-

2131 2427 2366 2493 Sporius,
2398 2443 2547 2481 nova:
2595 2429 2872 2498 metropoli
2907 2429 3106 2500 Tyanis
3150 2433 3405 2486 attributa
3441 2449 3562 2487 cum
3591 2434 3709 2502 plu.

2134 2515 2285 2571 libus
2346 2516 2487 2570 aliis.
2537 2516 2668 2570 Nam
2726 2519 2956 2586 δρεπορί
3018 2521 3260 2573 secunda:
3327 2522 3702 2590 Cappadociae,

2133 2606 2310 2662 aiebat
2355 2605 2585 2660 Basilius
2614 2607 2691 2678 (d)
2748 2623 2888 2664 anno
2923 2612 3165 2678 proxime
3199 2603 3398 2680 elapso,
3425 2621 3703 2682 postquam

2134 2698 2355 2752 alterius
2395 2699 2679 2765 provincia:
2717 2715 2901 2753 nomen
2940 2700 3255 2765 habuerunt,
3309 2701 3478 2756 subito
3521 2703 3707 2757 existi-

2142 2798 2352 2841 marunt
2394 2805 2448 2842 se
2471 2804 2536 2843 ea:
2564 2789 2671 2843 alia
2711 2806 2774 2843 ac
2803 2807 2895 2844 nos
2935 2793 3148 2845 natione
3186 2805 3232 2846 et
3261 2805 3408 2862 gente
3429 2810 3560 2856 esse,
3580 2804 3704 2846 tan-

2135 2891 2345 2951 tumque
2369 2897 2461 2934 nos
2485 2881 2820 2950 ignorarunt,
2850 2893 3103 2952 quantum
3133 2884 3222 2951 qui
3245 2883 3452 2938 nullum
3481 2899 3705 2952 prorsus

2135 2972 2425 3042 periculum
2477 2972 2642 3041 fecere
2662 3013 2676 3038 ,
2732 2990 2822 3026 nec
2854 2990 3081 3042 unquam
3129 2977 3181 3028 iu
3211 2974 3520 3045 colloquium
3554 2990 3711 3028 vene-

2139 3073 2281 3118 runt.
2327 3063 2442 3118 Non
2479 3074 2654 3118 tamen
2707 3065 3027 3119 crediderim
3077 3065 3392 3135 Bosporium
3432 3081 3462 3120 a
3517 3065 3706 3120 Basilii

462 3151 652 3206 cliente
670 3154 894 3220 epistola
932 3170 1162 3223 sequens
1192 3155 1266 3228 (b)
1287 3197 1302 3222 ,
1355 3173 1472 3225 qua:
1506 3158 1628 3214 huic
1669 3161 1892 3230 tempori
1923 3178 2030 3216 ma.
2059 3123 2106 3186 C
2135 3155 2515 3208 communione
2543 3169 2780 3222 unquam
2826 3157 3143 3212 recessisse.
3201 3158 3353 3224 Quod
3401 3159 3614 3225 quidem
3645 3167 3710 3212 ut

462 3241 608 3295 xime
653 3247 863 3296 videtur
892 3247 1181 3300 convenire
1208 3257 1318 3300 tum
1351 3257 1575 3316 propter
1625 3248 1806 3303 Basilii
1835 3267 2030 3320 corpus

464 3329 620 3398 longa
658 3333 976 3399 aegritudine
1031 3335 1392 3401 debilitatum,
1439 3346 1552 3391 tum
1602 3348 1821 3408 propter
1843 3356 2028 3410 perse-

457 3420 752 3486 cutionem,
786 3437 905 3492 qua:
951 3431 1080 3478 tunc
1127 3426 1345 3480 videtur
1401 3427 1567 3483 fuisse
1595 3430 1879 3484 admodum
1912 3433 2028 3488 vio-

458 3509 624 3566 lenta.
661 3513 812 3579 Quod
841 3515 1060 3583 quidem
1112 3517 1452 3572 tribuendum
1507 3523 1807 3588 prmsentize
1863 3523 2030 3593 impe-

460 3603 677 3666 ratoris,
710 3603 798 3671 qui
831 3619 898 3658 eo
933 3605 1080 3659 venit
1107 3621 1248 3660 anno
1275 3607 1404 3662 572.
1447 3609 1624 3675 Quare
1651 3611 1789 3666 hanc
1832 3613 2033 3681 episto-

459 3692 565 3747 lam
595 3695 865 3750 iunnerito
893 3697 1131 3752 nonnulli
1161 3700 1462 3768 rejeccrunt
1497 3702 1560 3755 ad
1597 3704 1886 3770 primordia
1915 3704 2031 3773 epi-

460 3798 714 3855 scopatus
757 3786 968 3842 Basilii.
1009 3789 1193 3859 Neque
1249 3793 1393 3844 enim
1424 3791 1708 3845 formulam
1733 3792 2028 3860 Nicaenam,

460 3890 622 3943 quam
660 3879 728 3931 ab
769 3878 922 3931 initio
950 3890 1220 3949 receptam
1270 3881 1320 3933 in
1357 3880 1600 3934 Ecclesia
1651 3897 1745 3934 sua
1779 3884 1929 3950 dicit,
1965 3899 2031 3939 ea

459 3977 638 4021 mente
661 3971 879 4037 apponit
907 3969 1155 4035 Basilius,
1185 3981 1242 4024 ut
1269 3972 1425 4024 [idem
1457 3987 1608 4024 suam
1646 3988 1798 4026 more
1823 3977 2032 4042 episco-

460 4072 646 4124 porum
704 4073 890 4112 recens
942 4063 1313 4115 ordinaturum
1360 4063 1633 4130 declaret,
1691 4066 1783 4119 sed
1819 4075 1876 4119 ut
1927 4068 2031 4123 hoc

459 4150 708 4218 praesidio
733 4151 1098 4207 Antiochenos
1129 4157 1454 4208 communiat
1473 4159 1730 4212 adversus
1759 4159 2030 4226 haeresim,

469 4257 588 4311 quze
612 4243 967 4298 audacissime
997 4246 1049 4298 in
1088 4245 1173 4299 illa
1193 4247 1334 4321 urbe
1367 4250 1624 4303 verticem
1655 4250 1896 4308 tollebat.

537 4333 595 4387 ν.
628 4334 796 4389 Morbi
845 4336 1104 4405 reliquias
1162 4338 1335 4391 adhuc
1378 4339 1587 4394 ferebat
1625 4341 1872 4405 Basilius,
1907 4357 2028 4396 cum

463 4423 675 4480 duabus
710 4429 1074 4494 respondit(c)
1111 4429 1320 4482 Eusebii
1360 4431 1625 4498 epistolis,
1665 4448 1892 4500 quarum
1922 4447 2027 4484 una

467 4514 824 4580 signiﬁcabat,
866 4527 1120 4584 quantam
1174 4518 1256 4571 sui
1291 4521 1752 4586 exspectationem
1803 4520 2030 4577 Basilius

460 4605 654 4674 populo
689 4604 1054 4660 Satuosatcnsi
1081 4609 1482 4672 commovisset,
1517 4621 1776 4678 quantum
1821 4612 2023 4668 doloris

463 4696 732 4749 attulisset
786 4696 931 4750 illius
981 4696 1258 4763 absentia;
1306 4698 1472 4750 altera
1519 4689 1706 4764 ivero,
1751 4701 2025 4770 antiquior

467 4791 706 4857 quidem,
759 4801 815 4840 ιιι
845 4803 906 4842 ex
941 4792 1204 4856 scriptura
1261 4790 1677 4855 conjiciebatur,
1711 4793 1804 4845 sed
1856 4794 2030 4848 serius

463 4881 699 4943 reddita,
757 4880 1075 4934 hortabatur
1125 4881 1191 4933 ad
1239 4879 1492 4934 Ecclesiae
1523 4881 1910 4947 defensionem,
1973 4893 2028 4938 et

462 4974 625 5023 etiam
653 4978 815 5037 atque
841 4970 1002 5022 etiam
1033 4971 1286 5023 monebat
1321 4987 1385 5023 ne
1415 4986 1499 5024 res
1532 4971 1911 5025 ecclesiasticae
1936 4972 2034 5024 ad-

464 5059 722 5112 versariis
772 5059 1132 5113 traderentur.
1181 5060 1416 5114 Conatus
1469 5059 1643 5113 fuerat
1683 5059 1911 5113 Basilius
1946 5061 2028 5115 his

461 5152 528 5206 de
559 5151 718 5205 rebus
751 5150 978 5205 Eusebio
1003 5152 1315 5208 satisfacere
1344 5153 1397 5206 in
1428 5151 1796 5220 superioribus
1829 5151 2029 5220 cpisto-

461 5245 547 5309 lis,
586 5245 683 5298 sed
699 5259 791 5298 eas
815 5244 1077 5300 Eusebius
1111 5261 1217 5302 non
1249 5256 1552 5318 acceperat,
1597 5259 1719 5301 cum
1758 5245 1871 5299 haec
1895 5245 2029 5299 scri-

535 5488 611 5553 (τι)
645 5487 738 5554 ΕΡ.
769 5487 895 5541 159.

533 5559 606 5628 (ὁ)
636 5558 727 5624 Ep.
763 5558 884 5611 HO.

532 5631 602 5693 te)
641 5629 806 5688 Epist.
840 5629 932 5681 Hi
945 5668 961 5683 .

535 5701 614 5769 td)
651 5697 742 5768 Ep.
777 5696 864 5765 98,
899 5717 950 5754 υ.
977 5700 1033 5755 a.

2136 3244 2506 3315 intelligatur,
2571 3247 2767 3316 duplex
2808 3247 3251 3316 distinguendum
3309 3248 3707 3302 communionis

2131 3351 2316 3406 genus.
2345 3336 2505 3390 Aliud
2536 3337 2680 3390 enim
2713 3337 2907 3392 litteris
2941 3340 3201 3394 canonice
3247 3339 3565 3405 scribendis,
3611 3351 3710 3393 aut

2131 3424 2379 3494 precibus
2403 3434 2458 3479 et
2493 3427 2766 3496 mysteriis
2827 3428 2986 3481 simul
3037 3427 3378 3482 celebrandis
3410 3427 3709 3497 perageba-

2135 3525 2242 3580 tur;
2267 3516 2409 3568 aliud
2435 3517 2662 3571 interius
2691 3528 2809 3570 erat
2836 3519 3229 3586 quodammodo
3265 3530 3319 3571 ct
3343 3519 3606 3581 strictius,
3638 3534 3709 3572 ac

2131 3609 2186 3662 in
2215 3610 2562 3662 consiliorum
2589 3611 2654 3662 ad
2705 3608 2962 3664 Ecclesia:
2998 3609 3422 3678 paciﬁcationem
3477 3611 3706 3677 conjun-

2133 3700 2312 3752 ctione
2339 3702 2572 3768 positum
2607 3710 2744 3754 erat.
2797 3699 3034 3754 Primum
3084 3716 3251 3768 genus
3282 3701 3525 3768 designat
3549 3699 3708 3754 Basi-

2132 3791 2234 3844 lius
2262 3791 2352 3862 (e),
2388 3809 2506 3845 cmn
2537 3793 2612 3846 ait
2645 3793 2912 3860 rogandos
2929 3807 3048 3847 esse
3077 3793 3469 3859 Occidentales,
3502 3801 3554 3844 ut
3581 3807 3708 3845 cum

2125 3881 2332 3950 judicio
2369 3883 2762 3936 communione:
2791 3891 3066 3951 peragant,
3109 3893 3157 3934 et
3187 3899 3276 3936 eas
3309 3899 3426 3949 qua!
3457 3897 3573 3934 cum
3607 3898 3707 3934 ac-

2133 3972 2431 4024 cedentibus
2477 3971 2545 4024 ad
2599 3974 2760 4040 ipsos,
2814 3982 2862 4024 et
2917 3990 3004 4025 ea:
3037 3989 3154 4041 qua:
3184 3976 3375 4039 scripto
3417 3971 3706 4025 secundum

2135 4059 2391 4116 Ecclesia:
2422 4078 2658 4115 nomium
2688 4064 2820 4129 fiunt
2861 4079 2879 4116 :
2931 4063 3012 4116 vel
3047 4077 3168 4116 cum
3198 4063 3456 4132 plurimas
3483 4063 3706 4129 provin-

2134 4149 2246 4204 cias
2283 4161 2562 4203 enumerat
2606 4150 2686 4219 (Γ)
2736 4166 2962 4219 quarunt
3027 4154 3094 4206 ad
3144 4153 3428 4220 episcopos
3489 4152 3707 4207 litteras

2135 4243 2382 4297 mittebat
2437 4253 2488 4296 et
2520 4245 2840 4312 accipiebat.
2901 4245 3142 4300 Alterum
3181 4244 3706 4299 communicaturum

2135 4350 2303 4404 genus
2343 4336 2602 4391 habemus
2636 4337 2688 4390 in
2722 4336 2962 4405 pluribus
2993 4338 3253 4407 epistolis,
3281 4352 3400 4406 quae
3440 4336 3506 4390 de
3558 4335 3708 4405 lcga-

2137 4425 2204 4479 tis
2233 4425 2459 4480 Romam
2519 4427 2798 4482 mittendis
2851 4437 3035 4496 agunt.
3069 4428 3325 4481 llortatur
3365 4427 3590 4482 Basilius
3624 4428 3706 4498 (g)

2137 4515 2196 4569 S.
2224 4515 2496 4570 Mcletium
2549 4525 2605 4569 ut
2641 4519 3018 4572 communibus
3060 4518 3257 4572 litteris
3297 4519 3552 4588 adjungat
3601 4533 3706 4571 no-

2135 4607 2278 4660 mitta
2311 4621 2498 4660 eorum
2541 4608 2633 4676 qui
2672 4607 2810 4661 idem
2862 4611 3100 4662 sentiunt
3125 4650 3140 4673 ,
3176 4609 3338 4662 etiam
3377 4609 3704 4663 absentium.

2134 4699 2252 4769 ipse
2288 4699 2552 4768 promittit
2585 4700 2636 4752 in
2696 4701 2800 4754 alia
2835 4700 3057 4769 epistola
3088 4700 3162 4770 (It)
3193 4702 3438 4754 daturum
3474 4714 3532 4754 se
3571 4715 3707 4767 ope-

2137 4803 2272 4849 ram,
2321 4798 2378 4840 ut
2428 4803 2714 4842 commune
2781 4791 3043 4856 scriptum
3097 4789 3163 4840 ad
3216 4789 3710 4842 communicatores

2134 4876 2453 4948 perferatur.
2493 4876 2658 4931 Nemo
2688 4893 2822 4932 sane
2853 4879 3048 4932 dixerit
3082 4877 3343 4948 ejusmodi
3374 4876 3570 4931 litteris
3595 4893 3709 4930 om-

2131 4985 2227 5024 nes
2255 4969 2676 5035 subscripsisse,
2714 4971 3020 5039 quicunque
3050 4985 3172 5024 cum
3227 4968 3425 5023 Basilio
3463 4983 3706 5022 comnm-

2131 5059 2409 5113 nicabant.
2457 5059 2592 5114 T0ta
2636 5076 2721 5115 res
2783 5060 3179 5130 transigebatur
3230 5061 3374 5113 inter
3423 5075 3515 5114 eos
3567 5075 3706 5127 quos

2132 5167 2237 5204 non
2267 5150 2440 5203 solum
2481 5151 2669 5205 eadem
2705 5155 3036 5216 communio,
3073 5153 3164 5208 sed
3188 5153 3350 5206 etiam
3393 5152 3706 5206 eorumdem

2131 5243 2483 5300 consiliorum
2516 5260 2584 5299 ac
2610 5246 3005 5300 sententiarum
3037 5244 3322 5301 consensio
3344 5241 3702 5300 devinciebat.

2205 5487 2274 5553 (e)
2315 5487 2412 5553 Ep.
2456 5485 2661 5550 129,...
2704 5488 2756 5542 δ.

2206 5557 2271 5624 (ῃ
2300 5557 2395 5620 Ep.
2435 5555 2562 5623 204,
2595 5575 2647 5612 n.
2693 5558 2747 5613 δ.

2209 5630 2283 5696 (9)
2317 5626 2413 5693 Ep.
2446 5624 2534 5696 li8.

2215 5695 2291 5758 Ui)
2323 5696 2418 5759 Ep.
2456 5695 2577 5749 1⁸20.
