4040 6216
1641 376 1799 430 νΙΤΑ
1842 377 1899 433 S.
1942 376 2211 433 BASILII.

3400 405 3528 444 CXIII

276 486 346 539 De
377 484 566 577 eodem
603 487 1125 543 communicatorum
1166 507 1359 561 genere
1408 497 1849 571 loquebatur(a),
1884 507 1925 564 Α
1958 502 2199 565 licasset,
2227 500 2454 556 Basilius
2487 502 2534 555 ei
2568 505 2845 571 respondit
2881 505 2954 574 (g)
3001 521 3104 559 non
3137 521 3256 570 sua,
3298 508 3391 561 sed
3419 513 3533 577 epi-

273 590 390 628 cum
433 573 637 628 Fausto
671 587 865 643 praeter
888 592 1129 634 canones
1152 584 1398 639 ordinato
1440 588 1766 653 declararet,
1794 605 1851 643 se

275 665 505 719 alienum
530 666 600 719 ab
626 680 689 718 eo
736 682 953 735 semper
991 669 1252 740 futurum,
1296 676 1397 728 nisi
1427 676 1635 733 litteras
1661 678 1853 733 alferat

273 756 543 811 Armeniae
574 758 975 826 episcoporum,
1009 775 1072 814 ac
1105 766 1385 819 unanimes
1420 782 1569 832 suos,
1623 780 1680 822 nt
1712 772 1849 822 idem

273 851 338 903 de
397 850 490 903 illo
536 851 797 913 sentiant,
837 851 1217 908 adducturum.
1273 857 1351 911 Ex
1406 860 1488 912 his
1534 861 1853 931 intelligitur

271 942 545 1010 quomodo
582 940 900 1008 Bosporius,
927 947 1171 1011 quamvis
1203 963 1304 1000 non
1334 950 1576 1003 videatur
1609 968 1636 1004 a
1670 954 1850 1009 Basilii

271 1032 657 1085 communione
686 1034 1032 1096 discessisse,
1067 1050 1184 1089 sese
1227 1049 1403 1091 tamen
1435 1041 1507 1092 illi
1542 1042 1851 1111 adjuuxisse

272 1124 501 1178 dicatur.
543 1125 941 1178 Abstraxeraut
993 1143 1114 1180 eum
1161 1130 1228 1183 ab
1284 1132 1469 1185 intima
1502 1149 1619 1187 cum
1651 1136 1850 1192 Basilio

270 1214 659 1283 conjunctione
720 1215 1090 1273 dissensiones
1122 1220 1190 1273 ob
1226 1220 1581 1290 Cappadocia:
1619 1225 1847 1280 divisio-

272 1321 393 1359 nem
428 1317 667 1373 exortae;
700 1309 794 1361 sed
846 1323 949 1361 non
996 1308 1198 1365 idcirco
1238 1313 1473 1367 desierat
1505 1331 1623 1369 cum
1654 1318 1851 1373 Basilio

276 1397 690 1451 communicare
743 1399 827 1453 vel
870 1416 968 1467 per
1002 1417 1079 1465 se,
1114 1404 1194 1457 vel
1252 1421 1348 1470 per
1383 1409 1847 1477 metropolitanum

271 1505 426 1541 suiim
460 1490 806 1557 Anthimum,
842 1494 1060 1562 quicum
1116 1495 1346 1551 Basilius
1380 1500 1488 1554 cito
1532 1501 1583 1554 in
1619 1503 1848 1571 gratiam

275 1582 449 1636 rediit.

345 1673 432 1728 VI.
468 1674 523 1728 In
546 1676 635 1729 his
677 1693 799 1746 qum
851 1678 955 1731 hoc
1002 1693 1139 1733 anno
1168 1689 1313 1749 gesta
1347 1664 1701 1745 narravimus,
1732 1683 1850 1735 nul-

272 1763 374 1816 lum
404 1781 633 1832 prorsus
660 1776 841 1820 exstat
902 1769 1181 1835 vestigium
1214 1769 1389 1822 missa:
1418 1770 1468 1823 in
1501 1767 1846 1824 Occidentem

1961 607 2247 659 scoporum
2297 592 2496 646 nullam
2531 594 2630 646 sibi
2664 610 2882 663 operam
2939 599 3249 651 navautium
3291 599 3441 667 culpa
3478 600 3531 652 id

1954 683 2220 736 evenisse.
2252 682 2347 737 llis
2375 684 2620 752 profecto
2648 688 2886 753 querelis
2933 686 3081 742 locus
3113 705 3214 743 non
3244 688 3452 749 fuisset.
3484 688 3528 742 si

1956 770 2120 823 missa
2161 773 2431 825 commmti
2466 787 2733 828 consensu
2764 776 2955 843 legatio
3003 792 3152 847 spem
3180 779 3358 831 auxilii
3389 790 3531 833 attu-

1956 860 2126 914 lisset.
2160 860 2284 915 Ilarc
2324 862 2607 916 confirmat
2660 867 2884 933 epistola
2926 868 3049 934 156,
3076 871 3125 921 in
3159 887 3261 938 qua
3303 870 3529 926 Basiiins

1956 954 2242 1019 respondet
2284 953 2550 1021 Evagrio,
2607 958 2875 1011 neminem
2933 976 3153 1027 prorsus
3217 976 3274 1013 se
3329 963 3529 1017 habere

1954 1039 2201 1093 idoneum
2233 1042 2300 1095 ad
2346 1042 2629 1112 legationis
2680 1062 2877 1099 munus
2912 1050 3213 1102 obeundum
3243 1068 3256 1116 ;
3294 1067 3391 1105 nec
3420 1055 3526 1106 oh-

1953 1147 2111 1186 scnre
2135 1134 2361 1197 indicat,
2395 1151 2552 1203 quam
2586 1136 2797 1192 diﬂicile
2829 1140 2901 1192 sit
2952 1151 3003 1194 et
3036 1141 3408 1198 Occidentales
3462 1146 3527 1198 ad

1954 1225 2213 1276 auxilimu
2251 1225 2528 1279 ferendum
2571 1239 2625 1282 et
2665 1231 2944 1299 CpisCOpOS
2970 1232 3271 1287 Orientales
3296 1238 3360 1287 ad
3400 1239 3528 1289 sub-

1952 1317 2293 1369 scribendum
2344 1317 2632 1383 adducere,
2688 1336 2808 1374 cum
2860 1324 2973 1376 ait:
3022 1325 3171 1389 Quod
3223 1327 3267 1379 si
3309 1328 3425 1396 quis
3462 1343 3527 1380 ea:

1950 1407 2205 1476 fratribus
2228 1410 2317 1477 qui
2365 1411 2505 1476 apud
2545 1428 2630 1463 vos
2660 1423 2802 1478 sunt,
2850 1413 3210 1469 Ecclesiarum
3257 1436 3417 1471 causa
3449 1419 3528 1471 la-

1953 1498 2123 1551 borem
2164 1501 2430 1565 suscipere
2486 1504 2640 1567 volet,
2687 1506 2729 1556 is
2775 1509 2872 1559 scit
2918 1511 3100 1576 procul
3144 1513 3300 1562 dubio
3359 1521 3407 1563 et
3458 1510 3527 1563 ad

1951 1605 2078 1659 quos
2136 1591 2471 1658 profuturus
2530 1595 2596 1646 sit
2628 1606 2675 1647 et
2715 1600 2782 1648 ad
2811 1616 2962 1668 quem
3000 1604 3179 1670 ﬁnem,
3220 1614 3265 1655 et
3302 1616 3525 1671 quorum

1951 1678 2015 1731 sit
2046 1680 2231 1731 litteris
2270 1684 2698 1737 comnmniendus
2739 1698 2786 1739 et
2825 1691 3088 1758 qualibus.
3119 1691 3212 1745 His
3254 1694 3524 1745 rationum

1954 1773 2243 1824 momentis
2290 1772 2393 1825 alia
2452 1775 2574 1828 addi
2611 1790 2869 1844 possent:
2911 1784 3001 1835 sed
3046 1787 3168 1853 quia
3201 1802 3319 1838 cum
3368 1785 3531 1839 rebus

270 1852 575 1921 legationis.
601 1854 893 1908 Asseverat
917 1864 1092 1909 tamen
1119 1855 1491 1912 Tillemoutius
1519 1860 1843 1914 Dorotheum
1880 1847 1920 1902 Β
1948 1877 2089 1915 anno
2106 1863 2213 1918 575
2244 1876 2297 1918 et
2325 1865 2430 1918 576
2463 1868 2629 1934 gestis
2671 1871 2952 1938 conjuncta
2989 1847 3134 1943 sunt,
3168 1880 3416 1931 videntur
3470 1877 3520 1930 in

267 1947 646 2014 presbyterum
680 1946 904 1999 missum
934 1946 1101 2001 fuisse
1128 1963 1248 2000 cum
1274 1949 1471 2003 litteris
1495 1950 1601 2003 242
1637 1961 1688 2004 et
1717 1950 1845 2016 Ξίὸ,

269 2036 403 2087 alias
436 2036 540 2089 182
570 2042 634 2089 ‘et
670 2036 757 2089 70.
815 2036 920 2090 Sed
952 2036 1036 2089 his
1064 2036 1256 2092 litteris
1294 2055 1449 2091 suum
1486 2038 1664 2094 locum
1707 2040 1843 2094 assi-

268 2142 437 2194 gnare
473 2132 817 2182 conabimur.
857 2127 1013 2181 Nune
1056 2130 1385 2195 probandum
1418 2131 1685 2184 neminem
1717 2133 1850 2186 mis-

268 2234 386 2271 sum
418 2218 587 2272 fuisse
624 2221 725 2272 hoc
767 2234 927 2271 anno
950 2217 1074 2272 575.
1106 2218 1327 2273 Patetid
1353 2220 1414 2273 1°
1441 2236 1504 2274 ex
1552 2222 1666 2290 ipsa
1708 2224 1847 2276 serie

268 2324 449 2362 rerum
482 2320 759 2379 gestarum
785 2309 1194 2377 (b).Consilium
1232 2311 1474 2365 mittendi
1510 2312 1560 2365 in
1586 2312 1848 2367 Occiden-

270 2408 376 2451 tem
426 2412 609 2453 ortum
656 2409 739 2453 est
778 2401 844 2454 ab
890 2401 1119 2454 Eusebio
1149 2401 1512 2456 Samosatensi
1542 2442 1558 2466 ,
1600 2404 1690 2471 qui
1724 2419 1845 2457 eum

266 2490 494 2542 aliarum
532 2490 900 2543 Ecclesiarum
942 2500 1144 2543 tantam
1187 2506 1372 2543 curam
1411 2504 1643 2559 gereret,
1675 2508 1848 2561 quan-

266 2589 377 2632 tam
408 2595 519 2632 sum
549 2580 1265 2646 proprie,commentarium
1294 2581 1357 2633 de
1382 2582 1541 2635 rebus
1571 2584 1711 2649 apud
1742 2583 1847 2637 Oc-

267 2670 571 2723 cidentales
600 2670 899 2722 tractandis
923 2670 1067 2722 misit
1106 2672 1169 2723 ad
1212 2669 1464 2724 Basilium
1497 2672 1647 2726 initio
1691 2673 1845 2742 hujus

266 2759 392 2811 anni
423 2774 520 2827 per
550 2758 991 2821 Sanctissimum,
1029 2774 1259 2828 eumque.
1294 2762 1499 2823 rogavit
1530 2771 1586 2814 ut
1646 2762 1847 2831 episto-

265 2848 371 2902 lam
403 2856 686 2913 cxararet,
727 2850 814 2901 cui
850 2862 1039 2902 omnes
1074 2850 1559 2903 couunuuicatores
1601 2851 1843 2905 subscri-

265 2940 472 2995 berent.
500 2939 739 2993 Basilius
774 2940 846 3008 (c)
875 2954 998 2992 cum
1028 2940 1203 2994 minus
1241 2941 1522 3007 reperiret,
1552 2942 1681 3010 quid
1710 2944 1846 2996 scri-

262 3032 498 3086 bendum
546 3042 712 3089 esset,
749 3030 964 3084 Meletio
1004 3031 1193 3085 detulit
1250 3033 1548 3086 scribendm
1605 3034 1845 3102 epistolae

264 3140 482 3190 munus,
514 3139 583 3177 ac
607 3134 773 3176 totam
813 3137 923 3175 rem
958 3123 1100 3176 illius
1140 3123 1365 3176 arbitrio
1392 3126 1683 3177 commisit.
1717 3125 1844 3179 Post

267 3216 548 3269 teterrima
576 3212 844 3267 Eustathii
880 3215 929 3266 in
956 3211 1210 3267 Βιιδίιίυιιι
1245 3213 1482 3266 facinora
1536 3215 1636 3285 (d),
1672 3217 1847 3269 adhuc

266 3308 586 3361 morabatur
609 3307 749 3371 apud
790 3304 1066 3357 Meletium
1098 3304 1484 3357 Sauctissimus
1510 3345 1523 3371 ,
1562 3320 1625 3358 ac
1669 3306 1847 3358 consi-

264 3398 395 3452 lium
426 3396 711 3451 mittenda:
741 3396 1023 3464 legationis
1064 3394 1197 3448 nihil
1229 3396 1448 3448 Omnino
1486 3404 1845 3463 processerat,

266 3505 365 3544 nec
424 3487 588 3540 valde
644 3487 923 3539 arridebat
977 3484 1192 3539 Basilio.
1248 3483 1403 3537 Venit
1435 3485 1737 3539 Caesaream
1767 3484 1845 3553 (e)

268 3594 452 3635 mense
483 3582 730 3647 Augusto
759 3578 1018 3647 Evagrius
1048 3595 1059 3630 :
1094 3576 1230 3646 petit
1257 3586 1314 3629 ut
1340 3577 1495 3646 legali
1518 3580 1842 3634 auctoritate

267 3670 477 3740 praediti
509 3669 818 3723 mittantur.
852 3666 1098 3721 Consulit
1141 3666 1428 3720 Eusebium
1465 3667 1695 3721 Basilius
1719 3671 1846 3737 quid

268 3762 411 3815 facto
431 3776 571 3830 opus
592 3763 686 3814 sit.
706 3760 904 3812 Iterum
931 3773 1025 3825 per
1047 3758 1252 3812 litteras
1273 3758 1482 3827 urgenti
1499 3760 1726 3826 Evagrio
1748 3762 1847 3815 sub

268 3856 478 3910 initium
516 3854 733 3916 hiemis,
763 3853 1047 3921 respondet
1067 3851 1297 3904 Basilius
1343 3850 1412 3920 (Ῑ)
1447 3851 1545 3905 sibi
1579 3851 1845 3920 integrum

270 3962 372 4000 non
408 3961 535 4000 esse
563 3945 768 4013 legatos
795 3945 1027 3997 mittere.
1055 3943 1294 3997 Nondum
1323 3958 1451 4010 ergo
1474 3944 1625 3997 initio
1656 3945 1849 4000 hiemis

270 4038 566 4106 quidquam
595 4046 773 4089 actum
808 4043 948 4097 erat,
980 4035 1063 4089 vel
1120 4035 1300 4103 potius
1332 4049 1523 4087 novam
1568 4036 1848 4090 dilliculta-

270 4142 376 4185 tem
407 4128 701 4181 attulerant
720 4125 846 4178 data
874 4126 942 4179 ab
966 4124 1405 4181 Occidentalibus
1431 4125 1661 4194 Evagrio
1691 4142 1845 4181 man-

271 4221 417 4282 data,
463 4232 762 4285 eorumque
792 4218 857 4271 de
881 4215 1065 4271 Basilii
1097 4217 1318 4285 scriptis
1348 4220 1524 4271 minus
1548 4233 1698 4288 aequa
1719 4234 1845 4273 sen-

274 4312 460 4366 lentia.

338 4404 397 4458 2°
425 4406 569 4458 Idem
612 4402 845 4472 probant
902 4399 1215 4469 frequentes
1239 4400 1296 4454 S.
1345 4400 1529 4453 Basilii
1566 4400 1698 4454 etS.
1739 4401 1845 4455 Eu-

1950 1954 2077 2008 illud
2106 1965 2314 2024 tempus
2343 1955 2662 2011 dilferenda.

2510 2089 2736 2145 CAPUT
2767 2088 2961 2144 XXIX.

1948 2196 1988 2252 1.
2022 2196 2081 2251 S.
2114 2198 2300 2252 Basilii
2333 2200 2539 2253 morbus
2561 2203 2629 2253 ad
2653 2211 2885 2254 a'statem
2921 2202 3243 2268 referendus.
3276 2202 3335 2260 ll.
3370 2207 3521 2263 Diem

2022 2270 2207 2342 [estum
2241 2268 2298 2323 S.
2332 2269 2617 2342 Eupsychii
2662 2272 2916 2335 celebrat,
2962 2284 3007 2323 et
3062 2277 3219 2339 paulo
3260 2286 3375 2342 post
3418 2289 3523 2332 tres

2019 2340 2216 2409 litteras
2258 2341 2438 2392 scribit
2492 2346 2543 2392 in
2586 2342 2813 2407 gratiam
2861 2340 3391 2409 plor/wII'Op/tiot‘um.
3433 2350 3519 2405 Ill.

2017 2406 2318 2486 Eusebiunr
2344 2411 2536 2486 invitat
2576 2406 3357 2486 Cmsat‘eam,_ejusque_[ratris
3407 2420 3521 2486 filio

2016 2479 2216 2530 scribit.
2258 2478 2341 2532 IV.
2372 2478 2631 2532 lnvisilur
2662 2500 2691 2531 a
2723 2480 2780 2533 S.
2819 2478 3085 2540 [ip/trivia.
3126 2478 3183 2535 νζ
3222 2478 3522 2539 Maximum

2019 2547 2185 2599 tribus
2234 2549 2422 2599 litteris
2478 2554 2823 2601 commendat.
2864 2550 2943 2601 Vl.
3000 2550 3077 2603 De
3120 2555 3347 2617 epistolis
3388 2558 3517 2610 150-

2021 2618 2152 2671 155.
2185 2617 2290 2671 VII.
2323 2617 2609 2686 Respondet
2636 2620 2867 2671 Busifius
2902 2620 3147 2672 Asc/iulio
3191 2623 3523 2679 Thessaloni-

2020 2689 2492 2764 censi,_et__Sorano
2518 2691 2659 2764 duci,
2687 2706 2723 2764 a_
2742 2704 2842 2764 quo
2860 2692 2993 2764 petit
3036 2694 3281 2764 reliquias
3319 2709 3519 2764 nmrty-

2020 2773 2156 2809 rum.
2196 2756 2321 2827 VIII.
2364 2756 2776 2827 ItemiEuagrio.
2817 2757 2973 2809 Illius
3005 2756 3234 2812 animum
3276 2756 3519 2827 qua'ruiit

2018 2828 2226 2879 Ariani.
2260 2826 2449 2879 Scribit
2486 2826 2547 2880 S.
2581 2826 2807 2878 Eusebio
2838 2836 2885 2879 et
2912 2829 3188 2881 Antiocho.
3224 2826 3293 2884 IX
3334 2831 3527 2886 Liben-

2018 2907 2095 2947 ter
2139 2899 2201 2949 de
2230 2900 2467 2963 dogmate
2517 2900 2786 2963 respondet
2820 2896 3126 2958 Eupaterio.
3176 2898 3416 2963 Epistula
3453 2906 3520 2955 ad

2018 2965 2303 3018 Diodorum
2328 2969 2390 3017 de
2418 2968 2612 3035 nuptiis
2642 2983 2757 3016 cum
2790 2982 2968 3018 sorore
2997 2970 3176 3021 uxoris
3203 2985 3445 3025 morture.

2018 3056 2057 3110 l.
2094 3057 2350 3122 Quamvis
2406 3056 2563 3126 longa
2599 3057 2868 3110 exstiterit
2911 3060 3173 3126 aegritudo
3204 3059 3407 3129 Basilii,
3460 3078 3523 3119 ac

1876 3188 1917 3244 ϐ
1950 3147 2189 3216 reliquiae
2208 3148 2294 3201 diu
2324 3149 2639 3215 insederint,
2666 3156 2721 3201 et
2751 3163 2890 3216 saepe
2917 3150 3238 3217 augentibus
3284 3153 3525 3209 molestis

1949 3240 2203 3294 Ecclesize
2229 3242 2563 3311 temporibus
2582 3241 2803 3293 morbus
2819 3239 2892 3310 (Ιι)
2916 3243 3249 3295 recruduerit
3265 3283 3279 3306 ,
3309 3245 3524 3299 videtur

1953 3341 2129 3385 tamen
2157 3333 2288 3386 satis
2308 3334 2504 3385 virium
2536 3331 2811 3397 habuisse,
2842 3341 2898 3383 ut
2927 3331 3066 3384 diem
3102 3333 3293 3387 festum
3318 3336 3377 3389 S.
3418 3337 3525 3390 Ett-

1950 3423 2155 3491 psychii
2200 3424 2397 3486 obiret,
2456 3423 2613 3493 cujus
2669 3429 2927 3480 memoria
2989 3428 3073 3480 die
3110 3425 3139 3477 7
3187 3426 3525 3494 Septembris

1949 3512 2308 3567 recolebatur.
2342 3512 2743 3577 Tillemontius,
2769 3517 2858 3583 qui
2886 3517 2936 3568 in
2958 3517 3100 3569 hunc
3121 3530 3320 3567 annum
3355 3516 3521 3569 multa

1949 3602 2194 3668 contulit,
2246 3619 2366 3673 qua:
2406 3603 2511 3656 alio
2548 3604 2773 3672 rejicere
2803 3608 2973 3658 coacti
3030 3621 3237 3669 sumus,
3270 3607 3525 3673 deceptus

1950 3692 2216 3745 nonnullis
2246 3692 2423 3746 verbis
2446 3693 2685 3761 epistola:
2728 3694 2795 3746 27
2826 3693 3079 3747 Basilium
3110 3707 3367 3748 autumno
3404 3697 3524 3749 exi-

1950 3784 2136 3838 stimat
2187 3784 2239 3837 in
2270 3784 2516 3837 morbum
2572 3785 2847 3841 incidisse.
2892 3786 3021 3851 Sed,
3059 3800 3179 3837 cum
3231 3787 3520 3839 Eusebium

1948 3884 2136 3929 aestate
2158 3874 2393 3928 invisere
2418 3876 2695 3929 statuisset
2723 3876 2807 3947 (ἰ),
2845 3893 2943 3930 nec
2971 3877 3087 3945 ejus
3112 3878 3339 3930 consilio
3379 3878 3521 3931 aliud

1953 3967 2247 4035 quidquam
2297 3975 2493 4034 praeter
2542 3971 2789 4021 morbum
2841 3968 3142 4033 obstiterit;
3182 3968 3402 4021 morbus
3452 3968 3520 4021 ad

1949 4068 2196 4111 arstatetn
2240 4059 2549 4111 necessario
2599 4060 2752 4113 debet
2798 4058 3010 4113 referri.
3073 4058 3335 4112 Prarterea
3376 4058 3521 4128 jam-

1950 4152 2147 4202 dudum
2191 4150 2487 4218 aegrotabat
2516 4148 2764 4214 Basilius,
2790 4166 2912 4203 cum
2942 4151 3006 4202 ad
3034 4165 3157 4203 eum
3198 4151 3346 4202 venit
3398 4150 3526 4204 Ilio-

1952 4252 2209 4306 ronyuttts
2271 4239 2509 4308 (venisse
2535 4239 2676 4291 enim
2718 4239 2866 4291 illum
2901 4256 3020 4291 eum
3067 4238 3295 4306 Evagrio
3321 4240 3521 4305 proba-

1950 4328 2274 4383 bilissimum
2321 4328 2530 4395 judicat
2581 4327 3120 4397 Tilletnoztuins),qni
3174 4338 3352 4381 tamen
3383 4344 3442 4382 se
3492 4344 3523 4382 e

1953 4421 2291 4488 Cappadocia
2325 4435 2602 4488 egressum
2640 4422 2990 4489 gravissimos
3043 4421 3095 4473 in
3147 4420 3331 4475 Cilicia
3361 4431 3525 4475 aistus

270 4496 403 4550 sebii
430 4497 664 4566 gemitus
690 4506 742 4547 et
770 4496 1027 4564 querelae,
1059 4495 1200 4563 quod
1233 4508 1351 4561 qua
1378 4496 1445 4547 de
1496 4509 1629 4561 pace
1664 4494 1845 4548 Eccle-

1955 4509 2291 4577 perseusisse
2329 4520 2576 4565 testatur.
2610 4511 2846 4578 Denique
2870 4511 2920 4562 iu
2954 4510 3175 4578 epistola
3203 4509 3324 4571 145,
3358 4524 3521 4577 quam

272 4591 473 4642 siarum
510 4587 851 4642 concilianda
878 4586 1329 4648 deliberaveraut,
1372 4599 1433 4639 ea
1465 4586 1661 4640 inlecta
1689 4603 1847 4653 pror-

270 4696 361 4735 sus
388 4691 443 4735 et
466 4682 621 4735 irrita
651 4680 916 4733 viderent.
956 4677 1071 4732 Non
1100 4679 1245 4733 enim
1280 4679 1387 4732 alio
1419 4690 1627 4747 spectat
1658 4681 1844 4735 Basilii

272 4773 423 4826 dolor
456 4773 511 4825 in
546 4771 773 4840 cpistola
805 4770 931 4835 156,
960 4771 1102 4838 quod
1135 4784 1220 4823 res
1252 4770 1631 4824 ecclesiasticae
1655 4772 1845 4825 adver-

272 4864 428 4918 sariis
473 4864 784 4927 tradantur,
815 4864 945 4915 dum
992 4861 1104 4914 suis
1132 4862 1361 4931 quisque
1394 4862 1556 4916 rebus
1604 4863 1844 4932 episcopi

273 4958 611 5011 consulentes
641 4956 788 5023 parvi
834 4954 1073 5021 pendunt
1101 4970 1221 5023 quae
1270 4955 1336 5007 ad
1369 4955 1675 5023 proximum
1710 4956 1838 5008 atti-

270 5059 415 5103 nent.
439 5048 672 5102 Eosdem
702 5046 932 5115 gemitus
956 5045 1285 5113 redintegrat
1327 5044 1378 5097 in
1407 5045 1567 5112 epist.
1597 5045 1716 5110 I58,
1750 5045 1838 5099 tibi

270 5155 579 5212 germanam
606 5156 671 5193 ac
690 5140 960 5193 sinceram
1006 5138 1319 5191 charitatem
1365 5137 1415 5188 in
1451 5137 1719 5205 epis-capis
1747 5152 1834 5191 se-

271 5249 388 5287 cum
434 5231 812 5285 communione
840 5228 1145 5297 conjunctis
1190 5227 1476 5281 desiderat.
1515 5226 1637 5281 Ihcc
1669 5229 1837 5283 Euse-

270 5322 358 5379 bio
385 5337 489 5376 non
518 5322 695 5375 minus
728 5320 1018 5375 doluerunt
1055 5336 1071 5373 :
1116 5319 1256 5391 quod
1278 5334 1399 5373 cum
1426 5318 1625 5374 Basilio
1658 5322 1831 5390 signi-

343 5508 417 5577 (α)
450 5506 546 5572 Ep.
581 5504 701 5577 422-

337 5576 412 5646 (ὁ)
444 5578 539 5645 Ep.
576 5576 701 5627 120.

343 5591 412 5710 ill
444 5591 541 5716 Et:
576 5591 703 5699 ἓξὲξ

342 5716 416 5785 (ιι)
442 5718 575 5771 una.

340 5782 408 5857 (ej
436 5789 532 5857 Ep.
571 5785 697 5849 158,
738 5800 794 5838 n.
833 5782 890 5834 2.

1954 4610 2078 4671 post
2107 4602 2350 4653 morbum
2385 4603 2639 4670 scriptam
2695 4616 2814 4655 esse
2843 4602 3214 4669 probabimus,
3244 4608 3395 4669 rogat
3417 4599 3524 4652 Eu-

1955 4692 2160 4745 sebium
2189 4690 2440 4758 Basilius,
2477 4705 2534 4745 ut
2568 4692 2863 4746 Ecclesium
2890 4693 3275 4746 Ctesaricnsem
3306 4692 3519 4745 invisat.

1956 4782 2103 4834 Satis
2138 4797 2267 4849 ergo
2288 4794 2574 4850 supererat
2602 4784 2861 4848 temporis
2894 4793 2949 4834 ut
2979 4782 3194 4850 longum
3238 4782 3337 4834 iter
3360 4772 3533 4836 Ense?

1954 4872 2077 4925 bius
2099 4884 2225 4926 ante
2255 4873 2445 4927 hiemis
2472 4874 2809 4929 incommoda
2841 4876 3108 4927 centicere
3144 4884 3345 4939 p0sset.

2018 4962 2080 5015 Il.
2120 4964 2194 5016 Eo
2220 4964 2549 5032 probabilius
2588 4976 2671 5020 est
2706 4981 2809 5019 non
2841 4964 3084 5018 defuisse
3125 4964 3383 5017 Basiliam
3416 4965 3521 5019 diei

1947 5053 2085 5107 festo
2116 5054 2175 5107 S.
2232 5056 2543 5126 Eupsychii,
2604 5057 2746 5124 quod
2800 5071 2923 5108 cum
2970 5070 3116 5109 anno
3142 5055 3246 5109 375
3274 5071 3339 5108 ex
3368 5056 3522 5125 gravi

1949 5148 2139 5200 morbo
2162 5149 2365 5215 pariter
2391 5149 2815 5211 coxwalescerct,
2844 5163 3180 5216 nequaquam
3223 5150 3522 5216 praetermi-

1942 5236 2015 5289 sit
2036 5239 2373 5292 occasionem
2394 5240 2610 5292 houoris
2636 5241 2838 5294 sanctis
2858 5241 3186 5309 martyribus
3209 5240 3519 5301 exhibendi,

1941 5328 2037 5379 sed
2071 5328 2231 5381 curru
2270 5339 2391 5396 post
2425 5328 2631 5383 Pascha
2668 5339 2851 5385 vectus
2888 5340 2969 5384 est
3001 5332 3052 5384 in
3085 5330 3279 5395 locum,
3306 5329 3399 5384 ubi
3422 5339 3522 5380 ex-

2021 5504 2090 5571 tr)
2129 5506 2222 5573 Ep.
2262 5453 2384 5558 15.6.
