4040 6216
504 367 571 409 ιτς
579 367 630 408 ιν

1878 354 2411 413 PBOLEGOMENA.

509 482 587 525 tra
622 473 805 527 urbem
842 471 1176 527 colebantur.
1234 470 1582 528 Commodior
1620 472 1718 528 fuit
1768 473 1826 528 S.
1863 474 2071 545 Eupsy-
2100 479 2147 535 Α
2175 490 2275 544 pus
2313 494 2417 531 non
2446 475 2656 533 diﬂ'erat
2679 494 2693 533 :
2718 476 2929 532 etiamsi
2957 477 3099 532 enim
3136 479 3279 534 illam
3307 480 3593 551 aliquando
3622 499 3755 553 pos-

433 561 441 568 ’
504 563 609 617 chii
633 563 975 633 solemnitas,
1009 578 1127 632 quae
1159 563 1213 617 in
1253 564 1367 633 ipsa
1416 568 1547 619 urbe
1579 566 1897 620 Casariensi
1924 566 2069 620 cele-

506 650 784 705 brabatur.

576 742 900 797 Convocavit
929 743 995 797 ad
1028 742 1170 796 hunc
1198 741 1338 797 diem
1367 742 1565 798 festum
1600 762 1790 802 omnes
1817 750 2069 819 chorepi-

505 848 699 901 scopos
721 849 869 897 suos,
906 842 962 887 ut
995 848 1089 886 eos
1118 834 1543 889 numerariorum
1568 837 1921 907 alteri,quem
1948 857 2072 895 ven-

507 936 684 979 turum
738 926 1009 993 sperabat,
1043 939 1225 979 coram
1279 928 1706 983 commendaret.
1736 929 1839 983 Sed
1880 941 2071 985 neuter

504 1010 676 1065 adfuit
700 1012 1060 1065 numerarius.
1115 1011 1400 1067 Tractator
1431 1018 1723 1083 praesidum
1760 1018 2069 1087 diligentior

503 1094 628 1158 fuit,
661 1110 723 1149 ac
753 1096 950 1151 Basilio
994 1099 1228 1167 roganti,
1264 1111 1320 1153 ut
1359 1117 1653 1172 pauperum
1687 1108 1898 1173 domos,
1947 1125 2067 1178 quae

504 1184 556 1236 in
591 1187 741 1253 pagis
774 1188 892 1241 sita:
920 1199 1095 1253 erant,
1134 1192 1354 1245 tributis
1390 1196 1673 1260 eximeret,
1715 1200 1921 1266 prolixe
1951 1216 2068 1255 om-

504 1272 591 1325 nia
623 1276 890 1342 promisit.
919 1277 1083 1333 Panlo
1117 1289 1238 1348 post
1271 1282 1413 1336 hunc
1447 1285 1583 1339 diem
1628 1287 1822 1343 festum
1850 1293 2065 1361 scripta:

504 1376 612 1420 tres
638 1368 897 1435 epistolae,
934 1385 1126 1439 nempe
1167 1374 1233 1426 ad
1259 1384 1548 1444 utrumque
1582 1381 1968 1447 numerarium,
2012 1392 2068 1438 et

500 1456 568 1509 ad
614 1467 955 1512 tractatorem
986 1462 1296 1528 prtesidum,
1355 1465 1421 1518 ad
1455 1479 1594 1533 quos
1623 1484 1786 1523 unum
1827 1472 2063 1540 aliquem

499 1564 566 1602 ex
587 1549 986 1619 chorepiscopis
1022 1554 1203 1608 mittit.
1243 1555 1422 1624 Rogat
1463 1562 1850 1628 numerarium,
1903 1581 2065 1634 quem

501 1649 933 1706 cxspectavcrat,
961 1650 1017 1694 ut
1041 1644 1425 1714 chorepiscopo
1454 1647 1609 1701 fidem
1646 1649 1863 1717 habeat,
1889 1664 1947 1707 ut
1970 1656 2067 1709 ho-

501 1730 632 1783 mini
658 1731 978 1800 dignissimo
999 1735 1083 1787 cui
1112 1739 1389 1803 credatur,
1422 1754 1485 1793 ac
1525 1755 1820 1809 pauperum
1847 1745 2061 1801 domum

2174 568 2245 622 sit
2270 568 2501 623 invisere
2528 608 2543 633 ,
2579 581 2635 622 at
2674 584 2777 622 non
2831 584 3011 622 secum
3045 569 3187 623 illam
3240 570 3751 644 invisurum,quem

2173 659 2395 714 morbus
2425 660 2645 728 urgebat
2676 660 2743 715 ab
2767 676 3069 716 azrumnosa
3096 662 3203 716 vita
3232 661 3535 717 discedere.

2245 750 2502 816 Quamvis
2557 751 2789 807 Basilius
2842 753 3080 820 graviter
3131 765 3424 824 aegrotasse
3478 756 3748 821 videatur,

2172 856 2293 895 cum
2328 843 2441 895 hzec
2480 842 2762 909 scriberet,
2815 860 2919 898 non
2975 853 3152 899 tamen
3198 847 3415 915 scripsit
3460 849 3513 901 in
3543 848 3753 916 gravis-

2170 929 2309 981 simo
2332 930 2489 998 hujus
2533 932 2736 984 aestatis
2769 933 2979 998 morbo,
3025 934 3117 988 sed
3146 949 3269 987 cum
3313 936 3532 989 morbus
3561 952 3749 990 recru-

2171 1020 2434 1083 desceret,
2467 1022 2516 1073 id
2546 1022 2688 1089 quod
2719 1022 2823 1077 sibi
2858 1024 3199 1078 continenter
3243 1027 3489 1079 accidere
3513 1035 3748 1081 testatur

2172 1111 2223 1164 in
2254 1114 2408 1181 epist.
2440 1113 2561 1167 Ml.
2592 1112 2709 1167 Non
2740 1114 2881 1167 enim
2908 1117 3129 1184 exponit
3157 1132 3264 1185 quo
3299 1116 3485 1171 morbo
3515 1117 3747 1183 laboret,

2169 1208 2261 1259 sed
2295 1206 2367 1271 id,
2417 1215 2476 1258 ut
2533 1214 2716 1259 notum
2748 1219 2815 1258 ex
2871 1206 3240 1272 superioribus
3288 1206 3486 1262 litteris
3520 1220 3748 1277 praeter-

2169 1297 2352 1352 mittit.
2391 1294 2529 1349 Hinc.
2580 1296 2743 1350 etiam
2793 1295 2937 1350 nulla
2985 1296 3153 1351 utitur
3203 1300 3592 1365 excusatione,
3646 1317 3747 1363 cur

2170 1386 2455 1440 Eusebium
2509 1400 2613 1439 non
2648 1387 2847 1440 invisat
2879 1404 2893 1439 :
2922 1387 2974 1442 id
3027 1387 3170 1442 enim
3215 1387 3423 1444 fecerat
3472 1391 3524 1445 in
3576 1393 3747 1446 trihus

2167 1478 2441 1546 epistolis:
2472 1478 2566 1532 sed
2602 1493 2723 1532 cum
2754 1478 2899 1532 nulla
2944 1494 3069 1548 spes
3107 1490 3412 1549 superesset
3444 1484 3603 1537 eundi
3644 1481 3746 1539 Sa-

2169 1578 2394 1631 mosata,
2426 1568 2714 1623 Eusebium
2767 1568 2960 1623 invitat
3012 1569 3334 1624 Caesaream.
3373 1572 3637 1628 Przeterea
3687 1576 3742 1628 in

2167 1658 2393 1727 epistola
2448 1658 2729 1727 £57,quae
2780 1662 2879 1713 sub
2942 1657 3154 1711 initium
3213 1658 3408 1714 hiemis
3452 1662 3552 1715 hoc
3598 1677 3744 1718 anno

2168 1753 2365 1821 scripta
2403 1760 2507 1816 est,
2547 1752 2817 1820 peramice
2840 1751 3087 1822 queritur
3118 1752 3372 1821 Basilius,
3399 1760 3542 1825 quod
3572 1756 3745 1811 Euse-

497 1820 789 1918 adupagosh
815 1824 913 1891 ipsi
966 1827 1285 1918 commissos
1321 1832 1683 1897 pertinentem
1744 1837 1979 1894 invisere
2010 1850 2065 1894 et
2095 1827 2139 1885 Β
2166 1820 2293 1898 bius
2316 1844 2416 1899 sibi
2446 1859 2514 1897 ne
2552 1843 2752 1899 scribat
2774 1820 3025 1914 quidem;
3053 1862 3118 1903 ac
3147 1820 3363 1903 idcirco
3392 1820 3506 1918 ejus
3539 1853 3741 1906 absen-

498 1910 712 1964 tributis
739 1911 986 1980 dignetur
1008 1915 1267 1972 eximere.
1319 1920 1520 1976 Scribit
1572 1923 1726 1979 alteri
1754 1930 2065 1986 numerario

497 2015 556 2054 se
588 2000 818 2057 libenter
870 2013 1154 2060 venturum
1186 2012 1251 2063 ad
1297 2024 1418 2064 eum
1474 2010 1663 2083 fuisse,
1711 2017 1813 2070 nisi
1852 2018 2065 2074 infirma

496 2091 746 2147 valetudo
771 2104 825 2147 et
876 2098 1084 2166 negotia
1127 2100 1454 2155 detinerent.
1502 2103 1641 2159 Huic
1670 2108 1878 2175 pariter
1908 2125 2060 2163 com-

495 2184 716 2236 mendat
741 2183 1204 2256 chorepiscopum,
1232 2189 1583 2262 hortaturque
1615 2205 1672 2249 ut
1703 2211 1769 2251 eo
1810 2200 2064 2255 consilia-

500 2274 604 2338 rio,
634 2283 692 2327 ut
727 2275 940 2331 homine
990 2280 1055 2331 ad
1091 2282 1377 2335 consilium
1436 2285 1667 2339 dandum
1701 2288 1911 2356 idoneo,
1940 2303 2066 2347 uta-

495 2372 604 2421 tur.
634 2364 766 2419 Cum
813 2376 989 2421 autem
1045 2373 1383 2427 numerarius
1441 2375 1530 2429 ille
1582 2380 2061 2452 ptochotropbium

494 2459 762 2527 quoddam
785 2463 1027 2517 Amasete
1053 2464 1243 2532 opibus
1262 2467 1375 2520 suis
1397 2480 1757 2539 sustentaret,
1791 2489 1939 2542 spem
1979 2477 2063 2531 af-

496 2552 601 2604 fert
651 2551 850 2607 Basilio
909 2563 1052 2607 tanta
1088 2557 1298 2624 pietas,
1360 2575 1483 2613 eum
1528 2577 1822 2632 pauperum
1880 2568 2060 2623 domui

495 2640 884 2713 chorepiscopo
940 2648 1241 2701 commissa:
1304 2651 1695 2709 immunitatem
1751 2672 1781 2711 a
1849 2660 2063 2715 tributis

496 2745 898 2788 concessurum.
931 2733 1162 2806 Utrique
1196 2744 1502 2797 numerario
1536 2745 1665 2800 dicit
1701 2747 1813 2817 jam
1842 2752 1943 2805 sibi
1992 2754 2061 2809 ab

490 2837 680 2878 eorum
706 2825 929 2896 collega,
969 2844 1161 2899 nempe
1197 2840 1507 2901 tractatore,
1560 2837 1949 2897 humanitatem
2001 2846 2057 2901 in

491 2928 753 2984 pauperes
790 2920 1119 2988 promissam
1156 2920 1346 2977 fuisse.
1371 2924 1427 2978 In
1455 2928 1614 2981 tertia
1633 2931 1858 2999 epistola
1884 2935 2059 3005 ipsum

489 3009 838 3062 tractatorem
866 3018 1034 3077 rogat,
1080 3019 1137 3063 ut
1172 3013 1435 3079 promissa
1461 3016 1725 3084 perficiat.

2167 1936 2292 1990 tiam
2335 1936 2464 1990 nulli
2495 1935 2586 1990 alii
2620 1951 2798 1991 causae
2850 1939 3121 2005 attribuit,
3162 1939 3262 1994 nisi
3290 1942 3433 2010 quod
3466 1943 3617 2011 piger
3668 1944 3743 1997 sit

2165 2028 2231 2080 ad
2262 2028 2719 2095 peregrinationes
2742 2028 3025 2086 cbaritatis
3056 2046 3217 2086 causa
3249 2032 3638 2101 suscipiendas.
3669 2041 3741 2089 At

2166 2119 2429 2186 ejusmodi
2484 2121 2721 2189 querelis
2767 2122 2915 2177 locus
2962 2136 3067 2176 non
3108 2124 3335 2191 exstitit,
3401 2124 3525 2178 dum
3590 2127 3741 2194 gravi

2165 2210 2254 2265 illo
2285 2213 2471 2267 morbo
2499 2224 2786 2283 aegrotaret
2815 2214 3065 2269 Basilius.
3093 2213 3250 2268 Tunc
3277 2216 3420 2269 enim
3454 2216 3635 2285 plures
3671 2216 3741 2271 ab

2164 2304 2398 2359 Eusebio
2442 2304 2653 2359 litteras
2693 2308 2919 2374 accepit,
2961 2320 3061 2359 nec
3091 2320 3213 2359 eum
3250 2304 3513 2362 invitabat
3557 2307 3742 2361 Caesa-

2163 2397 2479 2453 ream.lnde
2525 2412 2652 2468 ergo
2689 2407 2823 2452 ortze
2870 2397 3051 2452 Basilii
3091 2399 3327 2466 querela:
3377 2400 3520 2467 quod
3563 2400 3739 2455 nullas

2164 2488 2233 2540 ab
2265 2501 2330 2541 eo
2370 2488 2577 2542 litteras
2617 2488 2918 2556 acciperet,
2950 2492 3203 2557 quamvis
3246 2506 3372 2545 eum
3428 2492 3737 2546 Cmsaream

2164 2577 2441 2632 invitasset
2470 2594 2567 2647 per
2590 2580 2867 2648 epistolam
2900 2579 3023 2644 M5,
3060 2574 3179 2648 qua:
3217 2581 3442 2650 proinde
3466 2592 3591 2651 post
3612 2598 3741 2651 gra-

2164 2684 2280 2725 vem
2302 2671 2504 2725 :estatis
2536 2671 2779 2726 morbum
2821 2675 3017 2740 scripta
3039 2683 3140 2727 est.

2234 2761 2369 2817 lluic
2418 2763 2658 2831 epistolae
2708 2762 2866 2816 aliam
2904 2761 3136 2819 Basilius
3169 2763 3411 2834 adjunxit
3439 2766 3505 2818 ad
3544 2764 3739 2820 Antio-

2160 2854 2347 2918 chum,
2374 2855 2464 2923 qui
2498 2870 2603 2909 non
2626 2855 2917 2923 scripserat
2940 2856 3177 2925 quidem,
3209 2859 3302 2911 sed
3331 2873 3489 2911 manu
3514 2873 3609 2912 sua
3644 2874 3737 2913 sa-

2162 2945 2326 3000 lutem
2356 2954 2682 3015 apposuerat
2711 2947 2761 2998 in
2790 2947 2963 3015 patrui
2988 2948 3055 3002 ad
3079 2948 3331 3002 Basilium
3358 2949 3575 3003 litteris.
3613 2950 3733 3005 Un-

2161 3037 2227 3090 de
2255 3038 2459 3106 gratias
2482 3036 2555 3090 illi
2580 3040 2690 3108 agit
2718 3035 2969 3103 Basilius,
2992 3051 3225 3107 eumque
3254 3038 3499 3093 hortatur
3520 3053 3579 3093 ut
3600 3050 3738 3095 stre-

562 3094 697 3152 Tres
727 3098 830 3152 illae
880 3099 1120 3167 epistolae
1160 3102 1229 3154 ita
1260 3112 1313 3157 et
1361 3112 1601 3174 tempore
1627 3118 1680 3162 et
1709 3112 1869 3167 rebus
1914 3113 2056 3171 inter
2082 3161 2125 3217 ϐ
2158 3094 2284 3181 ηυξ
2316 3094 2715 3182 ἱηρυηὼειινειί
2775 3094 2968 3181 animas
3018 3094 3282 3193 saluiem,
3333 3137 3388 3183 et
3442 3130 3735 3186 Eusebium

489 3201 550 3242 se
577 3199 900 3260 congruunt,
931 3200 989 3244 ut
1026 3208 1243 3260 prorsus
1286 3197 1460 3251 divelli
1495 3215 1597 3253 non
1630 3205 1854 3271 possint.
1885 3205 2057 3279 Hujus

490 3286 669 3332 autem
719 3281 844 3333 anni
882 3281 985 3336 375
1028 3297 1132 3337 non
1180 3285 1280 3341 hoc
1316 3289 1488 3343 solum
1535 3292 1776 3357 referunt
1811 3296 2055 3371 signum,

487 3370 759 3424 residuam
793 3371 973 3427 Basilii
997 3390 1059 3427 ex
1084 3378 1232 3447 gravi
1273 3383 1457 3436 morbo
1478 3383 1845 3455 debilitatem;
1877 3393 1968 3446 sed
1995 3370 2058 3448 il?-

489 3459 581 3514 lud
628 3462 789 3517 etiam
832 3466 1072 3531 accedit,
1112 3469 1254 3535 quod
1313 3479 1424 3526 tres
1478 3472 1750 3545 olliciales,
1804 3484 1871 3536 ad
1923 3498 2057 3551 quos

487 3550 703 3621 scriptae
731 3561 876 3618 sunt,
902 3555 1020 3607 novi
1045 3556 1099 3607 in
1122 3557 1396 3624 provincia
1429 3560 1675 3616 videntur
1701 3564 1887 3622 fuisse.
1915 3550 2058 3622 Non-

489 3639 617 3692 dum
652 3642 793 3694 enim
830 3642 994 3696 ullum
1020 3659 1085 3699 ex
1122 3646 1525 3720 cborepiscopis
1555 3667 1837 3723 noverant,
1872 3670 2052 3729 atque,

484 3736 548 3783 at
580 3729 696 3784 ﬁeri
727 3732 864 3787 solet
896 3734 949 3786 in
981 3738 1218 3790 exordiis
1248 3740 1763 3811 administrationis,
1807 3749 2055 3820 chorepi-

484 3826 654 3894 scopi,
688 3840 849 3895 quem
881 3830 947 3883 ad
974 3844 1066 3884 eos
1115 3832 1279 3888 mittit
1332 3836 1597 3908 Basilius,
1627 3843 1853 3898 consilio
1883 3847 2052 3914 pluri-

486 3932 630 3970 mum
673 3920 848 3988 juvari
891 3935 1157 3991 poterant.
1205 3926 1357 3983 Unde
1383 3930 1576 4001 colligo
1615 3949 1708 3990 eos
1747 3938 1905 3993 simul
1931 3958 2050 3996 cum

484 4009 764 4079 Antipatro
795 4015 1046 4081 praeside,
1080 4033 1236 4085 quem
1276 4023 1435 4075 modo
1464 4024 1822 4093 gubernacula
1861 4048 2051 4102 capes-

485 4110 691 4152 sentem
723 4103 973 4169 vidimus,
1010 4106 1061 4160 iu
1101 4107 1495 4179 Cappadociam
1539 4117 1770 4173 venisse.

555 4188 637 4244 lll.
671 4192 744 4263 (a)
787 4195 1017 4250 Rediens
1045 4212 1075 4252 e
1115 4201 1271 4271 Syria
1317 4202 1547 4260 Basilius
1598 4222 1740 4262 anno
1777 4212 2051 4279 praeterito

485 4277 813 4335 laetissimam
844 4283 1100 4339 Ecclesiae
1145 4304 1255 4344 sua:
1302 4306 1451 4361 spem
1487 4296 1696 4350 videndi
1733 4277 1793 4352 Si
1832 4300 2048 4355 Eusebii

482 4369 878 4427 Samosatensis
928 4376 1203 4433 retulerat.
1242 4381 1292 4436 Is
1321 4385 1464 4438 enim
1516 4397 1800 4444 venturum
1840 4406 1898 4446 se
1924 4407 2049 4461 pro-

484 4462 704 4518 miserat
727 4463 1055 4522 Caesaream.
1092 4469 1205 4524 Non
1240 4482 1415 4527 tamen
1444 4477 1653 4531 videtur
1681 4494 1740 4533 se
1773 4480 1877 4535 hoc
1904 4497 2046 4538 anno
2078 4495 2123 4549 ι)

481 4567 764 4611 venturum
790 4562 1121 4628 promisisse.
1144 4560 1278 4618 Nam
1313 4567 1572 4623 hactenus
1602 4570 1826 4627 Basilius
1857 4574 2047 4630 Samo-

479 4650 614 4703 satis
662 4662 1007 4720 exSpectatus
1049 4653 1244 4723 fuerat,
1299 4673 1403 4711 non
1454 4658 1719 4718 Eusebius
1759 4665 2041 4722 Caesarem.

480 4739 643 4795 Multa
684 4744 974 4799 obstabant
1010 4749 1297 4815 quominus
1325 4761 1454 4805 tunc
1494 4754 1756 4810 Eusebius
1780 4760 2042 4827 promissa

480 4835 779 4919 perficeret,
810 4839 1076 4893 defessum
1120 4856 1318 4908 corpus
1349 4852 1425 4896 tot
1472 4847 1760 4899 exantlatis
1806 4863 1905 4917 pro
1943 4849 2044 4903 Ec-

478 4925 637 4981 clesia
661 4928 952 4996 laboribus,
990 4934 1323 5001 negotiorum
1357 4935 1522 4989 moles
1554 4938 1605 4990 in
1644 4948 1747 4992 tam
1789 4951 2041 4995 accurata

476 5015 727 5071 Ecclesia:
765 5020 1123 5089 gubernanda:
1165 5025 1390 5090 ratione,
1434 5025 1719 5081 imminens
1750 5042 1781 5082 e
1824 5032 2045 5099 prepin-

481 5120 582 5174 quo
621 5107 834 5173 Valens,
869 5112 968 5166 sub
997 5128 1103 5181 quo
1154 5129 1372 5190 necesse
1423 5126 1562 5183 erat,
1592 5120 1735 5173 velut
1766 5136 1893 5176 aves
1944 5123 2043 5177 sub

480 5197 650 5265 aquila
689 5198 1074 5267 formidantes,
1110 5218 1213 5257 non
1247 5204 1402 5274 longe
1429 5222 1460 5261 e
1485 5223 1581 5262 suo
1605 5224 1872 5281 quemque
1905 5221 2046 5268 tecto

478 5288 767 5343 discedere.
800 5290 905 5346 Sed
956 5304 1129 5350 tamen
1175 5296 1407 5353 Basilius
1451 5314 1574 5353 cum
1622 5301 1893 5356 desiderio
1942 5318 2041 5357 suo

478 5382 728 5446 majorem
759 5382 809 5435 in
864 5386 1076 5439 modum
1120 5388 1314 5453 elatus,
1346 5399 1457 5443 tum
1509 5392 1669 5444 etiam
1720 5392 1829 5446 Deo
1871 5396 2039 5449 eonfi-

474 5470 625 5537 deus,
652 5472 939 5527 Eusebium
994 5491 1185 5542 rogare
1238 5495 1343 5533 non
1397 5482 1624 5546 dubitat,
1656 5492 1714 5535 ιιι
1739 5483 1880 5551 piunt
1904 5487 2035 5542 visi-

472 5562 643 5617 tandm
672 5564 1017 5622 Caesariensis
1049 5569 1302 5624 Ecclesiae
1343 5571 1573 5628 oﬂicium
1617 5576 1670 5628 iu
1710 5577 1852 5632 aliud
1893 5586 2029 5634 tem-

540 5672 613 5741 (a)
656 5673 750 5741 Ep.
781 5675 903 5729 us.

538 5746 611 5813 (ὅ)
662 5741 761 5799 Vit.
790 5743 849 5801 S.
882 5746 1143 5817 Ephra’m,
1170 5759 1297 5805 tom.
1325 5750 1410 5820 Ill,
1443 5767 1564 5823 pag.
1594 5753 1718 5810 605.

2159 3225 2465 3284 comitetur,
2491 3221 2531 3274 si
2557 3222 2601 3274 is
2630 3236 2734 3273 non
2766 3230 3017 3290 gravetur
3051 3220 3351 3275 Cazsaream
3384 3223 3587 3277 venire.

2231 3311 2319 3367 ιν.
2346 3310 2600 3365 Sanctum
2624 3310 2869 3380 Ephraun
2900 3310 3176 3365 existimat
3212 3310 3585 3367 Tillemontius
3622 3312 3735 3367 cir-

2158 3420 2218 3459 ca
2253 3405 2354 3458 hoc
2395 3412 2601 3470 tempus
2642 3403 2853 3457 venisse
2897 3402 3196 3456 Caesaream
3236 3403 3419 3458 Basilii
3460 3404 3733 3460 invisendi

2157 3508 2338 3549 causa.
2387 3493 2598 3547 lnduxit
2632 3508 2754 3546 eum
2810 3492 2864 3545 in
2912 3493 3050 3547 hanc
3091 3494 3396 3561 opinionem
3427 3509 3530 3547 non
3582 3502 3731 3548 recte

2155 3586 2312 3651 lmjus
2342 3583 2442 3639 loci
2500 3582 2871 3651 interpretatio
2902 3598 2966 3637 ex
3009 3584 3166 3651 epist.
3227 3583 3350 3648 157,
3380 3583 3504 3635 οὐδὲ
3548 3584 3583 3654 ἡ
3621 3583 3733 3639 τῶν

2154 3675 2327 3729 ἄλλων
2355 3674 2601 3744 τοιαύτη,
2635 3676 2772 3730 unde
2796 3674 3067 3730 concludit
3093 3675 3376 3731 nonnullos
3413 3676 3472 3731 S.
3508 3676 3730 3732 Eusebii

2155 3768 2464 3834 discipulos,
2505 3768 2555 3821 in
2598 3769 2682 3822 bis
2727 3768 2786 3821 S.
2819 3768 3112 3837 ,Ephrazm,
3147 3767 3446 3823 Caesaream
3490 3769 3726 3823 venisse.

2154 3858 2492 3922 Verum,etsi
2524 3858 2681 3909 aliam
2714 3858 2765 3910 iu
2793 3859 3117 3912 sententiam
3143 3859 3258 3912 haec
3278 3860 3435 3913 verba
3458 3860 3730 3927 accipien-

2152 3949 2218 4003 da
2250 3989 2266 4013 ,
2304 3964 2408 4002 non
2443 3957 2619 4002 tamen
2669 3948 3006 4002 discedemus
3035 3947 3103 4002 ab
3149 3949 3337 4003 ordine
3376 3949 3727 4014 Tillemontii,

2152 4038 2275 4106 quia
2306 4037 2431 4091 illud
2471 4036 2661 4091 saltem
2692 4038 2983 4092 verisimile
3021 4048 3126 4106 est,
3165 4038 3223 4093 S.
3257 4039 3504 4108 Ephraam
3547 4038 3731 4093 Cresa-

2153 4144 2297 4182 ream
2348 4130 2561 4183 venisse
2600 4137 2884 4197 postquam
2924 4127 3121 4183 Valens
3150 4131 3251 4185 hac
3282 4131 3413 4183 urbe
3444 4130 3722 4183 discessit.

2149 4222 2226 4276 lta
2254 4221 2396 4275 enim
2430 4230 2681 4275 accurate
2719 4220 2784 4273 de
2835 4220 3020 4274 Basilii
3053 4222 3213 4275 rebus
3255 4221 3306 4274 in
3347 4222 3727 4289 persecutione

2149 4313 2317 4381 gestis
2368 4310 2623 4380 loquitur,
2660 4320 2719 4366 ut
2762 4326 2855 4366 eas
2901 4326 2998 4381 per
3038 4325 3097 4366 se
3134 4312 3251 4380 ipse
3295 4310 3541 4364 videatur
3574 4309 3724 4364 didi-

2148 4407 2308 4460 cisse.

2222 4495 2295 4566 (b)
2324 4496 2521 4550 Narrat
2554 4494 2844 4565 Gregorius
2879 4492 3152 4564 Nyssenus
3187 4491 3246 4548 S.
3286 4491 3532 4561 Ephrtem
3571 4506 3602 4545 a
3638 4491 3727 4545 di-

2152 4589 2277 4642 vino
2303 4587 2507 4656 Spiritu
2537 4587 2756 4641 ductum
2789 4599 2908 4639 csse
2930 4585 3257 4648 Caesaream,
3282 4597 3513 4651 eumque
3546 4583 3618 4637 ibi
3641 4582 3725 4636 vi-

2151 4682 2317 4735 disset
2350 4678 2626 4743 Basilium,
2658 4675 2839 4730 multis
2870 4676 3115 4731 laudibus
3140 4675 3538 4729 venerationem
3564 4688 3722 4728 suam

2150 4770 2378 4837 coepisse
2408 4770 2617 4822 testari.
2651 4766 2876 4822 Videbat
2913 4767 3056 4821 enim
3091 4767 3279 4820 dextro
3310 4765 3490 4818 Basilii
3529 4764 3723 4817 hume-

2148 4876 2210 4915 ro
2252 4860 2572 4914 insidentem
2619 4857 2946 4919 columbam,
2976 4870 3096 4924 quae
3149 4855 3312 4911 verba
3343 4854 3417 4908 illi
3454 4854 3722 4909 submini-

2146 4952 2372 5005 strabat.
2424 4950 2624 5003 Eadem
2671 4949 2919 5003 columba
2981 4945 3237 5000 Basilium
3295 4944 3475 5001 docuit
3529 4944 3722 4997 adesse

2142 5041 2390 5111 Ephraam
2434 5038 2648 5111 Syrum.
2696 5039 2829 5092 Cum
2878 5038 2982 5092 hac
3032 5036 3339 5091 narratione
3370 5037 3547 5089 minus
3585 5050 3721 5089 con-

2142 5130 2286 5198 gruit
2317 5131 2457 5197 quod
2485 5128 2624 5197 apud
2666 5126 2981 5180 Bollandum
3009 5126 3077 5197 (c)
3107 5127 3323 5192 legitur,
3354 5132 3598 5179 sanctum
3649 5123 3722 5175 il-

2143 5218 2249 5271 lum
2272 5219 2557 5272 diaconum
2576 5217 2771 5270 Basilio
2793 5216 3067 5286 cognitum
3095 5227 3251 5269 antea
3273 5216 3458 5269 fuisse.
3479 5214 3609 5268 Tota
3628 5229 3720 5267 res

2140 5326 2168 5362 a
2202 5308 2260 5364 S.
2291 5310 2540 5378 Ephrtem
2587 5308 2665 5379 (ά)
2698 5310 2776 5363 sic
2816 5317 3132 5373 enarratur,
3168 5309 3311 5362 nulla
3367 5323 3589 5376 prorsus
3621 5322 3720 5360 co-

2137 5403 2332 5456 lumbae
2382 5401 2522 5455 facta
2567 5402 2859 5454 mentione.
2911 5399 3010 5453 Ubi
3051 5417 3172 5470 ergo
3208 5402 3485 5462 Dominus,
3514 5400 3715 5469 inquit,

2134 5511 2256 5563 ergo
2290 5510 2372 5547 me
2400 5493 2759 5547 misericordia
2792 5503 3077 5546 commotus
3117 5492 3242 5560 fuit,
3281 5494 3551 5545 occasione
3594 5504 3715 5545 orta

2131 5580 2382 5633 miserans
2425 5580 2477 5632 in
2509 5581 2735 5646 quadam
2779 5580 3001 5644 civitate,
3048 5580 3158 5633 illic
3210 5581 3390 5633 audivi
3427 5595 3597 5634 vocem
3627 5580 3715 5633 di-

2213 5688 2287 5754 (r)
2328 5687 2562 5754 lFebr.,
2590 5706 2643 5742 η.
2686 5688 2734 5742 6.

2211 5761 2289 5827 (d)
2330 5758 2564 5813 Monum.
2612 5757 2813 5813 Ecrlcs.
2866 5758 3059 5825 (ﬁrma,
3094 5770 3221 5815 tom.
3264 5758 3345 5827 III,
3382 5760 3545 5822 p.58.
