4040 6216
1644 353 1801 408 νιτΑ
1845 354 1899 410 S.
1942 353 2209 410 BASILII.

3422 365 3515 417 om

260 482 451 527 centem
493 472 658 534 mihi,
690 470 879 539 Surge,
906 469 1172 539 Epitrtcm,
1215 479 1262 523 et
1297 471 1508 524 comede
1553 487 1728 526 sensa.
1773 470 1841 522 Et
1869 474 1917 531 Α
1946 480 2022 523 cet
2076 470 2320 540 elegerint
2370 473 2505 524 mori
2544 489 2638 540 pro
2680 471 2913 538 Christo,
2948 482 3245 543 quantaque
3290 478 3514 545 periculc

262 565 576 633 respondens
598 564 711 616 dixi
741 564 797 613 in
834 561 1002 614 multa
1051 561 1314 613 anxietate
1347 577 1366 613 :
1392 561 1543 614 Unde
1580 580 1693 633 ego,
1732 564 1842 615 Do-

261 655 411 718 mine,
438 654 713 706 comedam
736 652 761 704 ?
783 651 1028 720 Dixitque
1057 652 1124 703 ad
1149 668 1229 703 me
1255 666 1273 703 :
1298 650 1432 705 Ecce
1458 654 1512 705 in
1544 653 1697 705 domo
1730 670 1843 707 mea

262 744 458 812 regium
499 759 593 796 vas
624 743 979 811 suppeditabit
1022 742 1117 794 tibi
1160 743 1355 803 cibum.
1392 741 1728 795 Vehementer
1747 760 1844 794 au-

256 844 351 887 tem
382 834 684 886 admiratus
723 849 879 899 super
921 833 1099 896 dictis,
1137 848 1355 902 surgens
1390 834 1601 898 perveni
1628 835 1695 885 ad
1724 843 1844 886 tem-

252 924 394 992 plum
420 924 703 987 Altissimi,
728 935 777 977 et
832 938 951 975 cum
1004 925 1195 976 sensim
1236 928 1305 976 ad
1350 923 1491 977 aula:
1532 923 1843 977 vestibulum

254 1016 629 1081 ascendissem,
656 1035 721 1070 ac
752 1034 863 1085 prce
908 1018 1168 1070 desiderio
1200 1034 1293 1085 per
1326 1017 1498 1070 locum
1534 1031 1704 1085 portte
1749 1020 1845 1071 ad-

258 1109 538 1160 ltarrentem
562 1111 968 1177 prospexissem,
998 1109 1099 1161 vidi
1125 1112 1177 1162 in
1205 1110 1399 1162 sanctis
1420 1119 1721 1162 sanctorum
1752 1126 1842 1163 vas

256 1200 528 1252 electionis
550 1216 727 1252 coram
749 1202 870 1254 ovili
899 1200 1150 1269 prteclare
1175 1213 1466 1264 extensum,
1483 1203 1651 1255 verbis
1677 1201 1841 1254 Deum

252 1290 558 1345 decentibus
588 1293 728 1346 carie
751 1302 1023 1351 ornatum,
1053 1293 1384 1361 omniumque
1410 1292 1586 1345 oculos
1610 1294 1664 1345 in
1691 1292 1839 1344 illum

250 1380 472 1447 deﬁxos.
510 1379 634 1433 Vidi
665 1382 912 1451 templum
946 1400 1039 1452 per
1064 1399 1180 1436 eum
1214 1385 1404 1449 spiritu
1446 1385 1726 1449 nutritum,
1750 1398 1841 1436 nec

251 1486 353 1523 non
389 1486 517 1540 erga
559 1472 742 1524 viduas
769 1483 816 1527 et
846 1474 1109 1539 orphanos
1159 1473 1489 1539 potissimum
1536 1473 1839 1526 misericor-

250 1562 629 1632 diam.Aspea:i
660 1562 768 1615 illic
792 1566 931 1632 apud
961 1580 1099 1628 eum,
1119 1564 1402 1633 lacrymas.
1425 1565 1622 1632 fluenta
1652 1564 1839 1633 ﬂuvios

249 1655 541 1719 imitantia,
572 1665 619 1709 et
661 1656 822 1709 vellus
848 1655 965 1710 vitte
995 1658 1196 1709 cunctis
1231 1658 1401 1710 instar
1426 1656 1545 1709 auri
1581 1660 1838 1723 radians;

248 1746 525 1815 ipsumque
576 1756 838 1814 pastorem
884 1750 1064 1814 pennis
1101 1748 1318 1815 spiritus
1350 1764 1444 1810 pro
1474 1749 1619 1803 nobis
1663 1766 1838 1817 preces

248 1838 567 1901 evehentem,
601 1856 665 1891 ac
708 1840 1047 1893 deducentem
1096 1840 1269 1893 verba.
1310 1838 1428 1893 Vidi
1476 1841 1540 1893 ab
1576 1843 1688 1917 ipso
1736 1840 1837 1895 Ec-
1867 1822 1909 1876 Β

246 1929 463 1981 clesiam
488 1930 813 1993 decoratum,
838 1939 885 1981 et
912 1945 1026 1981 eam
1050 1945 1164 1998 qua:
1185 1929 1376 1983 dilecta
1399 1942 1472 1984 est
1507 1942 1835 1986 exornatam.

248 2018 516 2087 Conspexi
559 2037 650 2089 per
684 2039 804 2075 eum
853 2020 1015 2075 Pauli
1069 2023 1388 2086 doctrinam,
1436 2020 1839 2093 Evangeliorum

247 2111 436 2180 legem,
470 2114 841 2181 mysteriorum
865 2113 1124 2167 timorem.
1158 2111 1280 2165 Illic
1312 2113 1537 2166 intuitus
1579 2130 1697 2166 sum
1730 2115 1839 2166 uti-

249 2205 352 2256 lem
383 2204 780 2273 salutaremque
826 2219 1134 2267 sermonem,
1168 2204 1238 2255 ad
1268 2205 1440 2271 ipsum
1477 2220 1634 2272 usque
1653 2204 1838 2257 coelum

247 2296 481 2363 ﬁdeliter
528 2304 911 2363 assurgentem,
939 2311 1042 2347 uno
1079 2294 1257 2350 uerbo.
1288 2303 1453 2348 totum
1478 2295 1625 2348 illunt
1648 2304 1838 2348 coetum

247 2386 617 2451 splendoribus
647 2386 837 2452 gratia:
888 2385 1274 2439 collustratum.
1308 2383 1407 2438 His
1435 2401 1591 2452 porro
1637 2386 1837 2439 cunctis

248 2480 497 2548 religiose
536 2478 672 2531 adeo
707 2494 800 2545 per
830 2494 918 2531 vas
952 2478 1332 2547 regnielectum
1378 2477 1682 2546 vigentibus,
1721 2476 1839 2527 lau-

245 2570 401 2622 dibus
433 2568 693 2621 celebravi
742 2570 1023 2635 sapientem
1064 2570 1357 2638 bonumque
1412 2567 1716 2631 Dominum,
1744 2566 1836 2635 qui

245 2661 323 2714 sic
377 2664 557 2729 ipsum
622 2660 980 2731 gloriﬁcantes
1029 2659 1313 2727 gloriﬁcat.
1359 2656 1483 2711 Post
1513 2659 1835 2711 auditorium

245 2767 392 2814 vero,
420 2768 485 2804 ea:
524 2750 733 2818 Spiritu
764 2761 947 2802 sancto
996 2751 1182 2801 notitia
1224 2747 1331 2801 viro
1363 2751 1489 2801 data
1521 2759 1594 2801 est
1630 2749 1692 2800 de
1721 2764 1837 2811 me;

246 2853 295 2895 et
330 2859 607 2896 arcessens
640 2841 887 2895 vilitatem
914 2857 1104 2906 meam,
1136 2857 1228 2909 per
1252 2842 1580 2908 interpretem
1610 2841 1837 2893 interro-

247 2933 384 3000 gavit
411 2948 495 2983 me
512 2929 695 2983 dicens
718 2945 736 2982 :
770 2928 914 2983 Tune
944 2946 995 2983 es
1025 2930 1291 2997 Ephrazm,
1319 2930 1409 2998 qui
1444 2928 1697 2996 prwclare
1724 2945 1838 2982 cer-

246 3025 406 3077 uicem
441 3022 739 3085 inclinasti,
776 3033 821 3074 et
869 3023 1129 3075 sustulisti
1155 3023 1343 3092 jugum
1370 3020 1624 3074 salutaris
1650 3019 1836 3073 verbi?

247 3114 316 3167 Et
352 3114 679 3183 respondens
720 3115 831 3165 dixi
860 3128 878 3165 :
913 3113 1025 3182 Ego
1049 3129 1165 3166 sum
1213 3112 1480 3179 Ephraam,
1531 3111 1620 3181 qui
1644 3110 1834 3164 cwlesti

244 3222 402 3259 cursu
436 3206 695 3271 meipsum
722 3203 1009 3271 frustratus
1037 3202 1137 3270 fui.
1168 3201 1403 3271 Cumque
1441 3219 1521 3257 me
1549 3204 1834 3271 apprehen-

246 3298 404 3350 disset
439 3298 657 3349 divinus
695 3295 782 3347 ille
808 3295 905 3362 vir,
934 3307 1173 3347 sanctum
1201 3294 1438 3347 osculum
1479 3310 1635 3347 suum
1664 3294 1718 3346 in
1756 3308 1835 3347 me

249 3384 609 3451 conﬁrmauit,
657 3399 1022 3451 apponensque
1051 3399 1302 3449 mensam,
1341 3398 1405 3436 ea:
1447 3382 1722 3436 esculentis
1751 3399 1837 3435 sa-

246 3478 435 3544 pientis
459 3487 763 3545 sanctasque
785 3486 829 3528 et
854 3474 1026 3544 ﬁdelis
1058 3476 1246 3528 animte
1271 3476 1456 3545 ipsius,
1494 3492 1595 3529 non
1625 3475 1834 3546 quidem

248 3569 685 3637 corruptibilibus
711 3568 975 3621 conditam
1003 3567 1238 3636 ferculis,
1271 3569 1361 3621 sed
1396 3569 1715 3635 incorruptis
1754 3584 1836 3621 re-

254 3658 443 3727 fertam
472 3657 771 3710 sententiis.
803 3656 1005 3721 Quibus
1040 3660 1197 3721 enim,
1240 3659 1459 3723 dicebat,
1490 3658 1635 3711 bonis
1659 3659 1831 3728 operi-

254 3752 345 3803 bus
365 3766 651 3818 possumus
683 3748 959 3802 Dominum
989 3749 1237 3818 prteclare
1264 3750 1409 3802 nobis
1434 3750 1700 3817 placatum
1722 3750 1836 3803 red-

254 3847 394 3911 dere,
416 3862 523 3914 quo
549 3854 705 3912 pacto
750 3853 1082 3910 peccatorum
1127 3859 1456 3897 coerceamus
1500 3842 1749 3905 insultus,
1789 3853 1834 3895 et

254 3941 518 4008 quomodo
552 3939 839 4006 affectuum
877 3936 1217 3991 occludamus
1261 3938 1574 4008 ingressus?
1609 3955 1711 4009 qua
1752 3954 1839 3991 ra-

264 4033 468 4084 ratione
490 4029 835 4099 apostolicam
858 4044 1217 4096 comparemus
1244 4030 1506 4089 virtutem,
1532 4040 1579 4082 et
1610 4045 1836 4098 quonam

256 4136 405 4195 pacto
472 4126 839 4192 incorruptum
896 4138 1169 4175 exoremus
1224 4122 1507 4191 judicent!
1570 4122 1703 4175 Tum
1758 4122 1838 4174 la—

260 4229 525 4271 mentatus
554 4218 798 4279 clamavi,
828 4227 877 4269 et
927 4216 1041 4269 dixi
1071 4232 1089 4268 :
1121 4215 1221 4278 Tu,
1266 4225 1437 4282 pater,
1474 4216 1676 4269 custodi
1704 4216 1836 4267 mol-

260 4311 358 4362 lem
394 4326 457 4361 ac
486 4309 765 4370 desidem;
793 4316 848 4361 tu
880 4310 936 4361 in
986 4316 1181 4360 rectam
1228 4309 1466 4360 semitam
1502 4309 1670 4377 dirige
1699 4324 1777 4360 me
1815 4325 1836 4372 ;

259 4409 317 4451 tu
339 4397 611 4467 lapideum
646 4414 815 4450 meum
843 4414 933 4451 cor
959 4414 1265 4467 compunge.
1292 4400 1370 4450 Ad
1393 4409 1439 4451 te
1454 4405 1591 4450 enim
1619 4399 1835 4467 projecit

1946 563 2365 630 contempserint,
2396 572 2451 614 ut
2486 563 2656 630 ipsum
2700 565 3107 633 lucrifacerenl;
3136 579 3246 619 tum
3268 577 3391 635 quot
3427 584 3516 620 nu-

1946 670 2087 707 mero
2119 655 2315 721 fuerint
2366 654 2497 723 facti
2532 656 2646 719 illi;
2690 657 2997 725 reliquaque
3027 659 3101 709 ad
3150 659 3394 727 pietatem
3434 675 3517 713 eo-

1946 761 2063 797 rum
2119 746 2435 811 pertinentia
2490 748 2677 801 ediatit.
2715 746 2909 816 Tangit
2957 749 3134 801 obiter
3187 750 3519 803 Sozomenus

1946 834 2088 888 hunc
2112 834 2291 889 Basilii
2312 846 2366 889 et
2383 836 2668 891 S.diaconi
2696 852 3068 908 congressum,
3086 841 3245 908 idque
3268 850 3393 893 ante
3412 842 3521 908 epi-

1946 936 2223 993 scopatum
2264 926 2445 979 Basilii
2500 928 2795 996 contigisse
2823 929 3036 981 videtur
3064 931 3404 983 existimasse
3420 930 3521 1000 (a).

1944 1018 2032 1071 Ait
2053 1018 2211 1082 ,enim
2248 1016 2471 1083 Basilio,
2499 1019 2591 1087 qui
2640 1027 2827 1087 postea
2865 1018 3127 1073 Caesareae
3151 1018 3522 1089 Cappadocum

1944 1107 2253 1175 metropolis
2269 1108 2551 1177 episcopus
2580 1107 2699 1171 fuit,
2714 1109 3051 1162 admirationi
3076 1108 3240 1163 fuisse
3260 1109 3524 1162 eruditio-

1945 1214 2067 1251 nem
2101 1196 2158 1252 S.
2193 1198 2460 1268 Ephracm.
2486 1201 2704 1254 Videtur
2726 1200 2791 1253 ad
2820 1200 2875 1253 S.
2899 1200 3143 1267 Ephrtem
3172 1200 3358 1254 referri
3383 1201 3524 1268 quod

1945 1290 2173 1346 Basilius
2202 1292 2253 1345 in
2292 1292 2428 1345 libro
2455 1291 2529 1345 De
2567 1292 2775 1361 Spiritu
2822 1304 3005 1344 sancto
3043 1293 3119 1363 (b)
3157 1295 3438 1361 accepisse
3466 1307 3527 1346 se

1944 1390 2172 1437 testatur
2198 1399 2227 1436 a
2263 1385 2494 1453 quodam
2527 1384 2933 1454 Mesopotamia,
2959 1388 3076 1438 viro
3121 1393 3176 1438 et
3214 1385 3409 1453 lingua:
3435 1398 3527 1452 pe-

1942 1475 2048 1529 rito
2076 1484 2130 1528 et
2163 1476 2429 1529 sententia
2467 1476 2802 1543 incorrupto.

2016 1563 2077 1620 γ.
2104 1564 2342 1620 Maximo
2368 1565 2718 1634 Cappadociae
2756 1564 2995 1634 prasidi,
3025 1564 3110 1617 cui
3140 1563 3403 1618 successit
3423 1565 3524 1618 hoc

1943 1673 2089 1713 anno
2119 1657 2429 1727 Antipater,
2481 1672 2588 1710 non
2625 1658 2798 1711 solum
2847 1656 3105 1726 abrogata
3139 1657 3399 1726 dignitas,
3430 1659 3524 1710 sed

1942 1748 2104 1802 etiam
2133 1748 2467 1817 gravissima:
2500 1746 2840 1800 calamitates
2867 1757 3318 1815 supervenerunt.
3346 1750 3524 1800 Accu-

1939 1850 2089 1895 satus
2121 1840 2263 1893 euim
2306 1837 2403 1909 (c),
2452 1848 2511 1892 ut
2560 1838 2855 1893 verisimile
2903 1848 3024 1901 est,
3076 1838 3523 1905 repetundarum,

1939 1931 2189 1985 omnibus
2219 1931 2373 1984 bonis
2408 1940 2518 1982 tum
2566 1930 2826 1997 paternis,
2873 1936 2985 1980 tum
3013 1927 3195 1980 labore
3229 1941 3326 1980 suo
3355 1928 3526 1994 partis

1940 2024 2170 2077 nudatus
2205 2031 2309 2089 est,
2344 2035 2408 2074 ac
2450 2020 2750 2075 innumeris
2779 2018 3010 2073 amictus
3039 2018 3282 2086 corporis
3315 2018 3526 2071 incom-

1942 2115 2130 2178 modis,
2158 2114 2283 2167 dum
2318 2114 2585 2182 susdeque
2617 2122 2764 2166 errat
2794 2129 2808 2177 ;
2861 2113 2968 2165 imo
2996 2126 3061 2164 ne
3100 2111 3272 2178 ipsum
3308 2110 3523 2179 quidem

1938 2205 2073 2259 civis
2097 2214 2293 2258 statum
2334 2205 2401 2257 ab
2437 2202 2654 2272 injuriis
2684 2204 2953 2271 integrum
2995 2201 3237 2254 retinuit.
3275 2199 3379 2253 Tot
3410 2214 3527 2253 ma—

1939 2296 2112 2349 lorum
2152 2298 2305 2365 origo
2359 2295 2550 2349 Vicarii
2596 2294 2909 2358 iracundia,
2948 2291 3181 2347 hominis
3212 2306 3439 2361 nequam
3469 2302 3526 2344 et

1938 2388 2195 2453 crudelis,
2225 2389 2308 2441 cui
2338 2388 2605 2441 Maximus
2639 2386 2692 2439 in
2726 2385 2985 2439 offensam
3034 2393 3279 2437 venerat.
3307 2382 3440 2436 Cum
3471 2384 3522 2435 iu

1938 2481 2022 2535 his
2052 2495 2226 2532 rerum
2260 2480 2525 2549 angustiis
2562 2478 2825 2547 judicium
2875 2476 3209 2545 poposcisset
3242 2475 3310 2528 ab
3348 2476 3521 2545 impe-

1938 2584 2139 2638 ratore,
2169 2574 2513 2628 commendat
2540 2586 2663 2626 eum
2706 2570 2939 2624 Basilius
2969 2569 3211 2638 Aburgio
3245 2579 3299 2623 et
3330 2567 3521 2638 Traja-

1937 2682 2027 2729 no,
2062 2676 2118 2717 ut
2153 2680 2309 2718 suum
2343 2664 2393 2717 ei
2421 2674 2615 2717 contra
2661 2672 2897 2715 structas
2943 2660 3244 2715 calumnias
3290 2661 3526 2730 patroci-

1936 2759 2083 2812 nium
2129 2756 2459 2825 impendant.
2507 2754 2600 2807 Est
2644 2754 2805 2807 etiam
2850 2754 2951 2805 alia
3006 2752 3232 2820 epistola
3277 2766 3396 2820 qua:
3444 2754 3496 2804 in

1935 2850 2188 2906 scribitur
2255 2848 2429 2903 eidem
2505 2844 2760 2913 Trojano,
2818 2845 2910 2898 sed
2948 2857 3251 2913 perperam.
3284 2842 3333 2897 Is
3376 2842 3522 2896 enim

1936 2941 2002 2993 ad
2034 2953 2193 3008 quem
2232 2936 2430 3005 scripta
2459 2943 2564 2995 est,
2602 2933 2814 2987 viderat
2838 2932 3009 2987 oculis
3048 2930 3162 2986 suis
3188 2930 3527 2985 calamitates

1937 3028 2150 3081 Maximi
2179 3045 2194 3093 ;
2227 3028 2343 3093 sed,
2373 3040 2496 3081 cum
2520 3036 2704 3093 postea
2742 3021 3001 3090 majorem
3026 3023 3079 3075 in
3104 3024 3319 3076 modum
3351 3031 3526 3074 auem

1937 3129 2152 3181 essent,
2182 3132 2415 3187 cumque
2463 3117 2708 3171 Vicarius
2754 3131 2876 3168 cum
2924 3114 3149 3168 cohorte
3197 3112 3524 3176 advenisset,

1938 3220 1997 3264 ut
2047 3208 2185 3262 mala
2228 3208 2491 3278 expleret,
2528 3215 2683 3275 rogat
2734 3207 2878 3260 hunc
2932 3204 3108 3258 virum
3163 3202 3419 3264 Basilius,
3464 3212 3526 3255 ut

1938 3318 2130 3372 magna
2163 3317 2261 3355 sua
2293 3316 2453 3354 manu
2482 3300 2735 3354 miserum
2782 3296 3057 3351 hominem
3100 3295 3374 3349 defendat.
3400 3293 3525 3347 Hmc

1938 3405 2119 3449 autem
2147 3392 2382 3461 Trajano
2411 3407 2516 3446 non
2548 3390 2903 3455 conveniunt,
2926 3390 3011 3442 cui
3049 3386 3281 3441 Basilius
3303 3384 3523 3440 Maximi

1936 3500 2205 3540 mrunmas
2231 3485 2486 3553 exposuit
2513 3484 2564 3537 in
2598 3483 2878 3550 superiore
2916 3480 3165 3551 epistola,
3194 3495 3315 3535 cum
3347 3478 3523 3549 ipsum
3612 3508 3623 3521 ιι

1936 3578 2229 3632 Maximum
2261 3576 2311 3629 id
2345 3576 2522 3629 facere
2557 3575 2801 3643 puderet.

2009 3670 2194 3724 Trium
2246 3667 2458 3720 illarum
2514 3666 2866 3737 epistolarum
2901 3673 3114 3731 tempus
3164 3661 3217 3716 in
3272 3670 3521 3730 promptu

1937 3772 2040 3824 est,
2060 3776 2180 3815 cum
2218 3775 2389 3814 novus
2419 3774 2619 3828 prases
2652 3759 2755 3811 hoc
2794 3771 2935 3810 anno
2961 3755 3522 3818 Cmsaream,absente

1938 3850 2156 3915 Basilio,
2187 3850 2409 3905 venerit.
2433 3849 2697 3902 Prasterea
2728 3846 2904 3899 Basilii
2925 3856 3112 3915 stupor
3136 3844 3190 3897 in
3225 3845 3322 3897 hac
3346 3841 3520 3895 Maxi-

1940 3946 2011 3998 mi
2049 3945 2377 4009 calamitate,
2418 3956 2576 4010 quem
2622 3940 2745 3994 talia
2782 3953 2993 4009 passum
3030 3952 3151 3991 esse
3190 3937 3354 4000 dicit,
3380 3949 3519 4004 qua-

1942 4037 2011 4091 lia
2064 4037 2297 4089 nondum
2350 4035 2517 4089 ullum
2572 4033 2869 4094 hominem,
2912 4038 3235 4099 argumento
3283 4039 3366 4082 est
3402 4030 3517 4082 lucc

1938 4129 2230 4197 contigisse
2283 4137 2410 4180 ante
2456 4124 2769 4179 horribilem
2819 4122 2961 4176 illam
3013 4120 3332 4190 tragoediam
3386 4120 3516 4174 anni

1939 4222 2064 4287 374,
2086 4221 2137 4274 in
2163 4233 2267 4288 qua
2290 4218 2506 4287 plurimi
2532 4216 2739 4271 nobiles
2764 4215 2865 4268 viri
2901 4214 3057 4284 longe
3082 4213 3331 4283 graviora
3355 4228 3519 4282 quam

1940 4311 2204 4365 Maximus
2247 4312 2387 4378 passi
2426 4316 2573 4361 sunt.

2015 4402 2097 4457 Vl.
2141 4402 2323 4455 Serius
2356 4400 2622 4454 collocare
2645 4412 2749 4451 non
2775 4410 3061 4465 possumus
3082 4394 3363 4463 epistolam
3392 4392 3516 4449 150.

261 4507 341 4544 me
390 4492 675 4555 spirituum
724 4488 883 4554 Deus.
918 4499 975 4542 ut
1029 4492 1260 4542 animam
1316 4506 1484 4542 "team
1539 4506 1708 4544 cures.
1757 4490 1834 4542 Tu
1866 4491 2346 4573 DAmpbilochius
2397 4491 2449 4544 in
2509 4490 2626 4543 loco
2677 4488 3034 4557 Cappadociae
3084 4486 3321 4541 Ozizalis
3373 4485 3525 4541 dicto

262 4584 453 4635 animle
486 4598 615 4636 mete
640 4598 816 4635 navem
847 4582 992 4648 seda,
1018 4582 1086 4633 ad
1121 4597 1310 4648 aquam
1356 4581 1617 4650 requietis.
1665 4582 1833 4651 Atque

262 4674 344 4728 hic
370 4677 497 4729 mihi
523 4676 767 4741 prccclari
798 4676 1035 4744 magistri
1056 4675 1289 4727 studium
1330 4674 1708 4740 contemplare,
1735 4692 1832 4728 un-

263 4771 325 4822 de
363 4770 607 4820 virtutem
641 4784 806 4819 meum
838 4766 1246 4835 comprehendit,
1283 4766 1509 4833 formam
1549 4768 1835 4832 continuit,

264 4868 320 4909 ut
346 4859 419 4909 ita
455 4857 651 4919 dicam,
687 4856 883 4923 uirgam
914 4857 1168 4923 corporis,
1195 4856 1513 4924 evelleusque
1544 4856 1835 4909 irrationa-

264 4948 447 4999 bilium
499 4947 786 5015 affectuum
844 4963 1041 5010 mores,
1076 4948 1302 4998 detraxit
1355 4962 1621 5014 squamas,
1666 4947 1837 4998 tabent

264 5040 557 5102 oculorum,
587 5048 634 5091 et
676 5038 985 5090 subtrahens
1018 5037 1333 5090 viriditatem
1379 5036 1838 5111 immaturitatem-

263 5145 358 5200 que
378 5130 655 5192 sermonis,
688 5145 770 5181 me
790 5129 901 5180 zelo
931 5130 1084 5195 cepit,
1113 5147 1172 5182 ac
1196 5131 1433 5183 demersit
1465 5131 1522 5182 in
1553 5131 1837 5183 documen-

267 5233 435 5275 torum
497 5236 718 5276 suorum
774 5221 1126 5274 immersoria.
1175 5219 1320 5273 Tunc
1373 5222 1606 5288 concepit
1661 5231 1839 5274 venter

266 5332 403 5366 meus
438 5316 800 5382 prudentiam,
827 5324 878 5364 ut
913 5321 1114 5380 pareret
1153 5313 1507 5381 quadraginta
1551 5322 1837 5380 martyrum

264 5407 457 5458 laudes.
474 5404 698 5460 Omnem
721 5406 858 5458 enim
886 5404 1178 5457 tolerantia:
1211 5405 1442 5471 ipsorum
1472 5403 1683 5454 modum
1711 5402 1838 5454 meis

263 5497 497 5566 adjunzit
532 5498 757 5551 auribus
801 5496 1035 5565 egregius
1069 5496 1186 5560 uir;
1226 5494 1660 5566 quemadmodum
1688 5493 1837 5546 scili-

324 5705 395 5773 (al
437 5705 549 5759 Lib.
583 5720 735 5770 m.,c.
774 5700 857 5757 16.

319 5770 390 5848 (b)
424 5776 559 5847 Cap.
596 5775 696 5842 29,
730 5789 854 5845 pag.
889 5770 976 5826 65.

1938 4586 2109 4655 patris
2131 4592 2461 4639 senectutem
2490 4582 2723 4643 fovebat,
2739 4590 2796 4635 et
2817 4581 3067 4651 quamvis
3091 4578 3292 4633 Basilio
3316 4580 3517 4632 charus

1940 4677 1992 4731 in
2024 4676 2211 4745 primis
2242 4684 2384 4727 esset
2418 4673 2518 4742 (d),
2548 4688 2669 4727 eum
2711 4681 2888 4725 tamen
2937 4669 3194 4739 fugiebat,
3222 4667 3301 4719 vel
3333 4669 3519 4734 potius

1940 4769 2351 4823 ordinationem.
2376 4764 2509 4820 Cum
2536 4774 2713 4817 autem
2744 4762 3034 4832 pepigisset
3058 4774 3177 4813 cum
3209 4757 3516 4821 Heraclida,

1939 4859 2031 4928 qui
2072 4858 2272 4927 pariter
2303 4858 2353 4909 in
2388 4854 2507 4909 foro
2538 4862 2787 4907 versatus
2830 4850 3024 4913 fuerat,
3059 4859 3115 4901 ut
3148 4848 3309 4902 ambo
3343 4849 3394 4901 in
3425 4849 3517 4903 de—

1940 4960 2143 5005 sertum
2170 4948 2400 5017 aliquem
2421 4946 2597 5000 locum
2628 4946 2939 4997 sec-ederent
2965 4958 2981 5004 ;
3015 4938 3159 4992 misit
3181 4937 3514 4994 Heraclidam

1940 5043 2263 5104 Cresaream,
2298 5051 2355 5092 ut
2382 5040 2447 5093 de
2476 5039 2578 5092 hoc
2610 5034 2836 5089 consilio
2879 5033 2944 5086 ad
2976 5030 3232 5085 Basilium
3264 5029 3513 5085 referret.

1944 5133 2276 5196 Heraclidas,
2310 5133 2398 5185 ubi
2443 5143 2608 5198 prope
2637 5128 2937 5183 Caesaream
2963 5123 3130 5187 venit,
3159 5122 3210 5176 in
3240 5123 3350 5190 ipsa
3384 5123 3518 5176 urbe

1941 5224 2108 5278 noluit
2131 5220 2478 5284 commorari,
2519 5219 2611 5272 sed
2652 5217 2717 5270 ad
2746 5215 3046 5284 proximum
3094 5226 3385 5282 pauperum
3421 5211 3521 5264 ho-

1941 5315 2140 5383 Spitum
2208 5311 2449 5380 confugit
2488 5326 2498 5357 :
2530 5317 2732 5362 etcum
2766 5320 2834 5360 eo
2870 5305 3193 5359 venissctex
3218 5314 3367 5355 more
3408 5299 3513 5353 Ba-

1942 5406 2114 5467 silius,
2152 5405 2333 5458 retulit
2365 5404 2431 5457 ad
2476 5416 2601 5458 eum
2635 5400 2702 5455 de
2746 5397 2813 5453 iis
2844 5412 2962 5467 qua:
3004 5393 3355 5449 mandaverat
3385 5392 3518 5446 Am-

1942 5490 2266 5558 philochius.

2128 5693 2224 5760 Ep.
2249 5691 2373 5745 148.

2073 5769 2093 5835 )
2130 5762 2227 5834 Ep.
2258 5762 2373 5829 161,

2073 5760 2093 5835 )
2130 5762 2227 5834 Ep.
2258 5762 2381 5829 tot,
2410 5776 2464 5816 η.
2495 5760 2549 5817 l.
