4040 6216
525 354 585 394 CI
597 354 642 392 Vl

1877 323 2406 383 PROLEGOMENA.

599 452 836 509 B-etinuit
862 455 1003 506 hunc
1025 449 1275 519 juvenem
1322 448 1553 503 Basilius
1586 448 1638 501 in
1672 462 1789 511 suo,
1825 457 1881 499 ut
1908 446 2103 499 verisi-
2131 451 2175 501 A
2206 453 2312 496 tata
2347 442 2520 496 fuerat
2552 439 2730 493 Basilii
2768 438 2907 492 fama
2931 479 2947 505 ,
3007 437 3225 491 minime
3272 433 3472 489 moveri
3506 432 3787 503 signitica-

527 545 653 598 mile
685 552 790 609 est,
836 541 1180 595 monasterio.
1211 539 1399 594 Postea
1449 538 1853 608 Amphilochius
1888 538 1954 592 ad
1977 551 2097 590 eum

526 634 764 702 scripsit,
816 642 875 686 ut
911 641 1065 700 pacta
1124 632 1176 683 in
1229 630 1542 683 memoriam
1600 636 1900 690 revocaret,
1936 640 2102 694 seque

526 725 672 777 litem
705 724 778 777 illi
814 724 1170 790 impaeturum
1203 723 1435 775 minatus
1463 730 1565 775 est.
1591 720 1716 773 Inde
1743 718 1940 773 Basilio
1973 727 2098 770 nata

526 815 737 868 occasio
784 814 1082 867 scribendae
1111 817 1175 866 ad
1220 812 1655 880 Amphilochium
1690 811 1922 879 egregia:
1976 807 2097 876 epi-

528 904 679 957 stola:
727 904 827 957 sub
869 903 1165 957 Heraclida:
1207 904 1442 956 nomine.
1467 902 1729 956 Describit
1756 901 1967 969 juvenis
1998 899 2103 967 pri-

529 1012 646 1050 mos
667 1012 794 1050 suos
817 998 915 1050 sub
946 995 1128 1049 Basilii
1160 995 1438 1063 disciplina
1475 1008 1790 1063 progressus
1819 1009 1833 1047 :
1877 1003 2099 1046 conten-

530 1086 606 1141 ;lit
634 1102 691 1140 se
725 1088 986 1156 promissa
1015 1087 1224 1139 vivendi
1272 1101 1391 1138 eum
1440 1085 1812 1153 Amphilochio
1842 1083 2101 1150 adimplev

529 1191 729 1243 turum,
761 1181 973 1233 etiamsi
1007 1194 1235 1246 corpore
1264 1179 1437 1241 absit;
1476 1179 1598 1243 quia
1634 1193 1736 1228 una
1774 1184 1855 1229 est
1881 1190 2099 1244 prorsus

530 1274 613 1326 via
647 1288 765 1341 qua:
805 1275 870 1325 ad
903 1272 1186 1325 Dominum
1230 1272 1394 1323 ducit.
1434 1269 1693 1321 Nonnulla
1722 1269 1885 1321 refert
1910 1284 1974 1321 ex
2006 1283 2100 1322 ore

527 1361 707 1416 Basilii
742 1374 959 1430 accepta
986 1371 1249 1429 praecepta
1279 1377 1291 1411 :
1325 1360 1416 1412 sed
1440 1358 1869 1427 Amphilochium
1912 1361 2098 1413 horta-

530 1465 636 1520 tur,
674 1467 727 1507 ut
751 1455 890 1507 illius
930 1454 1180 1506 audiendi
1215 1454 1430 1505 brevem
1464 1468 1490 1503 a
1521 1463 1669 1519 patre
1698 1452 1966 1504 licentiam
2000 1452 2100 1504 itii-

527 1559 723 1619 petret.
757 1549 965 1616 Scripta
1012 1556 1094 1600 est
1143 1548 1254 1599 haec
1307 1544 1532 1613 epistola
1569 1555 1691 1596 ante
1731 1545 2098 1612 episcopatum

526 1642 907 1709 Amphilochii,
942 1640 1041 1693 hoc
1078 1648 1179 1702 est,
1206 1648 1331 1691 ante
1385 1652 1585 1689 annum
1617 1636 1721 1689 575
1761 1647 2049 1689 exeuntem
2081 1675 2095 1699 ,

526 1733 620 1786 sed
662 1740 838 1784 tamen
871 1747 973 1783 non
1018 1729 1183 1783 multo
1213 1739 1355 1780 ante.
1397 1725 1515 1780 Jam
1561 1726 1705 1779 enim
1736 1737 1851 1778 erat
1882 1726 2099 1794 hospiti-

2208 544 2375 586 verat.
2401 532 2695 584 Bet'erenda
2734 532 2847 584 hazc
2879 530 3127 583 videntur
3158 529 3224 581 ad
3270 528 3533 581 Eustathii
3567 528 3618 580 in
3676 527 3786 580 Ba-

2206 622 2383 675 silinm
2420 620 2737 674 calumnias.

2278 712 2385 765 Vll.
2416 712 2557 764 lnter
2584 712 2853 765 molestias
2882 725 2999 779 qua:
3045 710 3240 763 Basilio
3275 710 3607 771 acciderunt,
3646 709 3782 761 dum

2206 818 2266 857 se
2315 805 2380 857 ab
2428 804 2693 871 episcopis
2744 805 3013 856 desertum
3064 803 3329 869 queritur,
3380 810 3786 869 peropportune

2209 896 2455 949 videntur
2499 895 2673 948 allata:
2717 910 2838 948 esse
2887 893 3123 946 Ascholii
3162 893 3661 946 Thessalonicensis
3689 892 3787 946 lit-

2210 996 2352 1045 terze,
2379 1000 2443 1038 ex
2468 986 2660 1053 quibus
2682 985 2996 1038 charitatem
3023 999 3124 1036 non
3153 984 3202 1035 in
3225 983 3475 1035 omnibus
3499 981 3788 1035 refrixisse

2205 1078 2473 1144 cognovit.
2517 1075 2573 1128 lit
2621 1077 2704 1128 his
2752 1076 2893 1128 enim
2944 1074 3134 1128 litteris
3167 1074 3359 1127 licebat
3392 1072 3626 1125 Ascholii
3660 1075 3788 1124 ani-

2207 1185 2350 1222 mum
2396 1169 2590 1222 intueri
2630 1187 2643 1221 :
2678 1178 2735 1221 et
2780 1168 3028 1235 quamvis
3083 1168 3273 1218 breves
3322 1174 3503 1219 essent
3550 1178 3786 1217 numero

2206 1260 2551 1329 syllabarum,
2576 1259 2788 1325 copiose
2810 1257 3163 1310 ostendebant
3182 1256 3309 1323 quid
3333 1256 3785 1309 sentiretAschoo

2207 1353 2306 1405 lius
2335 1361 2388 1405 et
2413 1361 2670 1420 quantum
2702 1351 2843 1403 beati
2884 1350 3167 1403 Athanasii
3207 1350 3480 1403 studiosus
3512 1360 3693 1402 esset:
3728 1350 3785 1402 id

2206 1445 2345 1512 quod
2378 1443 2601 1497 Basilius
2632 1443 3090 1497 evidentissiimtm
3132 1456 3277 1495 SJIIiB
3310 1443 3569 1495 dOCll‘ittte
3604 1458 3775 1511 argu-

2208 1546 2443 1588 mentum
2492 1549 2611 1588 esse
2656 1535 2902 1588 ducebat.
2942 1533 3181 1587 Ascholii
3216 1533 3421 1586 litteras
3460 1534 3637 1585 attulit
3668 1533 3785 1586 Eu-

2205 1629 2473 1697 phemius,
2524 1626 2605 1681 vel
2646 1626 2834 1680 saltem
2888 1626 3233 1694 perferemlas
3283 1626 3513 1677 curavit.
3562 1624 3697 1675 Nam
3729 1623 3782 1677 ei

2205 1736 2301 1789 pro
2347 1728 2566 1788 accepta
2618 1734 2683 1771 ex
2739 1718 2931 1771 litteris
2977 1717 3158 1770 laetitia
3208 1716 3411 1786 gratias
3462 1716 3574 1784 agit
3628 1714 3782 1768 Basi-

528 1823 627 1876 bus
669 1822 996 1889 excipiendis
1044 1821 1321 1881 idoneum,
1375 1819 1701 1872 immensum
1758 1818 1884 1870 illud
1931 1817 2099 1871 εει]ὶῆ-
2128 1804 2174 1863 Β
2206 1813 2310 1865 lius
2342 1811 2433 1883 (c),
2472 1821 2838 1879 precaturque
2886 1821 2942 1861 ut
2972 1825 3095 1863 eum
3131 1809 3238 1862 cito
3277 1825 3398 1861 cum
3430 1809 3785 1861 ornatissima

525 1914 694 1977 cium,
727 1913 867 1983 quod
900 1911 1132 1966 Basilius
1180 1920 1497 1984 construere
1544 1918 1785 1979 coeperat
1818 1925 1958 1963 anno
1998 1909 2103 1962 572

526 2001 764 2057 ineunte.

599 2091 771 2160 Supra
795 2090 1023 2145 vidimus
1048 2089 1099 2142 in
1131 2088 1354 2158 epistola
1379 2088 1480 2143 l'58
1503 2088 1730 2144 clericos
1755 2087 2100 2153 Sebastenos,

528 2182 621 2249 qui
653 2182 791 2235 idem
820 2196 883 2233 ac
913 2179 1143 2233 Basilius
1195 2180 1536 2243 sentiebant,
1570 2182 1782 2233 detecto
1834 2177 2101 2231 Eustathii

528 2287 708 2342 pravae
729 2273 998 2340 opinionis
1029 2271 1228 2336 ulcere,
1251 2271 1318 2324 ad
1366 2271 1548 2325 Basilii
1589 2270 2020 2324 conununioaem
2051 2279 2106 2325 et

526 2371 906 2421 auctoritatem
943 2364 1271 2435 confugisse.
1311 2364 1442 2418 Tam
1500 2365 1709 2433 insigne
1748 2365 1946 2418 factum
1982 2379 2104 2418 cum

529 2459 671 2511 fama
707 2458 814 2511 late
841 2465 1160 2526 spargeret,
1204 2456 1521 2510 Eustathius
1546 2457 1803 2519 medicus,
1837 2454 2016 2508 Basilii
2051 2457 2105 2509 in

528 2552 715 2619 primis
747 2550 973 2610 amicus,
1002 2548 1237 2603 dolorem
1270 2564 1424 2601 suum
1461 2548 1512 2600 in
1553 2549 1653 2601 hac
1686 2563 1861 2601 rerum
1898 2556 2102 2616 pertur-

527 2640 742 2693 batione
764 2638 813 2693 ei
841 2637 1457 2705 significavit,adhibitis
1488 2651 1555 2690 ex
1580 2646 1696 2690 arte
1734 2637 1939 2690 medica
1970 2651 2105 2689 non-

528 2728 686 2783 nullis
718 2727 1192 2781 admonitionibus.
1246 2725 1557 2794 Respondet
1598 2724 1834 2780 Basilius
1862 2724 2101 2779 inutilem

529 2834 649 2874 esse
679 2819 937 2889 ejusmodi
965 2818 1393 2871 adnmnitionum
1422 2832 1663 2886 operam,
1699 2833 1820 2871 cum
1868 2832 1965 2871 nec
1992 2818 2104 2886 ipse

529 2926 630 2965 nec
661 2912 821 2964 amici
848 2909 1048 2964 ferrum
1085 2910 1452 2972 adhibuerint,
1504 2910 1599 2962 sed
1637 2911 1749 2978 ipse
1794 2910 2103 2963 Eustathius

531 3003 585 3056 in
613 3002 814 3056 ferrum
866 3003 1057 3056 ruerit.
1087 3004 1266 3067 Quare
1300 3004 1441 3071 quod
1476 3003 1619 3056 illius
1653 3002 1833 3056 clerici
1868 3003 2103 3055 necessi-

531 3102 638 3146 tate
668 3092 884 3148 adducti
925 3092 1186 3158 fecerant,
1221 3092 1321 3147 sibi
1360 3092 1410 3146 id
1453 3092 1965 3162 qtiidetnl'voluptati
1994 3107 2100 3144 non

526 3198 670 3247 esse,
692 3184 1140 3253 quemadmodum
1179 3201 1276 3238 nec
1313 3184 1503 3238 medici
1535 3184 1764 3238 libenter
1793 3193 1973 3245 urunt,
2006 3200 2104 3239 nec

524 3285 861 3332 mercatores
900 3276 1128 3329 libenter
1182 3291 1388 3330 merces
1426 3276 1668 3345 ejiciunt,
1708 3278 1800 3331 sed
1854 3286 2028 3332 tamen
2075 3295 2105 3333 a

528 3376 587 3417 se
607 3364 827 3418 minime
851 3364 1161 3434 improbari,
1194 3368 1319 3435 quia
1350 3368 1595 3422 veritatis
1634 3382 1810 3433 amor,
1837 3384 1942 3437 qua
1971 3370 2105 3424 nihil

528 3456 804 3524 antiquius
835 3458 1055 3523 habent,
1081 3461 1160 3514 sic
1191 3460 1382 3529 agendi
1414 3461 1790 3515 necessitatem
1820 3463 1900 3516 eis
1931 3464 2105 3531 impo-

527 3557 734 3601 suerat.
787 3548 901 3603 lluc
946 3552 1083 3605 redit
1115 3561 1222 3606 tota
1262 3554 1507 3607 obscurm
1534 3564 1589 3608 et
1628 3554 1858 3609 difficilis
1903 3558 2107 3626 episto-

528 3636 593 3692 la:
631 3642 898 3694 sententia
924 3681 939 3706 ,
974 3650 1031 3696 ut
1072 3658 1137 3697 ex
1189 3656 1313 3698 nota
1360 3648 1535 3700 eidem
1581 3649 1823 3716 apposita
1877 3650 2105 3718 perspici

525 3737 722 3797 potest.

601 3820 754 3875 Circa
788 3837 931 3877 nunc
962 3838 1161 3877 annum
1198 3826 1327 3879 visre
1366 3835 1492 3879 sunt
1533 3826 1855 3882 collocandae
1890 3832 2006 3881 dua;
2038 3830 2104 3883 ad

528 3910 800 3966 Victorem
854 3916 1097 3983 epistola!
1122 3915 1221 3986 (a).
1259 3917 1488 3971 Basilius
1518 3920 1750 3972 amicitia
1782 3922 2104 3989 conjunctus

527 4014 795 4058 eratcum
832 4008 1224 4074 potentissimis
1273 4009 1429 4070 viris,
1472 4009 1523 4061 in
1561 4009 1643 4062 his
1680 4025 1801 4062 cum
1848 4010 2098 4065 Victore:

528 4098 614 4150 eui
646 4100 889 4165 querenti
924 4100 1063 4167 quod
1086 4102 1152 4151 ad
1179 4114 1238 4154 se
1285 4116 1390 4153 non
1428 4102 1720 4165 scriberet,
1754 4102 2011 4156 metuisse
2046 4118 2105 4157 se

530 4188 837 4255 respondet,
869 4204 937 4241 ne
984 4198 1136 4242 tanto
1171 4191 1287 4243 viro
1323 4192 1622 4244 molestiam
1665 4194 1984 4260 exhiberet;
2010 4196 2104 4249 sed

528 4293 672 4331 nunc
717 4280 1050 4334 confidenter
1084 4281 1325 4335 scribere
1373 4292 1427 4335 et
1471 4283 1722 4351 deinceps
1756 4285 2097 4353 scripturum.

528 4370 794 4453 Caeterum
851 4371 1052 4440 gratias
1076 4374 1189 4439 agit
1216 4374 1357 4441 quod
1380 4388 1508 4427 suas
1531 4388 1627 4442 pro
1649 4375 1886 4429 Ecclesia
1917 4391 2102 4444 preces

2204 1904 2372 1972 ipsius
2417 1902 2643 1970 conjuge
2696 1902 2921 1967 recipiat
2956 1917 2969 1953 :
2998 1900 3140 1968 quod
3191 1912 3506 1968 argumento
3540 1910 3625 1952 est
3656 1914 3783 1950 eum

2204 1999 2287 2050 vel
2319 1995 2401 2050 bis
2424 1995 2525 2049 iter
2551 1996 2602 2047 in
2636 1993 2915 2063 Scythiam
2943 2003 3034 2046 aut
3056 1993 3424 2046 Macedoniam
3451 1993 3784 2059 suscepisse,

2205 2101 2269 2141 ac
2300 2095 2409 2139 ttun
2439 2086 2679 2140 Ascholii
2713 2086 2977 2154 epistolae,
3031 2096 3141 2139 tum
3195 2086 3377 2139 Basilii
3416 2086 3788 2153 responsioais

2204 2178 2441 2248 bajulum
2476 2178 2642 2233 fuisse.
2670 2197 2684 2232 :
2712 2180 2794 2233 vel
2822 2179 3038 2239 saltem,
3071 2179 3195 2231 dum
3228 2178 3313 2231 his
3349 2178 3401 2231 in
3430 2178 3565 2231 locis
3596 2192 3785 2229 mora-

2205 2282 2313 2335 tur,
2341 2285 2561 2339 operam
2591 2270 2808 2325 dedisse
2839 2279 2897 2323 ut
2917 2269 3154 2323 Ascholii
3185 2270 3410 2338 epistola
3439 2264 3785 2320 adBasilium

2204 2363 2529 2431 perveniret.

2275 2453 2418 2507 Satis
2458 2463 2582 2521 apte
2617 2452 2945 2507 conveniunt
2978 2452 3103 2506 huic
3133 2467 3275 2505 anno
3305 2453 3534 2520 gemitus
3568 2450 3782 2514 Basilii,

2205 2546 2348 2615 quod
2384 2546 2625 2599 Charitas
2672 2544 2928 2611 majorem
2976 2544 3030 2597 in
3078 2544 3291 2596 modum
3329 2543 3470 2595 inter
3497 2543 3789 2610 episcOpos

2208 2638 2539 2701 refrixisset;
2598 2638 2690 2690 sed
2732 2638 2833 2690 hoc
2887 2637 2939 2689 in
3001 2636 3189 2704 primis
3233 2637 3401 2687 ducor
3434 2642 3783 2701 argumento,

2206 2730 2348 2796 quod
2374 2727 2703 2781 Athanasius
2736 2726 3081 2781 beatissimus
3111 2735 3349 2780 vocetur.
3377 2724 3492 2778 Non
3531 2740 3617 2778 me
3652 2722 3788 2777 latet

2207 2822 2257 2873 id
2293 2821 2559 2873 interdqu
2596 2822 2734 2888 apud
2769 2823 3018 2888 antiquos
3046 2820 3339 2885 scriptores
3363 2816 3561 2871 deferri
3596 2817 3789 2870 viven—

2208 2912 2381 2976 tibus;
2420 2913 2565 2965 velut
2601 2927 2723 2965 cum
2777 2911 3062 2981 Dionysius
3095 2910 3341 2964 Corinthi
3386 2910 3677 2979 episcOpus
3702 2909 3788 2980 (ά)

2205 3005 2257 3058 in
2293 3006 2520 3072 epistola
2564 3006 2631 3057 ad
2672 3004 2943 3057 Romanos
2970 3002 3218 3058 Soterem
3253 3018 3437 3056 eorum
3466 3005 3788 3069 episcopum

2210 3107 2364 3149 vocat
2402 3096 2638 3149 beatum.
2666 3099 2732 3147 At
2769 3094 3001 3149 Basilius
3035 3097 3138 3150 hac
3169 3110 3301 3149 voce
3348 3104 3593 3147 mortuos
3632 3096 3787 3147 desi-

2209 3205 2377 3259 gnare
2421 3190 2577 3253 solet,
2613 3193 2764 3243 vivos
2816 3202 2997 3242 autem
3048 3203 3313 3256 nusquam
3347 3186 3611 3255 designat.
3647 3183 3791 3239 lliuc

2210 3283 2262 3334 in
2297 3281 2539 3349 epistolis
2582 3280 2687 3333 204
2736 3291 2789 3334 et
2820 3279 2928 3334 258
2978 3280 3347 3334 beatissimum
3384 3279 3587 3345 pariter
3625 3287 3791 3331 vocat

2206 3374 2583 3425 Athanasium.
2613 3374 2725 3425 iluc
2745 3373 2956 3426 accedit
2976 3370 3118 3440 quod
3150 3371 3461 3438 episcopum
3498 3369 3649 3421 illum
3677 3382 3789 3421 non

2208 3464 2458 3531 appellat,
2493 3464 2636 3530 quod
2685 3463 2902 3531 quidem
2954 3477 3061 3515 non
3105 3460 3328 3521 omittit,
3371 3475 3493 3511 cum
3546 3458 3795 3526 loquitur

2207 3554 2274 3608 de
2301 3556 2626 3608 viventibus.
2648 3554 2827 3621 Quare
2854 3570 2973 3607 cum
3002 3564 3221 3606 sanctus
3236 3552 3566 3604 Athanasius
3589 3550 3787 3603 caelum

2209 3649 2421 3714 petierit
2451 3649 2553 3701 hoc
2580 3664 2722 3702 anno
2752 3647 2881 3709 373,
2912 3660 3097 3699 mense
3119 3644 3380 3707 Maio,vix
3412 3643 3575 3697 citius
3602 3660 3791 3697 mense

2208 3740 2427 3796 Octobri
2460 3739 2701 3807 ejusdem
2753 3741 2879 3792 anni
2916 3739 3055 3792 hanc
3081 3737 3265 3791 Basilii
3300 3737 3580 3803 epistolam
3613 3736 3789 3790 collo-

2206 3850 2331 3887 care
2360 3835 2644 3902 possimus.
2677 3832 2939 3900 Tempore
2966 3832 3107 3883 euini
3141 3844 3274 3898 opus
3299 3828 3421 3895 fuit,
3462 3838 3521 3881 ut
3550 3838 3607 3881 et
3636 3842 3788 3882 mar-

2209 3924 2276 3977 tis
2323 3923 2601 3977 Athanasii
2654 3925 2874 3977 nuntius
2909 3923 2962 3974 in
2999 3922 3387 3985 Macedoniam,
3439 3932 3496 3975 et
3540 3922 3787 3975 Ascholii

2206 4015 2396 4069 litterae
2421 4016 2472 4068 in
2496 4015 2886 4084 Cappadociam
2913 4014 3201 4077 ferrentur,
3228 4025 3278 4068 et
3303 4013 3503 4067 Basilio
3526 4028 3785 4081 prompta

2205 4114 2349 4158 esset
2377 4121 2440 4157 ac
2470 4116 2657 4173 parata
2704 4104 2973 4157 scribendi
3007 4104 3243 4157 occasio.
3282 4104 3412 4155 lllud
3447 4105 3785 4156 verisimilh-

2205 4212 2349 4250 mum
2388 4197 2601 4250 videtur
2652 4198 2985 4261 Ascholiunt,
3037 4212 3158 4249 cum
3193 4198 3258 4249 de
3290 4195 3458 4249 sancti
3493 4196 3782 4249 Athanasii

2204 4296 2376 4342 morte
2418 4286 2717 4350 didicisset,
2761 4296 3049 4355 antequam
3098 4287 3362 4341 scriberet
3395 4287 3447 4339 in
3491 4288 3783 4356 Cappado-

2203 4382 2368 4445 ciam,
2402 4391 2456 4433 nt
2487 4380 2539 4434 in
2572 4380 2776 4434 recenti
2816 4388 3030 4443 eventu,
3064 4378 3390 4432 desiderium
3442 4378 3785 4447 significasse

526 4460 901 4519 anteverterit,
934 4460 1233 4529 feceritque
1259 4462 1438 4514 omnia
1471 4476 1804 4530 quaecunque
1841 4463 1955 4531 ipse
1994 4461 2100 4516 Ba-

2209 4475 2341 4527 tanti
2395 4472 2518 4536 viri,
2566 4488 2629 4525 ac
2664 4486 2877 4526 summa
2922 4471 3066 4525 illius
3104 4470 3171 4524 de
3219 4472 3470 4524 omnibus
3518 4471 3785 4526 Ecclesiis

524 4551 682 4605 silius
715 4552 983 4619 petiisset.
1012 4550 1223 4620 Scripta
1249 4568 1379 4621 ergo
1405 4552 1519 4605 haec
1563 4551 1787 4619 epistola
1824 4562 1945 4621 post
1968 4553 2098 4607 illud

531 4651 766 4710 tempus,
793 4658 901 4711 quo
927 4642 1160 4697 Basilius
1193 4644 1500 4712 requirebat
1544 4645 1595 4697 in
1641 4646 2101 4713 praastantissimis

528 4736 635 4792 illis
666 4737 798 4792 viris
824 4739 1059 4791 studium
1097 4740 1347 4793 Ecclesiae
1370 4738 1640 4806 juvandac.
1665 4739 1769 4791 Nec
1801 4738 1939 4792 male
1977 4738 2100 4793 huic

530 4848 672 4887 anno
697 4835 969 4895 convenit,
1004 4849 1110 4901 quo
1143 4834 1465 4885 Arianorum
1486 4832 1565 4899 (b)
1595 4841 1819 4884 conatus
1860 4832 1912 4884 in
1938 4846 2094 4884 ever-

540 4924 698 4976 tenda
732 4925 784 4977 in
813 4926 1005 4978 exsilio
1034 4924 1216 4978 Basilii
1254 4924 1492 4978 Ecclesia
1535 4924 1851 4977 Caesariensi
1886 4924 1938 4977 in
1968 4939 2097 4978 ven-

533 5026 643 5066 tum
694 5014 847 5068 effusi
898 5027 1041 5071 sunt.
1078 5017 1380 5073 Verisimile
1408 5027 1462 5069 et
1515 5015 1748 5069 Victoris
1786 5030 2007 5085 operam
2042 5018 2095 5070 in

527 5122 588 5160 re
626 5108 757 5159 tanti
783 5110 1036 5161 momenti
1067 5108 1463 5182 nondefuisse,
1490 5110 1713 5175 ejusque
1738 5107 1961 5161 consilio
2000 5122 2097 5176 po-

528 5198 635 5249 tius
675 5212 834 5265 quam
882 5214 975 5250 sua
1031 5210 1221 5266 sponte
1261 5198 1536 5252 Valentem
1568 5201 1635 5251 ad
1681 5198 2094 5252 rescindendum

526 5290 674 5357 quod
712 5292 778 5343 de
826 5290 1024 5343 Basilio
1064 5294 1415 5352 decreverat,
1461 5290 1747 5343 adductum
1803 5289 1986 5344 fuisse.
2038 5291 2095 5345 1n

526 5380 697 5433 altera
738 5381 963 5448 epistola
1006 5384 1209 5450 gratias
1252 5385 1361 5453 agit
1389 5383 1612 5445 Victori,
1648 5382 1737 5450 qui
1775 5383 1922 5450 prior
1964 5386 2099 5437 scri-

528 5483 710 5538 pserat
742 5472 1162 5541 perhonorifice,
1186 5490 1349 5543 seque
1373 5474 1677 5540 calumniis,
1710 5476 1902 5543 quibus
1928 5486 2099 5530 atten-

599 5629 676 5701 (ᾳ)
716 5629 814 5700 ep.
842 5630 943 5701 152
972 5640 1025 5683 et
1058 5630 1182 5685 iss.

599 5699 674 5766 (ὁ)
714 5699 880 5767 Epist.
914 5700 1001 5754 68.

600 5770 670 5842 (ο)
696 5770 864 5842 Epist.
899 5772 999 5825 120
1025 5779 1080 5826 et
1111 5768 1228 5827 l29.

2203 4563 2396 4618 merita
2424 4563 2761 4631 pradicasse.

2274 4654 2527 4721 Epistolas
2556 4656 2622 4706 ad
2654 4653 2966 4708 Ascholium
3002 4654 3253 4722 adjuncta
3290 4653 3389 4707 fuit
3415 4654 3643 4721 epistola
3684 4670 3778 4709 se-

2203 4755 2373 4809 quens
2412 4740 2515 4809 (ε),
2564 4756 2724 4809 quam
2777 4742 2992 4809 quidem
3038 4742 3139 4795 etsi
3194 4743 3549 4811 inscriptione
3602 4759 3779 4808 caret,

2202 4832 2363 4887 Junio
2400 4831 2608 4886 Sorano
2639 4833 2895 4900 scriptam
2928 4848 3049 4887 esse
3074 4833 3217 4887 inter
3239 4837 3478 4889 eruditos
3500 4838 3779 4890 convenit.

2204 4924 2255 4979 ιε
2287 4924 2431 4977 enim
2461 4924 2529 4978 ad
2558 4940 2714 4992 quem
2742 4927 2864 4978 data
2888 4935 2993 4985 est,
3027 4926 3080 4978 in
3103 4925 3326 4995 Scythia
3355 4943 3476 4981 cum
3515 4930 3785 4997 dignitate

2206 5011 2424 5065 militari
2470 5011 2787 5065 versabatur
2826 5013 3086 5068 :domum
3142 5014 3371 5069 habebat
3418 5015 3683 5073 Cmsarea:
3728 5032 3785 5073 et

2203 5118 2445 5156 sororem
2470 5117 2534 5157 ac
2560 5113 2840 5172 cognatos,
2866 5106 3183 5173 quibuscum
3206 5106 3435 5163 Basilius
3463 5126 3567 5164 non
3598 5111 3779 5166 solum

2204 5197 2461 5260 amicitia,
2518 5199 2612 5252 sed
2662 5199 2852 5260 etiam,
2893 5210 2952 5252 ut
3001 5200 3299 5255 verisimile
3351 5214 3455 5268 est,
3510 5210 3783 5277 sanguine

2205 5290 2677 5354 coniunctissimus
2717 5291 2835 5344 fuit.
2883 5291 3022 5345 Petit
3056 5293 3123 5347 ab
3151 5295 3340 5350 eodem
3386 5297 3621 5354 Basilius
3653 5304 3780 5356 reli-

2204 5386 2361 5451 quias
2406 5392 2727 5451 martyrum.
2774 5381 2999 5434 Mirifice
3042 5384 3153 5435 haec
3180 5388 3447 5452 quadram
3480 5387 3639 5443 Junio
3673 5390 3782 5444 So-

2209 5489 2341 5527 rano
2363 5473 2485 5527 duci
2514 5475 2699 5527 limitis
2733 5474 2992 5543 Scythici,
3027 5476 3115 5541 qui
3161 5470 3449 5545 graiiﬁcari
3482 5481 3654 5537 volens
3682 5500 3781 5550 ρας

2286 5637 2363 5705 (d)
2404 5639 2569 5707 Epist.
2603 5640 2723 5693 liii.

2286 5712 2355 5779 (ε)
2396 5710 2588 5765 Euseb.
2626 5710 2763 5764 Hm.
2797 5710 2887 5764 lib.
2922 5711 3189 5779 1ν,(⁴.25.
