4040 6216
473 314 637 355 CXVIII

1844 294 2372 353 PROLEGOMENA.

479 427 829 480 demonstrat.
861 419 1109 480 Clausula
1158 418 1399 490 epistolae
1438 420 1633 489 probat
1682 418 1790 471 hoc
1839 416 2048 470 facinus
2080 419 2125 476 Α
2154 420 2300 485 gravi
2332 430 2495 472 causa
2539 417 2664 488 poni
2709 431 2815 472 non
2848 416 3030 473 debet.
3079 417 3281 473 Deinde
3313 432 3441 474 vero
3471 417 3724 473 Basiliam

483 519 535 570 in
565 514 895 586 Cappadocia
927 511 1271 567 commissum
1300 527 1406 565 non
1453 510 1619 565 fuisse
1649 529 1661 563 :
1695 507 1892 562 Precor
1950 525 2051 560 au-

479 617 601 667 tem,
636 605 826 673 inquit,
860 613 914 655 ut
955 602 1031 654 vel
1065 611 1241 654 nostra
1274 601 1564 654 admonitio
1599 599 1779 653 vitium
1814 609 2050 666 superet,

480 696 556 749 rel
604 713 705 749 non
747 704 921 761 serpat
963 695 1018 746 in
1066 703 1297 746 nostram
1330 695 1586 762 regionem
1629 695 1726 745 hoc
1756 692 2048 758 piaculum,

479 789 568 840 sed
595 789 647 840 in
673 787 856 854 quibus
903 786 1193 838 admissum
1234 796 1307 838 est
1338 785 1487 848 locis,
1520 785 1573 837 in
1608 783 1688 836 ftis
1719 793 2049 850 permaneat.

479 877 753 930 Laudatur
796 878 909 930 haec
951 877 1174 945 epistola
1222 877 1273 930 in
1308 891 1515 930 canone
1557 875 1651 940 23,
1683 891 1772 944 ep.
1821 875 1943 938 199,
1986 888 2051 928 ac

479 969 701 1037 proinde
731 969 928 1037 scripta
956 979 1039 1023 est
1065 979 1190 1022 ante
1219 983 1418 1021 annum
1449 968 1576 1022 575.
1607 967 1829 1036 Aliquot
1878 980 2052 1020 annos

477 1058 748 1114 efﬂuxisse
778 1062 846 1114 ab
875 1061 1024 1115 initio
1050 1062 1393 1129 episcopatus
1419 1061 1622 1114 indicat
1641 1059 1891 1122 Basilius,
1925 1073 2048 1110 cum

479 1152 555 1204 ait
585 1151 661 1222 (α)
688 1166 746 1206 se
787 1151 850 1204 ab
889 1152 1044 1206 initio
1076 1151 1177 1205 has
1205 1153 1421 1220 nuptias
1469 1151 1829 1221 prohibuisse.
1872 1150 2051 1214 Quare

477 1242 752 1310 probabile
804 1253 888 1297 est
946 1257 1071 1297 eum
1121 1243 1406 1312 scripsisse
1470 1244 1701 1297 Diodoro
1752 1257 1894 1295 anno
1944 1241 2049 1296 575

477 1345 568 1388 aut
601 1335 722 1390 574.

1042 1429 1268 1485 CAPUT
1317 1423 1488 1483 XXX.

473 1519 512 1573 I.
546 1519 780 1576 Basilius
814 1538 952 1574 anno
991 1522 1094 1576 574
1117 1523 1325 1575 ineunte
1357 1523 1569 1582 interest
1592 1520 1764 1590 funeri
1801 1512 2041 1590 Gregorii

543 1595 730 1658 patris.
780 1592 971 1646 Scribit
1020 1592 1382 1660 Amphilochia
1429 1589 1604 1644 recens
1661 1590 1944 1660 ordinato.
1978 1589 2042 1642 Il.

543 1660 710 1730 nger
739 1663 919 1714 scribit
949 1665 1016 1716 ad
1038 1661 1098 1718 S.
1126 1659 1431 1720 Eusebium,
1450 1669 1498 1713 et
1515 1675 1604 1727 per
1619 1659 2043 1730 Ampltilocftiuiit

542 1728 892 1786 att—Jovinum
919 1734 1170 1785 comitem.
1205 1730 1282 1785 0b
1338 1733 1553 1784 missum
1581 1745 1768 1796 corpus
1799 1728 1858 1783 8.
1885 1729 2044 1787 Sabte

543 1801 741 1871 giratias
771 1802 882 1871 agit
922 1801 1164 1855 Asc/tolio
1200 1813 1266 1871 et;
1295 1799 1519 1855 Sorano.
1545 1798 1634 1871 _lIl.
1668 1799 1928 1854 Exsilium
1977 1798 2038 1852 S.

544 1870 782 1940 Eusebii,
807 1869 875 1922 ad
907 1887 1056 1936 quem
1083 1869 1316 1938 epistolae
1349 1871 1468 1934 166,
1497 1869 1622 1935 167,
1652 1885 1766 1940 qua:
1790 1885 1892 1922 non
1918 1877 2039 1921 sunt

540 1939 754 1994 Basilii.
789 1941 876 1994 IV.
905 1940 982 1996 De
1008 1940 1250 2008 Glycerio
1279 1941 1501 1994 diacono
1519 1941 1608 2007 qui
1640 1939 1758 1992 cum
1781 1941 2039 2008 virginum

541 2027 692 2080 grege
721 2011 1025 2080 aufugerat.
1059 2007 1122 2064 V.
1157 2010 1230 2064 De
1255 2010 1487 2077 epistolis
1513 2009 1769 2063 172-175.
1798 2007 1886 2080 Vl.
1918 2007 2040 2062 Fu-

541 2076 720 2151 ro‘r'in
741 2076 997 2134 Basiliam
1041 2076 1407 2151 haereticorum
1439 2081 1523 2151 die
1567 2081 1700 2151 [esto
1731 2080 1791 2151 S_.
1825 2076 2036 2151 Eupsg-

540 2151 668 2203 chii.
698 2150 830 2204 little
865 2160 988 2202 nata
1038 2150 1243 2204 occasio
1272 2149 1535 2202 scribendi
1574 2148 1696 2202 libri
1735 2148 1798 2202 de
1839 2148 2040 2214 Spiritu

537 2231 746 2276 sancto.
780 2219 888 2274 VII.
924 2219 1174 2282 Epistolas
1203 2221 1271 2272 ad
1322 2218 1743 2287 conjurationem
1781 2220 1906 2272 anni
1937 2217 2042 2272 574

537 2300 847 2357 spectantes.
876 2287 1008 2343 Vlll.
1041 2287 1328 2342 Nonnulla:
1357 2288 1479 2342 alite
1523 2290 1590 2341 ad
1619 2287 2040 2354 Samosatenses,

543 2362 612 2412 ad
639 2361 904 2427 episcopos
932 2357 1158 2412 Eusebio
1187 2361 1385 2412 amicos
1418 2369 1464 2412 et
1497 2359 1566 2412 ad
1578 2359 1934 2427 Antipatrum.

543 2451 587 2505 I.
614 2449 835 2505 Ineunte
863 2465 1008 2505 anno
1041 2449 1144 2504 574
1174 2449 1505 2504 Nazianzum
1537 2463 1597 2505 se
1634 2449 1863 2504 contulit
1888 2447 2042 2503 Basi-

468 2541 594 2608 lius,
627 2550 686 2594 ut
731 2540 994 2610 Gregorio
1038 2543 1178 2611 patri
1235 2550 1448 2596 mortuo
1486 2541 1632 2611 justa
1680 2541 2041 2610 persolveret,

466 2633 690 2703 ejusque
734 2632 993 2687 familiam
1047 2633 1100 2687 in
1154 2634 1257 2688 hoc
1305 2633 1450 2687 luctu
1497 2632 1786 2689 solaretur.
1824 2631 2042 2686 Patrem

467 2723 712 2777 oratione
739 2722 952 2779 funebri
996 2723 1235 2779 laudavit
1279 2723 1574 2793 Gregorius
1607 2724 1858 2779 audiente
1893 2724 2046 2784 Basi-

467 2814 559 2881 lio,
592 2815 745 2884 cujus
776 2831 807 2868 a
837 2815 1089 2870 laudibus
1121 2815 1337 2870 initium
1369 2815 1584 2870 dicendi
1618 2814 1770 2878 facit,
1807 2831 2042 2885 eumque

467 2909 716 2962 hortatur
756 2907 833 2978 (b)
885 2916 945 2961 ut
989 2921 1146 2962 suum
1191 2921 1406 2976 quoque
1453 2905 1724 2976 eloquium
1761 2907 2046 2976 depromat

468 2999 521 3052 in
549 2998 816 3052 laudando
847 3008 1019 3066 patre,
1058 2999 1143 3051 cui
1181 2996 1366 3050 multis
1394 2996 1706 3051 nominibus
1743 2995 2044 3050 obstrictus

465 3099 605 3153 erat,
653 3099 837 3157 utpote
883 3088 1028 3142 illius
1092 3101 1255 3156 opera
1304 3087 1356 3140 in
1406 3087 1588 3142 sedem

464 3189 682 3234 evectus
708 3187 762 3233 et
787 3178 857 3232 ab
885 3193 951 3232 eo
989 3177 1296 3233 ordinatus.
1328 3176 1529 3232 Probat
1557 3177 1934 3233 Tillemontius
1965 3177 2035 3250 (e)

465 3272 520 3324 id
549 3272 844 3341 contigisse
879 3270 1039 3326 initio
1073 3273 1218 3326 veris
1251 3279 1318 3325 ex
1348 3271 1576 3339 epistola
1605 3270 1698 3336 27,
1731 3272 1781 3324 in
1807 3286 1912 3341 qua
1937 3271 2042 3326 Ba.

464 3362 618 3416 silius
640 3363 827 3432 pedem
852 3377 910 3418 se
932 3362 1094 3418 domo
1115 3377 1219 3417 non
1246 3362 1510 3418 extulisse
1537 3364 1638 3417 hac
1662 3362 1842 3417 hieme
1876 3371 2045 3418 testa-

407 3483 416 3494 ο
467 3463 574 3508 tur.
610 3453 766 3507 Aliud
801 3464 1178 3524 argumentum
1225 3455 1360 3524 petit
1405 3469 1474 3508 ex
1523 3454 1871 3509 ordinatione
1910 3453 2043 3508 Am-

465 3543 744 3613 philochii,
768 3559 887 3613 qua:
925 3545 977 3598 in
1011 3544 1151 3600 idem
1188 3556 1400 3614 tempus
1429 3545 1639 3610 incidit,
1685 3559 1748 3600 ac
1787 3544 2041 3614 Gregorii

464 3636 754 3705 exsequiis,
780 3635 973 3705 quibus
1018 3634 1265 3692 interfuit
1310 3635 1569 3691 Basilius.
1592 3636 2036 3706 Amphilochium

466 3738 642 3784 autem
675 3729 829 3784 initio
864 3730 1007 3784 veris
1039 3729 1346 3785 ordinatum
1378 3728 1550 3785 fuisse
1581 3731 1910 3800 suspicatur,
1938 3730 2042 3784 hac

464 3821 624 3876 nixus
668 3823 1002 3890 conjectura,
1051 3823 1193 3892 quod
1256 3838 1362 3876 non
1411 3822 1663 3892 proxime
1715 3823 2045 3877 successerit

463 3909 723 3964 Faustino
749 3913 1022 3980 pmterita
1049 3921 1238 3966 aestate
1269 3921 1502 3975 mortuo,
1538 3913 1632 3966 sed
1661 3913 1803 3966 inter
1828 3923 2040 3966 utrum-

465 4013 572 4066 que
605 3999 894 4055 hacreticus
929 4001 1151 4070 quidam
1181 4000 1496 4069 interjectus
1529 3998 1712 4054 fuerit.
1746 3999 2033 4070 Conjectu-

465 4103 580 4143 ram
609 4089 750 4142 eruit
779 4104 846 4144 ex
874 4091 957 4144 his
989 4076 1168 4146 verbis
1196 4087 1381 4144 Basilii
1407 4089 1474 4142 ad
1500 4087 1931 4158 Amphilochium
1959 4087 2039 4160 (α)

466 4191 656 4233 recens
690 4179 997 4232 ordinatum
1043 4177 1302 4233 :Inimici
1347 4188 1588 4248 pereunt,
1635 4187 1692 4231 ut
1730 4194 1824 4232 rea;
1866 4177 2038 4232 Israel

464 4268 578 4335 ﬁat.
611 4266 737 4321 Plus
767 4263 1128 4324 tribuendum
1165 4277 1320 4338 putat
1367 4269 1450 4323 his
1484 4267 1836 4341 conjecturis,
1873 4283 2036 4338 quam

465 4355 682 4410 Menaeis
703 4355 904 4411 Graecae
936 4356 1210 4424 Ecclesiae,
1239 4370 1360 4426 quae
1388 4357 1632 4412 natalitia
1665 4353 1915 4427 Gregorii
1944 4371 2035 4412 ce-

463 4447 638 4503 lebrat
669 4445 924 4502 Kalendis
950 4446 1220 4502 Januarii.

536 4539 800 4607 Equidem
841 4538 1136 4594 doctissimi
1167 4538 1265 4592 viri
1298 4536 1632 4607 argumentis
1660 4539 1735 4592 uti
1769 4553 1875 4592 non
1903 4551 2034 4606 pos-

464 4647 602 4687 sum.
640 4633 772 4686 Nam
802 4630 1024 4700 epistola
1050 4630 1141 4695 27,
1186 4645 1254 4684 ex
1281 4645 1386 4698 qua
1415 4630 1616 4700 colligit
1648 4631 1906 4684 Basiliam
1933 4631 2038 4686 hac

467 4726 643 4778 hieme
667 4726 856 4793 pedem
889 4723 1046 4778 domo
1071 4738 1172 4776 non
1204 4723 1485 4786 extulisse,
1509 4731 1635 4777 ante
1660 4722 2035 4792 episcopatum

467 4818 686 4886 scripta,
718 4826 777 4870 ut
822 4830 984 4885 supra
1025 4817 1474 4870 demonstratum.
1508 4812 1824 4881 lnterjectus
1855 4821 2035 4866 autem

467 4907 784 4962 Faustinum
821 4909 962 4963 inter
1001 4918 1056 4961 et
1102 4907 1536 4975 Amphilochium
1589 4906 1875 4960 hatreticus
1911 4919 2040 4958 eva-

471 5000 642 5053 nescit
670 4999 723 5053 in
752 5001 854 5054 hac
880 5015 1014 5054 nova
1050 5001 1308 5053 editione.
1337 4998 1590 5067 Legimus
1617 4999 1761 5052 enim
1797 5011 1917 5050 cum
1945 5009 2039 5049 co-

469 5091 676 5144 dicibus
705 5106 833 5144 mss.
855 5108 868 5142 :
888 5092 1060 5146 Asina:
1079 5100 1316 5159 pereunt,
1347 5100 1402 5142 ut
1433 5103 1526 5141 rea:
1556 5086 1727 5141 Israel
1755 5088 1872 5156 ﬁat.
1904 5087 2035 5140 Am-

469 5180 728 5249 philochii
758 5181 1024 5235 ordinatio
1051 5183 1117 5235 ad
1141 5167 1352 5234 initium
1377 5181 1518 5234 veris
1543 5177 1667 5231 anni
1700 5177 1804 5231 574
1833 5176 2036 5230 dillerri

471 5287 574 5325 non
629 5280 821 5340 p0test.
861 5271 991 5323 Tam
1041 5270 1258 5339 longum
1309 5269 1453 5323 enim
1501 5265 1840 5320 intervallum
1895 5263 2039 5316 inter

469 5372 698 5416 mortem
731 5361 997 5426 Faustini,
1023 5372 1074 5415 et
1092 5363 1485 5417 ordinationem
1510 5357 1891 5430 Amphilocbii,
1923 5357 2042 5412 sine

542 5521 619 5589 (a)
656 5517 723 5572 N.
754 5521 805 5574 1.

541 5591 611 5658 (b)
651 5589 781 5643 Naz.
813 5605 894 5644 or.
935 5590 1023 5644 19.

542 5666 608 5734 (ς)
650 5660 767 5734 i‘i_'ot_.
796 5661 864 5714 ΞΟ
879 5733 886 5734 7
899 5661 957 5734 in;
982 5660 1121 5714 Nae.

543 5729 615 5798 (tl)
655 5729 826 5798 Epist.
874 5732 990 5785 Ilii.

2159 510 2342 564 invisit
2362 511 2549 564 statim
2579 517 2698 577 post
2723 508 2928 564 Pascha
2955 509 3400 578 Amphilochius;
3431 511 3574 580 quod
3605 514 3725 581 qui-

2157 602 2276 656 dem
2305 616 2410 656 non
2444 601 2654 656 videtur
2677 600 2873 656 fecisse
2905 602 3089 655 statim
3137 609 3260 672 post
3305 603 3724 668 ordinationem,

2156 708 2316 763 quam
2345 693 2584 747 dilliciles
2618 702 2673 747 et
2706 693 3032 747 necessariae
3059 693 3445 762 occupationes
3471 694 3726 762 subsequi

2157 783 2473 837 debuerunt.
2509 782 2849 838 Prohabilius
2884 798 3014 852 ergo
3045 793 3132 838 est
3168 783 3302 838 duos
3337 783 3456 838 illos
3481 794 3728 851 eventus,

2155 876 2244 944 qui
2283 877 2472 930 eodem
2503 885 2744 945 tempore
2775 877 3141 946 contigerunt,
3171 877 3568 931 ordinationem
3602 877 3732 930 Am-

2155 966 2407 1035 philochii
2441 976 2496 1020 et
2526 977 2750 1022 mortem
2779 965 3048 1038 Gregorii,
3082 967 3166 1022 vel
3189 983 3332 1023 anno
3357 968 3461 1022 575
3492 979 3727 1024 exeunte

2155 1060 2464 1126 contigisse,
2512 1075 2618 1113 non
2671 1063 2841 1112 multo
2892 1070 3013 1128 post
3066 1059 3254 1114 Basilii
3313 1060 3378 1113 ad
3435 1060 3726 1131 Evagrium

2154 1151 2459 1216 epistolam,
2511 1152 2564 1202 in
2617 1164 2719 1214 qua
2758 1149 2916 1219 longa
2951 1165 3008 1204 se
3045 1149 3370 1218 {egritudine
3416 1151 3608 1203 conﬁci
3653 1150 3732 1203 ait

2155 1240 2406 1306 Basilius,
2456 1241 2642 1295 itidem
2691 1253 2749 1294 ut
2796 1243 2846 1295 in
2903 1242 3129 1309 epiStola
3183 1245 3247 1295 ad
3287 1242 3727 1309 Amphilochium

2155 1347 2342 1387 recens
2374 1332 2680 1386 ordinatum
2709 1350 2724 1400 ;
2756 1333 2839 1387 vel
2872 1333 3030 1388 initio
3061 1335 3185 1387 anni
3216 1333 3349 1398 574,
3393 1335 3437 1388 si
3471 1334 3594 1402 quis
3618 1333 3730 1388 Me-

2156 1422 2286 1478 naeis
2309 1421 2621 1478 Graecorum
2666 1423 2934 1478 inhaerere
2958 1424 3131 1477 malit.

2222 1557 2482 1612 Basiliam
2525 1557 2592 1628 (e)
2625 1564 2908 1626 rogaverat
2941 1564 3153 1609 mortuo
3196 1553 3459 1610 Faustino
3487 1555 3730 1611 Ecclesia

2153 1649 2468 1713 lconiensis,
2499 1659 2556 1703 ut
2581 1649 2682 1703 sibi
2711 1647 3023 1716 episcopum
3053 1648 3232 1700 daret.
3277 1647 3586 1703 Verisimile
3621 1664 3729 1703 non

2076 1776 2118 1832 Β
2152 1748 2238 1795 est
2265 1729 2526 1794 Basiliam
2553 1738 2674 1832 hoc?
2698 1737 2932 1832 alliciam
2977 1737 3290 1832 exhibuisse
3319 1736 3726 1832 lconiensibus;

2147 1834 2344 1903 quippe
2370 1847 2494 1887 cum
2519 1829 2904 1902 Amphilochia
2926 1842 3114 1883 recens
3138 1829 3387 1885 ordinato
3411 1829 3728 1899 gratulandi

2145 1923 2227 1978 vel
2257 1923 2438 1992 potius
2462 1920 2773 1975 consolandi
2799 1929 2854 1974 et
2877 1917 3202 1974 adhortandi
3228 1934 3389 1974 causa
3415 1921 3724 1988 scripserit.

2146 2016 2344 2071 Statim
2393 2015 2538 2068 enim
2591 2020 2755 2081 atque
2803 2011 3087 2065 ordinatas
3138 2010 3242 2064 fuit
3284 2011 3728 2080 Amphilochius,

2145 2123 2282 2163 onus
2319 2107 2419 2161 sibi
2451 2105 2763 2172 impositum
2811 2103 2863 2156 in
2900 2102 3095 2158 litteris
3126 2104 3191 2158 ad
3233 2104 3488 2158 Basiliam
3515 2103 3728 2171 missis,

2146 2210 2206 2253 ut
2229 2199 2402 2268 majus
2424 2198 2630 2251 viribus
2651 2197 2784 2260 suis,
2811 2194 2946 2248 luxit
2967 2211 2982 2249 :
3005 2210 3270 2264 suumque
3295 2196 3537 2251 dolorem
3561 2205 3732 2252 testa-

2145 2292 2305 2346 batur
2337 2291 2506 2360 quod,
2542 2305 2664 2344 cum
2698 2291 2958 2345 hactenus
2983 2289 3243 2344 Basiliam
3275 2289 3521 2360 fugisset,
3549 2303 3619 2344 ne
3659 2289 3730 2344 ab

2145 2397 2210 2436 eo
2236 2383 2601 2447 ordinaretur,
2632 2381 2684 2434 in
2713 2379 2969 2435 Pisidiam
3004 2383 3229 2436 veniens
3253 2381 3325 2436 ibi
3351 2381 3725 2449 episcopatum

2147 2475 2393 2544 accipere
2417 2482 2641 2528 coactus
2668 2483 2830 2528 esset.
2872 2473 2941 2526 At
2985 2471 3218 2527 Basilius
3267 2472 3535 2542 ejusmodi
3567 2472 3723 2526 ordi-

2148 2566 2421 2620 nationem
2453 2565 2714 2618 miraculo
2761 2579 2948 2618 carere
2998 2574 3193 2634 negat;
3235 2564 3462 2632 ideoque
3494 2563 3728 2634 Amphi-

2147 2657 2382 2712 lochium
2425 2657 2578 2727 jubet
2609 2672 2712 2710 non
2759 2657 3067 2726 impositum
3099 2673 3236 2712 onus
3267 2657 3576 2722 lamentari,
3624 2659 3725 2711 sed

2147 2751 2330 2805 divino
2366 2749 2567 2803 auxilio
2590 2749 2951 2804 confidentem
2983 2749 3213 2803 viriliter
3236 2763 3415 2817 agere,
3448 2758 3504 2802 et
3530 2762 3723 2803 navem

2148 2857 2325 2913 pravae
2362 2843 2622 2897 doctrinae
2659 2840 2909 2897 lluctlbus
2954 2841 3371 2896 immersabilem
3421 2841 3724 2895 custodire.

2149 2935 2322 3004 Rogat
2350 2935 2474 2989 utsi
2505 2949 2563 2989 se
2611 2935 2766 3004 longa
2817 2934 3137 3004 aegritudine
3165 2933 3231 2988 ad
3273 2933 3476 2987 exitum
3521 2948 3726 3003 propc-

2151 3037 2357 3082 rantem
2384 3027 2620 3082 invisere
2638 3027 2787 3093 velit,
2811 3041 2910 3080 nec
2937 3037 3149 3095 tempus
3175 3040 3271 3080 nec
3293 3025 3503 3094 signum
3530 3013 3731 3094 exspeJ

1645 3086 2042 3187 98853"???
2072 3113 2114 3170 C
2150 3129 2278 3174 ctel.
2306 3117 2487 3173 Monet
2514 3127 2572 3172 ut
2597 3118 2886 3187 diligenter
2935 3126 3125 3170 caveat
3153 3133 3219 3170 ne
3250 3132 3308 3171 se
3341 3118 3522 3185 pravis
3551 3119 3726 3172 mori-

2151 3214 2249 3266 hns
2299 3211 2471 3278 abripi
2516 3211 2692 3278 sinat;
2737 3210 2828 3264 sed
2871 3209 3094 3264 missum
3151 3226 3210 3264 se
3239 3226 3360 3266 esse
3389 3212 3724 3276 meminent,

2147 3319 2252 3356 non
2306 3313 2364 3356 ut
2405 3304 2538 3358 alios
2569 3313 2854 3372 sequatur,
2885 3303 2979 3358 sed
3011 3312 3068 3357 ut
3100 3304 3214 3374 ipse
3241 3315 3445 3372 praaeat
3488 3305 3575 3360 his
3625 3307 3721 3375 qui

2145 3394 2438 3448 salvantur.

2217 3506 2279 3560 ll.
2320 3506 2432 3561 Hoc
2476 3520 2616 3560 anno
2644 3514 2765 3575 post
2824 3505 2965 3560 diem
3014 3505 3233 3560 Pasclite
3279 3505 3511 3560 Basilius
3543 3507 3613 3576 (Ῑ)
3669 3507 3725 3562 in

2147 3611 2363 3666 gravem
2398 3597 2644 3650 morbum
2677 3596 3168 3666 iticidit,[febribus,
3201 3599 3405 3652 ventris
3434 3601 3728 3652 resolutio-

2147 3688 2307 3741 nihus
2327 3700 2380 3742 et
2400 3689 2667 3742 viscerum
2737 3689 3187 3744 commotionibus
3218 3689 3470 3758 agitatus.
3523 3690 3582 3745 In
3621 3691 3727 3745 hoc

2145 3787 2287 3832 statu
2324 3787 2462 3842 erat,
2494 3793 2616 3832 cum
2674 3794 2772 3849 per
2830 3779 3129 3834 Barachum
3193 3781 3411 3850 scripsit
3463 3781 3722 3847 Eusebio,

2146 3870 2230 3924 cui
2265 3869 2514 3925 morbum
2545 3883 2793 3937 excusat,
2822 3873 2963 3942 quod
2993 3888 3101 3926 non
3148 3872 3213 3926 ad
3249 3888 3370 3928 eum
3407 3874 3726 3943 proficiscaa

2149 3971 2252 4014 tur.
2283 3959 2549 4014 Caeterum
2589 3976 2648 4016 se
2675 3963 2818 4016 vires
2853 3963 2919 4016 ad
2951 3961 3056 4016 hoc
3110 3962 3214 4015 iter
3272 3973 3723 4033 recuperaturum

2144 4061 2344 4120 sperat,
2368 4052 2411 4106 si
2443 4068 2540 4122 pro
2586 4067 2645 4108 se
2684 4053 2953 4108 Eusebius
2999 4065 3274 4122 precetur.
3305 4055 3534 4109 Tantum
3575 4057 3725 4111 enim

2147 4144 2294 4198 illius
2325 4145 2581 4214 precibus
2617 4147 2948 4211 confidebat,
2973 4155 3033 4200 ut
3059 4162 3118 4202 se
3171 4149 3337 4203 etiam
3369 4149 3623 4218 juvenem
3657 4165 3727 4203 ex

2146 4253 2294 4302 sene,
2320 4253 2425 4292 non
2463 4239 2619 4294 modo
2648 4249 2896 4308 vegetum
2923 4254 2990 4294 ex
3019 4241 3237 4295 inﬁrmo
3286 4250 3341 4296 et
3391 4256 3613 4311 prorsus
3640 4251 3731 4295 at-

2148 4336 2390 4391 tenuato,
2429 4326 2544 4382 fieri
2585 4343 2744 4396 posse
2774 4331 3044 4385 crederet.

2216 4439 2392 4496 Testis
2441 4441 2540 4496 fuit
2596 4443 2754 4512 hujus
2807 4442 2979 4497 morbi
3041 4444 3452 4514 Amphilochius
3479 4444 3575 4514 (g),
3627 4447 3725 4514 qui

2150 4531 2425 4597 Basiliam,
2464 4540 2522 4585 ut
2587 4545 2805 4603 rogatus
2839 4532 3037 4601 fuerat,
3079 4534 3286 4600 invisit,
3319 4551 3383 4590 ac
3435 4538 3524 4590 diu
3570 4552 3728 4592 com-

2150 4633 2388 4679 moratus
2413 4633 2494 4678 est
2516 4624 2798 4690 Caesarem,
2831 4641 2935 4680 non
2981 4627 3150 4682 solum
3178 4638 3534 4698 aegrotantem
3563 4629 3726 4685 Basi-

2151 4718 2281 4771 lium
2311 4715 2550 4772 olliciosa
2592 4720 2878 4774 sedulitate
2922 4720 3142 4785 fovens,
3175 4723 3268 4775 sed
3303 4723 3464 4776 etiam
3523 4723 3730 4791 populo

2149 4807 2313 4861 divini
2368 4809 2515 4862 verbi
2551 4809 2748 4876 pabula
2804 4811 3140 4866 ministrans.
3189 4810 3342 4866 Unde
3398 4811 3632 4866 Basilius
3669 4813 3727 4866 in

2147 4899 2372 4969 epistola
2421 4900 2496 4970 (lt)
2530 4901 2634 4956 hoc
2664 4917 2808 4960 anno
2865 4911 2990 4957 ante
3044 4919 3281 4957 mensem
3346 4903 3728 4973 Septembrem

2145 4993 2345 5061 scripta
2395 4994 2473 5047 sic
2515 5007 2639 5046 eum
2697 4992 2992 5063 alloquitur
3036 5012 3051 5050 :
3114 4993 3255 5047 Nam
3303 5011 3608 5063 persuasum
3653 4998 3732 5048 sit

2148 5083 2265 5149 tibi,
2297 5083 2491 5152 inquit,
2521 5082 2770 5152 p0pulum
2796 5095 3056 5152 nostrum,
3087 5101 3206 5138 cum
3246 5086 3436 5138 multos
3477 5097 3728 5154 expertus

2145 5175 2236 5239 sit,
2267 5173 2463 5226 nullius
2491 5175 2826 5242 praesentiam
2856 5175 2932 5228 ita
2963 5175 3281 5242 desiderare,
3303 5186 3360 5229 ut
3398 5187 3542 5228 luant
3569 5191 3588 5229 :
3613 5188 3730 5228 tan-

2150 5273 2260 5316 tum
2283 5264 2330 5316 ei
2375 5265 2571 5318 amoris
2602 5265 2843 5319 aculeum
2904 5267 3042 5320 brevi
3094 5267 3187 5319 illo
3221 5283 3502 5336 congressu
3553 5267 3730 5319 inimi-

2151 5356 2288 5411 sisti.
2319 5355 2544 5411 Videtur
2575 5357 2985 5429 Amphilochius
3015 5357 3216 5415 Basilio
3263 5359 3506 5414 attulisse
3541 5357 3726 5414 Iovini

2242 5522 2289 5581 e)
2329 5514 2496 5584 Epist.
2528 5513 2649 5584 I58.

2242 5522 2289 5581 e)
2329 5517 2496 5584 Epist.
2528 5517 2583 5567 ta

2219 5517 2284 5656 if)
2319 5584 2416 5656 Ep-
2460 5583 2583 5656 l9?-

2221 5654 2299 5739 (θλ
2323 5655 2422 5739 ἐρ’
2451 5654 2573 5739 είὲέ

2228 5725 2304 5794 (Ιι)
2329 5725 2424 5793 Ep.
2456 5724 2578 5779 I76.
