  <div class='ocr_page' id='page_1' title='image "/cluster/home/n/w/nwhite01/storage/ocr_20150623/29/mdp.39015012934371/128.png"; bbox 0 0 4040 6216; ppageno 0'>
   <div class='ocr_carea' id='block_1_1' title="bbox 1710 346 2279 405">
    <p class='ocr_par' dir='ltr' id='par_1_1' title="bbox 1710 346 2279 405">
     <span class='ocr_line' id='line_1_1' title="bbox 1710 346 2279 405; baseline 0.007 -4"><span class='ocrx_word' id='word_1_1' title='bbox 1710 346 1872 402; x_wconf 74' lang='lat' dir='ltr'><strong>Vl&#39;l‘A</strong></span> <span class='ocrx_word' id='word_1_2' title='bbox 1912 349 1968 404; x_wconf 91' lang='lat' dir='ltr'><strong>S.</strong></span> <span class='ocrx_word' id='word_1_3' title='bbox 2011 347 2279 405; x_wconf 81' lang='lat' dir='ltr'><strong>BASILU.</strong></span> 
     </span>
    </p>
   </div>
   <div class='ocr_carea' id='block_1_2' title="bbox 3471 376 3597 419">
    <p class='ocr_par' dir='ltr' id='par_1_2' title="bbox 3471 376 3597 419">
     <span class='ocr_line' id='line_1_2' title="bbox 3471 376 3597 419; baseline 0 -1"><span class='ocrx_word' id='word_1_4' title='bbox 3471 376 3597 419; x_wconf 63' lang='lat' dir='ltr'><strong>CXIX</strong></span> 
     </span>
    </p>
   </div>
   <div class='ocr_carea' id='block_1_3' title="bbox 355 457 3600 543">
    <p class='ocr_par' dir='ltr' id='par_1_3' title="bbox 355 457 3600 543">
     <span class='ocr_line' id='line_1_3' title="bbox 355 457 3600 543; baseline 0.011 -45"><span class='ocrx_word' id='word_1_5' title='bbox 355 459 567 519; x_wconf 65' lang='lat' dir='ltr'><strong>mm‘ms</strong></span> <span class='ocrx_word' id='word_1_6' title='bbox 596 462 829 527; x_wconf 63' lang='lat' dir='ltr'><strong>“ueras,</strong></span> <span class='ocrx_word' id='word_1_7' title='bbox 881 470 937 516; x_wconf 85' lang='lat' dir='ltr'><strong>et</strong></span> <span class='ocrx_word' id='word_1_8' title='bbox 965 460 1139 515; x_wconf 85' lang='lat' dir='ltr'><strong>eidem</strong></span> <span class='ocrx_word' id='word_1_9' title='bbox 1196 457 1377 513; x_wconf 79' lang='lat' dir='ltr'><strong>Basilii</strong></span> <span class='ocrx_word' id='word_1_10' title='bbox 1424 472 1740 529; x_wconf 84' lang='lat' dir='ltr'><strong>responsum</strong></span> <span class='ocrx_word' id='word_1_11' title='bbox 1780 463 1929 517; x_wconf 84' lang='lat' dir='ltr'><strong>ret&#39;u-</strong></span> <span class='ocrx_word' id='word_1_12' title='bbox 1955 472 2008 529; x_wconf 75' lang='grc' dir='ltr'><strong>Α</strong></span> <span class='ocrx_word' id='word_1_13' title='bbox 2039 462 2325 518; x_wconf 83' lang='lat' dir='ltr'><strong>Fructibus</strong></span> <span class='ocrx_word' id='word_1_14' title='bbox 2375 466 2737 534; x_wconf 83' lang='lat' dir='ltr'><strong>spiritualibus</strong></span> <span class='ocrx_word' id='word_1_15' title='bbox 2794 471 3058 524; x_wconf 84' lang='lat' dir='ltr'><strong>nationem</strong></span> <span class='ocrx_word' id='word_1_16' title='bbox 3102 481 3333 525; x_wconf 76' lang='lat' dir='ltr'><strong>exteram</strong></span> <span class='ocrx_word' id='word_1_17' title='bbox 3382 478 3600 543; x_wconf 85' lang='lat' dir='ltr'><strong>replevi-</strong></span> 
     </span>
    </p>
   </div>
   <div class='ocr_carea' id='block_1_4' title="bbox 354 561 498 613">
    <p class='ocr_par' dir='ltr' id='par_1_4' title="bbox 354 561 498 613">
     <span class='ocr_line' id='line_1_4' title="bbox 354 561 498 613; baseline -0.014 0"><span class='ocrx_word' id='word_1_18' title='bbox 354 561 498 613; x_wconf 81' lang='lat' dir='ltr'><strong>lisse.</strong></span> 
     </span>
    </p>
   </div>
   <div class='ocr_carea' id='block_1_5' title="bbox 416 645 1926 717">
    <p class='ocr_par' dir='ltr' id='par_1_5' title="bbox 416 645 1926 717">
     <span class='ocr_line' id='line_1_5' title="bbox 416 645 1926 717; baseline -0.002 -12"><span class='ocrx_word' id='word_1_19' title='bbox 416 651 639 706; x_wconf 85' lang='lat' dir='ltr'><strong>Junium</strong></span> <span class='ocrx_word' id='word_1_20' title='bbox 667 649 934 703; x_wconf 89' lang='lat' dir='ltr'><strong>Soranum</strong></span> <span class='ocrx_word' id='word_1_21' title='bbox 967 646 1157 701; x_wconf 90' lang='lat' dir='ltr'><strong>limitis</strong></span> <span class='ocrx_word' id='word_1_22' title='bbox 1180 645 1418 717; x_wconf 89' lang='lat' dir='ltr'><strong>Scythici</strong></span> <span class='ocrx_word' id='word_1_23' title='bbox 1450 646 1640 701; x_wconf 92' lang='lat' dir='ltr'><strong>ducem</strong></span> <span class='ocrx_word' id='word_1_24' title='bbox 1703 662 1926 716; x_wconf 85' lang='lat' dir='ltr'><strong>rogave-</strong></span> 
     </span>
    </p>
   </div>
   <div class='ocr_carea' id='block_1_6' title="bbox 352 737 1921 806">
    <p class='ocr_par' dir='ltr' id='par_1_6' title="bbox 352 737 1921 806">
     <span class='ocr_line' id='line_1_6' title="bbox 352 737 1921 806; baseline -0.004 -9"><span class='ocrx_word' id='word_1_25' title='bbox 352 755 433 797; x_wconf 86' lang='lat' dir='ltr'><strong>rat</strong></span> <span class='ocrx_word' id='word_1_26' title='bbox 465 740 721 802; x_wconf 82' lang='lat' dir='ltr'><strong>Basilius,</strong></span> <span class='ocrx_word' id='word_1_27' title='bbox 760 748 821 791; x_wconf 90' lang='lat' dir='ltr'><strong>ut</strong></span> <span class='ocrx_word' id='word_1_28' title='bbox 872 753 1039 806; x_wconf 84' lang='lat' dir='ltr'><strong>supra</strong></span> <span class='ocrx_word' id='word_1_29' title='bbox 1092 737 1345 800; x_wconf 87' lang='lat' dir='ltr'><strong>vidimus,</strong></span> <span class='ocrx_word' id='word_1_30' title='bbox 1381 746 1439 790; x_wconf 92' lang='lat' dir='ltr'><strong>ut</strong></span> <span class='ocrx_word' id='word_1_31' title='bbox 1476 746 1773 806; x_wconf 78' lang='lat' dir='ltr'><strong>martyrum</strong></span> <span class='ocrx_word' id='word_1_32' title='bbox 1803 737 1921 791; x_wconf 86' lang='lat' dir='ltr'><strong>reli-</strong></span> 
     </span>
    </p>
   </div>
   <div class='ocr_carea' id='block_1_7' title="bbox 348 826 1926 905">
    <p class='ocr_par' dir='ltr' id='par_1_7' title="bbox 348 826 1926 905">
     <span class='ocr_line' id='line_1_7' title="bbox 348 826 1926 905; baseline -0.004 -18"><span class='ocrx_word' id='word_1_33' title='bbox 348 835 491 905; x_wconf 85' lang='lat' dir='ltr'><strong>quiis</strong></span> <span class='ocrx_word' id='word_1_34' title='bbox 518 833 750 901; x_wconf 79' lang='lat' dir='ltr'><strong>patriam</strong></span> <span class='ocrx_word' id='word_1_35' title='bbox 804 831 1039 893; x_wconf 80' lang='lat' dir='ltr'><strong>ditaret;</strong></span> <span class='ocrx_word' id='word_1_36' title='bbox 1093 827 1529 896; x_wconf 83' lang='lat' dir='ltr'><strong>quandoquidem</strong></span> <span class='ocrx_word' id='word_1_37' title='bbox 1580 826 1686 881; x_wconf 91' lang='lat' dir='ltr'><strong>illic</strong></span> <span class='ocrx_word' id='word_1_38' title='bbox 1739 842 1926 896; x_wconf 89' lang='lat' dir='ltr'><strong>perse-</strong></span> 
     </span>
    </p>
   </div>
   <div class='ocr_carea' id='block_1_8' title="bbox 350 916 1922 991">
    <p class='ocr_par' dir='ltr' id='par_1_8' title="bbox 350 916 1922 991">
     <span class='ocr_line' id='line_1_8' title="bbox 350 916 1922 991; baseline -0.008 -11"><span class='ocrx_word' id='word_1_39' title='bbox 350 926 520 989; x_wconf 91' lang='lat' dir='ltr'><strong>cutio,</strong></span> <span class='ocrx_word' id='word_1_40' title='bbox 554 926 673 991; x_wconf 91' lang='lat' dir='ltr'><strong>ipso</strong></span> <span class='ocrx_word' id='word_1_41' title='bbox 704 930 1058 974; x_wconf 89' lang='lat' dir='ltr'><strong>asseverante</strong></span> <span class='ocrx_word' id='word_1_42' title='bbox 1088 917 1315 979; x_wconf 88' lang='lat' dir='ltr'><strong>Sorano,</strong></span> <span class='ocrx_word' id='word_1_43' title='bbox 1361 928 1623 987; x_wconf 75' lang='lat' dir='ltr'><strong>martyres</strong></span> <span class='ocrx_word' id='word_1_44' title='bbox 1670 916 1922 971; x_wconf 79' lang='lat' dir='ltr'><strong>faciebat.</strong></span> 
     </span>
    </p>
   </div>
   <div class='ocr_carea' id='block_1_9' title="bbox 348 1006 1924 1085">
    <p class='ocr_par' dir='ltr' id='par_1_9' title="bbox 348 1006 1924 1085">
     <span class='ocr_line' id='line_1_9' title="bbox 348 1006 1924 1085; baseline -0.007 -14"><span class='ocrx_word' id='word_1_45' title='bbox 348 1017 463 1071; x_wconf 82' lang='lat' dir='ltr'><strong>Non</strong></span> <span class='ocrx_word' id='word_1_46' title='bbox 495 1015 681 1085; x_wconf 80' lang='lat' dir='ltr'><strong>segnis</strong></span> <span class='ocrx_word' id='word_1_47' title='bbox 715 1012 957 1067; x_wconf 90' lang='lat' dir='ltr'><strong>Soranus</strong></span> <span class='ocrx_word' id='word_1_48' title='bbox 989 1012 1042 1063; x_wconf 93' lang='lat' dir='ltr'><strong>in</strong></span> <span class='ocrx_word' id='word_1_49' title='bbox 1078 1009 1345 1063; x_wconf 87' lang='lat' dir='ltr'><strong>mandatis</strong></span> <span class='ocrx_word' id='word_1_50' title='bbox 1378 1006 1561 1062; x_wconf 86' lang='lat' dir='ltr'><strong>Basilii</strong></span> <span class='ocrx_word' id='word_1_51' title='bbox 1598 1009 1924 1061; x_wconf 83' lang='lat' dir='ltr'><strong>exhaurien-</strong></span> 
     </span>
    </p>
   </div>
   <div class='ocr_carea' id='block_1_10' title="bbox 347 1096 1927 1170">
    <p class='ocr_par' dir='ltr' id='par_1_10' title="bbox 347 1096 1927 1170">
     <span class='ocr_line' id='line_1_10' title="bbox 347 1096 1927 1170; baseline -0.006 -11"><span class='ocrx_word' id='word_1_52' title='bbox 347 1105 429 1159; x_wconf 88' lang='lat' dir='ltr'><strong>dis</strong></span> <span class='ocrx_word' id='word_1_53' title='bbox 452 1117 656 1170; x_wconf 88' lang='lat' dir='ltr'><strong>corpus</strong></span> <span class='ocrx_word' id='word_1_54' title='bbox 684 1100 743 1155; x_wconf 89' lang='lat' dir='ltr'><strong>S.</strong></span> <span class='ocrx_word' id='word_1_55' title='bbox 788 1100 967 1161; x_wconf 75' lang='lat' dir='ltr'><strong>Sabze&#39;,</strong></span> <span class='ocrx_word' id='word_1_56' title='bbox 1000 1099 1091 1167; x_wconf 88' lang='lat' dir='ltr'><strong>qui</strong></span> <span class='ocrx_word' id='word_1_57' title='bbox 1124 1114 1263 1151; x_wconf 91' lang='lat' dir='ltr'><strong>anno</strong></span> <span class='ocrx_word' id='word_1_58' title='bbox 1310 1096 1418 1151; x_wconf 76' lang='grc'><strong>572</strong></span> <span class='ocrx_word' id='word_1_59' title='bbox 1466 1097 1552 1149; x_wconf 91' lang='lat' dir='ltr'><strong>die</strong></span> <span class='ocrx_word' id='word_1_60' title='bbox 1614 1097 1682 1150; x_wconf 79' lang='lat' dir='ltr'><strong>l2</strong></span> <span class='ocrx_word' id='word_1_61' title='bbox 1728 1097 1927 1166; x_wconf 86' lang='lat' dir='ltr'><strong>Aprilis</strong></span> 
     </span>
    </p>
   </div>
   <div class='ocr_carea' id='block_1_11' title="bbox 346 1188 1924 1267">
    <p class='ocr_par' dir='ltr' id='par_1_11' title="bbox 346 1188 1924 1267">
     <span class='ocr_line' id='line_1_11' title="bbox 346 1188 1924 1267; baseline -0.003 -20"><span class='ocrx_word' id='word_1_62' title='bbox 346 1210 541 1267; x_wconf 82' lang='lat' dir='ltr'><strong>passus</strong></span> <span class='ocrx_word' id='word_1_63' title='bbox 571 1193 770 1257; x_wconf 76' lang='lat' dir='ltr'><strong>fuerat,</strong></span> <span class='ocrx_word' id='word_1_64' title='bbox 798 1192 850 1243; x_wconf 93' lang='lat' dir='ltr'><strong>in</strong></span> <span class='ocrx_word' id='word_1_65' title='bbox 881 1188 1276 1259; x_wconf 70' lang='lat' dir='ltr'><strong>Cappadociam</strong></span> <span class='ocrx_word' id='word_1_66' title='bbox 1314 1203 1409 1257; x_wconf 89' lang='lat' dir='ltr'><strong>per</strong></span> <span class='ocrx_word' id='word_1_67' title='bbox 1424 1190 1569 1241; x_wconf 88' lang='lat' dir='ltr'><strong>viros</strong></span> <span class='ocrx_word' id='word_1_68' title='bbox 1599 1190 1702 1241; x_wconf 90' lang='lat' dir='ltr'><strong>lide</strong></span> <span class='ocrx_word' id='word_1_69' title='bbox 1730 1188 1924 1257; x_wconf 88' lang='lat' dir='ltr'><strong>dignos</strong></span> 
     </span>
    </p>
   </div>
   <div class='ocr_carea' id='block_1_12' title="bbox 349 1279 1949 1351">
    <p class='ocr_par' dir='ltr' id='par_1_12' title="bbox 349 1279 1949 1351">
     <span class='ocr_line' id='line_1_12' title="bbox 349 1279 1949 1351; baseline -0.008 -9"><span class='ocrx_word' id='word_1_70' title='bbox 349 1289 531 1350; x_wconf 83' lang='lat' dir='ltr'><strong>misit,</strong></span> <span class='ocrx_word' id='word_1_71' title='bbox 586 1301 709 1339; x_wconf 90' lang='lat' dir='ltr'><strong>cum</strong></span> <span class='ocrx_word' id='word_1_72' title='bbox 749 1300 1019 1338; x_wconf 87' lang='lat' dir='ltr'><strong>consensu</strong></span> <span class='ocrx_word' id='word_1_73' title='bbox 1079 1280 1400 1351; x_wconf 78' lang='lat' dir='ltr'><strong>presbyterii</strong></span> <span class='ocrx_word' id='word_1_74' title='bbox 1457 1281 1596 1332; x_wconf 90' lang='lat' dir='ltr'><strong>illius</strong></span> <span class='ocrx_word' id='word_1_75' title='bbox 1646 1279 1949 1340; x_wconf 76' lang='lat' dir='ltr'><strong>Ecclesize,</strong></span> 
     </span>
    </p>
   </div>
   <div class='ocr_carea' id='block_1_13' title="bbox 342 1371 1923 1450">
    <p class='ocr_par' dir='ltr' id='par_1_13' title="bbox 342 1371 1923 1450">
     <span class='ocr_line' id='line_1_13' title="bbox 342 1371 1923 1450; baseline -0.008 -16"><span class='ocrx_word' id='word_1_76' title='bbox 342 1394 461 1450; x_wconf 60' lang='lat' dir='ltr'><strong>qua</strong></span> <span class='ocrx_word' id='word_1_77' title='bbox 504 1381 606 1432; x_wconf 86' lang='lat' dir='ltr'><strong>bas</strong></span> <span class='ocrx_word' id='word_1_78' title='bbox 650 1377 910 1444; x_wconf 86' lang='lat' dir='ltr'><strong>reliquias</strong></span> <span class='ocrx_word' id='word_1_79' title='bbox 983 1375 1312 1444; x_wconf 82' lang='lat' dir='ltr'><strong>possidebat.</strong></span> <span class='ocrx_word' id='word_1_80' title='bbox 1376 1372 1730 1442; x_wconf 88' lang='lat' dir='ltr'><strong>Optatissimo</strong></span> <span class='ocrx_word' id='word_1_81' title='bbox 1782 1371 1923 1424; x_wconf 91' lang='lat' dir='ltr'><strong>dono</strong></span> 
     </span>
    </p>
   </div>
   <div class='ocr_carea' id='block_1_14' title="bbox 342 1462 1922 1537">
    <p class='ocr_par' dir='ltr' id='par_1_14' title="bbox 342 1462 1922 1537">
     <span class='ocr_line' id='line_1_14' title="bbox 342 1462 1922 1537; baseline -0.008 -14"><span class='ocrx_word' id='word_1_82' title='bbox 342 1470 613 1537; x_wconf 68' lang='lat' dir='ltr'><strong>adjuncta:</strong></span> <span class='ocrx_word' id='word_1_83' title='bbox 671 1478 829 1522; x_wconf 90' lang='lat' dir='ltr'><strong>erant</strong></span> <span class='ocrx_word' id='word_1_84' title='bbox 884 1466 1072 1519; x_wconf 65' lang='lat' dir='ltr'><strong>littera:</strong></span> <span class='ocrx_word' id='word_1_85' title='bbox 1132 1463 1384 1517; x_wconf 75' lang='lat' dir='ltr'><strong>Ecclesia:</strong></span> <span class='ocrx_word' id='word_1_86' title='bbox 1444 1462 1746 1523; x_wconf 69' lang='lat' dir='ltr'><strong>Gotthicae,</strong></span> <span class='ocrx_word' id='word_1_87' title='bbox 1812 1469 1922 1513; x_wconf 91' lang='lat' dir='ltr'><strong>tum</strong></span> 
     </span>
    </p>
   </div>
   <div class='ocr_carea' id='block_1_15' title="bbox 340 1554 1919 1622">
    <p class='ocr_par' dir='ltr' id='par_1_15' title="bbox 340 1554 1919 1622">
     <span class='ocr_line' id='line_1_15' title="bbox 340 1554 1919 1622; baseline -0.008 -6"><span class='ocrx_word' id='word_1_88' title='bbox 340 1562 507 1617; x_wconf 82' lang='lat' dir='ltr'><strong>etiam</strong></span> <span class='ocrx_word' id='word_1_89' title='bbox 562 1559 683 1613; x_wconf 63' lang='lat' dir='ltr'><strong>alia:</strong></span> <span class='ocrx_word' id='word_1_90' title='bbox 728 1560 867 1622; x_wconf 67' lang='lat' dir='ltr'><strong>dum,</strong></span> <span class='ocrx_word' id='word_1_91' title='bbox 899 1556 1140 1611; x_wconf 87' lang='lat' dir='ltr'><strong>Ascholii</strong></span> <span class='ocrx_word' id='word_1_92' title='bbox 1192 1566 1245 1608; x_wconf 89' lang='lat' dir='ltr'><strong>et</strong></span> <span class='ocrx_word' id='word_1_93' title='bbox 1276 1555 1493 1608; x_wconf 87' lang='lat' dir='ltr'><strong>Sorani.</strong></span> <span class='ocrx_word' id='word_1_94' title='bbox 1527 1554 1749 1608; x_wconf 76' lang='lat' dir='ltr'><strong>Etiamsi</strong></span> <span class='ocrx_word' id='word_1_95' title='bbox 1778 1554 1919 1607; x_wconf 86' lang='lat' dir='ltr'><strong>enim</strong></span> 
     </span>
    </p>
   </div>
   <div class='ocr_carea' id='block_1_16' title="bbox 341 1646 1923 1720">
    <p class='ocr_par' dir='ltr' id='par_1_16' title="bbox 341 1646 1923 1720">
     <span class='ocr_line' id='line_1_16' title="bbox 341 1646 1923 1720; baseline -0.006 -13"><span class='ocrx_word' id='word_1_96' title='bbox 341 1653 632 1707; x_wconf 81' lang='lat' dir='ltr'><strong>Ascbolius</strong></span> <span class='ocrx_word' id='word_1_97' title='bbox 662 1650 946 1720; x_wconf 87' lang='lat' dir='ltr'><strong>epistolam</strong></span> <span class='ocrx_word' id='word_1_98' title='bbox 971 1648 1225 1703; x_wconf 73' lang='lat' dir='ltr'><strong>Ecclesize</strong></span> <span class='ocrx_word' id='word_1_99' title='bbox 1248 1646 1535 1710; x_wconf 64' lang='lat' dir='ltr'><strong>Gotthicze,</strong></span> <span class='ocrx_word' id='word_1_100' title='bbox 1568 1656 1627 1700; x_wconf 90' lang='lat' dir='ltr'><strong>ut</strong></span> <span class='ocrx_word' id='word_1_101' title='bbox 1646 1647 1923 1699; x_wconf 79' lang='lat' dir='ltr'><strong>existimat</strong></span> 
     </span>
    </p>
   </div>
   <div class='ocr_carea' id='block_1_17' title="bbox 341 1738 1921 1809">
    <p class='ocr_par' dir='ltr' id='par_1_17' title="bbox 341 1738 1921 1809">
     <span class='ocr_line' id='line_1_17' title="bbox 341 1738 1921 1809; baseline -0.005 -10"><span class='ocrx_word' id='word_1_102' title='bbox 341 1744 744 1806; x_wconf 85' lang='lat' dir='ltr'><strong>Tillemontius,</strong></span> <span class='ocrx_word' id='word_1_103' title='bbox 803 1742 1090 1809; x_wconf 77' lang='lat' dir='ltr'><strong>scripsisse</strong></span> <span class='ocrx_word' id='word_1_104' title='bbox 1136 1740 1382 1804; x_wconf 86' lang='lat' dir='ltr'><strong>dicatur;</strong></span> <span class='ocrx_word' id='word_1_105' title='bbox 1429 1749 1576 1792; x_wconf 91' lang='lat' dir='ltr'><strong>certe</strong></span> <span class='ocrx_word' id='word_1_106' title='bbox 1610 1738 1769 1790; x_wconf 80' lang='lat' dir='ltr'><strong>aliam</strong></span> <span class='ocrx_word' id='word_1_107' title='bbox 1824 1754 1921 1791; x_wconf 93' lang='lat' dir='ltr'><strong>suo</strong></span> 
     </span>
    </p>
   </div>
   <div class='ocr_carea' id='block_1_18' title="bbox 340 1810 1993 1902">
    <p class='ocr_par' dir='ltr' id='par_1_18' title="bbox 340 1810 1993 1902">
     <span class='ocr_line' id='line_1_18' title="bbox 340 1810 1993 1902; baseline -0.007 -11"><span class='ocrx_word' id='word_1_108' title='bbox 340 1842 558 1891; x_wconf 86' lang='lat' dir='ltr'><strong>nomine</strong></span> <span class='ocrx_word' id='word_1_109' title='bbox 583 1834 785 1902; x_wconf 85' lang='lat' dir='ltr'><strong>adjecit</strong></span> <span class='ocrx_word' id='word_1_110' title='bbox 825 1834 922 1902; x_wconf 91' lang='lat' dir='ltr'><strong>(a).</strong></span> <span class='ocrx_word' id='word_1_111' title='bbox 966 1832 1098 1885; x_wconf 80' lang='lat' dir='ltr'><strong>Nam</strong></span> <span class='ocrx_word' id='word_1_112' title='bbox 1130 1831 1414 1884; x_wconf 79' lang='lat' dir='ltr'><strong>Ascholius</strong></span> <span class='ocrx_word' id='word_1_113' title='bbox 1453 1832 1504 1882; x_wconf 92' lang='lat' dir='ltr'><strong>in</strong></span> <span class='ocrx_word' id='word_1_114' title='bbox 1560 1831 1671 1882; x_wconf 86' lang='lat' dir='ltr'><strong>suis</strong></span> <span class='ocrx_word' id='word_1_115' title='bbox 1719 1831 1781 1882; x_wconf 88' lang='lat' dir='ltr'><strong>ad</strong></span> <span class='ocrx_word' id='word_1_116' title='bbox 1816 1829 1918 1881; x_wconf 85' lang='lat' dir='ltr'><strong>Ba-</strong></span> <span class='ocrx_word' id='word_1_117' title='bbox 1953 1810 1993 1861; x_wconf 74' lang='grc' dir='ltr'>Β</span> 
     </span>
    </p>
   </div>
   <div class='ocr_carea' id='block_1_19' title="bbox 338 1920 1920 1992">
    <p class='ocr_par' dir='ltr' id='par_1_19' title="bbox 338 1920 1920 1992">
     <span class='ocr_line' id='line_1_19' title="bbox 338 1920 1920 1992; baseline -0.008 -9"><span class='ocrx_word' id='word_1_118' title='bbox 338 1930 517 1983; x_wconf 89' lang='lat' dir='ltr'><strong>silium</strong></span> <span class='ocrx_word' id='word_1_119' title='bbox 556 1928 757 1981; x_wconf 88' lang='lat' dir='ltr'><strong>litteris</strong></span> <span class='ocrx_word' id='word_1_120' title='bbox 784 1926 1039 1978; x_wconf 81' lang='lat' dir='ltr'><strong>laudabat</strong></span> <span class='ocrx_word' id='word_1_121' title='bbox 1068 1935 1312 1978; x_wconf 89' lang='lat' dir='ltr'><strong>sanctum</strong></span> <span class='ocrx_word' id='word_1_122' title='bbox 1350 1923 1628 1992; x_wconf 88' lang='lat' dir='ltr'><strong>Eutychen</strong></span> <span class='ocrx_word' id='word_1_123' title='bbox 1679 1932 1732 1975; x_wconf 93' lang='lat' dir='ltr'><strong>et</strong></span> <span class='ocrx_word' id='word_1_124' title='bbox 1776 1920 1920 1989; x_wconf 86' lang='lat' dir='ltr'><strong>Cap-</strong></span> 
     </span>
    </p>
   </div>
   <div class='ocr_carea' id='block_1_20' title="bbox 337 2011 1919 2089">
    <p class='ocr_par' dir='ltr' id='par_1_20' title="bbox 337 2011 1919 2089">
     <span class='ocr_line' id='line_1_20' title="bbox 337 2011 1919 2089; baseline -0.004 -17"><span class='ocrx_word' id='word_1_125' title='bbox 337 2020 641 2089; x_wconf 84' lang='lat' dir='ltr'><strong>padociam,</strong></span> <span class='ocrx_word' id='word_1_126' title='bbox 679 2032 744 2070; x_wconf 77' lang='lat' dir='ltr'><strong>ex</strong></span> <span class='ocrx_word' id='word_1_127' title='bbox 767 2031 873 2084; x_wconf 89' lang='lat' dir='ltr'><strong>qua</strong></span> <span class='ocrx_word' id='word_1_128' title='bbox 893 2016 1099 2068; x_wconf 88' lang='lat' dir='ltr'><strong>semina</strong></span> <span class='ocrx_word' id='word_1_129' title='bbox 1128 2015 1343 2082; x_wconf 90' lang='lat' dir='ltr'><strong>pietatis</strong></span> <span class='ocrx_word' id='word_1_130' title='bbox 1365 2016 1501 2081; x_wconf 86' lang='lat' dir='ltr'><strong>apud</strong></span> <span class='ocrx_word' id='word_1_131' title='bbox 1535 2011 1764 2066; x_wconf 86' lang='lat' dir='ltr'><strong>Gotthos</strong></span> <span class='ocrx_word' id='word_1_132' title='bbox 1796 2028 1919 2079; x_wconf 86' lang='lat' dir='ltr'><strong>per-</strong></span> 
     </span>
    </p>
   </div>
   <div class='ocr_carea' id='block_1_21' title="bbox 336 2104 1920 2173">
    <p class='ocr_par' dir='ltr' id='par_1_21' title="bbox 336 2104 1920 2173">
     <span class='ocr_line' id='line_1_21' title="bbox 336 2104 1920 2173; baseline -0.003 -11"><span class='ocrx_word' id='word_1_133' title='bbox 336 2119 625 2164; x_wconf 84' lang='lat' dir='ltr'><strong>venerant.</strong></span> <span class='ocrx_word' id='word_1_134' title='bbox 664 2109 733 2160; x_wconf 82' lang='lat' dir='ltr'><strong>At</strong></span> <span class='ocrx_word' id='word_1_135' title='bbox 763 2106 899 2160; x_wconf 87' lang='lat' dir='ltr'><strong>nihil</strong></span> <span class='ocrx_word' id='word_1_136' title='bbox 944 2104 1209 2172; x_wconf 88' lang='lat' dir='ltr'><strong>ejusmodi</strong></span> <span class='ocrx_word' id='word_1_137' title='bbox 1268 2106 1466 2173; x_wconf 80' lang='lat' dir='ltr'><strong>legitur</strong></span> <span class='ocrx_word' id='word_1_138' title='bbox 1508 2104 1559 2156; x_wconf 89' lang='lat' dir='ltr'><strong>in</strong></span> <span class='ocrx_word' id='word_1_139' title='bbox 1592 2104 1784 2157; x_wconf 86' lang='lat' dir='ltr'><strong>litteris</strong></span> <span class='ocrx_word' id='word_1_140' title='bbox 1818 2105 1920 2157; x_wconf 83' lang='lat' dir='ltr'><strong>Ec-</strong></span> 
     </span>
    </p>
   </div>
   <div class='ocr_carea' id='block_1_22' title="bbox 338 2200 1919 2266">
    <p class='ocr_par' dir='ltr' id='par_1_22' title="bbox 338 2200 1919 2266">
     <span class='ocr_line' id='line_1_22' title="bbox 338 2200 1919 2266; baseline -0.002 -8"><span class='ocrx_word' id='word_1_141' title='bbox 338 2204 513 2259; x_wconf 71' lang='lat' dir='ltr'><strong>clesiae</strong></span> <span class='ocrx_word' id='word_1_142' title='bbox 544 2202 837 2257; x_wconf 67' lang='lat' dir='ltr'><strong>Gottbicaa.</strong></span> <span class='ocrx_word' id='word_1_143' title='bbox 897 2200 1203 2266; x_wconf 82' lang='lat' dir='ltr'><strong>Quinetiam</strong></span> <span class='ocrx_word' id='word_1_144' title='bbox 1236 2218 1341 2253; x_wconf 87' lang='lat' dir='ltr'><strong>non</strong></span> <span class='ocrx_word' id='word_1_145' title='bbox 1398 2201 1667 2254; x_wconf 87' lang='lat' dir='ltr'><strong>immerito</strong></span> <span class='ocrx_word' id='word_1_146' title='bbox 1709 2201 1919 2255; x_wconf 90' lang='lat' dir='ltr'><strong>dubite—</strong></span> 
     </span>
    </p>
   </div>
   <div class='ocr_carea' id='block_1_23' title="bbox 338 2292 1920 2359">
    <p class='ocr_par' dir='ltr' id='par_1_23' title="bbox 338 2292 1920 2359">
     <span class='ocr_line' id='line_1_23' title="bbox 338 2292 1920 2359; baseline -0.003 -8"><span class='ocrx_word' id='word_1_147' title='bbox 338 2308 448 2359; x_wconf 90' lang='lat' dir='ltr'><strong>tur,</strong></span> <span class='ocrx_word' id='word_1_148' title='bbox 504 2312 574 2349; x_wconf 90' lang='lat' dir='ltr'><strong>an</strong></span> <span class='ocrx_word' id='word_1_149' title='bbox 627 2296 938 2349; x_wconf 90' lang='lat' dir='ltr'><strong>litterarum</strong></span> <span class='ocrx_word' id='word_1_150' title='bbox 995 2294 1248 2348; x_wconf 79' lang='lat' dir='ltr'><strong>Ecclesia:</strong></span> <span class='ocrx_word' id='word_1_151' title='bbox 1302 2292 1569 2349; x_wconf 76' lang='lat' dir='ltr'><strong>Gouhica:</strong></span> <span class='ocrx_word' id='word_1_152' title='bbox 1625 2304 1813 2348; x_wconf 87' lang='lat' dir='ltr'><strong>auctor</strong></span> <span class='ocrx_word' id='word_1_153' title='bbox 1850 2295 1920 2347; x_wconf 91' lang='lat' dir='ltr'><strong>sit</strong></span> 
     </span>
    </p>
   </div>
   <div class='ocr_carea' id='block_1_24' title="bbox 336 2382 1917 2439">
    <p class='ocr_par' dir='ltr' id='par_1_24' title="bbox 336 2382 1917 2439">
     <span class='ocr_line' id='line_1_24' title="bbox 336 2382 1917 2439; baseline -0.001 0"><span class='ocrx_word' id='word_1_154' title='bbox 336 2396 556 2439; x_wconf 87' lang='lat' dir='ltr'><strong>sanctus</strong></span> <span class='ocrx_word' id='word_1_155' title='bbox 590 2384 906 2439; x_wconf 79' lang='lat' dir='ltr'><strong>Ascbolius.</strong></span> <span class='ocrx_word' id='word_1_156' title='bbox 938 2382 1072 2436; x_wconf 86' lang='lat' dir='ltr'><strong>Nam</strong></span> <span class='ocrx_word' id='word_1_157' title='bbox 1124 2399 1246 2436; x_wconf 92' lang='lat' dir='ltr'><strong>cum</strong></span> <span class='ocrx_word' id='word_1_158' title='bbox 1277 2382 1357 2435; x_wconf 79' lang='lat' dir='ltr'><strong>lue</strong></span> <span class='ocrx_word' id='word_1_159' title='bbox 1384 2382 1579 2436; x_wconf 78' lang='lat' dir='ltr'><strong>littera:</strong></span> <span class='ocrx_word' id='word_1_160' title='bbox 1609 2394 1917 2437; x_wconf 85' lang='lat' dir='ltr'><strong>accuratam</strong></span> 
     </span>
    </p>
   </div>
   <div class='ocr_carea' id='block_1_25' title="bbox 333 2472 1916 2544">
    <p class='ocr_par' dir='ltr' id='par_1_25' title="bbox 333 2472 1916 2544">
     <span class='ocr_line' id='line_1_25' title="bbox 333 2472 1916 2544; baseline -0.001 -15"><span class='ocrx_word' id='word_1_161' title='bbox 333 2476 565 2529; x_wconf 83' lang='lat' dir='ltr'><strong>habeant</strong></span> <span class='ocrx_word' id='word_1_162' title='bbox 620 2475 868 2544; x_wconf 88' lang='lat' dir='ltr'><strong>martyrii</strong></span> <span class='ocrx_word' id='word_1_163' title='bbox 929 2474 1101 2527; x_wconf 89' lang='lat' dir='ltr'><strong>sancti</strong></span> <span class='ocrx_word' id='word_1_164' title='bbox 1145 2472 1303 2526; x_wconf 65' lang='lat' dir='ltr'><strong>Saba:</strong></span> <span class='ocrx_word' id='word_1_165' title='bbox 1360 2474 1824 2541; x_wconf 84' lang='lat' dir='ltr'><strong>descriptionem;</strong></span> <span class='ocrx_word' id='word_1_166' title='bbox 1871 2475 1916 2527; x_wconf 92' lang='lat' dir='ltr'><strong>si</strong></span> 
     </span>
    </p>
   </div>
   <div class='ocr_carea' id='block_1_26' title="bbox 334 2564 1919 2634">
    <p class='ocr_par' dir='ltr' id='par_1_26' title="bbox 334 2564 1919 2634">
     <span class='ocr_line' id='line_1_26' title="bbox 334 2564 1919 2634; baseline -0.001 -13"><span class='ocrx_word' id='word_1_167' title='bbox 334 2584 426 2622; x_wconf 91' lang='lat' dir='ltr'><strong>eas</strong></span> <span class='ocrx_word' id='word_1_168' title='bbox 455 2567 773 2634; x_wconf 89' lang='lat' dir='ltr'><strong>scripsisset</strong></span> <span class='ocrx_word' id='word_1_169' title='bbox 830 2576 1054 2619; x_wconf 82' lang='lat' dir='ltr'><strong>sanctus</strong></span> <span class='ocrx_word' id='word_1_170' title='bbox 1099 2564 1383 2618; x_wconf 83' lang='lat' dir='ltr'><strong>Ascholius</strong></span> <span class='ocrx_word' id='word_1_171' title='bbox 1407 2604 1423 2629; x_wconf 89' lang='lat'><strong>,</strong></span> <span class='ocrx_word' id='word_1_172' title='bbox 1461 2580 1566 2618; x_wconf 91' lang='lat' dir='ltr'><strong>non</strong></span> <span class='ocrx_word' id='word_1_173' title='bbox 1626 2564 1782 2619; x_wconf 91' lang='lat' dir='ltr'><strong>video</strong></span> <span class='ocrx_word' id='word_1_174' title='bbox 1822 2580 1919 2619; x_wconf 91' lang='lat' dir='ltr'><strong>cur</strong></span> 
     </span>
    </p>
   </div>
   <div class='ocr_carea' id='block_1_27' title="bbox 334 2654 1915 2713">
    <p class='ocr_par' dir='ltr' id='par_1_27' title="bbox 334 2654 1915 2713">
     <span class='ocr_line' id='line_1_27' title="bbox 334 2654 1915 2713; baseline -0.002 0"><span class='ocrx_word' id='word_1_175' title='bbox 334 2659 530 2713; x_wconf 84' lang='lat' dir='ltr'><strong>iterum</strong></span> <span class='ocrx_word' id='word_1_176' title='bbox 568 2659 621 2711; x_wconf 89' lang='lat' dir='ltr'><strong>in</strong></span> <span class='ocrx_word' id='word_1_177' title='bbox 652 2657 783 2711; x_wconf 90' lang='lat' dir='ltr'><strong>aliis</strong></span> <span class='ocrx_word' id='word_1_178' title='bbox 814 2659 877 2709; x_wconf 88' lang='lat' dir='ltr'><strong>ad</strong></span> <span class='ocrx_word' id='word_1_179' title='bbox 906 2665 1150 2710; x_wconf 85' lang='lat' dir='ltr'><strong>sanctqu</strong></span> <span class='ocrx_word' id='word_1_180' title='bbox 1186 2654 1444 2708; x_wconf 87' lang='lat' dir='ltr'><strong>Basilium</strong></span> <span class='ocrx_word' id='word_1_181' title='bbox 1476 2654 1670 2709; x_wconf 83' lang='lat' dir='ltr'><strong>litteris</strong></span> <span class='ocrx_word' id='word_1_182' title='bbox 1718 2656 1915 2710; x_wconf 86' lang='lat' dir='ltr'><strong>iterum</strong></span> 
     </span>
    </p>
   </div>
   <div class='ocr_carea' id='block_1_28' title="bbox 334 2747 1916 2819">
    <p class='ocr_par' dir='ltr' id='par_1_28' title="bbox 334 2747 1916 2819">
     <span class='ocr_line' id='line_1_28' title="bbox 334 2747 1916 2819; baseline -0.001 -16"><span class='ocrx_word' id='word_1_183' title='bbox 334 2751 471 2805; x_wconf 91' lang='lat' dir='ltr'><strong>idem</strong></span> <span class='ocrx_word' id='word_1_184' title='bbox 511 2750 840 2819; x_wconf 84' lang='lat' dir='ltr'><strong>martyrium</strong></span> <span class='ocrx_word' id='word_1_185' title='bbox 890 2748 1269 2816; x_wconf 86' lang='lat' dir='ltr'><strong>descripsisset</strong></span> <span class='ocrx_word' id='word_1_186' title='bbox 1303 2764 1315 2798; x_wconf 88' lang='lat'>:</span> <span class='ocrx_word' id='word_1_187' title='bbox 1376 2750 1517 2815; x_wconf 91' lang='lat' dir='ltr'><strong>quod</strong></span> <span class='ocrx_word' id='word_1_188' title='bbox 1555 2758 1732 2801; x_wconf 90' lang='lat' dir='ltr'><strong>tamen</strong></span> <span class='ocrx_word' id='word_1_189' title='bbox 1761 2747 1916 2801; x_wconf 91' lang='lat' dir='ltr'><strong>Basi-</strong></span> 
     </span>
    </p>
   </div>
   <div class='ocr_carea' id='block_1_29' title="bbox 334 2838 1917 2908">
    <p class='ocr_par' dir='ltr' id='par_1_29' title="bbox 334 2838 1917 2908">
     <span class='ocr_line' id='line_1_29' title="bbox 334 2838 1917 2908; baseline -0.004 -10"><span class='ocrx_word' id='word_1_190' title='bbox 334 2845 437 2898; x_wconf 92' lang='lat' dir='ltr'><strong>lius</strong></span> <span class='ocrx_word' id='word_1_191' title='bbox 485 2847 555 2898; x_wconf 90' lang='lat' dir='ltr'><strong>ab</strong></span> <span class='ocrx_word' id='word_1_192' title='bbox 607 2859 674 2897; x_wconf 91' lang='lat' dir='ltr'><strong>eo</strong></span> <span class='ocrx_word' id='word_1_193' title='bbox 721 2851 957 2896; x_wconf 87' lang='lat' dir='ltr'><strong>testatur</strong></span> <span class='ocrx_word' id='word_1_194' title='bbox 1007 2840 1337 2908; x_wconf 88' lang='lat' dir='ltr'><strong>descriptum</strong></span> <span class='ocrx_word' id='word_1_195' title='bbox 1380 2839 1543 2893; x_wconf 81' lang='lat' dir='ltr'><strong>fuisse</strong></span> <span class='ocrx_word' id='word_1_196' title='bbox 1583 2840 1634 2892; x_wconf 95' lang='lat' dir='ltr'><strong>in</strong></span> <span class='ocrx_word' id='word_1_197' title='bbox 1679 2838 1764 2891; x_wconf 88' lang='lat' dir='ltr'><strong>illa</strong></span> <span class='ocrx_word' id='word_1_198' title='bbox 1803 2840 1917 2906; x_wconf 88' lang='lat' dir='ltr'><strong>epi-</strong></span> 
     </span>
    </p>
   </div>
   <div class='ocr_carea' id='block_1_30' title="bbox 336 2932 1916 3003">
    <p class='ocr_par' dir='ltr' id='par_1_30' title="bbox 336 2932 1916 3003">
     <span class='ocr_line' id='line_1_30' title="bbox 336 2932 1916 3003; baseline -0.003 -14"><span class='ocrx_word' id='word_1_199' title='bbox 336 2937 499 2996; x_wconf 77' lang='lat' dir='ltr'><strong>stola,</strong></span> <span class='ocrx_word' id='word_1_200' title='bbox 530 2950 651 3003; x_wconf 74' lang='lat' dir='ltr'><strong>qua:</strong></span> <span class='ocrx_word' id='word_1_201' title='bbox 687 2942 935 2987; x_wconf 87' lang='lat' dir='ltr'><strong>sanctum</strong></span> <span class='ocrx_word' id='word_1_202' title='bbox 967 2932 1244 3003; x_wconf 82' lang='lat' dir='ltr'><strong>Eutychen</strong></span> <span class='ocrx_word' id='word_1_203' title='bbox 1280 2945 1332 2987; x_wconf 88' lang='lat' dir='ltr'><strong>et</strong></span> <span class='ocrx_word' id='word_1_204' title='bbox 1360 2932 1753 3001; x_wconf 83' lang='lat' dir='ltr'><strong>Cappadociam</strong></span> <span class='ocrx_word' id='word_1_205' title='bbox 1800 2933 1916 2985; x_wconf 79' lang='lat' dir='ltr'><strong>lou-</strong></span> 
     </span>
    </p>
   </div>
   <div class='ocr_carea' id='block_1_31' title="bbox 333 3028 512 3082">
    <p class='ocr_par' dir='ltr' id='par_1_31' title="bbox 333 3028 512 3082">
     <span class='ocr_line' id='line_1_31' title="bbox 333 3028 512 3082; baseline -0.011 0"><span class='ocrx_word' id='word_1_206' title='bbox 333 3028 512 3082; x_wconf 85' lang='lat' dir='ltr'><strong>dabat.</strong></span> 
     </span>
    </p>
   </div>
   <div class='ocr_carea' id='block_1_32' title="bbox 401 3112 1980 3200">
    <p class='ocr_par' dir='ltr' id='par_1_32' title="bbox 401 3112 1980 3200">
     <span class='ocr_line' id='line_1_32' title="bbox 401 3112 1980 3200; baseline -0.002 -29"><span class='ocrx_word' id='word_1_207' title='bbox 401 3117 539 3171; x_wconf 86' lang='lat' dir='ltr'><strong>Cum</strong></span> <span class='ocrx_word' id='word_1_208' title='bbox 574 3118 753 3171; x_wconf 88' lang='lat' dir='ltr'><strong>sancti</strong></span> <span class='ocrx_word' id='word_1_209' title='bbox 791 3115 1030 3171; x_wconf 83' lang='lat' dir='ltr'><strong>Ascholii</strong></span> <span class='ocrx_word' id='word_1_210' title='bbox 1062 3114 1256 3169; x_wconf 69' lang='lat' dir='ltr'><strong>litterae</strong></span> <span class='ocrx_word' id='word_1_211' title='bbox 1304 3112 1542 3182; x_wconf 88' lang='lat' dir='ltr'><strong>Spiritus</strong></span> <span class='ocrx_word' id='word_1_212' title='bbox 1569 3115 1742 3169; x_wconf 86' lang='lat' dir='ltr'><strong>sancti</strong></span> <span class='ocrx_word' id='word_1_213' title='bbox 1788 3131 1912 3183; x_wconf 89' lang='lat' dir='ltr'><strong>gra-</strong></span> <span class='ocrx_word' id='word_1_214' title='bbox 1940 3145 1980 3200; x_wconf 64' lang='grc' dir='ltr'><strong>ρ</strong></span> 
     </span>
    </p>
   </div>
   <div class='ocr_carea' id='block_1_33' title="bbox 333 3207 1911 3272">
    <p class='ocr_par' dir='ltr' id='par_1_33' title="bbox 333 3207 1911 3272">
     <span class='ocr_line' id='line_1_33' title="bbox 333 3207 1911 3272; baseline -0.003 -7"><span class='ocrx_word' id='word_1_215' title='bbox 333 3212 407 3264; x_wconf 88' lang='lat' dir='ltr'><strong>tia</strong></span> <span class='ocrx_word' id='word_1_216' title='bbox 430 3221 731 3272; x_wconf 88' lang='lat' dir='ltr'><strong>scaterent,</strong></span> <span class='ocrx_word' id='word_1_217' title='bbox 772 3209 922 3262; x_wconf 85' lang='lat' dir='ltr'><strong>visus</strong></span> <span class='ocrx_word' id='word_1_218' title='bbox 956 3218 1040 3262; x_wconf 92' lang='lat' dir='ltr'><strong>est</strong></span> <span class='ocrx_word' id='word_1_219' title='bbox 1080 3208 1182 3261; x_wconf 88' lang='lat' dir='ltr'><strong>sibi</strong></span> <span class='ocrx_word' id='word_1_220' title='bbox 1220 3207 1469 3270; x_wconf 84' lang='lat' dir='ltr'><strong>Basilius,</strong></span> <span class='ocrx_word' id='word_1_221' title='bbox 1526 3208 1649 3259; x_wconf 90' lang='lat' dir='ltr'><strong>dum</strong></span> <span class='ocrx_word' id='word_1_222' title='bbox 1694 3224 1788 3261; x_wconf 90' lang='lat' dir='ltr'><strong>eas</strong></span> <span class='ocrx_word' id='word_1_223' title='bbox 1837 3208 1911 3261; x_wconf 87' lang='lat' dir='ltr'><strong>Ie-</strong></span> 
     </span>
    </p>
   </div>
   <div class='ocr_carea' id='block_1_34' title="bbox 332 3298 1912 3370">
    <p class='ocr_par' dir='ltr' id='par_1_34' title="bbox 332 3298 1912 3370">
     <span class='ocr_line' id='line_1_34' title="bbox 332 3298 1912 3370; baseline -0.001 -17"><span class='ocrx_word' id='word_1_224' title='bbox 332 3312 507 3370; x_wconf 84' lang='lat' dir='ltr'><strong>geret,</strong></span> <span class='ocrx_word' id='word_1_225' title='bbox 535 3300 735 3369; x_wconf 88' lang='lat' dir='ltr'><strong>priscis</strong></span> <span class='ocrx_word' id='word_1_226' title='bbox 797 3300 1131 3366; x_wconf 89' lang='lat' dir='ltr'><strong>temporibus</strong></span> <span class='ocrx_word' id='word_1_227' title='bbox 1191 3298 1421 3361; x_wconf 89' lang='lat' dir='ltr'><strong>versari,</strong></span> <span class='ocrx_word' id='word_1_228' title='bbox 1477 3312 1598 3350; x_wconf 90' lang='lat' dir='ltr'><strong>cum</strong></span> <span class='ocrx_word' id='word_1_229' title='bbox 1650 3298 1912 3353; x_wconf 66' lang='lat' dir='ltr'><strong>Ecclesiae</strong></span> 
     </span>
    </p>
   </div>
   <div class='ocr_carea' id='block_1_35' title="bbox 327 3390 1912 3457">
    <p class='ocr_par' dir='ltr' id='par_1_35' title="bbox 327 3390 1912 3457">
     <span class='ocr_line' id='line_1_35' title="bbox 327 3390 1912 3457; baseline 0 -14"><span class='ocrx_word' id='word_1_230' title='bbox 327 3405 543 3454; x_wconf 81' lang='lat' dir='ltr'><strong>omnes,</strong></span> <span class='ocrx_word' id='word_1_231' title='bbox 569 3390 720 3444; x_wconf 86' lang='lat' dir='ltr'><strong>velut</strong></span> <span class='ocrx_word' id='word_1_232' title='bbox 772 3392 939 3443; x_wconf 88' lang='lat' dir='ltr'><strong>multa</strong></span> <span class='ocrx_word' id='word_1_233' title='bbox 969 3390 1207 3444; x_wconf 85' lang='lat' dir='ltr'><strong>membra</strong></span> <span class='ocrx_word' id='word_1_234' title='bbox 1256 3390 1308 3442; x_wconf 92' lang='lat' dir='ltr'><strong>in</strong></span> <span class='ocrx_word' id='word_1_235' title='bbox 1344 3404 1452 3441; x_wconf 89' lang='lat' dir='ltr'><strong>uno</strong></span> <span class='ocrx_word' id='word_1_236' title='bbox 1479 3404 1725 3457; x_wconf 88' lang='lat' dir='ltr'><strong>corpore,</strong></span> <span class='ocrx_word' id='word_1_237' title='bbox 1764 3390 1912 3443; x_wconf 90' lang='lat' dir='ltr'><strong>miri-</strong></span> 
     </span>
    </p>
   </div>
   <div class='ocr_carea' id='block_1_36' title="bbox 329 3482 1908 3549">
    <p class='ocr_par' dir='ltr' id='par_1_36' title="bbox 329 3482 1908 3549">
     <span class='ocr_line' id='line_1_36' title="bbox 329 3482 1908 3549; baseline 0 -15"><span class='ocrx_word' id='word_1_238' title='bbox 329 3482 429 3534; x_wconf 84' lang='lat' dir='ltr'><strong>lice</strong></span> <span class='ocrx_word' id='word_1_239' title='bbox 460 3482 873 3546; x_wconf 83' lang='lat' dir='ltr'><strong>consentirent;</strong></span> <span class='ocrx_word' id='word_1_240' title='bbox 924 3498 1048 3536; x_wconf 90' lang='lat' dir='ltr'><strong>cum</strong></span> <span class='ocrx_word' id='word_1_241' title='bbox 1107 3482 1380 3536; x_wconf 82' lang='lat' dir='ltr'><strong>manifesti</strong></span> <span class='ocrx_word' id='word_1_242' title='bbox 1436 3491 1638 3543; x_wconf 84' lang='lat' dir='ltr'><strong>essent,</strong></span> <span class='ocrx_word' id='word_1_243' title='bbox 1701 3489 1756 3535; x_wconf 93' lang='lat' dir='ltr'><strong>et</strong></span> <span class='ocrx_word' id='word_1_244' title='bbox 1819 3483 1908 3549; x_wconf 90' lang='lat' dir='ltr'><strong>qui</strong></span> 
     </span>
    </p>
   </div>
   <div class='ocr_carea' id='block_1_37' title="bbox 327 3570 1907 3639">
    <p class='ocr_par' dir='ltr' id='par_1_37' title="bbox 327 3570 1907 3639">
     <span class='ocr_line' id='line_1_37' title="bbox 327 3570 1907 3639; baseline 0 -16"><span class='ocrx_word' id='word_1_245' title='bbox 327 3572 817 3637; x_wconf 86' lang='lat' dir='ltr'><strong>persequebantur,</strong></span> <span class='ocrx_word' id='word_1_246' title='bbox 848 3581 901 3624; x_wconf 90' lang='lat' dir='ltr'><strong>et</strong></span> <span class='ocrx_word' id='word_1_247' title='bbox 930 3571 1019 3639; x_wconf 90' lang='lat' dir='ltr'><strong>qui</strong></span> <span class='ocrx_word' id='word_1_248' title='bbox 1058 3572 1488 3639; x_wconf 85' lang='lat' dir='ltr'><strong>persecutionem</strong></span> <span class='ocrx_word' id='word_1_249' title='bbox 1542 3570 1907 3639; x_wconf 86' lang='lat' dir='ltr'><strong>patiebantur.</strong></span> 
     </span>
    </p>
   </div>
   <div class='ocr_carea' id='block_1_38' title="bbox 326 3660 1911 3730">
    <p class='ocr_par' dir='ltr' id='par_1_38' title="bbox 326 3660 1911 3730">
     <span class='ocr_line' id='line_1_38' title="bbox 326 3660 1911 3730; baseline 0.001 -17"><span class='ocrx_word' id='word_1_250' title='bbox 326 3662 509 3716; x_wconf 79' lang='lat' dir='ltr'><strong>Rediit</strong></span> <span class='ocrx_word' id='word_1_251' title='bbox 579 3662 797 3714; x_wconf 90' lang='lat' dir='ltr'><strong>animus</strong></span> <span class='ocrx_word' id='word_1_252' title='bbox 842 3660 1027 3715; x_wconf 85' lang='lat' dir='ltr'><strong>Basilii</strong></span> <span class='ocrx_word' id='word_1_253' title='bbox 1069 3663 1133 3716; x_wconf 88' lang='lat' dir='ltr'><strong>ad</strong></span> <span class='ocrx_word' id='word_1_254' title='bbox 1173 3664 1406 3730; x_wconf 90' lang='lat' dir='ltr'><strong>priscam</strong></span> <span class='ocrx_word' id='word_1_255' title='bbox 1442 3663 1587 3715; x_wconf 88' lang='lat' dir='ltr'><strong>illam</strong></span> <span class='ocrx_word' id='word_1_256' title='bbox 1620 3662 1911 3716; x_wconf 88' lang='lat' dir='ltr'><strong>beatitudi-</strong></span> 
     </span>
    </p>
   </div>
   <div class='ocr_carea' id='block_1_39' title="bbox 325 3752 1913 3823">
    <p class='ocr_par' dir='ltr' id='par_1_39' title="bbox 325 3752 1913 3823">
     <span class='ocr_line' id='line_1_39' title="bbox 325 3752 1913 3823; baseline 0 -18"><span class='ocrx_word' id='word_1_257' title='bbox 325 3769 473 3820; x_wconf 89' lang='lat' dir='ltr'><strong>nem,</strong></span> <span class='ocrx_word' id='word_1_258' title='bbox 509 3754 600 3807; x_wconf 91' lang='lat' dir='ltr'><strong>ubi</strong></span> <span class='ocrx_word' id='word_1_259' title='bbox 656 3753 850 3807; x_wconf 72' lang='lat' dir='ltr'><strong>littera:</strong></span> <span class='ocrx_word' id='word_1_260' title='bbox 896 3769 958 3807; x_wconf 80' lang='lat' dir='ltr'><strong>ex</strong></span> <span class='ocrx_word' id='word_1_261' title='bbox 994 3763 1199 3815; x_wconf 69' lang='lat' dir='ltr'><strong>remota</strong></span> <span class='ocrx_word' id='word_1_262' title='bbox 1248 3754 1469 3823; x_wconf 83' lang='lat' dir='ltr'><strong>regione</strong></span> <span class='ocrx_word' id='word_1_263' title='bbox 1505 3762 1800 3817; x_wconf 89' lang='lat' dir='ltr'><strong>venerunt,</strong></span> <span class='ocrx_word' id='word_1_264' title='bbox 1839 3752 1913 3806; x_wconf 85' lang='lat' dir='ltr'><strong>di-</strong></span> 
     </span>
    </p>
   </div>
   <div class='ocr_carea' id='block_1_40' title="bbox 325 3842 1913 3912">
    <p class='ocr_par' dir='ltr' id='par_1_40' title="bbox 325 3842 1913 3912">
     <span class='ocr_line' id='line_1_40' title="bbox 325 3842 1913 3912; baseline 0.003 -19"><span class='ocrx_word' id='word_1_265' title='bbox 325 3842 581 3897; x_wconf 88' lang='lat' dir='ltr'><strong>lectionis</strong></span> <span class='ocrx_word' id='word_1_266' title='bbox 631 3843 1033 3911; x_wconf 88' lang='lat' dir='ltr'><strong>pulchritudine</strong></span> <span class='ocrx_word' id='word_1_267' title='bbox 1088 3843 1524 3908; x_wconf 83' lang='lat' dir='ltr'><strong>elllorescentes;</strong></span> <span class='ocrx_word' id='word_1_268' title='bbox 1588 3860 1650 3898; x_wconf 87' lang='lat' dir='ltr'><strong>ac</strong></span> <span class='ocrx_word' id='word_1_269' title='bbox 1706 3853 1913 3912; x_wconf 90' lang='lat' dir='ltr'><strong>martyr</strong></span> 
     </span>
    </p>
   </div>
   <div class='ocr_carea' id='block_1_41' title="bbox 327 3936 1912 4006">
    <p class='ocr_par' dir='ltr' id='par_1_41' title="bbox 327 3936 1912 4006">
     <span class='ocr_line' id='line_1_41' title="bbox 327 3936 1912 4006; baseline 0.001 -18"><span class='ocrx_word' id='word_1_270' title='bbox 327 3936 546 3990; x_wconf 79' lang='lat' dir='ltr'><strong>advenit</strong></span> <span class='ocrx_word' id='word_1_271' title='bbox 588 3951 616 3987; x_wconf 91' lang='lat' dir='ltr'><strong>a</strong></span> <span class='ocrx_word' id='word_1_272' title='bbox 646 3936 891 3989; x_wconf 86' lang='lat' dir='ltr'><strong>barbaris</strong></span> <span class='ocrx_word' id='word_1_273' title='bbox 941 3936 1081 3989; x_wconf 90' lang='lat' dir='ltr'><strong>ultra</strong></span> <span class='ocrx_word' id='word_1_274' title='bbox 1138 3936 1334 3990; x_wconf 88' lang='lat' dir='ltr'><strong>Istrum</strong></span> <span class='ocrx_word' id='word_1_275' title='bbox 1390 3938 1778 4001; x_wconf 90' lang='lat' dir='ltr'><strong>habitantibus,</strong></span> <span class='ocrx_word' id='word_1_276' title='bbox 1814 3952 1912 4006; x_wconf 92' lang='lat' dir='ltr'><strong>per</strong></span> 
     </span>
    </p>
   </div>
   <div class='ocr_carea' id='block_1_42' title="bbox 327 4027 1908 4097">
    <p class='ocr_par' dir='ltr' id='par_1_42' title="bbox 327 4027 1908 4097">
     <span class='ocr_line' id='line_1_42' title="bbox 327 4027 1908 4097; baseline 0.001 -16"><span class='ocrx_word' id='word_1_277' title='bbox 327 4043 386 4081; x_wconf 89' lang='lat' dir='ltr'><strong>se</strong></span> <span class='ocrx_word' id='word_1_278' title='bbox 443 4030 559 4097; x_wconf 87' lang='lat' dir='ltr'><strong>ipse</strong></span> <span class='ocrx_word' id='word_1_279' title='bbox 620 4027 921 4095; x_wconf 78' lang='lat' dir='ltr'><strong>prtedicans</strong></span> <span class='ocrx_word' id='word_1_280' title='bbox 972 4027 1095 4081; x_wconf 90' lang='lat' dir='ltr'><strong>lidei</strong></span> <span class='ocrx_word' id='word_1_281' title='bbox 1168 4028 1277 4081; x_wconf 91' lang='lat' dir='ltr'><strong>illic</strong></span> <span class='ocrx_word' id='word_1_282' title='bbox 1333 4028 1565 4095; x_wconf 81' lang='lat' dir='ltr'><strong>vigentis</strong></span> <span class='ocrx_word' id='word_1_283' title='bbox 1622 4030 1908 4097; x_wconf 81' lang='lat' dir='ltr'><strong>integrita-</strong></span> 
     </span>
    </p>
   </div>
   <div class='ocr_carea' id='block_1_43' title="bbox 328 4134 459 4177">
    <p class='ocr_par' dir='ltr' id='par_1_43' title="bbox 328 4134 459 4177">
     <span class='ocr_line' id='line_1_43' title="bbox 328 4134 459 4177; baseline -0.031 0"><span class='ocrx_word' id='word_1_284' title='bbox 328 4134 459 4177; x_wconf 71' lang='lat' dir='ltr'><strong>tam.</strong></span> 
     </span>
    </p>
   </div>
   <div class='ocr_carea' id='block_1_44' title="bbox 400 4211 1908 4284">
    <p class='ocr_par' dir='ltr' id='par_1_44' title="bbox 400 4211 1908 4284">
     <span class='ocr_line' id='line_1_44' title="bbox 400 4211 1908 4284; baseline -0.003 -15"><span class='ocrx_word' id='word_1_285' title='bbox 400 4216 644 4284; x_wconf 85' lang='lat' dir='ltr'><strong>Epistola</strong></span> <span class='ocrx_word' id='word_1_286' title='bbox 712 4230 943 4283; x_wconf 88' lang='lat' dir='ltr'><strong>sequens</strong></span> <span class='ocrx_word' id='word_1_287' title='bbox 991 4212 1095 4283; x_wconf 86' lang='lat' dir='ltr'><strong>(b),</strong></span> <span class='ocrx_word' id='word_1_288' title='bbox 1148 4228 1266 4281; x_wconf 72' lang='lat' dir='ltr'><strong>quae</strong></span> <span class='ocrx_word' id='word_1_289' title='bbox 1320 4211 1492 4267; x_wconf 88' lang='lat' dir='ltr'><strong>eidem</strong></span> <span class='ocrx_word' id='word_1_290' title='bbox 1542 4211 1795 4265; x_wconf 82' lang='lat' dir='ltr'><strong>Ascholio</strong></span> <span class='ocrx_word' id='word_1_291' title='bbox 1856 4213 1908 4265; x_wconf 91' lang='lat' dir='ltr'><strong>in</strong></span> 
     </span>
    </p>
   </div>
   <div class='ocr_carea' id='block_1_45' title="bbox 336 4303 1908 4367">
    <p class='ocr_par' dir='ltr' id='par_1_45' title="bbox 336 4303 1908 4367">
     <span class='ocr_line' id='line_1_45' title="bbox 336 4303 1908 4367; baseline -0.001 -9"><span class='ocrx_word' id='word_1_292' title='bbox 336 4307 592 4358; x_wconf 83' lang='lat' dir='ltr'><strong>omnibus</strong></span> <span class='ocrx_word' id='word_1_293' title='bbox 648 4305 928 4359; x_wconf 88' lang='lat' dir='ltr'><strong>codicibus</strong></span> <span class='ocrx_word' id='word_1_294' title='bbox 960 4319 1090 4358; x_wconf 86' lang='lat' dir='ltr'><strong>mss.</strong></span> <span class='ocrx_word' id='word_1_295' title='bbox 1148 4315 1202 4358; x_wconf 92' lang='lat' dir='ltr'><strong>et</strong></span> <span class='ocrx_word' id='word_1_296' title='bbox 1254 4304 1412 4358; x_wconf 87' lang='lat' dir='ltr'><strong>editis</strong></span> <span class='ocrx_word' id='word_1_297' title='bbox 1469 4303 1805 4367; x_wconf 88' lang='lat' dir='ltr'><strong>inscribitur,</strong></span> <span class='ocrx_word' id='word_1_298' title='bbox 1856 4304 1908 4357; x_wconf 93' lang='lat' dir='ltr'><strong>in</strong></span> 
     </span>
    </p>
   </div>
   <div class='ocr_carea' id='block_1_46' title="bbox 330 4396 1907 4467">
    <p class='ocr_par' dir='ltr' id='par_1_46' title="bbox 330 4396 1907 4467">
     <span class='ocr_line' id='line_1_46' title="bbox 330 4396 1907 4467; baseline -0.002 -15"><span class='ocrx_word' id='word_1_299' title='bbox 330 4415 560 4467; x_wconf 83' lang='lat' dir='ltr'><strong>magnas</strong></span> <span class='ocrx_word' id='word_1_300' title='bbox 614 4398 956 4452; x_wconf 79' lang='lat' dir='ltr'><strong>dillicultates</strong></span> <span class='ocrx_word' id='word_1_301' title='bbox 1001 4396 1399 4451; x_wconf 88' lang='lat' dir='ltr'><strong>Tillemontium</strong></span> <span class='ocrx_word' id='word_1_302' title='bbox 1467 4397 1709 4465; x_wconf 88' lang='lat' dir='ltr'><strong>conjicit.</strong></span> <span class='ocrx_word' id='word_1_303' title='bbox 1774 4397 1907 4450; x_wconf 84' lang='lat' dir='ltr'><strong>Nam</strong></span> 
     </span>
    </p>
   </div>
   <div class='ocr_carea' id='block_1_47' title="bbox 2030 554 3596 625">
    <p class='ocr_par' dir='ltr' id='par_1_47' title="bbox 2030 554 3596 625">
     <span class='ocr_line' id='line_1_47' title="bbox 2030 554 3596 625; baseline 0.01 -20"><span class='ocrx_word' id='word_1_304' title='bbox 2030 555 2166 608; x_wconf 86' lang='lat' dir='ltr'><strong>sti...</strong></span> <span class='ocrx_word' id='word_1_305' title='bbox 2198 554 2266 607; x_wconf 82' lang='lat' dir='ltr'><strong>Et</strong></span> <span class='ocrx_word' id='word_1_306' title='bbox 2311 573 2428 609; x_wconf 82' lang='lat' dir='ltr'><strong>cum</strong></span> <span class='ocrx_word' id='word_1_307' title='bbox 2468 574 2562 625; x_wconf 85' lang='lat' dir='ltr'><strong>pro</strong></span> <span class='ocrx_word' id='word_1_308' title='bbox 2609 558 2715 624; x_wconf 78' lang='lat' dir='ltr'><strong>ﬁde</strong></span> <span class='ocrx_word' id='word_1_309' title='bbox 2764 562 3051 614; x_wconf 82' lang='lat' dir='ltr'><strong>certamina</strong></span> <span class='ocrx_word' id='word_1_310' title='bbox 3099 563 3403 622; x_wconf 77' lang='lat' dir='ltr'><strong>sustineres.</strong></span> <span class='ocrx_word' id='word_1_311' title='bbox 3434 566 3596 620; x_wconf 85' lang='lat' dir='ltr'><strong>Deum</strong></span> 
     </span>
    </p>
   </div>
   <div class='ocr_carea' id='block_1_48' title="bbox 2029 644 3599 719">
    <p class='ocr_par' dir='ltr' id='par_1_48' title="bbox 2029 644 3599 719">
     <span class='ocr_line' id='line_1_48' title="bbox 2029 644 3599 719; baseline 0.011 -24"><span class='ocrx_word' id='word_1_312' title='bbox 2029 644 2357 714; x_wconf 81' lang='lat' dir='ltr'><strong>gloriﬁcabat</strong></span> <span class='ocrx_word' id='word_1_313' title='bbox 2384 649 2558 715; x_wconf 87' lang='lat' dir='ltr'><strong>patria</strong></span> <span class='ocrx_word' id='word_1_314' title='bbox 2594 658 2794 713; x_wconf 85' lang='lat' dir='ltr'><strong>nostra,</strong></span> <span class='ocrx_word' id='word_1_315' title='bbox 2831 650 3018 702; x_wconf 87' lang='lat' dir='ltr'><strong>bonam</strong></span> <span class='ocrx_word' id='word_1_316' title='bbox 3058 666 3268 719; x_wconf 84' lang='lat' dir='ltr'><strong>patrum</strong></span> <span class='ocrx_word' id='word_1_317' title='bbox 3322 654 3599 711; x_wconf 76' lang='lat' dir='ltr'><strong>Itwredita-</strong></span> 
     </span>
    </p>
   </div>
   <div class='ocr_carea' id='block_1_49' title="bbox 2030 734 3595 814">
    <p class='ocr_par' dir='ltr' id='par_1_49' title="bbox 2030 734 3595 814">
     <span class='ocr_line' id='line_1_49' title="bbox 2030 734 3595 814; baseline 0.012 -31"><span class='ocrx_word' id='word_1_318' title='bbox 2030 742 2129 784; x_wconf 85' lang='lat' dir='ltr'><strong>tem</strong></span> <span class='ocrx_word' id='word_1_319' title='bbox 2159 734 2211 786; x_wconf 86' lang='lat' dir='ltr'><strong>in</strong></span> <span class='ocrx_word' id='word_1_320' title='bbox 2245 746 2292 786; x_wconf 85' lang='lat' dir='ltr'><strong>te</strong></span> <span class='ocrx_word' id='word_1_321' title='bbox 2322 735 2543 788; x_wconf 83' lang='lat' dir='ltr'><strong>audiens</strong></span> <span class='ocrx_word' id='word_1_322' title='bbox 2572 738 2845 790; x_wconf 77' lang='lat' dir='ltr'><strong>custodiri.</strong></span> <span class='ocrx_word' id='word_1_323' title='bbox 2880 739 2939 791; x_wconf 70' lang='lat'><strong>2°</strong></span> <span class='ocrx_word' id='word_1_324' title='bbox 2964 740 3276 795; x_wconf 87' lang='lat' dir='ltr'><strong>Certissime</strong></span> <span class='ocrx_word' id='word_1_325' title='bbox 3307 745 3595 814; x_wconf 75' lang='lat' dir='ltr'><strong>Cappadox</strong></span> 
     </span>
    </p>
   </div>
   <div class='ocr_carea' id='block_1_50' title="bbox 2029 823 3593 891">
    <p class='ocr_par' dir='ltr' id='par_1_50' title="bbox 2029 823 3593 891">
     <span class='ocr_line' id='line_1_50' title="bbox 2029 823 3593 891; baseline 0.008 -13"><span class='ocrx_word' id='word_1_326' title='bbox 2029 838 2147 878; x_wconf 83' lang='lat' dir='ltr'><strong>erat</strong></span> <span class='ocrx_word' id='word_1_327' title='bbox 2177 823 2368 881; x_wconf 87' lang='lat' dir='ltr'><strong>Junius</strong></span> <span class='ocrx_word' id='word_1_328' title='bbox 2418 828 2680 882; x_wconf 84' lang='lat' dir='ltr'><strong>Soranus.</strong></span> <span class='ocrx_word' id='word_1_329' title='bbox 2712 828 2781 881; x_wconf 89' lang='lat' dir='ltr'><strong>At</strong></span> <span class='ocrx_word' id='word_1_330' title='bbox 2817 830 2955 883; x_wconf 90' lang='lat' dir='ltr'><strong>idem</strong></span> <span class='ocrx_word' id='word_1_331' title='bbox 3013 832 3077 884; x_wconf 87' lang='lat' dir='ltr'><strong>de</strong></span> <span class='ocrx_word' id='word_1_332' title='bbox 3124 832 3178 885; x_wconf 90' lang='lat' dir='ltr'><strong>S.</strong></span> <span class='ocrx_word' id='word_1_333' title='bbox 3208 833 3460 889; x_wconf 86' lang='lat' dir='ltr'><strong>Ascholio</strong></span> <span class='ocrx_word' id='word_1_334' title='bbox 3488 838 3593 891; x_wconf 91' lang='lat' dir='ltr'><strong>dici</strong></span> 
     </span>
    </p>
   </div>
   <div class='ocr_carea' id='block_1_51' title="bbox 2029 922 3595 991">
    <p class='ocr_par' dir='ltr' id='par_1_51' title="bbox 2029 922 3595 991">
     <span class='ocr_line' id='line_1_51' title="bbox 2029 922 3595 991; baseline 0.006 -23"><span class='ocrx_word' id='word_1_335' title='bbox 2029 930 2134 969; x_wconf 92' lang='lat' dir='ltr'><strong>non</strong></span> <span class='ocrx_word' id='word_1_336' title='bbox 2202 926 2396 985; x_wconf 89' lang='lat' dir='ltr'><strong>potest,</strong></span> <span class='ocrx_word' id='word_1_337' title='bbox 2450 932 2611 986; x_wconf 89' lang='lat' dir='ltr'><strong>quem</strong></span> <span class='ocrx_word' id='word_1_338' title='bbox 2660 934 2935 987; x_wconf 85' lang='lat' dir='ltr'><strong>nunquam</strong></span> <span class='ocrx_word' id='word_1_339' title='bbox 2994 922 3205 976; x_wconf 82' lang='lat' dir='ltr'><strong>viderat</strong></span> <span class='ocrx_word' id='word_1_340' title='bbox 3248 924 3499 991; x_wconf 84' lang='lat' dir='ltr'><strong>Basilius,</strong></span> <span class='ocrx_word' id='word_1_341' title='bbox 3540 938 3595 979; x_wconf 89' lang='lat' dir='ltr'><strong>ut</strong></span> 
     </span>
    </p>
   </div>
   <div class='ocr_carea' id='block_1_52' title="bbox 2030 1008 3594 1084">
    <p class='ocr_par' dir='ltr' id='par_1_52' title="bbox 2030 1008 3594 1084">
     <span class='ocr_line' id='line_1_52' title="bbox 2030 1008 3594 1084; baseline 0.009 -27"><span class='ocrx_word' id='word_1_342' title='bbox 2030 1016 2178 1074; x_wconf 91' lang='lat' dir='ltr'><strong>patet</strong></span> <span class='ocrx_word' id='word_1_343' title='bbox 2205 1023 2269 1061; x_wconf 83' lang='lat' dir='ltr'><strong>ex</strong></span> <span class='ocrx_word' id='word_1_344' title='bbox 2299 1008 2450 1062; x_wconf 91' lang='lat' dir='ltr'><strong>initio</strong></span> <span class='ocrx_word' id='word_1_345' title='bbox 2481 1010 2723 1077; x_wconf 69' lang='lat' dir='ltr'><strong>epistola:</strong></span> <span class='ocrx_word' id='word_1_346' title='bbox 2770 1009 2890 1064; x_wconf 76' lang='grc'>154.</span> <span class='ocrx_word' id='word_1_347' title='bbox 2920 1011 2973 1063; x_wconf 92' lang='lat' dir='ltr'><strong>ln</strong></span> <span class='ocrx_word' id='word_1_348' title='bbox 3016 1013 3247 1065; x_wconf 89' lang='lat' dir='ltr'><strong>secunda</strong></span> <span class='ocrx_word' id='word_1_349' title='bbox 3271 1018 3494 1084; x_wconf 88' lang='lat' dir='ltr'><strong>epistola</strong></span> <span class='ocrx_word' id='word_1_350' title='bbox 3529 1020 3594 1071; x_wconf 89' lang='lat' dir='ltr'><strong>ad</strong></span> 
     </span>
    </p>
   </div>
   <div class='ocr_carea' id='block_1_53' title="bbox 2029 1101 3594 1173">
    <p class='ocr_par' dir='ltr' id='par_1_53' title="bbox 2029 1101 3594 1173">
     <span class='ocr_line' id='line_1_53' title="bbox 2029 1101 3594 1173; baseline 0.008 -22"><span class='ocrx_word' id='word_1_351' title='bbox 2029 1112 2150 1151; x_wconf 90' lang='lat' dir='ltr'><strong>eum</strong></span> <span class='ocrx_word' id='word_1_352' title='bbox 2187 1101 2413 1170; x_wconf 89' lang='lat' dir='ltr'><strong>scripta,</strong></span> <span class='ocrx_word' id='word_1_353' title='bbox 2442 1115 2562 1169; x_wconf 76' lang='lat' dir='ltr'><strong>quae</strong></span> <span class='ocrx_word' id='word_1_354' title='bbox 2590 1112 2671 1156; x_wconf 92' lang='lat' dir='ltr'><strong>est</strong></span> <span class='ocrx_word' id='word_1_355' title='bbox 2724 1101 2849 1169; x_wconf 71' lang='grc'>164,</span> <span class='ocrx_word' id='word_1_356' title='bbox 2877 1104 3079 1170; x_wconf 76' lang='lat' dir='ltr'><strong>gratias</strong></span> <span class='ocrx_word' id='word_1_357' title='bbox 3127 1106 3174 1159; x_wconf 90' lang='lat' dir='ltr'><strong>ei</strong></span> <span class='ocrx_word' id='word_1_358' title='bbox 3212 1109 3319 1173; x_wconf 79' lang='lat' dir='ltr'><strong>agit</strong></span> <span class='ocrx_word' id='word_1_359' title='bbox 3364 1106 3594 1163; x_wconf 86' lang='lat' dir='ltr'><strong>Basilius</strong></span> 
     </span>
    </p>
   </div>
   <div class='ocr_carea' id='block_1_54' title="bbox 2027 1191 3592 1268">
    <p class='ocr_par' dir='ltr' id='par_1_54' title="bbox 2027 1191 3592 1268">
     <span class='ocr_line' id='line_1_54' title="bbox 2027 1191 3592 1268; baseline 0.008 -26"><span class='ocrx_word' id='word_1_360' title='bbox 2027 1191 2169 1257; x_wconf 90' lang='lat' dir='ltr'><strong>quod</strong></span> <span class='ocrx_word' id='word_1_361' title='bbox 2221 1191 2613 1260; x_wconf 88' lang='lat' dir='ltr'><strong>Cappadociam</strong></span> <span class='ocrx_word' id='word_1_362' title='bbox 2676 1194 2994 1249; x_wconf 88' lang='lat' dir='ltr'><strong>laudaverit.</strong></span> <span class='ocrx_word' id='word_1_363' title='bbox 3030 1196 3250 1251; x_wconf 88' lang='lat' dir='ltr'><strong>Etiamsi</strong></span> <span class='ocrx_word' id='word_1_364' title='bbox 3290 1198 3592 1268; x_wconf 84' lang='lat' dir='ltr'><strong>Cappadoci</strong></span> 
     </span>
    </p>
   </div>
   <div class='ocr_carea' id='block_1_55' title="bbox 2028 1283 3594 1353">
    <p class='ocr_par' dir='ltr' id='par_1_55' title="bbox 2028 1283 3594 1353">
     <span class='ocr_line' id='line_1_55' title="bbox 2028 1283 3594 1353; baseline 0.006 -19"><span class='ocrx_word' id='word_1_365' title='bbox 2028 1283 2314 1335; x_wconf 79' lang='lat' dir='ltr'><strong>conveniat</strong></span> <span class='ocrx_word' id='word_1_366' title='bbox 2342 1283 2561 1338; x_wconf 88' lang='lat' dir='ltr'><strong>laudare</strong></span> <span class='ocrx_word' id='word_1_367' title='bbox 2594 1285 3016 1353; x_wconf 89' lang='lat' dir='ltr'><strong>Cappadociam,</strong></span> <span class='ocrx_word' id='word_1_368' title='bbox 3045 1287 3235 1340; x_wconf 87' lang='lat' dir='ltr'><strong>saltem</strong></span> <span class='ocrx_word' id='word_1_369' title='bbox 3279 1304 3444 1342; x_wconf 82' lang='lat' dir='ltr'><strong>causa</strong></span> <span class='ocrx_word' id='word_1_370' title='bbox 3487 1307 3594 1344; x_wconf 86' lang='lat' dir='ltr'><strong>non</strong></span> 
     </span>
    </p>
   </div>
   <div class='ocr_carea' id='block_1_56' title="bbox 2026 1375 3592 1446">
    <p class='ocr_par' dir='ltr' id='par_1_56' title="bbox 2026 1375 3592 1446">
     <span class='ocr_line' id='line_1_56' title="bbox 2026 1375 3592 1446; baseline 0.005 -20"><span class='ocrx_word' id='word_1_371' title='bbox 2026 1383 2146 1427; x_wconf 90' lang='lat' dir='ltr'><strong>erat</strong></span> <span class='ocrx_word' id='word_1_372' title='bbox 2177 1389 2275 1427; x_wconf 92' lang='lat' dir='ltr'><strong>cur</strong></span> <span class='ocrx_word' id='word_1_373' title='bbox 2300 1375 2349 1427; x_wconf 91' lang='lat' dir='ltr'><strong>ei</strong></span> <span class='ocrx_word' id='word_1_374' title='bbox 2376 1375 2559 1444; x_wconf 68' lang='lat' dir='ltr'><strong>gratia:</strong></span> <span class='ocrx_word' id='word_1_375' title='bbox 2600 1386 2907 1444; x_wconf 78' lang='lat' dir='ltr'><strong>agerentur.</strong></span> <span class='ocrx_word' id='word_1_376' title='bbox 2952 1376 3217 1430; x_wconf 60' lang='lat' dir='ltr'><strong>Praeterea</strong></span> <span class='ocrx_word' id='word_1_377' title='bbox 3267 1393 3388 1446; x_wconf 66' lang='lat' dir='ltr'><strong>qua:</strong></span> <span class='ocrx_word' id='word_1_378' title='bbox 3433 1382 3499 1434; x_wconf 91' lang='lat' dir='ltr'><strong>de</strong></span> <span class='ocrx_word' id='word_1_379' title='bbox 3532 1382 3592 1434; x_wconf 65' lang='grc' dir='ltr'><strong>Β.</strong></span> 
     </span>
    </p>
   </div>
   <div class='ocr_carea' id='block_1_57' title="bbox 2026 1462 3590 1528">
    <p class='ocr_par' dir='ltr' id='par_1_57' title="bbox 2026 1462 3590 1528">
     <span class='ocr_line' id='line_1_57' title="bbox 2026 1462 3590 1528; baseline 0.006 -15"><span class='ocrx_word' id='word_1_380' title='bbox 2026 1462 2282 1517; x_wconf 88' lang='lat' dir='ltr'><strong>Ascholio</strong></span> <span class='ocrx_word' id='word_1_381' title='bbox 2308 1474 2492 1516; x_wconf 90' lang='lat' dir='ltr'><strong>narrat</strong></span> <span class='ocrx_word' id='word_1_382' title='bbox 2538 1465 2880 1528; x_wconf 85' lang='lat' dir='ltr'><strong>Ambrosius,</strong></span> <span class='ocrx_word' id='word_1_383' title='bbox 2910 1481 3031 1519; x_wconf 89' lang='lat' dir='ltr'><strong>eum</strong></span> <span class='ocrx_word' id='word_1_384' title='bbox 3080 1467 3131 1519; x_wconf 91' lang='lat' dir='ltr'><strong>in</strong></span> <span class='ocrx_word' id='word_1_385' title='bbox 3168 1468 3369 1521; x_wconf 81' lang='lat' dir='ltr'><strong>Achaia</strong></span> <span class='ocrx_word' id='word_1_386' title='bbox 3399 1479 3493 1522; x_wconf 92' lang='lat' dir='ltr'><strong>aut</strong></span> <span class='ocrx_word' id='word_1_387' title='bbox 3518 1473 3590 1523; x_wconf 87' lang='lat' dir='ltr'><strong>vi—</strong></span> 
     </span>
    </p>
   </div>
   <div class='ocr_carea' id='block_1_58' title="bbox 2026 1554 3596 1626">
    <p class='ocr_par' dir='ltr' id='par_1_58' title="bbox 2026 1554 3596 1626">
     <span class='ocr_line' id='line_1_58' title="bbox 2026 1554 3596 1626; baseline 0.004 -19"><span class='ocrx_word' id='word_1_388' title='bbox 2026 1554 2163 1607; x_wconf 88' lang='lat' dir='ltr'><strong>cinis</strong></span> <span class='ocrx_word' id='word_1_389' title='bbox 2188 1554 2491 1621; x_wconf 77' lang='lat' dir='ltr'><strong>regionibus</strong></span> <span class='ocrx_word' id='word_1_390' title='bbox 2524 1565 2705 1609; x_wconf 87' lang='lat' dir='ltr'><strong>natutn</strong></span> <span class='ocrx_word' id='word_1_391' title='bbox 2734 1572 2852 1617; x_wconf 85' lang='lat' dir='ltr'><strong>esse</strong></span> <span class='ocrx_word' id='word_1_392' title='bbox 2881 1558 3129 1626; x_wconf 84' lang='lat' dir='ltr'><strong>probant.</strong></span> <span class='ocrx_word' id='word_1_393' title='bbox 3183 1558 3283 1611; x_wconf 86' lang='lat' dir='ltr'><strong>ltle</strong></span> <span class='ocrx_word' id='word_1_394' title='bbox 3314 1576 3369 1612; x_wconf 89' lang='lat' dir='ltr'><strong>se</strong></span> <span class='ocrx_word' id='word_1_395' title='bbox 3410 1576 3596 1614; x_wconf 87' lang='lat' dir='ltr'><strong>mona-</strong></span> 
     </span>
    </p>
   </div>
   <div class='ocr_carea' id='block_1_59' title="bbox 2026 1647 3591 1721">
    <p class='ocr_par' dir='ltr' id='par_1_59' title="bbox 2026 1647 3591 1721">
     <span class='ocr_line' id='line_1_59' title="bbox 2026 1647 3591 1721; baseline 0.005 -23"><span class='ocrx_word' id='word_1_396' title='bbox 2026 1647 2193 1698; x_wconf 84' lang='lat' dir='ltr'><strong>steriis</strong></span> <span class='ocrx_word' id='word_1_397' title='bbox 2224 1663 2353 1713; x_wconf 77' lang='lat' dir='ltr'><strong>puer</strong></span> <span class='ocrx_word' id='word_1_398' title='bbox 2381 1648 2541 1713; x_wconf 83' lang='lat' dir='ltr'><strong>dedit,</strong></span> <span class='ocrx_word' id='word_1_399' title='bbox 2575 1650 2748 1716; x_wconf 88' lang='lat' dir='ltr'><strong>inquit</strong></span> <span class='ocrx_word' id='word_1_400' title='bbox 2790 1650 2848 1703; x_wconf 92' lang='lat' dir='ltr'><strong>S.</strong></span> <span class='ocrx_word' id='word_1_401' title='bbox 2876 1650 3196 1704; x_wconf 87' lang='lat' dir='ltr'><strong>Ambrosius</strong></span> <span class='ocrx_word' id='word_1_402' title='bbox 3225 1652 3320 1721; x_wconf 88' lang='lat' dir='ltr'><strong>(c),</strong></span> <span class='ocrx_word' id='word_1_403' title='bbox 3360 1663 3405 1705; x_wconf 89' lang='lat' dir='ltr'><strong>et</strong></span> <span class='ocrx_word' id='word_1_404' title='bbox 3452 1656 3591 1707; x_wconf 87' lang='lat' dir='ltr'><strong>intra</strong></span> 
     </span>
    </p>
   </div>
   <div class='ocr_carea' id='block_1_60' title="bbox 2026 1740 3590 1811">
    <p class='ocr_par' dir='ltr' id='par_1_60' title="bbox 2026 1740 3590 1811">
     <span class='ocr_line' id='line_1_60' title="bbox 2026 1740 3590 1811; baseline 0.006 -22"><span class='ocrx_word' id='word_1_405' title='bbox 2026 1740 2277 1791; x_wconf 78' lang='lat' dir='ltr'><strong>Achaiam</strong></span> <span class='ocrx_word' id='word_1_406' title='bbox 2315 1750 2538 1807; x_wconf 85' lang='lat' dir='ltr'><strong>angusto</strong></span> <span class='ocrx_word' id='word_1_407' title='bbox 2575 1743 2785 1793; x_wconf 84' lang='lat' dir='ltr'><strong>clausus</strong></span> <span class='ocrx_word' id='word_1_408' title='bbox 2814 1744 3025 1810; x_wconf 87' lang='lat' dir='ltr'><strong>tugurio</strong></span> <span class='ocrx_word' id='word_1_409' title='bbox 3047 1745 3218 1811; x_wconf 81' lang='lat' dir='ltr'><strong>gratia</strong></span> <span class='ocrx_word' id='word_1_410' title='bbox 3248 1755 3420 1810; x_wconf 79' lang='lat' dir='ltr'><strong>tamen</strong></span> <span class='ocrx_word' id='word_1_411' title='bbox 3451 1747 3590 1798; x_wconf 83' lang='lat' dir='ltr'><strong>ntul-</strong></span> 
     </span>
    </p>
   </div>
   <div class='ocr_carea' id='block_1_61' title="bbox 2025 1833 3586 1906">
    <p class='ocr_par' dir='ltr' id='par_1_61' title="bbox 2025 1833 3586 1906">
     <span class='ocr_line' id='line_1_61' title="bbox 2025 1833 3586 1906; baseline 0.006 -24"><span class='ocrx_word' id='word_1_412' title='bbox 2025 1842 2197 1882; x_wconf 85' lang='lat' dir='ltr'><strong>tarum</strong></span> <span class='ocrx_word' id='word_1_413' title='bbox 2252 1840 2515 1882; x_wconf 82' lang='lat' dir='ltr'><strong>terrarum</strong></span> <span class='ocrx_word' id='word_1_414' title='bbox 2552 1833 2849 1901; x_wconf 74' lang='lat' dir='ltr'><strong>peragravit</strong></span> <span class='ocrx_word' id='word_1_415' title='bbox 2908 1835 3155 1887; x_wconf 86' lang='lat' dir='ltr'><strong>divortia.</strong></span> <span class='ocrx_word' id='word_1_416' title='bbox 3216 1837 3274 1888; x_wconf 83' lang='grc' dir='ltr'>5ο</span> <span class='ocrx_word' id='word_1_417' title='bbox 3321 1836 3434 1891; x_wconf 85' lang='lat' dir='ltr'><strong>Non</strong></span> <span class='ocrx_word' id='word_1_418' title='bbox 3474 1839 3586 1906; x_wconf 84' lang='lat' dir='ltr'><strong>ipse</strong></span> 
     </span>
    </p>
   </div>
   <div class='ocr_carea' id='block_1_62' title="bbox 2024 1920 3593 1996">
    <p class='ocr_par' dir='ltr' id='par_1_62' title="bbox 2024 1920 3593 1996">
     <span class='ocr_line' id='line_1_62' title="bbox 2024 1920 3593 1996; baseline 0.007 -24"><span class='ocrx_word' id='word_1_419' title='bbox 2024 1920 2310 1974; x_wconf 83' lang='lat' dir='ltr'><strong>Ascholius</strong></span> <span class='ocrx_word' id='word_1_420' title='bbox 2347 1936 2541 1989; x_wconf 90' lang='lat' dir='ltr'><strong>corpus</strong></span> <span class='ocrx_word' id='word_1_421' title='bbox 2587 1926 2754 1975; x_wconf 88' lang='lat' dir='ltr'><strong>sancti</strong></span> <span class='ocrx_word' id='word_1_422' title='bbox 2811 1923 2967 1976; x_wconf 63' lang='lat' dir='ltr'><strong>Saba:</strong></span> <span class='ocrx_word' id='word_1_423' title='bbox 3031 1926 3178 1979; x_wconf 89' lang='lat' dir='ltr'><strong>misit</strong></span> <span class='ocrx_word' id='word_1_424' title='bbox 3222 1928 3273 1979; x_wconf 90' lang='lat' dir='ltr'><strong>in</strong></span> <span class='ocrx_word' id='word_1_425' title='bbox 3315 1926 3593 1996; x_wconf 88' lang='lat' dir='ltr'><strong>Cappado-</strong></span> 
     </span>
    </p>
   </div>
   <div class='ocr_carea' id='block_1_63' title="bbox 2024 2010 3589 2084">
    <p class='ocr_par' dir='ltr' id='par_1_63' title="bbox 2024 2010 3589 2084">
     <span class='ocr_line' id='line_1_63' title="bbox 2024 2010 3589 2084; baseline 0.007 -24"><span class='ocrx_word' id='word_1_426' title='bbox 2024 2010 2186 2073; x_wconf 88' lang='lat' dir='ltr'><strong>ciam,</strong></span> <span class='ocrx_word' id='word_1_427' title='bbox 2224 2010 2318 2061; x_wconf 89' lang='lat' dir='ltr'><strong>sed</strong></span> <span class='ocrx_word' id='word_1_428' title='bbox 2354 2010 2403 2061; x_wconf 93' lang='lat' dir='ltr'><strong>id</strong></span> <span class='ocrx_word' id='word_1_429' title='bbox 2458 2010 2650 2064; x_wconf 89' lang='lat' dir='ltr'><strong>Sorani</strong></span> <span class='ocrx_word' id='word_1_430' title='bbox 2684 2013 2830 2066; x_wconf 87' lang='lat' dir='ltr'><strong>curis</strong></span> <span class='ocrx_word' id='word_1_431' title='bbox 2858 2014 3112 2067; x_wconf 87' lang='lat' dir='ltr'><strong>tribuitur</strong></span> <span class='ocrx_word' id='word_1_432' title='bbox 3141 2015 3195 2067; x_wconf 87' lang='lat' dir='ltr'><strong>itt</strong></span> <span class='ocrx_word' id='word_1_433' title='bbox 3225 2017 3447 2084; x_wconf 88' lang='lat' dir='ltr'><strong>epistola</strong></span> <span class='ocrx_word' id='word_1_434' title='bbox 3488 2016 3589 2071; x_wconf 89' lang='lat' dir='ltr'><strong>Ec-</strong></span> 
     </span>
    </p>
   </div>
   <div class='ocr_carea' id='block_1_64' title="bbox 2024 2098 3583 2176">
    <p class='ocr_par' dir='ltr' id='par_1_64' title="bbox 2024 2098 3583 2176">
     <span class='ocr_line' id='line_1_64' title="bbox 2024 2098 3583 2176; baseline 0.008 -26"><span class='ocrx_word' id='word_1_435' title='bbox 2024 2099 2201 2152; x_wconf 71' lang='lat' dir='ltr'><strong>clesiae</strong></span> <span class='ocrx_word' id='word_1_436' title='bbox 2242 2098 2528 2154; x_wconf 68' lang='lat' dir='ltr'><strong>Gotthicaa.</strong></span> <span class='ocrx_word' id='word_1_437' title='bbox 2577 2100 2765 2156; x_wconf 82' lang='lat' dir='ltr'><strong>Melius</strong></span> <span class='ocrx_word' id='word_1_438' title='bbox 2794 2119 2922 2173; x_wconf 85' lang='lat' dir='ltr'><strong>ergo</strong></span> <span class='ocrx_word' id='word_1_439' title='bbox 2982 2105 3031 2157; x_wconf 90' lang='lat' dir='ltr'><strong>ei</strong></span> <span class='ocrx_word' id='word_1_440' title='bbox 3074 2108 3321 2175; x_wconf 87' lang='lat' dir='ltr'><strong>congruit</strong></span> <span class='ocrx_word' id='word_1_441' title='bbox 3359 2108 3583 2176; x_wconf 81' lang='lat' dir='ltr'><strong>epiSIola</strong></span> 
     </span>
    </p>
   </div>
   <div class='ocr_carea' id='block_1_65' title="bbox 2024 2192 3588 2267">
    <p class='ocr_par' dir='ltr' id='par_1_65' title="bbox 2024 2192 3588 2267">
     <span class='ocr_line' id='line_1_65' title="bbox 2024 2192 3588 2267; baseline 0.01 -25"><span class='ocrx_word' id='word_1_442' title='bbox 2024 2192 2144 2253; x_wconf 84' lang='grc'>165,</span> <span class='ocrx_word' id='word_1_443' title='bbox 2183 2202 2364 2260; x_wconf 89' lang='lat' dir='ltr'><strong>utpote</strong></span> <span class='ocrx_word' id='word_1_444' title='bbox 2397 2196 2461 2245; x_wconf 85' lang='lat' dir='ltr'><strong>ad</strong></span> <span class='ocrx_word' id='word_1_445' title='bbox 2490 2210 2610 2248; x_wconf 88' lang='lat' dir='ltr'><strong>eum</strong></span> <span class='ocrx_word' id='word_1_446' title='bbox 2647 2195 2870 2263; x_wconf 85' lang='lat' dir='ltr'><strong>scripta,</strong></span> <span class='ocrx_word' id='word_1_447' title='bbox 2908 2199 2996 2265; x_wconf 87' lang='lat' dir='ltr'><strong>qui</strong></span> <span class='ocrx_word' id='word_1_448' title='bbox 3037 2202 3268 2267; x_wconf 88' lang='lat' dir='ltr'><strong>patriam</strong></span> <span class='ocrx_word' id='word_1_449' title='bbox 3299 2202 3401 2255; x_wconf 90' lang='lat' dir='ltr'><strong>hoc</strong></span> <span class='ocrx_word' id='word_1_450' title='bbox 3448 2204 3588 2257; x_wconf 84' lang='lat' dir='ltr'><strong>dono</strong></span> 
     </span>
    </p>
   </div>
   <div class='ocr_carea' id='block_1_66' title="bbox 2020 2285 3587 2359">
    <p class='ocr_par' dir='ltr' id='par_1_66' title="bbox 2020 2285 3587 2359">
     <span class='ocr_line' id='line_1_66' title="bbox 2020 2285 3587 2359; baseline 0.01 -25"><span class='ocrx_word' id='word_1_451' title='bbox 2020 2294 2331 2337; x_wconf 89' lang='lat' dir='ltr'><strong>ornaverat.</strong></span> <span class='ocrx_word' id='word_1_452' title='bbox 2364 2288 2418 2337; x_wconf 68' lang='grc' dir='ltr'><strong>4ο</strong></span> <span class='ocrx_word' id='word_1_453' title='bbox 2458 2285 2613 2341; x_wconf 91' lang='lat' dir='ltr'><strong>Tunc</strong></span> <span class='ocrx_word' id='word_1_454' title='bbox 2636 2289 2870 2356; x_wconf 91' lang='lat' dir='ltr'><strong>primum</strong></span> <span class='ocrx_word' id='word_1_455' title='bbox 2914 2306 3011 2359; x_wconf 91' lang='lat' dir='ltr'><strong>per</strong></span> <span class='ocrx_word' id='word_1_456' title='bbox 3042 2292 3249 2347; x_wconf 88' lang='lat' dir='ltr'><strong>litteras</strong></span> <span class='ocrx_word' id='word_1_457' title='bbox 3276 2295 3587 2351; x_wconf 82' lang='lat' dir='ltr'><strong>Ascholiutn</strong></span> 
     </span>
    </p>
   </div>
   <div class='ocr_carea' id='block_1_67' title="bbox 2021 2376 3590 2454">
    <p class='ocr_par' dir='ltr' id='par_1_67' title="bbox 2021 2376 3590 2454">
     <span class='ocr_line' id='line_1_67' title="bbox 2021 2376 3590 2454; baseline 0.01 -27"><span class='ocrx_word' id='word_1_458' title='bbox 2021 2387 2245 2429; x_wconf 81' lang='lat' dir='ltr'><strong>noverat</strong></span> <span class='ocrx_word' id='word_1_459' title='bbox 2276 2376 2525 2443; x_wconf 87' lang='lat' dir='ltr'><strong>Basilius,</strong></span> <span class='ocrx_word' id='word_1_460' title='bbox 2552 2396 2675 2434; x_wconf 86' lang='lat' dir='ltr'><strong>cum</strong></span> <span class='ocrx_word' id='word_1_461' title='bbox 2716 2383 2938 2451; x_wconf 89' lang='lat' dir='ltr'><strong>scripsit</strong></span> <span class='ocrx_word' id='word_1_462' title='bbox 2970 2386 3251 2453; x_wconf 83' lang='lat' dir='ltr'><strong>epistolam</strong></span> <span class='ocrx_word' id='word_1_463' title='bbox 3279 2388 3368 2441; x_wconf 73' lang='grc'><strong>54.</strong></span> <span class='ocrx_word' id='word_1_464' title='bbox 3405 2388 3475 2443; x_wconf 80' lang='lat' dir='ltr'><strong>At</strong></span> <span class='ocrx_word' id='word_1_465' title='bbox 3521 2391 3590 2454; x_wconf 89' lang='lat' dir='ltr'><strong>is,</strong></span> 
     </span>
    </p>
   </div>
   <div class='ocr_carea' id='block_1_68' title="bbox 2020 2470 3591 2543">
    <p class='ocr_par' dir='ltr' id='par_1_68' title="bbox 2020 2470 3591 2543">
     <span class='ocr_line' id='line_1_68' title="bbox 2020 2470 3591 2543; baseline 0.01 -24"><span class='ocrx_word' id='word_1_466' title='bbox 2020 2470 2086 2519; x_wconf 89' lang='lat' dir='ltr'><strong>ad</strong></span> <span class='ocrx_word' id='word_1_467' title='bbox 2129 2482 2286 2535; x_wconf 91' lang='lat' dir='ltr'><strong>quem</strong></span> <span class='ocrx_word' id='word_1_468' title='bbox 2321 2472 2520 2538; x_wconf 86' lang='lat' dir='ltr'><strong>scripta</strong></span> <span class='ocrx_word' id='word_1_469' title='bbox 2548 2482 2631 2526; x_wconf 88' lang='lat' dir='ltr'><strong>est</strong></span> <span class='ocrx_word' id='word_1_470' title='bbox 2667 2474 2892 2541; x_wconf 88' lang='lat' dir='ltr'><strong>epistola</strong></span> <span class='ocrx_word' id='word_1_471' title='bbox 2920 2476 3039 2543; x_wconf 87' lang='grc'>165,</span> <span class='ocrx_word' id='word_1_472' title='bbox 3078 2480 3274 2532; x_wconf 88' lang='lat' dir='ltr'><strong>dudmu</strong></span> <span class='ocrx_word' id='word_1_473' title='bbox 3304 2495 3427 2534; x_wconf 92' lang='lat' dir='ltr'><strong>cum</strong></span> <span class='ocrx_word' id='word_1_474' title='bbox 3487 2482 3591 2534; x_wconf 80' lang='lat' dir='ltr'><strong>Ba-</strong></span> 
     </span>
    </p>
   </div>
   <div class='ocr_carea' id='block_1_69' title="bbox 2020 2560 3591 2638">
    <p class='ocr_par' dir='ltr' id='par_1_69' title="bbox 2020 2560 3591 2638">
     <span class='ocr_line' id='line_1_69' title="bbox 2020 2560 3591 2638; baseline 0.01 -27"><span class='ocrx_word' id='word_1_475' title='bbox 2020 2560 2139 2612; x_wconf 90' lang='lat' dir='ltr'><strong>silio</strong></span> <span class='ocrx_word' id='word_1_476' title='bbox 2197 2560 2431 2614; x_wconf 88' lang='lat' dir='ltr'><strong>amicitia</strong></span> <span class='ocrx_word' id='word_1_477' title='bbox 2460 2572 2513 2617; x_wconf 93' lang='lat' dir='ltr'><strong>et</strong></span> <span class='ocrx_word' id='word_1_478' title='bbox 2559 2566 2959 2621; x_wconf 85' lang='lat' dir='ltr'><strong>necessitudine</strong></span> <span class='ocrx_word' id='word_1_479' title='bbox 3009 2571 3329 2636; x_wconf 89' lang='lat' dir='ltr'><strong>conjunctus</strong></span> <span class='ocrx_word' id='word_1_480' title='bbox 3367 2583 3503 2638; x_wconf 89' lang='lat' dir='ltr'><strong>erat,</strong></span> <span class='ocrx_word' id='word_1_481' title='bbox 3534 2584 3591 2628; x_wconf 79' lang='grc' dir='ltr'><strong>ιιι</strong></span> 
     </span>
    </p>
   </div>
   <div class='ocr_carea' id='block_1_70' title="bbox 2020 2654 3591 2732">
    <p class='ocr_par' dir='ltr' id='par_1_70' title="bbox 2020 2654 3591 2732">
     <span class='ocr_line' id='line_1_70' title="bbox 2020 2654 3591 2732; baseline 0.011 -30"><span class='ocrx_word' id='word_1_482' title='bbox 2020 2662 2164 2718; x_wconf 89' lang='lat' dir='ltr'><strong>patet</strong></span> <span class='ocrx_word' id='word_1_483' title='bbox 2191 2668 2254 2705; x_wconf 76' lang='lat' dir='ltr'><strong>ex</strong></span> <span class='ocrx_word' id='word_1_484' title='bbox 2295 2654 2376 2707; x_wconf 88' lang='lat' dir='ltr'><strong>his</strong></span> <span class='ocrx_word' id='word_1_485' title='bbox 2408 2655 2588 2709; x_wconf 85' lang='lat' dir='ltr'><strong>verbis</strong></span> <span class='ocrx_word' id='word_1_486' title='bbox 2622 2672 2635 2707; x_wconf 90' lang='lat'><strong>:</strong></span> <span class='ocrx_word' id='word_1_487' title='bbox 2686 2655 2868 2711; x_wconf 82' lang='lat' dir='ltr'><strong>Votum</strong></span> <span class='ocrx_word' id='word_1_488' title='bbox 2909 2661 3055 2714; x_wconf 84' lang='lat' dir='ltr'><strong>nobis</strong></span> <span class='ocrx_word' id='word_1_489' title='bbox 3109 2665 3381 2732; x_wconf 85' lang='lat' dir='ltr'><strong>antiquum</strong></span> <span class='ocrx_word' id='word_1_490' title='bbox 3423 2667 3591 2719; x_wconf 70' lang='lat' dir='ltr'><strong>adim-</strong></span> 
     </span>
    </p>
   </div>
   <div class='ocr_carea' id='block_1_71' title="bbox 2018 2743 3589 2819">
    <p class='ocr_par' dir='ltr' id='par_1_71' title="bbox 2018 2743 3589 2819">
     <span class='ocr_line' id='line_1_71' title="bbox 2018 2743 3589 2819; baseline 0.011 -26"><span class='ocrx_word' id='word_1_491' title='bbox 2018 2743 2169 2807; x_wconf 82' lang='lat' dir='ltr'><strong>plevit</strong></span> <span class='ocrx_word' id='word_1_492' title='bbox 2202 2743 2340 2797; x_wconf 85' lang='lat' dir='ltr'><strong>Deus</strong></span> <span class='ocrx_word' id='word_1_493' title='bbox 2366 2757 2605 2811; x_wconf 87' lang='lat' dir='ltr'><strong>sanctus,</strong></span> <span class='ocrx_word' id='word_1_494' title='bbox 2656 2763 2775 2799; x_wconf 88' lang='lat' dir='ltr'><strong>cum</strong></span> <span class='ocrx_word' id='word_1_495' title='bbox 2818 2750 2969 2802; x_wconf 82' lang='lat' dir='ltr'><strong>nobis</strong></span> <span class='ocrx_word' id='word_1_496' title='bbox 3023 2752 3272 2819; x_wconf 87' lang='lat' dir='ltr'><strong>dignatus</strong></span> <span class='ocrx_word' id='word_1_497' title='bbox 3299 2765 3374 2807; x_wconf 90' lang='lat' dir='ltr'><strong>est</strong></span> <span class='ocrx_word' id='word_1_498' title='bbox 3402 2771 3589 2812; x_wconf 70' lang='lat' dir='ltr'><strong>conce-</strong></span> 
     </span>
    </p>
   </div>
   <div class='ocr_carea' id='block_1_72' title="bbox 2017 2837 3588 2909">
    <p class='ocr_par' dir='ltr' id='par_1_72' title="bbox 2017 2837 3588 2909">
     <span class='ocr_line' id='line_1_72' title="bbox 2017 2837 3588 2909; baseline 0.01 -23"><span class='ocrx_word' id='word_1_499' title='bbox 2017 2837 2158 2899; x_wconf 85' lang='lat' dir='ltr'><strong>dere,</strong></span> <span class='ocrx_word' id='word_1_500' title='bbox 2192 2846 2247 2887; x_wconf 88' lang='lat' dir='ltr'><strong>ut</strong></span> <span class='ocrx_word' id='word_1_501' title='bbox 2276 2853 2409 2890; x_wconf 72' lang='lat' dir='ltr'><strong>certe</strong></span> <span class='ocrx_word' id='word_1_502' title='bbox 2441 2838 2651 2906; x_wconf 85' lang='lat' dir='ltr'><strong>pietatis</strong></span> <span class='ocrx_word' id='word_1_503' title='bbox 2681 2849 2785 2893; x_wconf 73' lang='lat' dir='ltr'><strong>tute</strong></span> <span class='ocrx_word' id='word_1_504' title='bbox 2821 2839 3022 2894; x_wconf 78' lang='lat' dir='ltr'><strong>litteras</strong></span> <span class='ocrx_word' id='word_1_505' title='bbox 3066 2845 3435 2909; x_wconf 76' lang='lat' dir='ltr'><strong>acciperemus.</strong></span> <span class='ocrx_word' id='word_1_506' title='bbox 3472 2842 3588 2901; x_wconf 82' lang='lat' dir='ltr'><strong>Hoc</strong></span> 
     </span>
    </p>
   </div>
   <div class='ocr_carea' id='block_1_73' title="bbox 2016 2927 3591 3002">
    <p class='ocr_par' dir='ltr' id='par_1_73' title="bbox 2016 2927 3591 3002">
     <span class='ocr_line' id='line_1_73' title="bbox 2016 2927 3591 3002; baseline 0.01 -24"><span class='ocrx_word' id='word_1_507' title='bbox 2016 2927 2155 2979; x_wconf 86' lang='lat' dir='ltr'><strong>enim</strong></span> <span class='ocrx_word' id='word_1_508' title='bbox 2184 2928 2478 2981; x_wconf 74' lang='lat' dir='ltr'><strong>maximum</strong></span> <span class='ocrx_word' id='word_1_509' title='bbox 2511 2939 2586 2981; x_wconf 87' lang='lat' dir='ltr'><strong>est</strong></span> <span class='ocrx_word' id='word_1_510' title='bbox 2618 2939 2665 2983; x_wconf 89' lang='lat' dir='ltr'><strong>et</strong></span> <span class='ocrx_word' id='word_1_511' title='bbox 2684 2934 2909 2985; x_wconf 71' lang='lat' dir='ltr'><strong>maxime</strong></span> <span class='ocrx_word' id='word_1_512' title='bbox 2940 2936 3310 3002; x_wconf 69' lang='lat' dir='ltr'><strong>exaptandum,</strong></span> <span class='ocrx_word' id='word_1_513' title='bbox 3342 2940 3514 2992; x_wconf 82' lang='lat' dir='ltr'><strong>videre</strong></span> <span class='ocrx_word' id='word_1_514' title='bbox 3540 2951 3591 2994; x_wconf 81' lang='lat' dir='ltr'><strong>te</strong></span> 
     </span>
    </p>
   </div>
   <div class='ocr_carea' id='block_1_74' title="bbox 2017 3019 3593 3097">
    <p class='ocr_par' dir='ltr' id='par_1_74' title="bbox 2017 3019 3593 3097">
     <span class='ocr_line' id='line_1_74' title="bbox 2017 3019 3593 3097; baseline 0.008 -27"><span class='ocrx_word' id='word_1_515' title='bbox 2017 3028 2064 3070; x_wconf 87' lang='lat' dir='ltr'><strong>et</strong></span> <span class='ocrx_word' id='word_1_516' title='bbox 2090 3020 2255 3072; x_wconf 89' lang='lat' dir='ltr'><strong>videri</strong></span> <span class='ocrx_word' id='word_1_517' title='bbox 2277 3036 2309 3072; x_wconf 88' lang='lat' dir='ltr'><strong>a</strong></span> <span class='ocrx_word' id='word_1_518' title='bbox 2336 3029 2404 3086; x_wconf 89' lang='lat' dir='ltr'><strong>te,</strong></span> <span class='ocrx_word' id='word_1_519' title='bbox 2447 3038 2511 3073; x_wconf 88' lang='lat' dir='ltr'><strong>ac</strong></span> <span class='ocrx_word' id='word_1_520' title='bbox 2552 3019 2780 3089; x_wconf 75' lang='lat' dir='ltr'><strong>Spiritus</strong></span> <span class='ocrx_word' id='word_1_521' title='bbox 2805 3025 2978 3090; x_wconf 84' lang='lat' dir='ltr'><strong>donis,</strong></span> <span class='ocrx_word' id='word_1_522' title='bbox 3012 3042 3129 3095; x_wconf 73' lang='lat' dir='ltr'><strong>qua:</strong></span> <span class='ocrx_word' id='word_1_523' title='bbox 3153 3032 3205 3079; x_wconf 88' lang='lat' dir='ltr'><strong>in</strong></span> <span class='ocrx_word' id='word_1_524' title='bbox 3241 3038 3289 3082; x_wconf 90' lang='lat' dir='ltr'><strong>te</strong></span> <span class='ocrx_word' id='word_1_525' title='bbox 3326 3041 3467 3091; x_wconf 79' lang='lat' dir='ltr'><strong>sunt,</strong></span> <span class='ocrx_word' id='word_1_526' title='bbox 3499 3047 3593 3097; x_wconf 78' lang='lat' dir='ltr'><strong>per</strong></span> 
     </span>
    </p>
   </div>
   <div class='ocr_carea' id='block_1_75' title="bbox 2019 3110 3589 3183">
    <p class='ocr_par' dir='ltr' id='par_1_75' title="bbox 2019 3110 3589 3183">
     <span class='ocr_line' id='line_1_75' title="bbox 2019 3110 3589 3183; baseline 0.008 -22"><span class='ocrx_word' id='word_1_527' title='bbox 2019 3110 2360 3177; x_wconf 76' lang='lat' dir='ltr'><strong>nosmetipsos</strong></span> <span class='ocrx_word' id='word_1_528' title='bbox 2384 3112 2606 3179; x_wconf 77' lang='lat' dir='ltr'><strong>perfrui.</strong></span> <span class='ocrx_word' id='word_1_529' title='bbox 2632 3113 2738 3167; x_wconf 76' lang='lat' dir='ltr'><strong>Sed</strong></span> <span class='ocrx_word' id='word_1_530' title='bbox 2762 3115 2885 3183; x_wconf 88' lang='lat' dir='ltr'><strong>quia</strong></span> <span class='ocrx_word' id='word_1_531' title='bbox 2914 3116 2968 3167; x_wconf 88' lang='lat' dir='ltr'><strong>id</strong></span> <span class='ocrx_word' id='word_1_532' title='bbox 3017 3128 3063 3169; x_wconf 89' lang='lat' dir='ltr'><strong>et</strong></span> <span class='ocrx_word' id='word_1_533' title='bbox 3092 3117 3191 3171; x_wconf 87' lang='lat' dir='ltr'><strong>loci</strong></span> <span class='ocrx_word' id='word_1_534' title='bbox 3220 3120 3470 3173; x_wconf 77' lang='lat' dir='ltr'><strong>distantia</strong></span> <span class='ocrx_word' id='word_1_535' title='bbox 3492 3138 3589 3174; x_wconf 78' lang='lat' dir='ltr'><strong>au-</strong></span> 
     </span>
    </p>
   </div>
   <div class='ocr_carea' id='block_1_76' title="bbox 2017 3200 3587 3276">
    <p class='ocr_par' dir='ltr' id='par_1_76' title="bbox 2017 3200 3587 3276">
     <span class='ocr_line' id='line_1_76' title="bbox 2017 3200 3587 3276; baseline 0.008 -25"><span class='ocrx_word' id='word_1_536' title='bbox 2017 3200 2137 3264; x_wconf 79' lang='lat' dir='ltr'><strong>fert,</strong></span> <span class='ocrx_word' id='word_1_537' title='bbox 2171 3208 2219 3252; x_wconf 85' lang='lat' dir='ltr'><strong>et</strong></span> <span class='ocrx_word' id='word_1_538' title='bbox 2248 3202 2453 3269; x_wconf 86' lang='lat' dir='ltr'><strong>negotia</strong></span> <span class='ocrx_word' id='word_1_539' title='bbox 2479 3202 2670 3270; x_wconf 82' lang='lat' dir='ltr'><strong>quibus</strong></span> <span class='ocrx_word' id='word_1_540' title='bbox 2704 3205 2951 3271; x_wconf 84' lang='lat' dir='ltr'><strong>privatim</strong></span> <span class='ocrx_word' id='word_1_541' title='bbox 2994 3216 3209 3276; x_wconf 81' lang='lat' dir='ltr'><strong>uterque</strong></span> <span class='ocrx_word' id='word_1_542' title='bbox 3238 3220 3473 3262; x_wconf 84' lang='lat' dir='ltr'><strong>nostrum</strong></span> <span class='ocrx_word' id='word_1_543' title='bbox 3498 3212 3587 3264; x_wconf 87' lang='lat' dir='ltr'><strong>de-</strong></span> 
     </span>
    </p>
   </div>
   <div class='ocr_carea' id='block_1_77' title="bbox 2017 3293 3589 3367">
    <p class='ocr_par' dir='ltr' id='par_1_77' title="bbox 2017 3293 3589 3367">
     <span class='ocr_line' id='line_1_77' title="bbox 2017 3293 3589 3367; baseline 0.008 -25"><span class='ocrx_word' id='word_1_544' title='bbox 2017 3295 2275 3344; x_wconf 87' lang='lat' dir='ltr'><strong>tinemur:</strong></span> <span class='ocrx_word' id='word_1_545' title='bbox 2303 3293 2357 3343; x_wconf 85' lang='lat' dir='ltr'><strong>in</strong></span> <span class='ocrx_word' id='word_1_546' title='bbox 2389 3293 2633 3347; x_wconf 82' lang='lat' dir='ltr'><strong>secundis</strong></span> <span class='ocrx_word' id='word_1_547' title='bbox 2685 3296 2815 3348; x_wconf 79' lang='lat' dir='ltr'><strong>votis</strong></span> <span class='ocrx_word' id='word_1_548' title='bbox 2842 3296 3027 3363; x_wconf 76' lang='lat' dir='ltr'><strong>fuerit,</strong></span> <span class='ocrx_word' id='word_1_549' title='bbox 3055 3307 3109 3349; x_wconf 90' lang='lat' dir='ltr'><strong>ut</strong></span> <span class='ocrx_word' id='word_1_550' title='bbox 3139 3300 3316 3351; x_wconf 87' lang='lat' dir='ltr'><strong>animo</strong></span> <span class='ocrx_word' id='word_1_551' title='bbox 3346 3300 3589 3367; x_wconf 73' lang='lat' dir='ltr'><strong>frequen-</strong></span> 
     </span>
    </p>
   </div>
   <div class='ocr_carea' id='block_1_78' title="bbox 2016 3368 3589 3446">
    <p class='ocr_par' dir='ltr' id='par_1_78' title="bbox 2016 3368 3589 3446">
     <span class='ocr_line' id='line_1_78' title="bbox 2016 3368 3589 3446; baseline 0.008 -12"><span class='ocrx_word' id='word_1_552' title='bbox 2016 3383 2152 3437; x_wconf 83' lang='lat' dir='ltr'><strong>tibus</strong></span> <span class='ocrx_word' id='word_1_553' title='bbox 2202 3394 2306 3437; x_wconf 63' lang='grc' dir='ltr'><strong>ωας</strong></span> <span class='ocrx_word' id='word_1_554' title='bbox 2354 3383 2407 3437; x_wconf 84' lang='lat' dir='ltr'><strong>in</strong></span> <span class='ocrx_word' id='word_1_555' title='bbox 2448 3384 2657 3438; x_wconf 80' lang='lat' dir='ltr'><strong>Christo</strong></span> <span class='ocrx_word' id='word_1_556' title='bbox 2708 3386 2981 3439; x_wconf 84' lang='lat' dir='ltr'><strong>charitalis</strong></span> <span class='ocrx_word' id='word_1_557' title='bbox 3021 3368 3212 3442; x_wconf 75' lang='lat' dir='ltr'><strong>litteris</strong></span> <span class='ocrx_word' id='word_1_558' title='bbox 3261 3392 3455 3443; x_wconf 88' lang='lat' dir='ltr'><strong>alatur.</strong></span> <span class='ocrx_word' id='word_1_559' title='bbox 3491 3390 3589 3446; x_wconf 82' lang='lat' dir='ltr'><strong>His</strong></span> 
     </span>
    </p>
   </div>
   <div class='ocr_carea' id='block_1_79' title="bbox 2017 3476 3585 3547">
    <p class='ocr_par' dir='ltr' id='par_1_79' title="bbox 2017 3476 3585 3547">
     <span class='ocr_line' id='line_1_79' title="bbox 2017 3476 3585 3547; baseline 0.005 -20"><span class='ocrx_word' id='word_1_560' title='bbox 2017 3476 2255 3542; x_wconf 82' lang='lat' dir='ltr'><strong>profecto</strong></span> <span class='ocrx_word' id='word_1_561' title='bbox 2283 3477 2459 3531; x_wconf 87' lang='lat' dir='ltr'><strong>verbis</strong></span> <span class='ocrx_word' id='word_1_562' title='bbox 2487 3478 2821 3545; x_wconf 79' lang='lat' dir='ltr'><strong>signiﬁcatur</strong></span> <span class='ocrx_word' id='word_1_563' title='bbox 2850 3480 3070 3547; x_wconf 90' lang='lat' dir='ltr'><strong>antiqua</strong></span> <span class='ocrx_word' id='word_1_564' title='bbox 3102 3482 3444 3535; x_wconf 86' lang='lat' dir='ltr'><strong>necessitudo</strong></span> <span class='ocrx_word' id='word_1_565' title='bbox 3462 3498 3585 3536; x_wconf 90' lang='lat' dir='ltr'><strong>cum</strong></span> 
     </span>
    </p>
   </div>
   <div class='ocr_carea' id='block_1_80' title="bbox 2018 3566 3584 3641">
    <p class='ocr_par' dir='ltr' id='par_1_80' title="bbox 2018 3566 3584 3641">
     <span class='ocr_line' id='line_1_80' title="bbox 2018 3566 3584 3641; baseline 0.008 -24"><span class='ocrx_word' id='word_1_566' title='bbox 2018 3566 2232 3619; x_wconf 89' lang='lat' dir='ltr'><strong>homine</strong></span> <span class='ocrx_word' id='word_1_567' title='bbox 2265 3568 2535 3622; x_wconf 87' lang='lat' dir='ltr'><strong>diversum</strong></span> <span class='ocrx_word' id='word_1_568' title='bbox 2563 3584 2591 3621; x_wconf 89' lang='lat' dir='ltr'><strong>a</strong></span> <span class='ocrx_word' id='word_1_569' title='bbox 2613 3567 2813 3623; x_wconf 87' lang='lat' dir='ltr'><strong>Basilio</strong></span> <span class='ocrx_word' id='word_1_570' title='bbox 2836 3570 3048 3623; x_wconf 89' lang='lat' dir='ltr'><strong>vivendi</strong></span> <span class='ocrx_word' id='word_1_571' title='bbox 3074 3585 3242 3640; x_wconf 84' lang='lat' dir='ltr'><strong>genus</strong></span> <span class='ocrx_word' id='word_1_572' title='bbox 3265 3574 3549 3641; x_wconf 78' lang='lat' dir='ltr'><strong>proﬁtente</strong></span> <span class='ocrx_word' id='word_1_573' title='bbox 3568 3613 3584 3638; x_wconf 89' lang='lat'><strong>,</strong></span> 
     </span>
    </p>
   </div>
   <div class='ocr_carea' id='block_1_81' title="bbox 2015 3656 3375 3728">
    <p class='ocr_par' dir='ltr' id='par_1_81' title="bbox 2015 3656 3375 3728">
     <span class='ocr_line' id='line_1_81' title="bbox 2015 3656 3375 3728; baseline 0.007 -20"><span class='ocrx_word' id='word_1_574' title='bbox 2015 3668 2069 3708; x_wconf 89' lang='lat' dir='ltr'><strong>et</strong></span> <span class='ocrx_word' id='word_1_575' title='bbox 2104 3656 2304 3711; x_wconf 90' lang='lat' dir='ltr'><strong>idcirco</strong></span> <span class='ocrx_word' id='word_1_576' title='bbox 2332 3660 2382 3711; x_wconf 93' lang='lat' dir='ltr'><strong>in</strong></span> <span class='ocrx_word' id='word_1_577' title='bbox 2416 3661 2617 3714; x_wconf 80' lang='lat' dir='ltr'><strong>exteris</strong></span> <span class='ocrx_word' id='word_1_578' title='bbox 2641 3661 2951 3728; x_wconf 83' lang='lat' dir='ltr'><strong>regionibus</strong></span> <span class='ocrx_word' id='word_1_579' title='bbox 2981 3675 3375 3718; x_wconf 89' lang='lat' dir='ltr'><strong>commorante.</strong></span> 
     </span>
    </p>
   </div>
   <div class='ocr_carea' id='block_1_82' title="bbox 2088 3743 3587 3817">
    <p class='ocr_par' dir='ltr' id='par_1_82' title="bbox 2088 3743 3587 3817">
     <span class='ocr_line' id='line_1_82' title="bbox 2088 3743 3587 3817; baseline 0.007 -19"><span class='ocrx_word' id='word_1_580' title='bbox 2088 3743 2199 3800; x_wconf 88' lang='lat' dir='ltr'><strong>Hoc</strong></span> <span class='ocrx_word' id='word_1_581' title='bbox 2242 3747 2408 3800; x_wconf 90' lang='lat' dir='ltr'><strong>semel</strong></span> <span class='ocrx_word' id='word_1_582' title='bbox 2440 3748 2615 3816; x_wconf 90' lang='lat' dir='ltr'><strong>posito</strong></span> <span class='ocrx_word' id='word_1_583' title='bbox 2639 3749 2920 3817; x_wconf 90' lang='lat' dir='ltr'><strong>epistolam</strong></span> <span class='ocrx_word' id='word_1_584' title='bbox 2948 3749 3049 3803; x_wconf 88' lang='grc'><strong>165</strong></span> <span class='ocrx_word' id='word_1_585' title='bbox 3078 3752 3143 3805; x_wconf 92' lang='lat' dir='ltr'><strong>ad</strong></span> <span class='ocrx_word' id='word_1_586' title='bbox 3171 3750 3387 3806; x_wconf 83' lang='lat' dir='ltr'><strong>Junium</strong></span> <span class='ocrx_word' id='word_1_587' title='bbox 3420 3754 3587 3808; x_wconf 85' lang='lat' dir='ltr'><strong>Sora-</strong></span> 
     </span>
    </p>
   </div>
   <div class='ocr_carea' id='block_1_83' title="bbox 2018 3840 3581 3914">
    <p class='ocr_par' dir='ltr' id='par_1_83' title="bbox 2018 3840 3581 3914">
     <span class='ocr_line' id='line_1_83' title="bbox 2018 3840 3581 3914; baseline 0.006 -25"><span class='ocrx_word' id='word_1_588' title='bbox 2018 3854 2145 3890; x_wconf 89' lang='lat' dir='ltr'><strong>num</strong></span> <span class='ocrx_word' id='word_1_589' title='bbox 2193 3840 2449 3906; x_wconf 89' lang='lat' dir='ltr'><strong>scriptam</strong></span> <span class='ocrx_word' id='word_1_590' title='bbox 2499 3855 2644 3904; x_wconf 84' lang='lat' dir='ltr'><strong>esse,</strong></span> <span class='ocrx_word' id='word_1_591' title='bbox 2684 3860 2785 3896; x_wconf 85' lang='lat' dir='ltr'><strong>non</strong></span> <span class='ocrx_word' id='word_1_592' title='bbox 2826 3843 2936 3910; x_wconf 89' lang='lat' dir='ltr'><strong>jam</strong></span> <span class='ocrx_word' id='word_1_593' title='bbox 2982 3845 3086 3898; x_wconf 89' lang='lat' dir='ltr'><strong>duo</strong></span> <span class='ocrx_word' id='word_1_594' title='bbox 3128 3856 3422 3914; x_wconf 91' lang='lat' dir='ltr'><strong>martyrum</strong></span> <span class='ocrx_word' id='word_1_595' title='bbox 3458 3862 3581 3901; x_wconf 89' lang='lat' dir='ltr'><strong>cor-</strong></span> 
     </span>
    </p>
   </div>
   <div class='ocr_carea' id='block_1_84' title="bbox 2018 3929 3583 4003">
    <p class='ocr_par' dir='ltr' id='par_1_84' title="bbox 2018 3929 3583 4003">
     <span class='ocr_line' id='line_1_84' title="bbox 2018 3929 3583 4003; baseline 0.01 -26"><span class='ocrx_word' id='word_1_596' title='bbox 2018 3942 2145 3995; x_wconf 86' lang='lat' dir='ltr'><strong>pora</strong></span> <span class='ocrx_word' id='word_1_597' title='bbox 2189 3929 2351 3982; x_wconf 90' lang='lat' dir='ltr'><strong>variis</strong></span> <span class='ocrx_word' id='word_1_598' title='bbox 2399 3932 2727 3998; x_wconf 89' lang='lat' dir='ltr'><strong>temporibus</strong></span> <span class='ocrx_word' id='word_1_599' title='bbox 2769 3933 2930 3987; x_wconf 89' lang='lat' dir='ltr'><strong>missa</strong></span> <span class='ocrx_word' id='word_1_600' title='bbox 2975 3933 3028 3985; x_wconf 94' lang='lat' dir='ltr'><strong>in</strong></span> <span class='ocrx_word' id='word_1_601' title='bbox 3055 3933 3446 4003; x_wconf 85' lang='lat' dir='ltr'><strong>Cappadociam</strong></span> <span class='ocrx_word' id='word_1_602' title='bbox 3478 3937 3583 3993; x_wconf 77' lang='lat' dir='ltr'><strong>dici</strong></span> 
     </span>
    </p>
   </div>
   <div class='ocr_carea' id='block_1_85' title="bbox 2016 4014 3587 4088">
    <p class='ocr_par' dir='ltr' id='par_1_85' title="bbox 2016 4014 3587 4088">
     <span class='ocr_line' id='line_1_85' title="bbox 2016 4014 3587 4088; baseline 0.011 -21"><span class='ocrx_word' id='word_1_603' title='bbox 2016 4025 2258 4084; x_wconf 86' lang='lat' dir='ltr'><strong>possunt.</strong></span> <span class='ocrx_word' id='word_1_604' title='bbox 2294 4014 2429 4070; x_wconf 88' lang='lat' dir='ltr'><strong>Nam</strong></span> <span class='ocrx_word' id='word_1_605' title='bbox 2460 4034 2652 4088; x_wconf 82' lang='lat' dir='ltr'><strong>corpus</strong></span> <span class='ocrx_word' id='word_1_606' title='bbox 2691 4021 2749 4076; x_wconf 89' lang='lat' dir='ltr'><strong>S.</strong></span> <span class='ocrx_word' id='word_1_607' title='bbox 2784 4022 2941 4076; x_wconf 78' lang='lat' dir='ltr'><strong>Saba:</strong></span> <span class='ocrx_word' id='word_1_608' title='bbox 2973 4024 3195 4078; x_wconf 89' lang='lat' dir='ltr'><strong>missmn</strong></span> <span class='ocrx_word' id='word_1_609' title='bbox 3228 4041 3254 4078; x_wconf 90' lang='lat' dir='ltr'><strong>a</strong></span> <span class='ocrx_word' id='word_1_610' title='bbox 3284 4025 3444 4081; x_wconf 80' lang='lat' dir='ltr'><strong>.luuio</strong></span> <span class='ocrx_word' id='word_1_611' title='bbox 3485 4029 3587 4084; x_wconf 91' lang='lat' dir='ltr'><strong>So-</strong></span> 
     </span>
    </p>
   </div>
   <div class='ocr_carea' id='block_1_86' title="bbox 2015 4111 3583 4185">
    <p class='ocr_par' dir='ltr' id='par_1_86' title="bbox 2015 4111 3583 4185">
     <span class='ocr_line' id='line_1_86' title="bbox 2015 4111 3583 4185; baseline 0.009 -26"><span class='ocrx_word' id='word_1_612' title='bbox 2015 4124 2146 4160; x_wconf 89' lang='lat' dir='ltr'><strong>rano</strong></span> <span class='ocrx_word' id='word_1_613' title='bbox 2176 4118 2401 4162; x_wconf 76' lang='lat' dir='ltr'><strong>testatur</strong></span> <span class='ocrx_word' id='word_1_614' title='bbox 2457 4111 2683 4178; x_wconf 86' lang='lat' dir='ltr'><strong>epistola</strong></span> <span class='ocrx_word' id='word_1_615' title='bbox 2736 4113 2992 4169; x_wconf 71' lang='lat' dir='ltr'><strong>Ecclesiae</strong></span> <span class='ocrx_word' id='word_1_616' title='bbox 3022 4114 3315 4183; x_wconf 71' lang='lat' dir='ltr'><strong>Gottbicze;</strong></span> <span class='ocrx_word' id='word_1_617' title='bbox 3342 4118 3583 4185; x_wconf 87' lang='lat' dir='ltr'><strong>ejusdem</strong></span> 
     </span>
    </p>
   </div>
   <div class='ocr_carea' id='block_1_87' title="bbox 2015 4202 3582 4279">
    <p class='ocr_par' dir='ltr' id='par_1_87' title="bbox 2015 4202 3582 4279">
     <span class='ocr_line' id='line_1_87' title="bbox 2015 4202 3582 4279; baseline 0.008 -28"><span class='ocrx_word' id='word_1_618' title='bbox 2015 4202 2333 4270; x_wconf 89' lang='lat' dir='ltr'><strong>martyrium</strong></span> <span class='ocrx_word' id='word_1_619' title='bbox 2377 4203 2719 4257; x_wconf 85' lang='lat' dir='ltr'><strong>describebat</strong></span> <span class='ocrx_word' id='word_1_620' title='bbox 2748 4216 2965 4260; x_wconf 85' lang='lat' dir='ltr'><strong>sanctus</strong></span> <span class='ocrx_word' id='word_1_621' title='bbox 2990 4207 3293 4275; x_wconf 85' lang='lat' dir='ltr'><strong>Ascholius,</strong></span> <span class='ocrx_word' id='word_1_622' title='bbox 3318 4210 3582 4279; x_wconf 83' lang='lat' dir='ltr'><strong>siquidem</strong></span> 
     </span>
    </p>
   </div>
   <div class='ocr_carea' id='block_1_88' title="bbox 2014 4294 3587 4363">
    <p class='ocr_par' dir='ltr' id='par_1_88' title="bbox 2014 4294 3587 4363">
     <span class='ocr_line' id='line_1_88' title="bbox 2014 4294 3587 4363; baseline 0.006 -19"><span class='ocrx_word' id='word_1_623' title='bbox 2014 4309 2136 4344; x_wconf 87' lang='lat' dir='ltr'><strong>eum</strong></span> <span class='ocrx_word' id='word_1_624' title='bbox 2170 4308 2264 4359; x_wconf 81' lang='lat' dir='ltr'><strong>per</strong></span> <span class='ocrx_word' id='word_1_625' title='bbox 2296 4294 2472 4360; x_wconf 87' lang='lat' dir='ltr'><strong>ignem</strong></span> <span class='ocrx_word' id='word_1_626' title='bbox 2501 4303 2554 4347; x_wconf 88' lang='lat' dir='ltr'><strong>et</strong></span> <span class='ocrx_word' id='word_1_627' title='bbox 2595 4311 2787 4363; x_wconf 85' lang='lat' dir='ltr'><strong>aquam</strong></span> <span class='ocrx_word' id='word_1_628' title='bbox 2836 4311 3266 4351; x_wconf 74' lang='lat' dir='ltr'><strong>consummatum</strong></span> <span class='ocrx_word' id='word_1_629' title='bbox 3319 4301 3481 4356; x_wconf 80' lang='lat' dir='ltr'><strong>fuisse</strong></span> <span class='ocrx_word' id='word_1_630' title='bbox 3512 4304 3587 4356; x_wconf 86' lang='lat' dir='ltr'><strong>di-</strong></span> 
     </span>
    </p>
   </div>
   <div class='ocr_carea' id='block_1_89' title="bbox 2016 4383 3586 4460">
    <p class='ocr_par' dir='ltr' id='par_1_89' title="bbox 2016 4383 3586 4460">
     <span class='ocr_line' id='line_1_89' title="bbox 2016 4383 3586 4460; baseline 0.008 -27"><span class='ocrx_word' id='word_1_631' title='bbox 2016 4383 2192 4443; x_wconf 82' lang='lat' dir='ltr'><strong>eebat,</strong></span> <span class='ocrx_word' id='word_1_632' title='bbox 2226 4393 2282 4435; x_wconf 90' lang='lat' dir='ltr'><strong>ut</strong></span> <span class='ocrx_word' id='word_1_633' title='bbox 2321 4384 2372 4435; x_wconf 93' lang='lat' dir='ltr'><strong>in</strong></span> <span class='ocrx_word' id='word_1_634' title='bbox 2430 4384 2543 4452; x_wconf 86' lang='lat' dir='ltr'><strong>ipsa</strong></span> <span class='ocrx_word' id='word_1_635' title='bbox 2606 4384 2859 4440; x_wconf 64' lang='lat' dir='ltr'><strong>Ecclesiae</strong></span> <span class='ocrx_word' id='word_1_636' title='bbox 2896 4387 3166 4442; x_wconf 76' lang='lat' dir='ltr'><strong>Gotthica:</strong></span> <span class='ocrx_word' id='word_1_637' title='bbox 3192 4391 3417 4458; x_wconf 85' lang='lat' dir='ltr'><strong>epistola</strong></span> <span class='ocrx_word' id='word_1_638' title='bbox 3454 4392 3586 4460; x_wconf 71' lang='lat' dir='ltr'><strong>legi-</strong></span> 
     </span>
    </p>
   </div>
   <div class='ocr_carea' id='block_1_90' title="bbox 330 4482 2145 4559">
    <p class='ocr_par' dir='ltr' id='par_1_90' title="bbox 330 4482 2145 4559">
     <span class='ocr_line' id='line_1_90' title="bbox 330 4482 2145 4559; baseline -0.003 -13"><span class='ocrx_word' id='word_1_639' title='bbox 330 4509 451 4546; x_wconf 81' lang='lat' dir='ltr'><strong>cum</strong></span> <span class='ocrx_word' id='word_1_640' title='bbox 488 4494 555 4554; x_wconf 90' lang='lat' dir='ltr'><strong>is,</strong></span> <span class='ocrx_word' id='word_1_641' title='bbox 584 4492 669 4545; x_wconf 89' lang='lat' dir='ltr'><strong>cui</strong></span> <span class='ocrx_word' id='word_1_642' title='bbox 696 4492 897 4559; x_wconf 88' lang='lat' dir='ltr'><strong>scripta</strong></span> <span class='ocrx_word' id='word_1_643' title='bbox 924 4500 1024 4556; x_wconf 89' lang='lat' dir='ltr'><strong>est,</strong></span> <span class='ocrx_word' id='word_1_644' title='bbox 1053 4491 1339 4559; x_wconf 81' lang='lat' dir='ltr'><strong>Cappadox</strong></span> <span class='ocrx_word' id='word_1_645' title='bbox 1375 4492 1555 4555; x_wconf 81' lang='lat' dir='ltr'><strong>fuerit,</strong></span> <span class='ocrx_word' id='word_1_646' title='bbox 1588 4491 1901 4546; x_wconf 85' lang='lat' dir='ltr'><strong>Ascholium</strong></span> <span class='ocrx_word' id='word_1_647' title='bbox 1936 4482 1979 4537; x_wconf 83' lang='grc' dir='ltr'><strong>Ι)</strong></span> <span class='ocrx_word' id='word_1_648' title='bbox 2012 4490 2145 4528; x_wconf 70' lang='lat'><strong>“&quot;15-</strong></span> 
     </span>
    </p>
   </div>
   <div class='ocr_carea' id='block_1_91' title="bbox 332 4584 1905 4654">
    <p class='ocr_par' dir='ltr' id='par_1_91' title="bbox 332 4584 1905 4654">
     <span class='ocr_line' id='line_1_91' title="bbox 332 4584 1905 4654; baseline -0.001 -17"><span class='ocrx_word' id='word_1_649' title='bbox 332 4588 383 4637; x_wconf 89' lang='lat' dir='ltr'><strong>in</strong></span> <span class='ocrx_word' id='word_1_650' title='bbox 423 4584 762 4654; x_wconf 85' lang='lat' dir='ltr'><strong>Cappadocia</strong></span> <span class='ocrx_word' id='word_1_651' title='bbox 800 4594 987 4636; x_wconf 91' lang='lat' dir='ltr'><strong>natum</strong></span> <span class='ocrx_word' id='word_1_652' title='bbox 1020 4598 1141 4637; x_wconf 89' lang='lat' dir='ltr'><strong>esse</strong></span> <span class='ocrx_word' id='word_1_653' title='bbox 1187 4584 1499 4648; x_wconf 80' lang='lat' dir='ltr'><strong>existimat;</strong></span> <span class='ocrx_word' id='word_1_654' title='bbox 1535 4594 1590 4637; x_wconf 90' lang='lat' dir='ltr'><strong>et</strong></span> <span class='ocrx_word' id='word_1_655' title='bbox 1619 4599 1741 4639; x_wconf 90' lang='lat' dir='ltr'><strong>cmn</strong></span> <span class='ocrx_word' id='word_1_656' title='bbox 1780 4599 1905 4652; x_wconf 88' lang='lat' dir='ltr'><strong>gra-</strong></span> 
     </span>
    </p>
   </div>
   <div class='ocr_carea' id='block_1_92' title="bbox 328 4676 1901 4746">
    <p class='ocr_par' dir='ltr' id='par_1_92' title="bbox 328 4676 1901 4746">
     <span class='ocr_line' id='line_1_92' title="bbox 328 4676 1901 4746; baseline -0.003 -13"><span class='ocrx_word' id='word_1_657' title='bbox 328 4680 419 4733; x_wconf 73' lang='lat' dir='ltr'><strong>tia:</strong></span> <span class='ocrx_word' id='word_1_658' title='bbox 454 4687 713 4746; x_wconf 87' lang='lat' dir='ltr'><strong>agantur,</strong></span> <span class='ocrx_word' id='word_1_659' title='bbox 764 4676 948 4729; x_wconf 89' lang='lat' dir='ltr'><strong>itidem</strong></span> <span class='ocrx_word' id='word_1_660' title='bbox 989 4684 1049 4728; x_wconf 93' lang='lat' dir='ltr'><strong>ut</strong></span> <span class='ocrx_word' id='word_1_661' title='bbox 1084 4677 1136 4728; x_wconf 90' lang='lat' dir='ltr'><strong>in</strong></span> <span class='ocrx_word' id='word_1_662' title='bbox 1192 4677 1535 4743; x_wconf 69' lang='lat' dir='ltr'><strong>przecedenti,</strong></span> <span class='ocrx_word' id='word_1_663' title='bbox 1564 4678 1633 4731; x_wconf 92' lang='lat' dir='ltr'><strong>ob</strong></span> <span class='ocrx_word' id='word_1_664' title='bbox 1680 4677 1901 4731; x_wconf 91' lang='lat' dir='ltr'><strong>missum</strong></span> 
     </span>
    </p>
   </div>
   <div class='ocr_carea' id='block_1_93' title="bbox 328 4763 1904 4837">
    <p class='ocr_par' dir='ltr' id='par_1_93' title="bbox 328 4763 1904 4837">
     <span class='ocr_line' id='line_1_93' title="bbox 328 4763 1904 4837; baseline -0.003 -16"><span class='ocrx_word' id='word_1_665' title='bbox 328 4767 585 4837; x_wconf 85' lang='lat' dir='ltr'><strong>martyris</strong></span> <span class='ocrx_word' id='word_1_666' title='bbox 646 4780 869 4833; x_wconf 89' lang='lat' dir='ltr'><strong>corpus,</strong></span> <span class='ocrx_word' id='word_1_667' title='bbox 920 4763 1047 4817; x_wconf 91' lang='lat' dir='ltr'><strong>inde</strong></span> <span class='ocrx_word' id='word_1_668' title='bbox 1105 4764 1305 4831; x_wconf 82' lang='lat' dir='ltr'><strong>colligit</strong></span> <span class='ocrx_word' id='word_1_669' title='bbox 1357 4764 1439 4816; x_wconf 92' lang='lat' dir='ltr'><strong>vir</strong></span> <span class='ocrx_word' id='word_1_670' title='bbox 1502 4764 1747 4817; x_wconf 89' lang='lat' dir='ltr'><strong>eruditus</strong></span> <span class='ocrx_word' id='word_1_671' title='bbox 1798 4765 1904 4817; x_wconf 90' lang='lat' dir='ltr'><strong>duo</strong></span> 
     </span>
    </p>
   </div>
   <div class='ocr_carea' id='block_1_94' title="bbox 328 4853 1901 4928">
    <p class='ocr_par' dir='ltr' id='par_1_94' title="bbox 328 4853 1901 4928">
     <span class='ocr_line' id='line_1_94' title="bbox 328 4853 1901 4928; baseline -0.004 -15"><span class='ocrx_word' id='word_1_672' title='bbox 328 4872 627 4928; x_wconf 83' lang='lat' dir='ltr'><strong>martyrum</strong></span> <span class='ocrx_word' id='word_1_673' title='bbox 658 4871 883 4925; x_wconf 89' lang='lat' dir='ltr'><strong>corpora</strong></span> <span class='ocrx_word' id='word_1_674' title='bbox 911 4855 1079 4908; x_wconf 91' lang='lat' dir='ltr'><strong>variis</strong></span> <span class='ocrx_word' id='word_1_675' title='bbox 1104 4855 1436 4923; x_wconf 83' lang='lat' dir='ltr'><strong>temporibus</strong></span> <span class='ocrx_word' id='word_1_676' title='bbox 1472 4870 1501 4907; x_wconf 90' lang='lat' dir='ltr'><strong>a</strong></span> <span class='ocrx_word' id='word_1_677' title='bbox 1552 4853 1610 4908; x_wconf 89' lang='lat' dir='ltr'><strong>S.</strong></span> <span class='ocrx_word' id='word_1_678' title='bbox 1649 4854 1901 4908; x_wconf 87' lang='lat' dir='ltr'><strong>Ascholio</strong></span> 
     </span>
    </p>
   </div>
   <div class='ocr_carea' id='block_1_95' title="bbox 331 4944 1901 5016">
    <p class='ocr_par' dir='ltr' id='par_1_95' title="bbox 331 4944 1901 5016">
     <span class='ocr_line' id='line_1_95' title="bbox 331 4944 1901 5016; baseline -0.004 -14"><span class='ocrx_word' id='word_1_679' title='bbox 331 4950 382 5003; x_wconf 90' lang='lat' dir='ltr'><strong>in</strong></span> <span class='ocrx_word' id='word_1_680' title='bbox 418 4947 816 5016; x_wconf 87' lang='lat' dir='ltr'><strong>Cappadociam</strong></span> <span class='ocrx_word' id='word_1_681' title='bbox 847 4946 1017 4998; x_wconf 90' lang='lat' dir='ltr'><strong>missa</strong></span> <span class='ocrx_word' id='word_1_682' title='bbox 1051 4959 1191 4999; x_wconf 87' lang='lat' dir='ltr'><strong>esse.</strong></span> <span class='ocrx_word' id='word_1_683' title='bbox 1243 4945 1345 4997; x_wconf 85' lang='lat' dir='ltr'><strong>Sed</strong></span> <span class='ocrx_word' id='word_1_684' title='bbox 1381 4944 1700 4999; x_wconf 88' lang='lat' dir='ltr'><strong>certissimis</strong></span> <span class='ocrx_word' id='word_1_685' title='bbox 1734 4960 1901 5013; x_wconf 88' lang='lat' dir='ltr'><strong>argu-</strong></span> 
     </span>
    </p>
   </div>
   <div class='ocr_carea' id='block_1_96' title="bbox 331 5035 1901 5105">
    <p class='ocr_par' dir='ltr' id='par_1_96' title="bbox 331 5035 1901 5105">
     <span class='ocr_line' id='line_1_96' title="bbox 331 5035 1901 5105; baseline -0.002 -13"><span class='ocrx_word' id='word_1_686' title='bbox 331 5039 525 5093; x_wconf 89' lang='lat' dir='ltr'><strong>mentis</strong></span> <span class='ocrx_word' id='word_1_687' title='bbox 574 5035 791 5105; x_wconf 88' lang='lat' dir='ltr'><strong>probari</strong></span> <span class='ocrx_word' id='word_1_688' title='bbox 836 5044 1016 5103; x_wconf 90' lang='lat' dir='ltr'><strong>potest</strong></span> <span class='ocrx_word' id='word_1_689' title='bbox 1060 5036 1198 5088; x_wconf 91' lang='lat' dir='ltr'><strong>hanc</strong></span> <span class='ocrx_word' id='word_1_690' title='bbox 1236 5035 1519 5103; x_wconf 86' lang='lat' dir='ltr'><strong>epistolam</strong></span> <span class='ocrx_word' id='word_1_691' title='bbox 1555 5052 1659 5089; x_wconf 91' lang='lat' dir='ltr'><strong>non</strong></span> <span class='ocrx_word' id='word_1_692' title='bbox 1692 5036 1901 5089; x_wconf 83' lang='lat' dir='ltr'><strong>Ascho-</strong></span> 
     </span>
    </p>
   </div>
   <div class='ocr_carea' id='block_1_97' title="bbox 331 5122 1900 5195">
    <p class='ocr_par' dir='ltr' id='par_1_97' title="bbox 331 5122 1900 5195">
     <span class='ocr_line' id='line_1_97' title="bbox 331 5122 1900 5195; baseline -0.002 -13"><span class='ocrx_word' id='word_1_693' title='bbox 331 5130 399 5184; x_wconf 92' lang='lat' dir='ltr'><strong>lio</strong></span> <span class='ocrx_word' id='word_1_694' title='bbox 454 5129 712 5195; x_wconf 88' lang='lat' dir='ltr'><strong>scriptam</strong></span> <span class='ocrx_word' id='word_1_695' title='bbox 778 5127 967 5189; x_wconf 79' lang='lat' dir='ltr'><strong>fuisse,</strong></span> <span class='ocrx_word' id='word_1_696' title='bbox 1017 5125 1109 5179; x_wconf 88' lang='lat' dir='ltr'><strong>sed</strong></span> <span class='ocrx_word' id='word_1_697' title='bbox 1160 5122 1321 5179; x_wconf 83' lang='lat' dir='ltr'><strong>Junio</strong></span> <span class='ocrx_word' id='word_1_698' title='bbox 1376 5125 1609 5189; x_wconf 86' lang='lat' dir='ltr'><strong>Sorano,</strong></span> <span class='ocrx_word' id='word_1_699' title='bbox 1646 5127 1711 5179; x_wconf 89' lang='lat' dir='ltr'><strong>ad</strong></span> <span class='ocrx_word' id='word_1_700' title='bbox 1740 5141 1900 5195; x_wconf 88' lang='lat' dir='ltr'><strong>quem</strong></span> 
     </span>
    </p>
   </div>
   <div class='ocr_carea' id='block_1_98' title="bbox 334 5213 1357 5289">
    <p class='ocr_par' dir='ltr' id='par_1_98' title="bbox 334 5213 1357 5289">
     <span class='ocr_line' id='line_1_98' title="bbox 334 5213 1357 5289; baseline -0.003 -17"><span class='ocrx_word' id='word_1_701' title='bbox 334 5220 609 5289; x_wconf 86' lang='lat' dir='ltr'><strong>epistolam</strong></span> <span class='ocrx_word' id='word_1_702' title='bbox 640 5215 744 5271; x_wconf 85' lang='grc'><strong>155</strong></span> <span class='ocrx_word' id='word_1_703' title='bbox 770 5218 1066 5284; x_wconf 87' lang='lat' dir='ltr'><strong>scripserat</strong></span> <span class='ocrx_word' id='word_1_704' title='bbox 1102 5213 1357 5269; x_wconf 85' lang='lat' dir='ltr'><strong>Basilius.</strong></span> 
     </span>
    </p>
   </div>
   <div class='ocr_carea' id='block_1_99' title="bbox 399 5305 1901 5374">
    <p class='ocr_par' dir='ltr' id='par_1_99' title="bbox 399 5305 1901 5374">
     <span class='ocr_line' id='line_1_99' title="bbox 399 5305 1901 5374; baseline -0.003 -10"><span class='ocrx_word' id='word_1_705' title='bbox 399 5312 531 5365; x_wconf 73' lang='lat' dir='ltr'><strong>Nam</strong></span> <span class='ocrx_word' id='word_1_706' title='bbox 568 5311 621 5363; x_wconf 79' lang='lat' dir='ltr'><strong>l-</strong></span> <span class='ocrx_word' id='word_1_707' title='bbox 651 5309 883 5362; x_wconf 87' lang='lat' dir='ltr'><strong>Basilius</strong></span> <span class='ocrx_word' id='word_1_708' title='bbox 914 5308 967 5359; x_wconf 92' lang='lat' dir='ltr'><strong>in</strong></span> <span class='ocrx_word' id='word_1_709' title='bbox 996 5309 1157 5374; x_wconf 88' lang='lat' dir='ltr'><strong>epist.</strong></span> <span class='ocrx_word' id='word_1_710' title='bbox 1183 5305 1283 5360; x_wconf 87' lang='grc'><strong>155</strong></span> <span class='ocrx_word' id='word_1_711' title='bbox 1341 5306 1607 5359; x_wconf 90' lang='lat' dir='ltr'><strong>Soranum</strong></span> <span class='ocrx_word' id='word_1_712' title='bbox 1651 5316 1901 5360; x_wconf 89' lang='lat' dir='ltr'><strong>numerat</strong></span> 
     </span>
    </p>
   </div>
   <div class='ocr_carea' id='block_1_100' title="bbox 332 5397 1896 5472">
    <p class='ocr_par' dir='ltr' id='par_1_100' title="bbox 332 5397 1896 5472">
     <span class='ocr_line' id='line_1_100' title="bbox 332 5397 1896 5472; baseline -0.004 -14"><span class='ocrx_word' id='word_1_713' title='bbox 332 5407 467 5460; x_wconf 66' lang='lat' dir='ltr'><strong>inter</strong></span> <span class='ocrx_word' id='word_1_714' title='bbox 498 5418 614 5463; x_wconf 90' lang='lat' dir='ltr'><strong>eos,</strong></span> <span class='ocrx_word' id='word_1_715' title='bbox 646 5402 738 5472; x_wconf 91' lang='lat' dir='ltr'><strong>qui</strong></span> <span class='ocrx_word' id='word_1_716' title='bbox 775 5401 838 5453; x_wconf 91' lang='lat' dir='ltr'><strong>ob</strong></span> <span class='ocrx_word' id='word_1_717' title='bbox 867 5398 1077 5451; x_wconf 85' lang='lat' dir='ltr'><strong>Domini</strong></span> <span class='ocrx_word' id='word_1_718' title='bbox 1122 5414 1308 5451; x_wconf 84' lang='lat' dir='ltr'><strong>nomen</strong></span> <span class='ocrx_word' id='word_1_719' title='bbox 1350 5397 1505 5450; x_wconf 88' lang='lat' dir='ltr'><strong>libere</strong></span> <span class='ocrx_word' id='word_1_720' title='bbox 1534 5397 1821 5467; x_wconf 80' lang='lat' dir='ltr'><strong>loquuntur</strong></span> <span class='ocrx_word' id='word_1_721' title='bbox 1846 5409 1896 5452; x_wconf 86' lang='lat' dir='ltr'><strong>et</strong></span> 
     </span>
    </p>
   </div>
   <div class='ocr_carea' id='block_1_101' title="bbox 330 5485 1894 5565">
    <p class='ocr_par' dir='ltr' id='par_1_101' title="bbox 330 5485 1894 5565">
     <span class='ocr_line' id='line_1_101' title="bbox 330 5485 1894 5565; baseline -0.004 -16"><span class='ocrx_word' id='word_1_722' title='bbox 330 5494 575 5565; x_wconf 75' lang='lat' dir='ltr'><strong>spiritales</strong></span> <span class='ocrx_word' id='word_1_723' title='bbox 602 5490 809 5559; x_wconf 83' lang='lat' dir='ltr'><strong>fructus</strong></span> <span class='ocrx_word' id='word_1_724' title='bbox 842 5489 1025 5542; x_wconf 80' lang='lat' dir='ltr'><strong>edunt.</strong></span> <span class='ocrx_word' id='word_1_725' title='bbox 1050 5486 1142 5543; x_wconf 87' lang='lat' dir='ltr'><strong>Sic</strong></span> <span class='ocrx_word' id='word_1_726' title='bbox 1168 5487 1329 5542; x_wconf 85' lang='lat' dir='ltr'><strong>etiam</strong></span> <span class='ocrx_word' id='word_1_727' title='bbox 1364 5487 1417 5541; x_wconf 92' lang='lat' dir='ltr'><strong>in</strong></span> <span class='ocrx_word' id='word_1_728' title='bbox 1459 5485 1559 5541; x_wconf 83' lang='lat' dir='ltr'><strong>hac</strong></span> <span class='ocrx_word' id='word_1_729' title='bbox 1579 5487 1735 5556; x_wconf 87' lang='lat' dir='ltr'><strong>epist.</strong></span> <span class='ocrx_word' id='word_1_730' title='bbox 1766 5486 1894 5553; x_wconf 80' lang='grc'>165,</span> 
     </span>
    </p>
   </div>
   <div class='ocr_carea' id='block_1_102' title="bbox 384 5675 757 5745">
    <p class='ocr_par' dir='ltr' id='par_1_102' title="bbox 384 5675 757 5745">
     <span class='ocr_line' id='line_1_102' title="bbox 384 5675 757 5745; baseline -0.003 -14"><span class='ocrx_word' id='word_1_731' title='bbox 384 5680 457 5745; x_wconf 69' lang='grc' dir='ltr'><strong>(ίή</strong></span> <span class='ocrx_word' id='word_1_732' title='bbox 492 5679 592 5745; x_wconf 86' lang='lat' dir='ltr'><strong>Ep.</strong></span> <span class='ocrx_word' id='word_1_733' title='bbox 629 5675 757 5730; x_wconf 71' lang='grc'>161.</span> 
     </span>
    </p>
   </div>
   <div class='ocr_carea' id='block_1_103' title="bbox 380 5747 739 5820">
    <p class='ocr_par' dir='ltr' id='par_1_103' title="bbox 380 5747 739 5820">
     <span class='ocr_line' id='line_1_103' title="bbox 380 5747 739 5820; baseline 0.003 -23"><span class='ocrx_word' id='word_1_734' title='bbox 380 5747 452 5820; x_wconf 73' lang='grc' dir='ltr'><strong>(ὁ)</strong></span> <span class='ocrx_word' id='word_1_735' title='bbox 478 5751 579 5819; x_wconf 69' lang='lat' dir='ltr'><strong>Ep.</strong></span> <span class='ocrx_word' id='word_1_736' title='bbox 614 5747 739 5801; x_wconf 77' lang='grc'>165.</span> 
     </span>
    </p>
   </div>
   <div class='ocr_carea' id='block_1_104' title="bbox 2082 4564 3583 4632">
    <p class='ocr_par' dir='ltr' id='par_1_104' title="bbox 2082 4564 3583 4632">
     <span class='ocr_line' id='line_1_104' title="bbox 2082 4564 3583 4632; baseline 0.009 -15"><span class='ocrx_word' id='word_1_737' title='bbox 2082 4564 2231 4619; x_wconf 85' lang='lat' dir='ltr'><strong>Hanc</strong></span> <span class='ocrx_word' id='word_1_738' title='bbox 2267 4576 2443 4619; x_wconf 79' lang='lat' dir='ltr'><strong>autem</strong></span> <span class='ocrx_word' id='word_1_739' title='bbox 2482 4567 2725 4623; x_wconf 74' lang='lat' dir='ltr'><strong>laetitiam</strong></span> <span class='ocrx_word' id='word_1_740' title='bbox 2757 4578 2945 4624; x_wconf 90' lang='lat' dir='ltr'><strong>sancto</strong></span> <span class='ocrx_word' id='word_1_741' title='bbox 2970 4569 3169 4624; x_wconf 87' lang='lat' dir='ltr'><strong>Basilio</strong></span> <span class='ocrx_word' id='word_1_742' title='bbox 3204 4575 3583 4632; x_wconf 81' lang='lat' dir='ltr'><strong>existimamus</strong></span> 
     </span>
    </p>
   </div>
   <div class='ocr_carea' id='block_1_105' title="bbox 2008 4659 3581 4738">
    <p class='ocr_par' dir='ltr' id='par_1_105' title="bbox 2008 4659 3581 4738">
     <span class='ocr_line' id='line_1_105' title="bbox 2008 4659 3581 4738; baseline 0.007 -29"><span class='ocrx_word' id='word_1_743' title='bbox 2008 4659 2255 4710; x_wconf 86' lang='lat' dir='ltr'><strong>evenisse</strong></span> <span class='ocrx_word' id='word_1_744' title='bbox 2289 4659 2389 4711; x_wconf 89' lang='lat' dir='ltr'><strong>hoc</strong></span> <span class='ocrx_word' id='word_1_745' title='bbox 2414 4673 2556 4713; x_wconf 89' lang='lat' dir='ltr'><strong>anno</strong></span> <span class='ocrx_word' id='word_1_746' title='bbox 2583 4661 2687 4714; x_wconf 71' lang='grc'>574</span> <span class='ocrx_word' id='word_1_747' title='bbox 2716 4701 2728 4724; x_wconf 91' lang='grc'>,</span> <span class='ocrx_word' id='word_1_748' title='bbox 2761 4662 2883 4729; x_wconf 91' lang='lat' dir='ltr'><strong>quia</strong></span> <span class='ocrx_word' id='word_1_749' title='bbox 2934 4678 3054 4716; x_wconf 91' lang='lat' dir='ltr'><strong>cum</strong></span> <span class='ocrx_word' id='word_1_750' title='bbox 3104 4662 3333 4719; x_wconf 85' lang='lat' dir='ltr'><strong>Basilius</strong></span> <span class='ocrx_word' id='word_1_751' title='bbox 3378 4679 3581 4738; x_wconf 84' lang='lat' dir='ltr'><strong>marty-</strong></span> 
     </span>
    </p>
   </div>
   <div class='ocr_carea' id='block_1_106' title="bbox 2008 4749 3580 4823">
    <p class='ocr_par' dir='ltr' id='par_1_106' title="bbox 2008 4749 3580 4823">
     <span class='ocr_line' id='line_1_106' title="bbox 2008 4749 3580 4823; baseline 0.008 -23"><span class='ocrx_word' id='word_1_752' title='bbox 2008 4764 2124 4800; x_wconf 88' lang='lat' dir='ltr'><strong>rum</strong></span> <span class='ocrx_word' id='word_1_753' title='bbox 2160 4749 2413 4816; x_wconf 86' lang='lat' dir='ltr'><strong>reliquias</strong></span> <span class='ocrx_word' id='word_1_754' title='bbox 2443 4766 2548 4804; x_wconf 93' lang='lat' dir='ltr'><strong>non</strong></span> <span class='ocrx_word' id='word_1_755' title='bbox 2579 4754 2792 4820; x_wconf 90' lang='lat' dir='ltr'><strong>petierit</strong></span> <span class='ocrx_word' id='word_1_756' title='bbox 2820 4769 2848 4805; x_wconf 92' lang='lat' dir='ltr'><strong>a</strong></span> <span class='ocrx_word' id='word_1_757' title='bbox 2880 4753 3037 4809; x_wconf 82' lang='lat' dir='ltr'><strong>Junio</strong></span> <span class='ocrx_word' id='word_1_758' title='bbox 3068 4757 3294 4823; x_wconf 77' lang='lat' dir='ltr'><strong>Sorano,</strong></span> <span class='ocrx_word' id='word_1_759' title='bbox 3320 4761 3580 4814; x_wconf 87' lang='lat' dir='ltr'><strong>nisianno</strong></span> 
     </span>
    </p>
   </div>
   <div class='ocr_carea' id='block_1_107' title="bbox 2014 4836 3577 4914">
    <p class='ocr_par' dir='ltr' id='par_1_107' title="bbox 2014 4836 3577 4914">
     <span class='ocr_line' id='line_1_107' title="bbox 2014 4836 3577 4914; baseline 0.007 -23"><span class='ocrx_word' id='word_1_760' title='bbox 2014 4836 2121 4891; x_wconf 79' lang='lat'><strong>575</strong></span> <span class='ocrx_word' id='word_1_761' title='bbox 2181 4838 2405 4891; x_wconf 87' lang='lat' dir='ltr'><strong>nmltum</strong></span> <span class='ocrx_word' id='word_1_762' title='bbox 2462 4851 2741 4908; x_wconf 86' lang='lat' dir='ltr'><strong>provecto,</strong></span> <span class='ocrx_word' id='word_1_763' title='bbox 2792 4840 3007 4908; x_wconf 89' lang='lat' dir='ltr'><strong>aliquod</strong></span> <span class='ocrx_word' id='word_1_764' title='bbox 3054 4844 3391 4897; x_wconf 87' lang='lat' dir='ltr'><strong>intervallum</strong></span> <span class='ocrx_word' id='word_1_765' title='bbox 3455 4849 3577 4914; x_wconf 90' lang='lat' dir='ltr'><strong>poni</strong></span> 
     </span>
    </p>
   </div>
   <div class='ocr_carea' id='block_1_108' title="bbox 2012 4930 3572 5002">
    <p class='ocr_par' dir='ltr' id='par_1_108' title="bbox 2012 4930 3572 5002">
     <span class='ocr_line' id='line_1_108' title="bbox 2012 4930 3572 5002; baseline 0.006 -17"><span class='ocrx_word' id='word_1_766' title='bbox 2012 4932 2173 4985; x_wconf 90' lang='lat' dir='ltr'><strong>debet</strong></span> <span class='ocrx_word' id='word_1_767' title='bbox 2197 4930 2338 4985; x_wconf 89' lang='lat' dir='ltr'><strong>inter</strong></span> <span class='ocrx_word' id='word_1_768' title='bbox 2361 4930 2500 4985; x_wconf 91' lang='lat' dir='ltr'><strong>illius</strong></span> <span class='ocrx_word' id='word_1_769' title='bbox 2529 4933 2738 4987; x_wconf 90' lang='lat' dir='ltr'><strong>litteras</strong></span> <span class='ocrx_word' id='word_1_770' title='bbox 2766 4945 2819 4988; x_wconf 88' lang='lat' dir='ltr'><strong>et</strong></span> <span class='ocrx_word' id='word_1_771' title='bbox 2859 4934 3206 5002; x_wconf 89' lang='lat' dir='ltr'><strong>reliquiarum</strong></span> <span class='ocrx_word' id='word_1_772' title='bbox 3264 4937 3572 4993; x_wconf 91' lang='lat' dir='ltr'><strong>adventum.</strong></span> 
     </span>
    </p>
   </div>
   <div class='ocr_carea' id='block_1_109' title="bbox 2008 5022 3577 5093">
    <p class='ocr_par' dir='ltr' id='par_1_109' title="bbox 2008 5022 3577 5093">
     <span class='ocr_line' id='line_1_109' title="bbox 2008 5022 3577 5093; baseline 0.005 -16"><span class='ocrx_word' id='word_1_773' title='bbox 2008 5022 2264 5077; x_wconf 88' lang='lat' dir='ltr'><strong>Testatur</strong></span> <span class='ocrx_word' id='word_1_774' title='bbox 2294 5026 2507 5093; x_wconf 89' lang='lat' dir='ltr'><strong>quidem</strong></span> <span class='ocrx_word' id='word_1_775' title='bbox 2539 5026 2775 5080; x_wconf 89' lang='lat' dir='ltr'><strong>Ecclesia</strong></span> <span class='ocrx_word' id='word_1_776' title='bbox 2802 5026 3050 5081; x_wconf 83' lang='lat' dir='ltr'><strong>Getthica</strong></span> <span class='ocrx_word' id='word_1_777' title='bbox 3100 5038 3346 5083; x_wconf 85' lang='lat' dir='ltr'><strong>sanctum</strong></span> <span class='ocrx_word' id='word_1_778' title='bbox 3383 5031 3577 5086; x_wconf 89' lang='lat' dir='ltr'><strong>Sabam</strong></span> 
     </span>
    </p>
   </div>
   <div class='ocr_carea' id='block_1_110' title="bbox 2006 5114 3578 5186">
    <p class='ocr_par' dir='ltr' id='par_1_110' title="bbox 2006 5114 3578 5186">
     <span class='ocr_line' id='line_1_110' title="bbox 2006 5114 3578 5186; baseline 0.008 -21"><span class='ocrx_word' id='word_1_779' title='bbox 2006 5114 2181 5181; x_wconf 88' lang='lat' dir='ltr'><strong>pridie</strong></span> <span class='ocrx_word' id='word_1_780' title='bbox 2233 5114 2356 5167; x_wconf 91' lang='lat' dir='ltr'><strong>ldus</strong></span> <span class='ocrx_word' id='word_1_781' title='bbox 2411 5114 2612 5183; x_wconf 87' lang='lat' dir='ltr'><strong>Aprilis</strong></span> <span class='ocrx_word' id='word_1_782' title='bbox 2671 5132 2889 5186; x_wconf 90' lang='lat' dir='ltr'><strong>passum</strong></span> <span class='ocrx_word' id='word_1_783' title='bbox 2930 5134 3049 5172; x_wconf 79' lang='lat' dir='ltr'><strong>esse</strong></span> <span class='ocrx_word' id='word_1_784' title='bbox 3104 5134 3245 5175; x_wconf 85' lang='lat' dir='ltr'><strong>anno</strong></span> <span class='ocrx_word' id='word_1_785' title='bbox 3308 5122 3431 5185; x_wconf 71' lang='lat'><strong>572,</strong></span> <span class='ocrx_word' id='word_1_786' title='bbox 3484 5125 3578 5178; x_wconf 91' lang='lat' dir='ltr'><strong>sed</strong></span> 
     </span>
    </p>
   </div>
   <div class='ocr_carea' id='block_1_111' title="bbox 2005 5204 3579 5275">
    <p class='ocr_par' dir='ltr' id='par_1_111' title="bbox 2005 5204 3579 5275">
     <span class='ocr_line' id='line_1_111' title="bbox 2005 5204 3579 5275; baseline 0.011 -19"><span class='ocrx_word' id='word_1_787' title='bbox 2005 5204 2122 5272; x_wconf 88' lang='lat' dir='ltr'><strong>ejus</strong></span> <span class='ocrx_word' id='word_1_788' title='bbox 2155 5216 2353 5275; x_wconf 84' lang='lat' dir='ltr'><strong>corpus</strong></span> <span class='ocrx_word' id='word_1_789' title='bbox 2377 5206 2557 5260; x_wconf 88' lang='lat' dir='ltr'><strong>statim</strong></span> <span class='ocrx_word' id='word_1_790' title='bbox 2583 5222 2612 5261; x_wconf 90' lang='lat' dir='ltr'><strong>a</strong></span> <span class='ocrx_word' id='word_1_791' title='bbox 2635 5205 2794 5262; x_wconf 86' lang='lat' dir='ltr'><strong>Junio</strong></span> <span class='ocrx_word' id='word_1_792' title='bbox 2822 5207 3035 5265; x_wconf 90' lang='lat' dir='ltr'><strong>Sorano</strong></span> <span class='ocrx_word' id='word_1_793' title='bbox 3064 5211 3286 5267; x_wconf 90' lang='lat' dir='ltr'><strong>missum</strong></span> <span class='ocrx_word' id='word_1_794' title='bbox 3326 5229 3448 5269; x_wconf 89' lang='lat' dir='ltr'><strong>esse</strong></span> <span class='ocrx_word' id='word_1_795' title='bbox 3470 5231 3579 5273; x_wconf 89' lang='lat' dir='ltr'><strong>non</strong></span> 
     </span>
    </p>
   </div>
   <div class='ocr_carea' id='block_1_112' title="bbox 2005 5297 2158 5351">
    <p class='ocr_par' dir='ltr' id='par_1_112' title="bbox 2005 5297 2158 5351">
     <span class='ocr_line' id='line_1_112' title="bbox 2005 5297 2158 5351; baseline 0 0"><span class='ocrx_word' id='word_1_796' title='bbox 2005 5297 2158 5351; x_wconf 92' lang='lat' dir='ltr'><strong>dicit.</strong></span> 
     </span>
    </p>
   </div>
   <div class='ocr_carea' id='block_1_113' title="bbox 2080 5393 3576 5473">
    <p class='ocr_par' dir='ltr' id='par_1_113' title="bbox 2080 5393 3576 5473">
     <span class='ocr_line' id='line_1_113' title="bbox 2080 5393 3576 5473; baseline 0.006 -25"><span class='ocrx_word' id='word_1_797' title='bbox 2080 5394 2164 5448; x_wconf 92' lang='lat' dir='ltr'><strong>lll.</strong></span> <span class='ocrx_word' id='word_1_798' title='bbox 2199 5393 2316 5449; x_wconf 86' lang='lat' dir='ltr'><strong>Jam</strong></span> <span class='ocrx_word' id='word_1_799' title='bbox 2353 5396 2419 5450; x_wconf 92' lang='lat' dir='ltr'><strong>ab</strong></span> <span class='ocrx_word' id='word_1_800' title='bbox 2454 5412 2594 5452; x_wconf 89' lang='lat' dir='ltr'><strong>anno</strong></span> <span class='ocrx_word' id='word_1_801' title='bbox 2641 5398 2913 5466; x_wconf 86' lang='lat' dir='ltr'><strong>praeterito</strong></span> <span class='ocrx_word' id='word_1_802' title='bbox 2977 5398 3257 5455; x_wconf 89' lang='lat' dir='ltr'><strong>Samosata</strong></span> <span class='ocrx_word' id='word_1_803' title='bbox 3306 5402 3576 5473; x_wconf 80' lang='lat' dir='ltr'><strong>cogitabat</strong></span> 
     </span>
    </p>
   </div>
   <div class='ocr_carea' id='block_1_114' title="bbox 2006 5487 3574 5555">
    <p class='ocr_par' dir='ltr' id='par_1_114' title="bbox 2006 5487 3574 5555">
     <span class='ocr_line' id='line_1_114' title="bbox 2006 5487 3574 5555; baseline 0.008 -13"><span class='ocrx_word' id='word_1_804' title='bbox 2006 5487 2258 5553; x_wconf 86' lang='lat' dir='ltr'><strong>Basilius,</strong></span> <span class='ocrx_word' id='word_1_805' title='bbox 2296 5489 2388 5542; x_wconf 88' lang='lat' dir='ltr'><strong>sed</strong></span> <span class='ocrx_word' id='word_1_806' title='bbox 2420 5489 2544 5545; x_wconf 86' lang='lat' dir='ltr'><strong>huic</strong></span> <span class='ocrx_word' id='word_1_807' title='bbox 2594 5491 2818 5547; x_wconf 90' lang='lat' dir='ltr'><strong>consilio</strong></span> <span class='ocrx_word' id='word_1_808' title='bbox 2848 5492 3060 5549; x_wconf 89' lang='lat' dir='ltr'><strong>obstitit</strong></span> <span class='ocrx_word' id='word_1_809' title='bbox 3104 5494 3352 5549; x_wconf 79' lang='lat' dir='ltr'><strong>exsilium</strong></span> <span class='ocrx_word' id='word_1_810' title='bbox 3399 5501 3574 5555; x_wconf 82' lang='lat' dir='ltr'><strong>sancti</strong></span> 
     </span>
    </p>
   </div>
   <div class='ocr_carea' id='block_1_115' title="bbox 2079 5668 2600 5740">
    <p class='ocr_par' dir='ltr' id='par_1_115' title="bbox 2079 5668 2600 5740">
     <span class='ocr_line' id='line_1_115' title="bbox 2079 5668 2600 5740; baseline 0.013 -19"><span class='ocrx_word' id='word_1_811' title='bbox 2079 5669 2151 5739; x_wconf 87' lang='lat' dir='ltr'><strong>(c)</strong></span> <span class='ocrx_word' id='word_1_812' title='bbox 2184 5668 2279 5740; x_wconf 88' lang='lat' dir='ltr'><strong>Ep.</strong></span> <span class='ocrx_word' id='word_1_813' title='bbox 2312 5670 2398 5735; x_wconf 83' lang='grc'>15,</span> <span class='ocrx_word' id='word_1_814' title='bbox 2426 5688 2478 5727; x_wconf 88' lang='lat' dir='ltr'><strong>n.</strong></span> <span class='ocrx_word' id='word_1_815' title='bbox 2514 5672 2600 5728; x_wconf 71' lang='lat'><strong>12.</strong></span> 
     </span>
    </p>
   </div>
  </div>
