4040 6216
475 240 580 286 CXX

1823 245 2355 304 PROLEGOMENA.

485 350 699 406 Eusebii
731 351 1146 418 Samosalensis,
1173 355 1263 423 qui
1290 356 1502 411 tandem
1540 357 1641 413 hoc
1692 373 1835 416 anno
1863 378 2046 418 conse-
2074 371 2119 426 Α
2151 366 2442 420 vehemens
2475 365 2693 421 Eusebii
2746 381 2897 421 amor
2919 442 2922 444 γ
2948 375 3002 422 et
3029 368 3338 434 admiratio,
3367 369 3519 438 cujus
3564 350 3722 422 little?

479 455 640 500 cutus
664 453 767 509 est,
809 445 949 514 quod
975 445 1290 514 jamdudum
1336 451 1436 505 sub
1496 450 1658 519 impio
1704 451 2042 522 imperatore

478 535 688 590 invictae
711 534 854 589 illius
876 539 1189 593 constantiae
1213 551 1266 592 et
1290 540 1516 595 summis
1551 542 1619 596 de
1648 543 1890 600 Ecclesia
1925 562 2039 601 me-

476 625 595 679 ritis
654 625 888 679 debitum
945 629 1245 684 videbatur.
1292 631 1346 684 ld
1375 643 1554 688 autem
1607 636 1897 706 contigisse
1940 638 2042 692 hoc

477 718 637 781 an'no,
671 727 747 782 et;
776 717 991 787 quidem
1052 724 1198 778 circa
1227 733 1492 790 mstatem,
1549 741 1670 780 cum
1703 743 1770 782 ex
1813 729 2040 798 epistola

482 807 585 861 169.
619 816 739 876 ρὀει
771 807 978 864 Pascha
1003 815 1200 882 scripta
1231 816 1571 884 perspicitur,
1592 819 1644 870 in
1671 833 1773 886 qua
1813 819 2041 876 Basilius

472 914 622 968 spem
687 899 950 956 invisendi
1017 903 1233 960 Eusebii
1297 908 1474 965 adhuc
1549 911 1850 978 retinebat;
1926 922 2038 966 tum

471 993 633 1048 etiam
663 1010 731 1050 ex
761 995 920 1064 epist.
951 994 1074 1059 198,
1108 1012 1250 1052 anno
1279 998 1403 1063 375,
1445 1010 1562 1069 post
1594 1000 1800 1056 Pascha
1847 1004 2039 1056 simili-

473 1093 553 1164 ter
578 1086 801 1155 scripta,
837 1087 887 1141 in
917 1101 1022 1157 qua
1054 1087 1287 1144 Basilius
1320 1090 1438 1158 plus
1464 1100 1692 1159 quatuor
1721 1092 1927 1147 litteras
1970 1096 2035 1146 ad

471 1167 756 1230 Eusebium
788 1177 1121 1232 exsulantem
1163 1179 1373 1234 misisse
1403 1196 1462 1235 se
1507 1191 1757 1249 testatur,
1787 1185 2035 1254 quamvis

469 1279 527 1320 se
557 1266 784 1321 fateatur
811 1285 916 1322 non
951 1283 1088 1338 saepe
1127 1271 1430 1339 scripsisse.

539 1356 673 1437 Dum
717 1359 768 1410 in
809 1359 1089 1413 Thraciam
1128 1357 1187 1414 S.
1237 1370 1443 1432 martyr
1493 1373 1634 1417 recta
1689 1366 1859 1420 tendit
1887 1366 2036 1437 (illuc

467 1432 611 1503 enim
671 1449 940 1518 relegatus
982 1458 1064 1505 est
1119 1467 1148 1504 a
1198 1449 1466 1523 Valente),
1493 1467 1590 1524 per
1640 1432 2032 1527 Cappadociam

468 1540 702 1605 transiit,
730 1541 953 1611 ejusque
982 1542 1268 1612 complexu
1295 1547 1501 1614 potitus
1541 1546 1751 1601 videtur
1775 1547 2029 1604 Basilius.

461 1629 597 1685 Nam
628 1617 679 1684 in
706 1633 931 1702 epistola
970 1633 1071 1688 168
1101 1635 1168 1688 ad
1218 1636 1539 1692 Antiochum
1573 1648 1627 1694 et
1666 1640 1801 1695 alios
1858 1643 2029 1695 sancti

2148 471 2218 509 rae
2237 470 2340 510 non
2370 457 2542 510 solum
2568 471 2666 511 sua
2720 467 2910 528 sponte
2960 461 3116 514 utiles
3145 475 3267 514 esse
3320 462 3592 524 dicuntur,
3618 466 3709 515 sed

2142 548 2307 601 etiam
2337 548 2621 617 accipienti
2663 550 2804 618 apud
2832 551 2965 604 alios
2995 552 3238 606 homines
3267 551 3705 621 perhonoriﬁca};

2141 639 2337 708 quippe
2364 655 2485 694 cum
2521 639 2573 694 in
2605 640 2787 710 aliquo
2821 643 2958 711 apud
3008 651 3219 696 tantum
3266 643 3439 696 virum
3485 658 3709 699 numero

2142 743 2264 782 esse
2319 730 2777 799 perhonoriﬁcum
2850 734 2942 788 sit.
2999 733 3124 788 llaec
3169 734 3394 803 epistola
3447 738 3711 806 reperitur

2139 820 2299 874 etiam
2349 823 2487 888 apud
2523 821 2868 892 Gregorium,
2899 835 3092 893 estque
3147 825 3287 880 inter
3333 826 3478 881 illius
3506 829 3709 898 episto-

2140 909 2220 965 las
2248 911 2618 968 ducentesima
2643 927 2860 984 quarta.

2138 1014 2156 1069 ξ
2210 1001 2301 1057 IV.
2331 1002 2489 1057 Circa
2549 1005 2651 1059 hoc
2696 1015 2907 1076 tempus
2962 1007 3174 1062 videtur
3232 1009 3545 1066 collocanda
3577 1009 3710 1082 Gly—

2139 1093 2268 1148 cerii
2299 1094 2544 1148 historia.
2568 1092 2618 1150 is
2645 1097 3001 1150 monasticam
3028 1099 3190 1150 vitam
3214 1097 3286 1170 (c)
3329 1099 3703 1168 profitebatur,

2127 1187 2192 1237 'et
2218 1181 2481 1238 Venensis
2513 1182 2772 1239 Ecclesia:
2803 1186 3065 1241 diaconus
3102 1171 3132 1240 a
3181 1185 3239 1242 S.
3259 1186 3458 1243 Basilio
3487 1192 3707 1243 ordina-

2139 1282 2242 1340 tus,
2274 1283 2330 1328 ut
2385 1274 2706 1346 presbytero
2768 1277 3123 1342 ministraret,
3154 1291 3209 1333 et
3262 1293 3396 1347 opus
3450 1279 3708 1334 Ecclesia:

2136 1378 2352 1421 curaret
2381 1366 2508 1438 (n0n
2543 1367 2674 1422 laeve
2713 1368 2856 1423 enim
2909 1370 3159 1425 manibus
3199 1369 3566 1445 operabatur),
3598 1386 3703 1424 non

2135 1457 2294 1511 modo
2314 1473 2467 1526 opus,
2501 1459 2643 1527 quod
2691 1459 2739 1512 ei
2773 1461 3122 1514 commissum
3161 1471 3298 1524 erat,
3335 1461 3548 1529 penitus
3607 1477 3706 1515 ne-

2135 1549 2320 1616 glexit,
2348 1549 2442 1602 sed
2482 1549 2644 1601 etiam
2677 1549 2881 1603 coactis
2922 1550 3132 1618 privata
3169 1552 3494 1606 auctoritate
3538 1552 3702 1606 mise-

2137 1638 2213 1692 ris
2239 1639 2561 1708 virginibus,
2587 1639 2786 1707 partim
2818 1653 2914 1693 sua
2955 1649 3148 1706 sponte
3170 1641 3238 1692 ad
3269 1655 3389 1693 eum
3413 1655 3702 1695 accurren-

463 1722 792 1778 confessoris
818 1725 1044 1781 comites
1068 1727 1296 1797 scripta,
1328 1730 1468 1797 quod
1505 1730 1570 1784 de
1609 1745 1794 1784 eorum
1848 1735 2028 1787 cordi-
2061 1716 2102 1772 Β
2135 1730 2296 1796 tibus,
2338 1730 2534 1799 partim
2563 1729 2749 1785 invitis
2772 1739 2825 1784 et
2856 1729 3308 1811 repugnantibus,
3342 1733 3505 1799 erepit
3533 1731 3704 1801 impe-

462 1816 565 1871 bus
591 1829 912 1884 persuasum
942 1818 1173 1873 habebat
1205 1819 1448 1887 Basilius,
1488 1822 1540 1876 id
1568 1837 1628 1878 se
1663 1823 2027 1894 factopaulis-

460 1926 556 1980 per
577 1925 763 1964 eorum
787 1912 1022 1980 periculo
1046 1915 1388 1983 perspexisse
1425 1915 1682 1971 declarat.

529 2001 790 2071 Gregorio
827 2001 1168 2060 Nazianzeno
1211 2008 1398 2060 eadem
1424 2006 1654 2062 felicitas
1686 2023 1790 2061 non
1809 2010 2024 2078 obtigit.

461 2091 535 2146 Ita
567 2095 710 2148 enim
750 2095 1063 2163 aegrotabat,
1099 2104 1157 2149 ut
1192 2112 1257 2150 ex
1301 2097 1506 2152 aedibus
1548 2101 1858 2169 prospicere
1917 2118 2023 2156 non

459 2193 670 2253 posset;
712 2199 811 2239 nec
837 2195 1014 2240 tamen
1073 2187 1311 2255 morbus,
1360 2189 1462 2244 etsi
1497 2191 1884 2259 gravissimus,
1916 2203 2022 2248 tam

458 2276 715 2332 molestus
769 2276 840 2330 illi
871 2285 1012 2342 erat,
1047 2292 1207 2347 quam
1265 2281 1407 2349 quod
1453 2280 1684 2337 Eusebio
1730 2285 2020 2338 carendum

457 2375 619 2423 esset.
650 2367 940 2437 Postquam
964 2367 1228 2426 Eusebius
1270 2373 1334 2426 ad
1379 2373 1553 2428 locum
1610 2375 1787 2429 exsilii
1835 2391 2022 2446 perve-

457 2459 556 2526 nit,
580 2460 799 2529 scripsit
833 2462 902 2514 ad
943 2476 1066 2515 eum
1113 2461 1408 2532 Gregorius
1439 2463 1515 2536 (α)
1558 2481 1621 2519 ac
1676 2468 1918 2534 rogavit,
1964 2479 2023 2521 ut

455 2549 599 2618 quod
623 2564 687 2603 ex
711 2549 827 2618 ejus
853 2565 1144 2628 congressu
1167 2554 1234 2608 ad
1271 2554 1466 2610 anima:
1493 2556 1724 2611 salutem
1761 2560 2018 2628 consequi

455 2655 558 2694 non
583 2650 850 2709 potuerat,
878 2624 931 2696 id
959 2643 1058 2697 sibi
1091 2644 1340 2711 precibus
1379 2646 1518 2714 apud
1560 2645 1728 2701 Deum
1757 2624 2019 2704 concilia-

452 2738 570 2784 ret:
599 2745 772 2801 neque
793 2733 933 2787 enim
971 2732 1071 2786 viri
1105 2741 1183 2786 tot
1204 2735 1670 2802 persecutionibus
1700 2752 1797 2806 pro
1837 2738 2020 2793 Evan-

452 2823 588 2894 gelio
623 2823 831 2893 probati
878 2825 1058 2879 minus
1096 2826 1350 2894 prodesse
1389 2829 1529 2895 apud
1587 2827 1754 2882 Deum
1805 2843 2015 2898 preces,

451 2929 611 2983 quam
673 2913 900 2983 alicujus
955 2929 1023 2970 ex
1098 2915 1301 2970 sanctis
1369 2917 1698 2987 martyribus
1780 2920 2020 2988 patroci-

448 3012 617 3066 nium.

524 3100 824 3170 Rescripsit
854 3099 1120 3155 Eusebius
1147 3100 1438 3170 Gregorio,
1476 3116 1706 3172 eumque
1742 3103 1808 3158 de
1852 3104 2011 3160 rebus

446 3191 558 3245 suis
605 3190 894 3244 certiorem
920 3187 1065 3243 fecit.
1106 3187 1286 3255 Quare
1332 3205 1456 3244 cum
1495 3191 1803 3259 Eupraxius
1853 3191 2010 3261 paulo

450 3288 570 3348 post
601 3295 694 3349 per
731 3279 1126 3350 Cappadociam
1174 3281 1443 3335 transiens
1463 3282 1528 3336 ad
1555 3280 1848 3337 Eusebium
1889 3297 2008 3338 sese

442 3372 737 3438 conferret,
764 3381 876 3425 tum
907 3379 967 3424 ut
989 3370 1130 3427 illius
1167 3371 1379 3426 videndi
1409 3372 1734 3428 desiderium
1758 3373 2003 3439 satiaret,

445 3474 556 3518 tum
591 3473 649 3517 ut
675 3463 850 3517 debita
883 3462 1008 3518 huic
1043 3464 1267 3532 tempori
1294 3463 1470 3518 oliicia
1508 3455 1820 3531 exhiberet;
1872 3464 2007 3520 Gre-

440 3557 623 3628 gorius
651 3555 788 3610 hanc
832 3554 1103 3610 scribendi
1129 3564 1186 3610 et
1214 3556 1510 3625 gratiarum
1545 3558 1872 3625 agendarum
1913 3572 2004 3612 oc-

439 3648 713 3705 casionem
757 3661 860 3701 non
893 3646 1254 3715 praetermisit.
1283 3644 1408 3701 Haec
1429 3647 1572 3701 enim
1593 3646 1816 3715 epistola
1837 3685 1852 3711 ,
1884 3663 2004 3716 quae

438 3748 522 3793 est
549 3738 691 3793 inter
734 3736 1039 3790 Basilianas
1072 3735 1197 3801 166,
1225 3740 1363 3805 apud
1387 3736 1705 3804 Gregorium
1736 3753 1868 3794 vero
1898 3740 1998 3792 tri-

337 3885 340 3890 ,
437 3829 660 3894 cesima,
713 3828 928 3882 videtur
981 3827 1334 3895 adjudicanda
1397 3827 1675 3897 Gregorio.
1753 3829 1998 3898 Gregorii

437 3921 631 3991 stylum
665 3919 839 3988 magis
881 3919 1123 3972 redolent
1160 3921 1276 3974 hrec
1311 3921 1576 3974 orationis
1610 3931 1930 3975 ornamenta
1981 3941 1995 3977 :

435 4009 510 4062 Ac
535 4008 763 4077 patrium
796 4007 1004 4076 quidem
1031 4007 1201 4062 solum
1226 4010 1413 4062 habent
1445 4009 1566 4072 alii,
1609 4025 1700 4062 nos
1750 4027 1870 4064 vero
1916 4030 1999 4066 sn-

433 4114 647 4165 pernam
696 4099 954 4152 ciuitatem
989 4115 1007 4151 :
1060 4099 1156 4153 alii
1200 4110 1434 4154 nostrum
1475 4101 1702 4168 fortasse
1725 4102 1989 4170 thronum,

433 4209 528 4246 nos
553 4191 839 4245 Christum.
881 4190 926 4244 0
963 4191 1222 4258 praeclara
1271 4193 1585 4260 negotiatio!
1633 4194 1814 4260 qualia
1871 4213 1996 4250 con-

431 4283 753 4349 tempsimus,
781 4281 961 4350 qualia
998 4281 1193 4335 lucrati
1211 4299 1388 4337 sumus
1409 4283 1428 4336 .'
1452 4283 1567 4338 Huc
1610 4286 1819 4340 accedit
1849 4289 1993 4354 quod

2131 1822 2268 1876 rium
2290 1820 2468 1890 gregis
2515 1821 2616 1876 sibi
2647 1834 2902 1890 arrogare
2921 1858 2938 1885 ,
2964 1835 3030 1874 ac
3059 1821 3378 1888 patriarcha:
3419 1836 3619 1877 nomen
3648 1835 3703 1876 et

2128 1913 2372 1968 habitum
2423 1913 2526 1967 sibi
2589 1927 2824 1976 sumere,
2857 1913 2980 1966 inde
3013 1912 3158 1966 velut
3209 1928 3276 1966 ex
3306 1915 3537 1981 quadam
3583 1925 3703 1969 arte

2127 2005 2328 2059 victum
2355 2004 2458 2059 sibi
2493 2018 2857 2074 comparans:
2894 2017 3190 2073 parumque
3215 2001 3405 2067 abfuit,
3445 2005 3573 2073 quin
3617 2013 3702 2058 to-

2129 2104 2234 2148 tam
2277 2092 2570 2148 Ecclesiam
2598 2092 2818 2148 sedibus
2848 2093 2961 2146 suis
2984 2102 3372 2146 commoveret.
3410 2090 3546 2146 Nam
3597 2109 3701 2148 nec

2125 2189 2501 2257 presbyterum
2531 2201 2712 2249 suum,
2753 2201 2853 2240 nec
2890 2185 3359 2253 chorepiscopnm,
3401 2199 3501 2239 nec
3543 2184 3698 2240 Basia

2126 2278 2256 2332 lium
2300 2279 2670 2340 reverebatur,
2711 2275 3095 2344 perpetuisque
3137 2275 3326 2328 urbem
3377 2273 3697 2330 tumultibus

2120 2384 2187 2424 ac
2213 2368 2519 2422 universum
2553 2367 2754 2421 clerum
2781 2365 3160 2435 permiscebat.
3186 2364 3425 2419 Tandem
3461 2379 3493 2419 a
3544 2365 3697 2422 Basi-

2121 2461 2194 2516 lio
2219 2471 2274 2515 et
2313 2461 2702 2529 cborepiscopo
2753 2459 2944 2512 leviter
2997 2458 3179 2512 verbis
3231 2457 3571 2528 objurgatus,
3625 2474 3696 2514 ne

2120 2562 2457 2622 contemptor
2480 2553 2731 2608 evaderet
2751 2549 2895 2623 (nam
2912 2550 3140 2619 juvenes
3171 2551 3334 2605 etiam
3359 2551 3424 2605 ad
3444 2553 3690 2605 eamdem

2120 2643 2514 2701 contumaciam
2539 2644 2871 2710 exercebat),
2898 2641 3107 2697 facinus
3132 2641 3419 2696 admodum
3434 2643 3607 2697 audax
3635 2652 3694 2697 et

2129 2735 2481 2789 inhumanum
2541 2734 2862 2803 excogitat:
2942 2733 3219 2801 virgines,
3275 2743 3543 2802 quotquot
3593 2750 3690 2802 po-

2119 2827 2240 2890 tuit,
2273 2840 2368 2894 per
2397 2823 2734 2892 sacrilegium
2759 2822 3053 2892 praedatus,
3079 2831 3238 2878 nocte
3263 2824 3572 2886 observata,
3605 2824 3692 2876 fu-

2117 2931 2238 2986 gam
2268 2915 2522 2983 capessit.
2549 2911 2648 2966 Rei
2684 2913 2984 2967 molestiam
3021 2922 3074 2968 et
3102 2912 3360 2967 facinoris
3391 2915 3688 2984 nequitiam

2119 3015 2330 3074 tempus
2366 3003 2616 3074 augebat.
2643 3003 2796 3056 Tunc
2828 3003 2972 3056 enim
3007 3003 3085 3074 (ά)
3110 3003 3180 3056 ibi
3216 3002 3507 3056 habebatur
3557 3020 3690 3057 cond

2112 3106 2311 3161 ventus,
2343 3105 2498 3164 atque
2543 3096 2723 3165 ingens
2786 3095 3134 3164 undecunque
3155 3135 3170 3161 ,
3203 3104 3259 3148 ut
3304 3111 3401 3164 par
3431 3105 3535 3159 est,
3565 3111 3690 3149 con-

2108 3189 2299 3258 ﬂuebat
2333 3188 2631 3241 multitudo.
2672 3186 2775 3244 Ille
2806 3201 2980 3242 autem
3012 3190 3240 3243 vicissim
3281 3191 3497 3242 chorum
3524 3207 3683 3244 suum

2108 3278 2423 3345 introduxit,
2469 3278 2689 3346 juvenes
2734 3291 3050 3348 sequentem,
3075 3296 3137 3333 ac
3181 3281 3576 3349 tripudiantem,
3618 3299 3684 3334 ac

2106 3370 2392 3450 plurimum
2419 3370 2626 3440 quidem
2639 3371 2883 3424 tristitia:
2911 3372 3013 3440 piis
3035 3371 3360 3440 a/ferentem,
3391 3372 3684 3439 plurimum

2107 3470 2280 3514 autem
2312 3462 2452 3516 risus
2480 3462 2687 3516 lascivis
2716 3473 2765 3516 et
2806 3464 2986 3533 lingua
3012 3464 3340 3530 procacibus.
3385 3463 3566 3534 Neque
3595 3467 3682 3517 his

2105 3560 2376 3604 contentus
2412 3550 2535 3618 fuit,
2561 3553 2660 3604 etsi
2686 3562 2792 3604 tam
2839 3554 3104 3605 atrocibus
3146 3564 3193 3606 et
3242 3554 3520 3607 horrendis
3544 3570 3562 3618 ;
3586 3558 3681 3608 sed

2103 3642 2261 3695 etiam
2306 3651 2545 3709 parentes
2605 3642 2884 3710 virginum,
2947 3645 3226 3697 orbitatem
3275 3661 3377 3699 non
3426 3647 3680 3714 terentes,

2103 3743 2256 3800 atque
2298 3733 2589 3801 dispersam
2639 3736 2847 3786 turbam
2881 3737 3126 3789 reducere
3177 3737 3479 3804 cupientes,
3511 3746 3562 3791 et
3604 3743 3679 3791 ad

2100 3824 2336 3891 filiarum
2359 3839 2579 3878 suarum
2605 3827 2757 3890 pedes
2790 3841 2910 3878 cum
2935 3825 3244 3894 gemitibus,
3272 3835 3329 3878 ut
3394 3839 3676 3880 consentao

2102 3931 2253 3966 neum
2283 3923 2379 3978 est,
2416 3913 2731 3979 accidentes,
2763 3914 3107 3967 admirandus
3133 3914 3347 3983 juvenis
3394 3931 3509 3968 cum
3543 3933 3681 3985 pra:-

2099 4006 2307 4058 daloria
2335 4023 2430 4061 sua
2461 4022 2618 4059 manu
2661 4006 2992 4060 contumeliis
3040 4017 3192 4074 atque
3224 4007 3509 4076 ignominia
3539 4009 3679 4076 affe-

2098 4099 2187 4149 cit.

2167 4185 2299 4240 Cum
2331 4183 2615 4254 Glycerius
2643 4182 2974 4238 Nazianzum
3001 4186 3238 4240 venisset
3277 4201 3398 4240 cum
3426 4187 3528 4242 hoc
3557 4187 3672 4240 vir-

2095 4278 2277 4348 ginum
2313 4291 2473 4346 grege
2496 4317 2511 4342 ,
2546 4277 2764 4343 collegit
2794 4277 2932 4332 hanc
2964 4278 3332 4346 captivitatem
3351 4278 3673 4348 Gregorius,

431 4376 544 4430 haec
579 4373 802 4444 epistola
831 4374 884 4428 in
921 4373 1174 4429 omnibus
1201 4376 1399 4430 nostris
1421 4376 1696 4431 codicibus
1730 4392 1857 4432 mss.
1885 4377 1984 4432 de~
2019 4388 2064 4442 1)
2096 4385 2160 4424 ac
2205 4383 2491 4424 Commune
2538 4368 2770 4423 dedecus
2823 4378 3111 4436 contegere
3149 4379 3378 4423 οοηδίυε
3437 4378 3542 4424 θεία
3607 4371 3672 4425 Μ

428 4467 699 4522 sideratur
725 4474 950 4534 excepto
978 4465 1329 4521 Coisliniano.

496 4557 780 4611 Tribuitur
812 4555 978 4611 etiam
1010 4555 1270 4624 Gregorio
1318 4571 1549 4626 sequens
1579 4557 1645 4610 ad
1701 4557 1986 4612 Eusebium

436 4648 662 4718 epistola
690 4646 786 4718 (ὁ),
810 4661 929 4715 quae
955 4645 1158 4716 pariter
1191 4649 1244 4698 in
1293 4646 1408 4700 solo
1439 4645 1634 4716 legitur
1663 4646 1990 4702 Coisliniano

427 4740 632 4794 codice.
671 4739 960 4793 Existimat
990 4746 1170 4792 tamen
1220 4735 1600 4793 Tillemontius
1644 4736 1842 4792 Basilio
1875 4754 1987 4794 me-

427 4829 528 4882 lius
554 4828 846 4882 convenire
873 4829 1298 4893 excusationem,
1331 4842 1437 4898 qua
1459 4828 1627 4882 utitur
1656 4838 1848 4883 auctor
1867 4829 1985 4898 epi-

425 4922 600 4988 stolae,
632 4935 728 4976 cur
751 4922 817 4975 ad
841 4921 1129 4975 Eusebium
1164 4937 1268 4976 non
1292 4921 1691 4990 proficiscatur,
1730 4929 1789 4974 ut
1823 4923 1891 4977 ab
1922 4936 1986 4976 eo

423 5009 696 5081 patientia
728 5011 782 5063 in
820 5010 1079 5064 aerumnis
1107 5009 1410 5084 exemplum
1462 5008 1657 5078 capiat.
1685 5008 1777 5061 Ait
1839 5009 1985 5061 enim

423 5117 482 5157 se
509 5100 772 5156 molestiis
802 5108 858 5154 et
887 5101 1117 5168 negotiis
1147 5099 1396 5154 detineri.
1429 5097 1536 5154 Sed
1576 5115 1687 5152 suae
1720 5097 1986 5168 Gregorio

423 5193 680 5246 molestiae
729 5207 828 5246 cur
881 5191 1149 5245 defuerint
1205 5206 1310 5244 non
1357 5191 1530 5244 video.
1573 5189 1732 5244 Certe
1773 5191 1984 5257 negotia

422 5285 611 5338 deesse
643 5298 748 5337 non
789 5291 1043 5351 poterant
1090 5281 1383 5336 Ecclesium
1419 5280 1813 5334 Nazianzenam
1864 5289 1985 5349 post

425 5382 649 5427 mortem
685 5374 858 5443 patris
879 5373 1218 5444 gubernanti.
1251 5372 1478 5443 Utrique
1505 5375 1709 5444 optime
1735 5374 1984 5442 congruit

497 5551 572 5619 (α)
594 5548 693 5618 Ep.
717 5551 807 5605 28.

487 5622 560 5692 (b)
588 5621 686 5690 Ep.
716 5621 814 5674 167
835 5695 842 5703 ⁴

2096 4461 2185 4515 ubi
2217 4459 2434 4514 rescivit
2462 4457 2716 4525 Basilius,
2748 4459 2936 4513 scribit
2967 4459 3230 4530 Gregorio
3257 4500 3272 4525 ,
3310 4476 3421 4515 rem
3451 4471 3670 4532 gestam

2095 4560 2279 4617 narrat
2326 4551 2536 4618 ordine,
2566 4565 2629 4605 ac
2659 4561 2813 4621 rogat
2867 4568 2933 4606 ne
2975 4552 3087 4606 haic
3119 4553 3420 4607 tolerabilia
3473 4555 3661 4608 existi-

2094 4655 2224 4708 met,
2257 4644 2350 4696 sed
2379 4644 2430 4696 in
2461 4643 2670 4704 ,primis
2704 4641 2891 4710 iubeat
2932 4641 3241 4714 Glycerium
3286 4659 3409 4698 cum
3442 4647 3672 4715 virgini-

2093 4733 2194 4788 bus
2227 4733 2441 4788 redire:
2475 4748 2598 4787 eum
2653 4733 2797 4787 enim
2837 4733 3262 4790 misericordiam
3303 4735 3565 4805 aliquam,
3617 4738 3671 4791 si

2095 4840 2217 4879 cum
2239 4822 2490 4893 Gregorii
2515 4824 2711 4879 litteris
2744 4825 2950 4893 redeat,
2975 4841 3197 4896 sperare
3221 4842 3397 4895 posse.
3433 4827 3585 4893 Quod
3615 4831 3668 4884 si

2090 4916 2136 4970 is
2176 4916 2350 4970 redire
2380 4915 2536 4982 nolit,
2567 4916 2757 4970 saltem
2784 4918 3023 4988 virgines
3065 4921 3132 4972 ad
3177 4918 3476 4975 Ecclesiam
3541 4938 3663 4976 ma-

2093 5017 2225 5061 trem
2256 5007 2620 5062 remittantur.
2644 5007 2796 5074 Quod
2825 5010 2867 5063 si
2895 5010 2996 5064 hoc
3043 5009 3158 5064 fieri
3189 5013 3396 5080 nequit,
3428 5020 3482 5065 at
3511 5025 3666 5069 certe

2089 5099 2141 5152 in
2166 5113 2258 5154 eas
2284 5115 2403 5169 quae
2438 5101 2615 5155 redire
2643 5101 2847 5167 volunt,
2876 5104 3218 5173 tyrannidem
3248 5107 3489 5158 exerceri
3524 5104 3667 5160 Gre-

2089 5193 2271 5260 gorius
2297 5206 2400 5245 non
2422 5194 2678 5261 patiatur.
2709 5194 2924 5264 Alioqui
2957 5197 3120 5249 Deum
3141 5205 3196 5250 et
3215 5198 3460 5252 homines
3491 5206 3666 5251 testa-

2094 5290 2179 5335 tur
2204 5279 2430 5335 Basilius
2458 5283 2571 5337 haec
2603 5284 2824 5339 minime
2866 5296 3012 5340 recte
3043 5288 3181 5356 fieri,
3210 5302 3385 5356 neque
3407 5302 3476 5341 ex
3519 5288 3659 5356 legi-

2091 5372 2191 5428 bus
2221 5371 2497 5429 Ecclesiae.
2521 5373 2913 5445 Glyceriojcum
2936 5377 3221 5450 disciplina
3251 5388 3304 5434 et
3334 5380 3656 5448 congruenti

2170 5554 2235 5626 (c)
2269 5557 2365 5625 Ep.
2397 5559 2518 5613 170.

2164 5630 2238 5696 (ιι)
2272 5628 2368 5696 Ep.
2409 5629 2525 5684 169.
