4040 6216
1756 376 1915 431 VITA
1956 375 2008 430 S.
2054 376 2317 433 BASILII.

3507 395 3634 436 CK‘I

398 479 665 533 modestia
727 481 974 534 redeunti
1033 482 1421 553 indulgentiam
1463 485 1778 555 pollicetur;
1815 503 1971 543 secus
2000 490 2046 547 Α
2074 489 2227 556 stias,
2257 504 2392 558 quas
2420 490 2467 543 ei
2498 490 2758 553 exhibuit,
2787 499 2844 543 ut
2882 505 3041 558 supra
3073 489 3327 552 vidimus,
3363 490 3643 559 Cappado-

391 584 570 633 νει-ο,
615 585 644 622 a
717 572 1017 627 ministerio
1077 585 1341 629 remotum
1394 591 1514 631 esse
1561 577 1859 633 denuntiat.

468 660 703 730 Scripsit
737 663 896 717 etiam
940 664 1040 733 ipsi
1077 665 1322 737 Glycerio
1361 665 1607 730 Basilius,
1636 681 1868 737 eumque
1906 680 1965 722 ut

393 762 669 805 amentem
702 762 757 806 et
782 754 1150 819 temerarium,
1200 770 1262 810 ac
1314 770 1434 809 cum
1466 770 1561 809 sua
1590 756 1726 809 stola
1757 767 1809 811 et
1844 772 1973 811 can-

395 843 576 897 tilenis
615 844 851 914 virgines
905 861 1011 899 non
1061 849 1127 899 ad
1178 846 1370 912 Deum,
1405 848 1497 901 sed
1542 848 1607 901 ad
1657 849 1969 902 barathrum

393 936 751 991 deducentem
799 939 1045 1001 castigat.
1113 937 1217 993 Sed
1276 947 1455 993 tamen
1510 949 1735 1007 paterno
1791 941 1971 995 animo

394 1028 607 1081 veniam
629 1027 805 1093 offert,
836 1039 1118 1097 propterea
1141 1030 1280 1099 quod
1311 1030 1463 1084 multi
1498 1032 1613 1100 ejus
1654 1047 1820 1086 causa
1845 1049 1971 1102 sup-

394 1116 691 1184 plicabant,
720 1120 772 1173 in
797 1120 984 1189 primis
1009 1121 1150 1175 illius
1178 1122 1481 1191 presbyter.
1519 1120 1575 1175 Si
1612 1123 1815 1177 diutius
1845 1138 1967 1192 per-

391 1216 499 1261 stet
541 1208 599 1262 in
652 1210 1010 1281 impudentia,
1051 1215 1217 1283 gradu
1259 1212 1408 1267 illum
1453 1214 1673 1268 omnino
1704 1214 1970 1269 excidisse

392 1296 654 1353 declarat.

463 1388 600 1443 Cum
635 1404 734 1445 nec
771 1391 1052 1463 Glycerius
1082 1412 1179 1452 nec
1206 1399 1445 1467 virgines
1487 1400 1745 1466 redirent,
1772 1399 1965 1453 iterum

391 1478 583 1530 scribit
617 1477 849 1534 Basilius
897 1482 1179 1553 Gregorio,
1215 1489 1299 1542 cui
1330 1488 1428 1543 has
1480 1505 1659 1545 moras
1695 1490 1970 1545 ascribere

389 1570 633 1633 videtur;
666 1587 973 1642 quanquam
1012 1576 1158 1631 illum
1197 1580 1395 1634 l'atetur
1422 1596 1759 1649 nequaquam
1792 1582 1843 1634 id
1886 1580 1967 1632 fa-

386 1674 531 1723 cere,
553 1664 697 1731 quod
715 1666 817 1719 sibi
840 1679 1175 1735 succenseat,
1198 1682 1290 1725 aut
1316 1672 1544 1743 gratiam
1575 1673 1644 1727 ab
1678 1674 1802 1727 aliis
1828 1674 1967 1727 inire

386 1750 537 1804 velit.
599 1752 842 1807 Posmlat
874 1770 1003 1827 ergo
1060 1769 1117 1812 ut
1154 1763 1375 1815 redeant
1409 1763 1555 1815 omni
1605 1772 1748 1816 metu
1770 1763 1963 1832 posito,

2074 582 2172 635 cite
2197 582 2569 651 episcoporum
2595 582 2936 652 negligentia,
2954 590 3008 635 et
3039 581 3265 634 aliorum
3285 581 3639 649 plurimorum

2072 670 2287 725 animus
2308 671 2355 725 ei
2393 684 2497 725 non
2553 672 2780 737 amicus,
2817 672 3114 739 praesertim
3155 670 3206 724 in
3253 671 3441 735 Ponto,
3479 671 3552 725 ita
3588 681 3647 725 ut

2074 760 2207 813 nihil
2230 768 2375 814 esset
2406 770 2514 814 tam
2542 774 2752 824 rarum,
2792 776 2948 829 quam
2992 761 3288 827 spiritualis
3313 761 3493 828 fratris
3518 778 3645 815 con-

2070 866 2299 917 gressus,
2332 861 2377 903 et
2404 851 2607 904 verbum
2642 850 2920 919 paciﬁcum
2947 860 2995 903 et
3017 851 3305 919 spiritualis
3328 852 3641 905 communio.

2073 942 2343 1010 Scriptam
2404 942 2583 1010 itaque
2631 944 2770 997 hanc
2841 943 3124 1011 epistolam
3180 953 3431 1013 putamus
3496 944 3642 998 circa

2072 1049 2267 1085 annum
2290 1032 2415 1089 574.

2144 1125 2476 1179 Catholicam
2508 1124 2665 1179 Iidem
2701 1124 2782 1179 sic
2814 1122 3133 1179 defendebat
3161 1124 3412 1188 Basilius,
3458 1136 3514 1179 ut
3546 1138 3645 1179 nec

2074 1210 2303 1265 inﬁrmis
2346 1211 2536 1267 durum
2568 1226 2625 1266 se
2655 1221 2711 1265 et
2763 1211 3150 1267 inexorabilem
3202 1216 3484 1281 praeberet,
3547 1228 3645 1267 nec

2074 1304 2337 1372 improbis
2392 1302 2662 1357 haereticis
2713 1302 2855 1357 latus
2912 1314 3160 1374 apertum
3225 1304 3470 1359 obderct.
3537 1303 3643 1359 Sed

2069 1400 2249 1445 tamen
2282 1406 2403 1445 cum
2468 1393 2531 1445 de
2576 1392 2693 1459 ipso
2739 1393 2990 1462 dogmate
3040 1393 3175 1446 nihil
3205 1395 3527 1458 remitteret,
3578 1409 3642 1449 ac

2072 1485 2318 1539 veritatis
2365 1484 2676 1553 praedicatio
2716 1485 2768 1537 in
2826 1495 2932 1538 tam
2983 1485 3173 1539 illustri
3225 1488 3352 1540 sede
3389 1500 3452 1540 ac
3495 1495 3643 1539 tanta

2072 1576 2379 1629 sanctitatis
2430 1584 2485 1629 et
2512 1576 2772 1631 doctrina:
2808 1575 2950 1630 fama
3003 1578 3221 1631 maximi
3252 1585 3396 1631 esset
3443 1577 3645 1646 ponde-

2072 1664 2167 1730 ris,
2220 1665 2457 1720 furorem
2509 1668 2561 1721 in
2615 1682 2673 1721 se
2724 1668 3101 1722 haereticorum
3174 1668 3437 1722 accendit.
3501 1667 3641 1720 Nihil

2073 1757 2291 1824 propius
2331 1757 2548 1819 factum,
2604 1771 2765 1826 quam
2802 1767 2859 1811 ut
2892 1749 3033 1811 illius
3066 1757 3320 1810 exsilium
3353 1772 3383 1809 a
3416 1756 3643 1810 Valente

384 1856 689 1913 eorumque
737 1862 966 1917 sponsor
1000 1852 1071 1905 sit
1119 1850 1428 1919 Gregorius.
1463 1854 1777 1922 Augebatur
1819 1855 1964 1909 enim
2000 1832 2039 1884 Β
2072 1848 2422 1915 impetrarent
2451 1862 2594 1902 anno
2630 1848 2737 1901 375
2765 1849 3010 1903 ineunte.
3041 1846 3234 1903 Postea
3265 1846 3509 1902 insidiari
3536 1862 3640 1899 non

384 1933 622 1990 Basilius
658 1944 900 1994 membra
939 1942 1209 2009 abscindi,
1251 1945 1497 2014 quamvis
1532 1947 1725 1999 merito
1758 1945 1967 1999 abscin-

382 2025 668 2081 derentur.
717 2028 990 2097 Declarat,
1045 2034 1092 2088 si
1130 2046 1498 2103 perseverent,
1554 2036 1781 2091 aliorum
1831 2051 1967 2091 onus

385 2114 527 2179 fore,
561 2133 619 2171 se
639 2134 770 2176 vero
786 2130 939 2176 extra
969 2123 1178 2194 culpam
1215 2124 1482 2180 futurum.

458 2206 571 2261 llas
598 2221 777 2264 autem
806 2213 1069 2282 epistolas
1107 2216 1171 2270 ad
1204 2215 1521 2287 Gregorium
1563 2216 1963 2271 Nazianzenum

383 2296 617 2363 scriptas
641 2300 909 2368 diximus;
950 2303 1077 2373 quia
1107 2304 1184 2360 sic
1215 2307 1518 2375 reperimus
1560 2306 1615 2360 in
1644 2308 1853 2361 duobus
1877 2322 1965 2361 co-

383 2387 597 2443 dicibus
637 2407 768 2446 mss.
802 2392 1015 2450 Etcum
1044 2397 1492 2453 verisimillimum
1535 2400 1627 2464 sit,
1656 2400 1698 2455 si
1737 2402 1802 2454 ad
1834 2402 1967 2456 Grc-

383 2481 594 2547 gorium
631 2484 848 2553 scriptae
899 2497 1045 2555 sunt,
1095 2498 1221 2544 tunc
1273 2490 1506 2559 scriptas
1542 2491 1727 2556 fuisse,
1754 2508 1876 2545 cum
1919 2493 1966 2548 is

384 2571 786 2629 Nazianzenam
812 2578 1109 2634 Ecclesiam
1144 2591 1358 2637 mortuo
1374 2592 1525 2651 patre
1545 2593 1779 2653 regeret,
1804 2584 1965 2639 idcir-

383 2678 455 2717 co
486 2665 626 2719 hanc
649 2666 932 2723 historiam
963 2687 1109 2727 anno
1131 2673 1351 2727 circiter
1370 2674 1476 2729 574
1499 2676 1770 2730 credimus
1792 2680 1967 2733 conti-

382 2756 552 2822 gisse.
588 2748 941 2816 Nazianienaa
966 2764 1110 2817 enim
1141 2765 1393 2821 Ecclesiae
1424 2784 1613 2824 curam
1643 2772 1806 2841 gessit
1828 2770 1965 2825 Gre-

383 2849 574 2916 gorius
628 2852 698 2906 ab
749 2868 891 2908 anno
928 2856 1034 2909 574
1065 2857 1279 2912 ineunte
1313 2876 1481 2929 usque
1519 2864 1585 2917 ad
1624 2878 1822 2918 annum
1861 2863 1966 2918 575

384 2949 699 2997 exeuntem.
726 2944 831 2999 Sed
867 2957 1046 3002 tamen
1081 2965 1185 3003 non
1214 2952 1369 3007 valde
1396 2954 1741 3018 contendam,
1775 2957 1817 3009 si
1847 2957 1967 3024 quis

385 3034 505 3087 haec
547 3038 613 3089 ad
660 3036 980 3109 Gregorium
1035 3040 1338 3112 Nyssenum
1383 3044 1590 3101 referre
1634 3047 1802 3101 malit.
1830 3046 1964 3101 Nam

385 3133 745 3194 praeterquam
786 3133 930 3199 quod
980 3148 1086 3187 non
1131 3136 1430 3189 certissima
1477 3147 1560 3190 est
1592 3137 1643 3190 in
1673 3138 1757 3193 his
1804 3140 1963 3193 rebus

386 3216 635 3270 codicum
663 3234 793 3274 mss.
826 3223 1142 3286 auctoritas,
1167 3238 1263 3278 nec
1277 3223 1460 3326 plures
1482 3226 1963 3296 habuimus,quam

386 3309 545 3377 duos,
600 3312 691 3379 qui
724 3313 792 3366 de
825 3312 1086 3382 Gregorio
1138 3309 1478 3372 Nazianzeno
1512 3319 1838 3373 mentionem
1883 3318 1964 3372 fa-

388 3402 568 3465 ciant;
622 3414 770 3460 certe
797 3405 884 3460 illa
920 3407 973 3460 in
1029 3408 1339 3477 recipiendo
1392 3408 1643 3479 Glycerio
1675 3410 1865 3466 lenitas
1912 3421 1968 3465 et

390 3494 721 3563 indulgentia
748 3497 960 3551 videtur
991 3496 1256 3569 Nysseno,
1287 3499 1488 3555 homini
1533 3500 1804 3555 interdum
1835 3502 1966 3557 sim-

389 3585 623 3653 pliciori,
669 3588 843 3658 magis
883 3592 1189 3655 convenire,
1241 3606 1404 3660 quam
1455 3590 1822 3659 Nazianzeno,
1868 3594 1959 3662 qui

388 3691 656 3732 summam
681 3694 895 3749 semper
924 3681 1261 3749 prudentiam
1302 3683 1355 3735 in
1387 3685 1551 3737 rebus
1589 3690 1655 3739 ad
1708 3684 1962 3741 Basiliam

388 3785 546 3823 suum
604 3772 976 3839 spectantibus
1021 3772 1333 3847 declaravit.
1384 3775 1455 3827 At
1502 3775 1774 3846 Nyssenus
1825 3794 1965 3846 saepe

390 3859 613 3916 fratrem
643 3866 887 3932 gravavit
902 3865 1155 3921 olliciosis
1170 3867 1450 3922 conatibus
1464 3866 1559 3939 (α).
1585 3869 1716 3922 Dum
1735 3886 1856 3923 eum
1876 3888 1964 3925 re-

392 3955 687 4009 conciliare
714 3956 833 4010 vult
860 3972 983 4010 cum
1013 3968 1228 4026 patruo,
1268 3963 1635 4029 conquerendi
1662 3961 1838 4016 locum
1867 3962 1960 4018 de-

395 4045 495 4106 dit,
524 4046 667 4110 quod
696 4045 801 4099 sibi
827 4044 1025 4099 bellum
1051 4046 1329 4103 indiceret.
1362 4048 1744 4105 Vehementior
1759 4053 1967 4107 exstitit

389 4152 532 4191 anno
554 4136 661 4191 372
707 4134 897 4192 Basilii
924 4140 1239 4207 conquestiu
1265 4140 1362 4212 (ὁ),
1402 4141 1543 4210 quod
1582 4141 1877 4212 Gregorius
1897 4144 1966 4198 ob

391 4229 792 4297 simplicitatem
817 4238 1008 4285 contra
1034 4246 1093 4286 se
1113 4232 1370 4287 nonnulla
1394 4232 1696 4297 moliretur,
1733 4236 1967 4304 synodos

393 4333 609 4391 cogeret
652 4322 905 4392 Ancyra,
938 4336 1038 4377 nec
1070 4322 1236 4376 ullum
1266 4322 1370 4376 sibi
1404 4322 1693 4377 insidiandi
1751 4326 1963 4380 modum

390 4414 849 4482 praetermitteret.
883 4413 1021 4469 Hinc
1066 4413 1216 4468 illum
1269 4413 1502 4469 Basilius
1531 4416 1603 4487 (c)
1628 4417 1963 4486 negotiorum

2069 1937 2414 2001 destiterunt,
2467 1952 2529 1991 ac
2575 1938 2917 1990 inimicitiam
2948 1951 3014 1990 eo
3044 1953 3212 2006 usque
3250 1938 3636 2007 perduxerunt.

2069 2037 2125 2080 ut
2172 2028 2386 2082 curiose
2434 2029 2792 2098 inquirerent,
2843 2045 2971 2082 num
3024 2032 3145 2098 quis
3195 2032 3261 2083 ab
3312 2045 3377 2084 eo
3430 2029 3642 2082 litteras

2069 2120 2370 2187 acciperet,
2401 2120 2547 2174 lnter
2606 2122 2704 2176 has
2758 2123 2984 2177 insidias
3038 2122 3197 2177 silere
3248 2123 3439 2176 statuit
3488 2119 3641 2173 Basi-

2068 2210 2170 2265 lius
2198 2211 2290 2281 (e),
2316 2221 2478 2280 atque
2506 2214 2609 2267 hoc
2634 2214 2917 2269 consilium
2944 2215 3083 2269 forte
3116 2214 3330 2282 longius
3354 2213 3638 2281 produxis-

2067 2313 2169 2368 set,
2207 2303 2311 2359 nisi
2346 2304 2393 2359 ei
2430 2305 2837 2371 Amphilochius
2884 2306 3184 2360 lconiensis
3222 2315 3277 2358 et
3323 2304 3640 2357 Eustathius

2068 2394 2309 2449 medicus
2336 2410 2479 2449 anno
2506 2394 2609 2450 574
2639 2406 2871 2452 exeunte
2899 2399 3276 2451 necessitatem
3308 2397 3429 2450 lide'i
3461 2396 3637 2466 palam

2068 2495 2121 2538 et
2151 2495 2334 2552 aperte
2354 2485 2703 2541 defendenda:
2729 2488 3215 2543 demonstrasscnt.

2142 2578 2353 2646 Scripta
2376 2578 2590 2632 videtur
2620 2580 2670 2632 in
2714 2580 2813 2634 hoc
2844 2595 3081 2635 maerore
3117 2592 3277 2649 atque
3308 2581 3411 2635 hac
3447 2578 3641 2635 sollici-

2069 2669 2254 2722 tudine
2283 2668 2507 2737 cpistola
2537 2671 2603 2725 ad
2632 2670 2969 2727 Theodoram
3001 2674 3318 2728 canonicam
3351 2672 3439 2742 (Γ),
3477 2687 3638 2742 quam

2069 2760 2301 2815 Basilius
2335 2763 2548 2817 eximiis
2577 2765 2861 2833 praeceptis
2892 2766 2958 2819 ad
2996 2766 3098 2819 hoc
3133 2765 3440 2819 institutum
3477 2762 3639 2832 perti-

2072 2856 2325 2909 nentibus
2365 2855 2643 2911 informat.
2676 2855 2826 2911 Hanc
2854 2872 3072 2911 causam
3109 2856 3283 2919 adert,
3312 2872 3410 2911 cur
3433 2857 3638 2909 tardius

2068 2945 2290 3012 scribat,
2314 2947 2456 3014 quod
2480 2954 2683 3000 metuat
2700 2960 2766 2999 ne
2788 2946 2981 3000 litterae
3004 2961 3117 3000 sua:
3142 2946 3195 2999 in
3226 2945 3428 2999 alienas
3448 2958 3641 2999 manus

2071 3040 2332 3102 incidant,
2364 3055 2479 3092 cum
2510 3040 2822 3109 prwsertim,
2860 3040 3051 3110 inquit,
3082 3056 3142 3093 ea
3181 3056 3316 3093 nunc
3365 3038 3432 3093 sit
3454 3053 3640 3106 rerum

2068 3129 2391 3200 perturbatio
2433 3130 2487 3183 in
2530 3130 2651 3203 orbe
2704 3138 2989 3183 terrarum.
3048 3129 3104 3184 ln
3154 3129 3398 3199 sequenti
3439 3128 3640 3199 episto-

2068 3223 2116 3276 la
2148 3223 2221 3294 (g)
2257 3224 2471 3277 viduam
2505 3223 2775 3287 hortatur,
2822 3230 2880 3276 ut
2905 3223 3145 3277 divinum
3180 3220 3443 3286 judicium
3479 3229 3639 3275 noctu

2070 3316 2269 3384 diuque
2296 3314 2515 3383 cogitet,
2561 3314 2655 3369 sed
2692 3325 2869 3369 tamen
2917 3326 3126 3381 caveat,
3156 3330 3224 3369 ne
3265 3324 3360 3369 ant
3395 3317 3639 3368 animum

2068 3408 2417 3476 despondeat,
2470 3417 2564 3461 aut
2597 3408 2665 3461 de
2721 3406 2894 3460 salute
2948 3405 3171 3461 dillidat.
3213 3406 3367 3476 Saepe
3417 3408 3482 3459 ad
3518 3418 3639 3459 eam

2070 3498 2312 3553 scribere
2360 3499 2604 3553 voluerat
2653 3497 2905 3565 Basilius,
2958 3498 3051 3554 sed
3093 3513 3215 3554 sese
3261 3498 3525 3565 cohibuit,
3573 3513 3642 3551 ne

2066 3592 2193 3657 quid
2224 3590 2273 3642 ei
2328 3599 2545 3643 crearet
2598 3589 2844 3658 periculi,
2883 3601 3165 3659 propterea
3206 3590 3348 3658 quod
3394 3588 3643 3643 inimicos

2067 3697 2193 3737 suos
2224 3681 2657 3737 sciebatcuriose
2678 3682 2969 3750 inquirere,
3003 3695 3128 3734 num
3154 3680 3274 3749 quis
3292 3679 3379 3761 _ab
3401 3694 3466 3733 eo
3494 3678 3637 3734 litte-

2068 3788 2155 3826 ras
2191 3773 2477 3842 acciperet.

2139 3864 2530 3935 Magnenianus
2575 3877 2756 3919 comes
2812 3864 2927 3918 sive
2984 3862 3355 3931 Magninianus
3410 3858 3508 3931 (h),
3572 3857 3639 3912 ad

2066 3972 2225 4026 quem
2270 3958 2389 4012 duae
2430 3968 2643 4012 exStant
2680 3956 2859 4011 Basilii
2893 3955 3155 4025 epistolae,
3197 3968 3319 4008 cum
3357 3954 3425 4008 ab
3449 3968 3514 4008 eo
3540 3967 3636 4021 pe-

2067 4045 2262 4109 tiisset,
2304 4054 2363 4099 ut
2397 4046 2464 4099 de
2500 4046 2605 4099 ﬁde
2654 4045 2862 4116 aliquid
2899 4047 2963 4100 ad
3011 4059 3071 4099 se
3118 4044 3415 4110 scriberet;
3460 4042 3636 4097 laudat

2067 4136 2184 4205 ejus
2228 4138 2481 4205 pietatem
2518 4150 2580 4191 ac
2618 4135 2738 4191 fidei
2777 4136 3015 4191 studium
3045 4134 3295 4201 Basilius,
3354 4138 3448 4190 sed
3482 4145 3639 4205 negat

2066 4244 2124 4283 se
2151 4230 2341 4284 adduci
2369 4244 2545 4299 posse,
2582 4238 2641 4284 ut
2668 4228 2786 4298 ejus
2821 4230 3068 4299 petitioni
3116 4238 3342 4284 annuat.
3381 4227 3534 4283 Hunc
3556 4244 3641 4282 co-

2068 4322 2249 4375 mitem
2297 4319 2661 4375 Neocacsareae
2710 4321 2910 4375 vixisse
2941 4321 3137 4393 colligo
3182 4336 3249 4376 ex
3279 4323 3365 4377 his
3392 4338 3512 4393 quae
3550 4339 3638 4377 sc-

2065 4421 2305 4481 quunlur
2345 4428 2358 4465 :
2399 4409 2659 4465 Ca‘terum
2711 4410 2861 4478 mihi,
2904 4410 3097 4480 inquit,
3146 4411 3391 4465 videmini
3441 4412 3638 4466 erudiri

389 4504 887 4559 ecclesiasticorum
935 4520 1159 4575 prorsus
1192 4506 1531 4577 inexpertum
1582 4522 1705 4561 esse
1729 4509 1955 4578 judicat.
1992 4515 2036 4568 1)
2071 4503 2134 4555 ab
2168 4502 2463 4556 hominibus
2493 4503 2603 4556 illic
2635 4502 2764 4556 nihil
2793 4503 3085 4571 agentibus,
3113 4505 3201 4572 qui
3247 4513 3304 4556 ut
3330 4520 3410 4556 me
3439 4504 3641 4557 calum-

460 4594 524 4650 γ.
558 4595 860 4665 EpiscOpus
899 4596 1144 4665 quidam,
1182 4596 1520 4666 Sophronius
1546 4600 1785 4665 nomine,
1838 4614 1989 4654 cum.

391 4684 587 4741 Basilio
617 4686 828 4741 litteras
851 4686 1178 4756 scripsisset,
1205 4687 1260 4741 in
1293 4687 1491 4756 quibus
1521 4690 1764 4743 cbaritas
1786 4691 1962 4759 spira-

386 4779 499 4840 bat,
532 4791 749 4832 summa
806 4775 923 4845 ejus
961 4778 1194 4831 animam
1244 4777 1427 4832 laetitia
1471 4779 1724 4847 perfudit.
1777 4780 1963 4849 Itaque

388 4869 591 4935 gratias
620 4868 669 4921 ei
697 4868 929 4922 Basilius
952 4866 1033 4939 (ά)
1052 4869 1595 4938 agitperhonorifice,
1625 4887 1689 4925 ac
1707 4886 1959 4941 magnum

389 4959 719 5013 desiderium
750 4960 1019 5030 signiﬁcat
1066 4976 1188 5015 cum
1231 4972 1382 5017 tanto
1412 4962 1527 5016 viro
1555 4964 1959 5031 congrediendi,

387 5071 551 5122 quem
605 5058 902 5112 venerandi
960 5058 1159 5115 fratres
1189 5071 1245 5114 et
1284 5062 1703 5131 compreshyteri
1738 5058 1959 5113 Patrum

390 5150 512 5202 tidei
561 5149 905 5205 defensorem
932 5166 1052 5205 esse
1096 5162 1488 5219 narraverant;
1536 5152 1628 5207 sed
1678 5151 1963 5219 quominus

387 5256 507 5293 cum
551 5241 750 5304 adiret,
801 5241 1095 5297 obstabant
1146 5244 1358 5313 negotia
1416 5258 1480 5297 ac
1529 5242 1769 5312 corporis
1813 5253 1963 5296 vetus

387 5332 671 5398 aegritudo.
695 5330 881 5387 [nsunt
898 5334 1023 5388 huic
1045 5335 1225 5389 Basilii
1247 5335 1489 5404 epistola:
1506 5335 1656 5403 signa
1683 5333 1958 5398 nonnulla,

387 5434 451 5473 ex
483 5422 681 5489 quibus
713 5423 979 5493 scriptam
1006 5440 1127 5480 esse
1180 5425 1441 5496 conjicias
1478 5425 1622 5479 inter
1667 5439 1760 5479 eas
1792 5424 1958 5480 mole-

455 5535 533 5601 (α)
570 5537 662 5602 i’p.
699 5535 789 5591 58.

452 5604 798 5671 1b)Ep.100.

457 5676 526 5741 (c)
557 5675 652 5741 Ep.
681 5675 808 5730 215.

459 5746 536 5813 (ιι)
570 5746 664 5811 περ.
706 5745 825 5799 172.

458 5814 525 5883 (ρ)
562 5814 653 5881 Ep.
691 5814 812 5872 174.

2070 4596 2277 4649 nientur
2306 4594 2559 4648 nonnulla
2609 4595 2914 4663 proferunt;
2960 4597 3111 4662 quasi
3160 4596 3281 4649 inde
3320 4599 3512 4665 seipsos
3533 4597 3637 4650 sint

2068 4687 2507 4750 commendaturi,
2532 4688 2577 4739 si
2613 4689 2675 4738 de
2699 4701 2779 4739 me
2804 4687 3102 4753 turpissima
3135 4691 3475 4745 mentiantur.
3508 4688 3640 4741 Illos

2070 4781 2208 4831 enim
2240 4780 2402 4831 nudat
2430 4781 2748 4848 prwteritum
2784 4788 3002 4846 tempus,
3037 4787 3082 4830 et
3110 4780 3445 4847 progrediens
3483 4795 3639 4848 expe-

2071 4872 2259 4924 rientia
2304 4872 2531 4923 notiores
2555 4870 2727 4938 faciet.
2765 4870 2869 4925 Otii
2906 4878 2960 4923 et
3000 4870 3210 4922 inertiae
3245 4872 3498 4938 probrum
3532 4887 3636 4925 non

2072 4976 2177 5017 tam
2214 4964 2341 5018 mihi
2366 4965 2573 5019 videtur
2596 4962 2875 5018 Eustathio
2893 4970 2945 5015 et
2973 4960 3480 5016 Pneumatomacbis
3506 4977 3641 5031 qua-

2069 5056 2250 5119 drare,
2281 5055 2587 5109 hominibus
2635 5067 2849 5121 semper
2877 5052 2944 5106 ad
2981 5051 3344 5107 insidiandum
3368 5054 3640 5108 excuban-

2070 5149 2232 5211 tibus,
2264 5162 2427 5215 quam
2456 5146 2679 5200 Atarbio
2706 5144 3121 5199 Ncocazsariensi
3150 5145 3400 5214 episcopo
3428 5156 3481 5199 et
3506 5160 3639 5198 non-

2070 5240 2231 5294 nullis
2256 5240 2495 5309 ejusdem
2520 5237 2772 5291 Ecclesiae
2805 5237 3156 5305 presbyteris,
3186 5238 3276 5307 qui
3304 5252 3424 5290 cum
3449 5252 3639 5290 somno

2069 5342 2121 5386 ct
2155 5332 2280 5385 vino
2308 5331 2480 5385 dediti
2528 5340 2730 5396 essent,
2763 5340 2816 5384 ut
2865 5331 2943 5385 eis
2980 5333 3271 5400 exprobrat
3303 5328 3635 5397 Basilius.(i),

2071 5424 2279 5477 somnia
2311 5432 2357 5474 et
2388 5422 2622 5477 visiones
2655 5421 3019 5492 proferebant.
3057 5433 3112 5476 ut
3140 5421 3395 5476 Basilium
3436 5420 3639 5475 calum-

2148 5537 2209 5604 (ί)
2244 5535 2338 5600 Ep.
2374 5534 2494 5604 173.

2143 5603 2215 5673 (ῃ)
2244 5606 2339 5670 Ep.
2377 5603 2495 5656 174.

2146 5676 2221 5745 (It)
2254 5674 2497 5745 134L175.

2138 5744 2209 5818 (ἡ)
2234 5745 2325 5813 15p.
2346 5744 2469 5809 9.10,
2502 5762 2551 5798 n.
2586 5744 2635 5798 ϐ.
