4040 6216
467 377 616 423 CXXII

1812 371 2342 431 PROLEGOMENA.

468 482 571 536 uiis
618 482 862 553 ﬁgerent.
902 483 997 538 His
1037 493 1213 539 autem
1264 487 1463 551 verbis,
1511 487 1644 543 Illos
1687 491 1824 543 enim
1865 492 2028 545 nudat
2056 501 2103 559 Α
2131 491 2432 547 absolutum
2456 496 2575 544 erat
2595 502 2735 543 anno
2760 486 2864 542 575
2892 499 3011 540 cum
3034 482 3444 553 Amphilochius
3467 481 3531 541 ad
3559 480 3700 534 diem

464 572 782 638 prateritum
813 584 1031 642 tempus,
1056 576 1195 629 idem
1228 576 1479 632 Atarbius
1505 578 1718 633 videtur
1740 570 2029 651 designari,

465 663 620 735 cujus
639 664 849 719 invidiae
872 667 1116 720 morbum
1137 667 1365 722 Basilius
1383 686 1486 725 non
1520 670 1690 724 solum
1710 687 1772 726 ex
1802 672 1886 727 his
1912 689 2031 742 qua:

465 762 651 808 contra
703 768 761 808 se
804 765 1008 826 egerat,
1045 759 1137 812 sed
1189 759 1351 813 etiam
1403 775 1468 815 ex
1516 769 1625 816 tota
1657 764 1762 816 vita
1800 765 2029 834 perspici

464 843 701 904 declarat
733 845 787 900 in
811 846 973 916 epist.
999 848 1128 914 210,
1160 866 1214 902 n.
1245 850 1299 903 2.

533 936 667 992 Cum
698 946 882 994 autem
911 940 1269 1012 Magneniano
1299 944 1562 1010 scriptum
1594 944 1810 1016 aliquod
1832 947 1896 1001 de
1928 948 2032 1003 {ide

461 1031 751 1098 postulanti
780 1032 853 1086 ita
891 1044 1045 1104 neget
1066 1033 1320 1101 Basilius,
1339 1047 1397 1090 ut
1426 1037 1637 1091 ﬁrmum
1659 1053 1762 1095 non
1792 1040 2031 1095 scriben-

461 1122 516 1177 di
556 1124 841 1178 consilium
887 1140 998 1194 prze
1026 1141 1084 1181 se
1107 1126 1268 1193 ferat,
1305 1127 1360 1182 in
1409 1144 1514 1197 quo
1564 1140 1741 1184 tamen
1792 1146 1901 1184 non
1939 1131 2030 1209 diu

459 1215 728 1281 perstitit;
754 1214 878 1283 jure
901 1216 1032 1271 mihi
1063 1218 1247 1273 videor
1277 1219 1418 1276 hanc
1451 1222 1728 1291 epistolam
1761 1222 2031 1276 cumdua-

459 1302 563 1359 bus
599 1307 1025 1376 praecedentibus
1075 1311 1352 1380 aliquanto
1397 1323 1522 1367 ante
1555 1314 1809 1382 scriptam
1838 1313 2029 1369 existi-

461 1409 635 1459 mare,
685 1411 842 1465 quam
895 1398 1124 1455 Basilius
1177 1402 1513 1458 divinitatem
1556 1404 1790 1472 Spiritus
1828 1407 2026 1472 sancti,

462 1483 678 1539 hortatu
711 1487 1076 1556 Amphilochii
1104 1502 1158 1545 et
1186 1491 1477 1557 Eustathii,
1507 1493 1727 1563 scriptis
1743 1494 2029 1550 defendere

461 1574 563 1630 hoc
592 1589 733 1631 anno
761 1576 862 1631 574
881 1578 1207 1645 institueret,
1232 1592 1290 1636 ut
1316 1582 1473 1637 modo
1495 1585 1815 1640 videbimus.

534 1686 618 1745 VI.
647 1689 1083 1758 Amphilochium
1109 1693 1337 1755 Basilius
1373 1695 1450 1766 (a)
1480 1697 1847 1780 invitavithoc
1886 1714 2028 1753 anno

459 1778 526 1833 ad
548 1779 689 1834 diem
720 1781 915 1837 feStum
952 1787 1125 1842 sancti
1180 1788 1494 1859 Eupsychii,
1530 1778 1622 1856 qui
1662 1792 1749 1846 die
1796 1792 2026 1861 septimo
2058 1801 2101 1862 Β

463 1869 795 1940 Septembris
840 1875 1105 1933 celebrari
1152 1879 1379 1936 solebat.
1430 1881 1604 1953 Rogat
1653 1893 1834 1939 autem
1867 1892 1925 1938 ut
1951 1884 2023 1939 1ο-

459 1969 603 2016 stum
644 1965 819 2021 tribus
859 1978 1165 2025 autevertat
1221 1972 1433 2040 diebus,
1488 1990 1596 2047 quo
1645 1976 1853 2045 possint
1886 1976 2028 2029 inter

457 2067 519 2108 se
564 2055 736 2112 otiose
784 2058 1040 2131 colloqui,
1075 2078 1243 2133 seque
1279 2065 1508 2121 invicem
1561 2066 1826 2122 donorum
1868 2068 2028 2135 spiri-

462 2144 687 2200 tualium
714 2153 1208 2209 communicatione
1239 2156 1551 2222 consolari;
1604 2168 1714 2211 tum
1748 2159 1911 2213 etiam
1970 2169 2029 2212 ut

461 2239 776 2295 memoriam
826 2241 939 2298 sive
986 2245 1273 2301 ecclesiam
1322 2247 2029 2327 PtochotrophiiAmphilo-

459 2328 614 2383 chius
639 2334 925 2398 praesentia
955 2349 1050 2390 sua
1081 2336 1343 2408 insignem
1380 2340 1587 2397 reddat.
1618 2340 1828 2397 Iudicat
1848 2342 1896 2397 ei
1925 2341 2028 2396 Ba-

456 2419 610 2476 silius
635 2424 993 2492 prazstitutum
1025 2427 1149 2482 huic
1183 2413 1321 2484 festo
1351 2431 1517 2493 diem,
1545 2432 1685 2500 quod
1708 2443 2026 2502 argumento

456 2523 539 2570 est
581 2516 817 2571 nondum
852 2517 979 2573 huic
1037 2519 1336 2576 celebritati
1388 2510 1703 2581 interfuisse
1748 2526 2027 2595 Amphilo-

459 2608 665 2673 chium,
694 2626 758 2664 ac
781 2611 1005 2678 proinde
1027 2613 1333 2682 epistolam,
1351 2631 1456 2698 qua
1486 2617 1743 2673 invitatus
1763 2633 1792 2671 a
1827 2618 2026 2690 Basilio

457 2697 580 2764 fuit,
614 2699 683 2755 ad
717 2701 862 2757 hunc
890 2716 1089 2758 annum
1124 2697 1425 2773 pertinere.
1447 2707 1583 2763 Nam
1613 2726 1755 2767 anno
1778 2712 2023 2780 sequenti

461 2790 600 2850 diem
631 2806 735 2847 non
784 2793 984 2848 indicat
1028 2784 1281 2863 Basilius,
1307 2801 1401 2853 sed
1436 2808 1644 2855 tantum
1673 2802 1939 2870 hortatur,
1970 2811 2027 2857 ut

460 2883 736 2948 memorias
758 2886 928 2961 sancti
963 2885 1251 2969 Eupsycbii
1276 2889 1605 2960 meminerit,
1637 2908 1811 2962 neque
1824 2909 2024 2965 exspe-

461 2983 572 3029 ctet
597 2976 723 3031 dum
758 2978 951 3059 iterum
977 2990 1280 3037 moneatur.

527 3092 663 3148 Cum
714 3103 893 3149 autem
925 3096 990 3151 ad
1014 3098 1119 3154 hoc
1142 3097 1338 3153 festum
1367 3106 1475 3155 tota
1497 3100 1692 3155 vicinia
1732 3098 2024 3156 conﬂueret

458 3186 845 3254 (accurrebant
893 3190 1038 3243 enim
1084 3191 1248 3245 etiam
1295 3174 1829 3261 episcopi'maritimi
1866 3206 2023 3249 ante-

457 3290 621 3344 quam
651 3291 683 3330 a
715 3275 918 3345 Basilio
946 3280 1312 3354 dissiderent),
1338 3283 1596 3351 praeclara
1612 3295 1731 3341 erat
1757 3285 2027 3340 haereticis

457 3367 675 3423 occasio
716 3369 1011 3427 insectandi
1063 3374 1271 3439 Basilii.
1294 3375 1340 3430 si
1370 3375 1497 3446 quid
1530 3376 1738 3447 insigne
1766 3386 1873 3432 tam
1919 3378 2029 3433 fre-

457 3459 642 3525 quenti
683 3472 952 3517 conventu
982 3466 1050 3518 ad
1102 3466 1349 3521 veritatis
1397 3467 1766 3525 defensionem
1825 3467 2029 3524 faceret

458 3559 554 3605 aut
600 3549 913 3613 dissereret.
962 3553 1082 3611 Jam
1126 3571 1249 3612 eum
1290 3559 1713 3616 observaverant
1752 3576 1893 3617 anno
1921 3564 2020 3617 3.71

457 3640 604 3696 velut
634 3643 688 3697 in
723 3644 934 3702 insidiis
963 3648 1231 3704 collocati.
1261 3651 1397 3707 llinc
1426 3651 1566 3707 forte
1581 3668 1726 3709 anno
1756 3654 1882 3720 375,
1909 3664 2030 3723 post

458 3732 656 3788 festum
682 3738 857 3792 sancti
876 3737 1186 3811 Eupsychii,
1212 3743 1430 3799 consilia
1454 3747 1755 3805 Antiochia:
1771 3748 2027 3814 adversus

461 3820 718 3878 Basiliam
760 3825 914 3893 inita,
946 3838 1004 3882 ut
1033 3839 1180 3898 patet
1210 3846 1274 3888 ex
1303 3834 1528 3902 epistola
1552 3836 1678 3892 215.
1715 3835 1859 3891 Idem
1903 3852 2030 3892 eve-

458 3913 606 3970 nisse
631 3932 775 3974 anno
798 3919 902 3974 575
932 3923 1125 3992 conjici
1173 3937 1354 3995 posset
1382 3943 1450 3982 ex
1493 3929 1655 3999 epist.
1693 3930 1819 3994 156,
1870 3946 1926 3984 n.
1969 3931 2023 3993 3.

461 4021 566 4062 uno
608 4017 701 4063 aut
731 4010 903 4066 altero
952 4030 1138 4070 mense
1166 4028 1286 4085 post
1326 4018 1465 4076 diem
1500 4018 1692 4074 festum
1725 4020 1946 4090 scripta,
1973 4020 2024 4079 in

458 4112 568 4166 qua
627 4099 856 4159 Basilius
889 4106 1121 4159 animam
1151 4123 1302 4162 suam
1330 4109 1398 4164 ab
1430 4110 1698 4166 haereticis
1735 4111 1902 4180 quteri
1949 4120 2027 4166 te-

455 4197 655 4244 statur.
684 4190 790 4248 Sed
814 4196 1081 4264 prtecipue
1118 4199 1219 4254 hoc
1251 4214 1395 4255 anno
1421 4215 1608 4256 eorum
1629 4201 1780 4257 l'uror
1798 4202 2021 4256 exarsit.

456 4279 657 4337 Basilio
701 4286 845 4339 enim
890 4290 1122 4354 precanti
1168 4307 1285 4345 cum
1317 4292 1528 4361 papula,
1574 4302 1633 4346 ut
1696 4292 1919 4362 legimus
1970 4295 2023 4347 in

454 4372 595 4428 libro
615 4373 692 4429 De
722 4375 927 4446 Spiritu
968 4378 1056 4444 8.,
1090 4397 1140 4434 c.
1169 4382 1222 4447 1,
1246 4392 1291 4433 et
1327 4392 1547 4452 utroque
1572 4384 1726 4437 modo
1759 4383 2025 4452 glorifica-

2134 582 2328 637 festum
2356 582 2511 649 venit
2534 579 2704 634 sancti
2738 576 3024 648 Eupsychii
3062 594 3076 629 :
3113 575 3275 643 idque
3319 574 3466 628 clare
3497 572 3703 641 perspi-

2133 672 2305 727 cimus
2349 685 2415 727 es
2469 670 2554 725 his
2589 669 2767 723 verbis
2818 667 3060 737 epistola:
3105 665 3208 719 251
3250 679 3369 735 quae
3417 677 3561 716 anno
3596 660 3699 715 575

2131 772 2362 819 exeunte
2393 762 2595 830 scripta
2623 769 2707 815 est
2733 776 2748 813 :
2798 760 2876 812 De
2903 758 3109 828 Spiritu
3138 757 3271 810 liber
3322 756 3546 823 scriptus
3578 754 3699 822 qui-

2130 856 2249 909 dem
2277 872 2310 909 a
2329 855 2474 908 nobis
2499 863 2577 907 est
2604 862 2652 907 et
2674 851 2960 914 absolutus,
2991 860 3049 903 ut
3080 851 3190 919 ipse
3218 850 3377 903 nosti.
3409 847 3701 912 Quominus

2131 956 2305 1001 autem
2363 946 2622 999 mitterem
2661 944 2716 997 in
2767 941 2953 995 charta
2992 940 3335 1006 descriptum,
3391 936 3700 1006 prohibuere

2130 1039 2219 1107 qui
2248 1053 2450 1101 mecum
2482 1046 2599 1090 sunt
2633 1024 2861 1103 fratres;
2884 1049 3001 1087 cum
3026 1048 3081 1085 se
3102 1050 3133 1083 a
3164 1039 3211 1084 te
3234 1028 3486 1083 mandata
3511 1027 3699 1078 habere

2130 1127 2381 1190 dicerent,
2418 1135 2472 1179 ut
2509 1127 2561 1178 in
2586 1123 2897 1179 membranis
2937 1119 3251 1175 describant.
3279 1116 3363 1170 Ne
3382 1116 3509 1187 quid
3536 1114 3703 1183 igitur

2129 1226 2312 1270 contra
2335 1224 2648 1283 praceptum
2682 1222 2829 1266 tuum
2863 1211 3035 1281 facere
3078 1208 3367 1274 uideamur,
3412 1221 3550 1259 nunc
3572 1219 3698 1271 pro-

2130 1307 2563 1371 crastinovimus;
2616 1305 2707 1359 sed
2750 1303 2911 1373 paulo
2950 1309 3070 1372 post
3115 1300 3403 1360 mittemus,
3454 1296 3501 1349 si
3543 1309 3697 1364 quem

2129 1381 2372 1453 idoneum
2417 1397 2487 1450 ad
2537 1395 2901 1465 perferendum
2948 1393 3345 1448 nanciscanmr.
3372 1387 3490 1442 Non
3522 1384 3701 1454 potuit

2128 1489 2537 1558 Amphilochius
2567 1489 2671 1542 hoc
2703 1501 2837 1556 opus
2866 1485 3173 1541 absolutum
3220 1492 3570 1551 cognoscere,
3607 1484 3703 1528 aut

2129 1581 2366 1637 librariis
2415 1579 2697 1645 mandare,
2730 1586 2792 1633 ut
2828 1577 2959 1632 illud
2989 1577 3043 1630 in
3079 1576 3267 1629 charta
3299 1570 3698 1629 describerent,

2128 1674 2231 1728 nisi
2264 1687 2386 1728 cum
2439 1670 2697 1726 Basilium
2749 1668 2957 1725 invisit.
2999 1666 3115 1723 Non
3166 1666 3274 1719 alio
3303 1672 3481 1717 autem
3512 1659 3702 1714 invisit

2128 1774 2370 1834 tempore
2391 1779 2530 1819 anno
2549 1761 2677 1828 375,
2712 1776 2873 1832 quam
2903 1760 2991 1815 die
3021 1760 3158 1814 festo
3183 1754 3353 1811 sancti
3384 1749 3698 1822 Eupsychii.

2129 1857 2246 1913 Jam
2270 1841 2401 1927 ergo
2426 1856 2706 1912 absolutus
2727 1863 2846 1908 erat
2877 1852 3014 1907 liber
3042 1849 3120 1904 De
3155 1848 3359 1917 Spiritu
3388 1852 3608 1906 sancto;
3643 1847 3703 1897 et

2130 1965 2250 2005 cum
2285 1948 2428 2003 illius
2476 1946 2747 2007 scribendi
2795 1943 3137 2000 occasionem
3179 1937 3389 1994 dederit
3431 1932 3702 1989 excitatus

2130 2038 2197 2091 ab
2228 2037 2495 2092 haereticis
2516 2043 2782 2106 praesente
2818 2029 3196 2101 Amphilochio
3235 2024 3518 2088 tumultus,
3547 2035 3698 2089 quas-

2130 2128 2352 2182 rendum
2383 2127 2537 2180 nobis
2560 2134 2645 2179 est
2681 2124 2827 2178 aliud
2860 2131 3097 2189 tempus,
3140 2132 3248 2187 quo
3277 2110 3693 2183 Amphilochius

2128 2217 2382 2271 Basiliam
2408 2216 2684 2282 inviserit;
2728 2227 2829 2269 nec
2860 2212 3006 2267 aliud
3051 2207 3291 2265 occurrit
3328 2211 3527 2274 praeter
3554 2200 3699 2254 diem

2130 2306 2323 2362 festum
2351 2306 2526 2362 sancti
2562 2303 2851 2376 Eupsychii
2883 2315 3026 2357 anno
3057 2299 3185 2362 574,
3217 2297 3286 2351 ad
3319 2307 3482 2365 quem
3511 2291 3585 2344 ita
3622 2290 3703 2342 iu-

2127 2402 2326 2455 vitatus
2350 2408 2434 2454 est
2461 2396 2889 2468 Amphilochius,
2918 2402 2978 2448 ut
3001 2392 3053 2447 ei
3077 2391 3267 2446 abesse
3296 2388 3562 2454 integrum
3591 2395 3700 2435 non

2129 2492 2312 2547 fuerit.
2347 2490 2617 2545 Praeterea
2655 2488 2943 2543 haereticos
2984 2485 3086 2540 hoc
3125 2494 3268 2536 anno
3305 2477 3411 2532 571
3448 2476 3502 2529 in
3544 2473 3699 2528 Basi-

2129 2584 2255 2639 lium
2284 2583 2371 2638 die
2398 2582 2535 2637 festo
2561 2580 2732 2636 sancti
2766 2566 3058 2649 Eupsychii
3085 2573 3341 2641 majorem
3380 2569 3435 2622 in
3466 2564 3692 2620 modum

2128 2678 2377 2731 incensos
2395 2671 2561 2727 fuisse
2594 2668 2948 2740 perSpicimus
2974 2680 3041 2720 ex
3077 2665 3236 2734 epist.
3263 2659 3389 2727 190,
3426 2670 3547 2727 quae
3579 2668 3690 2709 non

2129 2765 2296 2820 multo
2336 2771 2459 2834 post
2482 2762 2625 2818 hunc
2650 2760 2791 2816 diem
2825 2772 2967 2813 anno
2995 2755 3099 2811 574
3132 2752 3339 2823 scripta
3359 2760 3463 2805 est.
3496 2745 3701 2800 Eorum

2127 2857 2435 2926 autem,qui
2457 2864 2578 2908 tunc
2617 2851 2812 2906 anobis
2844 2848 3062 2903 abscissi
3082 2855 3225 2912 sunt,
3246 2841 3420 2914 inquit
3444 2836 3699 2902 Basilius,

2127 2947 2220 2999 alii
2250 2945 2457 3013 quidem
2499 2944 2569 2996 ad
2614 2941 2793 2994 aulam
2830 2957 2884 2994 se
2912 2935 3267 3001 contulerunt,
3316 2932 3412 2985 alii
3448 2945 3570 2987 vero
3609 2943 3699 2981 re-

2127 3048 2360 3102 manent,
2402 3049 2665 3090 rumorem
2716 3032 2838 3086 inde
2884 3038 3262 3101 exspectantes.
3317 3023 3442 3080 Haec
3494 3021 3702 3091 optime

2050 3146 2092 3215 ς
2126 3129 2476 3184 consentiunt
2522 3141 2643 3182 cum
2699 3125 2787 3181 his
2823 3138 2944 3194 quae
2980 3129 3271 3215 narrantur
3429 3111 3701 3215 procem-io

2130 3223 2254 3277 libri
2302 3220 2380 3275 De
2417 3219 2621 3287 Spiritu
2654 3227 2867 3307 saneto,
2904 3229 2969 3270 ac
3010 3209 3447 3307 Amphilochium
3496 3205 3701 3307 adiutis:

2129 3308 2188 3369 sc
2219 3312 2449 3384 probant
2473 3310 2588 3365 haec
2641 3297 2826 3372 verba,
2879 3305 2970 3378 qui
3029 3314 3151 3358 tunc
3197 3320 3231 3357 a
3276 3300 3423 3357 nobis
3481 3297 3702 3352 abscissi

2129 3416 2271 3462 ειιηι.
2638 3427 2680 3454 ’⁸
2704 3428 2731 3451 τι
3394 3442 3401 3447 ·

2200 3497 2310 3551 Vl].
2342 3497 2511 3563 Nemo
2547 3493 2719 3550 nescit
2750 3500 2981 3564 quantas
3019 3499 3232 3561 strages
3273 3486 3332 3543 in
3367 3484 3585 3540 Oriente
3609 3495 3705 3534 an-

2131 3607 2200 3645 no
2245 3589 2352 3644 574
2405 3587 2761 3655 concitaverit
2795 3584 3193 3656 deprehensum
3230 3593 3418 3635 eorum
3462 3574 3697 3637 facinus,

2129 3677 2219 3744 qui
2261 3677 2325 3730 de
2350 3673 2597 3730 Valentis
2627 3688 2943 3730 successore
2979 3687 3078 3742 per
3103 3678 3278 3725 sortes
3316 3665 3698 3735 inquisierant.

2130 3764 2379 3819 Omnium
2399 3765 2506 3835 fere
2541 3765 2787 3819 ordinum
2816 3762 3124 3826 multitudo,
3149 3774 3306 3830 quam
3331 3771 3593 3811 recensere
3623 3762 3703 3806 est

2130 3857 2379 3923 arduum,
2429 3857 2605 3926 inquit
2628 3854 2946 3909 Ammianus
2975 3852 3078 3923 (b),
3104 3853 3161 3906 in
3190 3850 3375 3919 plagas
3402 3846 3704 3901 calumnia—

2129 3963 2246 3999 rum
2279 3949 2535 4016 conjecta,
2562 3961 2924 4015 percussorum
2970 3946 3218 3998 dexteras
3245 3939 3508 4010 fatigavit.
3563 3937 3702 3991 Cum

2128 4035 2394 4091 Eusebius
2448 4037 2689 4106 quidam,
2743 4051 2905 4106 quem
2955 4034 3187 4089 Basilius
3220 4033 3387 4086 filium
3443 4029 3699 4100 appellat,

2128 4125 2393 4194 ejusmodi
2427 4126 2714 4195 calumniis
2739 4126 3011 4196 appetitus
3046 4124 3255 4186 luisset.
3291 4137 3320 4176 a
3372 4122 3570 4191 quibus
3607 4135 3703 4175 ne-

2128 4231 2218 4270 mo
2268 4226 2414 4285 tutus
2463 4231 2586 4271 esse
2635 4224 2868 4286 poterat,
2926 4215 3163 4271 Basilius
3225 4212 3587 4282 Sophronium
3643 4218 3703 4265 et

2128 4308 2424 4378 Aburgium
2481 4317 2660 4377 rogat,
2691 4317 2752 4362 ut
2785 4306 2928 4363 illius
2979 4306 3349 4361 innocentiam
3395 4300 3704 4374 patrocinio

2129 4412 2230 4453 suo
2266 4398 2561 4469 adjuvent:
2598 4399 2700 4453 etsi
2731 4400 2876 4454 enim
2904 4398 2956 4452 in
2982 4397 3106 4466 jure
3138 4396 3426 4466 plurimum
3461 4392 3698 4463 praesidii

452 4466 646 4520 tionem
678 4467 959 4523 absolventi
988 4470 1091 4524 Deo
1120 4488 1182 4526 ac
1226 4471 1399 4539 Patri,
1433 4475 1696 4527 interdum
1725 4492 1843 4528 cum
1876 4474 2021 4529 Filio
2056 4496 2098 4549 ι)
2130 4466 2364 4557 positum
2396 4466 2613 4553 ιιεδέει,
2661 4498 2841 4543 tamen
2894 4489 3191 4560 periculum
3215 4502 3339 4544 esse
3371 4501 3439 4541 ne
3485 4496 3702 4552 tempus

451 4572 559 4612 una
580 4574 699 4612 cum
737 4571 916 4615 sancto
943 4560 1162 4628 Spiritu,
1190 4566 1450 4618 interdum
1487 4583 1576 4633 per
1600 4565 1796 4619 Filium
1827 4569 1881 4619 in
1902 4584 2021 4621 san-

452 4657 536 4703 cto
558 4649 785 4718 Spiritu,
806 4654 1019 4722 quidam
1048 4670 1112 4708 ea:
1134 4657 1201 4710 iis
1231 4657 1321 4725 qui
1352 4657 1591 4720 aderant,
1622 4659 1818 4711 crimen
1844 4659 2019 4711 inten-

450 4742 660 4809 derunt,
698 4746 926 4799 dicentes
952 4762 1067 4807 eum
1096 4764 1201 4801 non
1243 4748 1400 4801 modo
1441 4750 1727 4817 peregrinis
1761 4765 1824 4802 ac
1875 4750 2019 4802 novis

449 4832 527 4883 uti
548 4834 778 4900 vocibus,
804 4851 980 4896 verum
1017 4836 1174 4890 etiam
1202 4838 1340 4901 inter
1373 4854 1427 4891 se
1466 4839 1839 4907 pugnantibus.
1884 4838 2017 4892 Tum

450 4923 881 4991 Amphilochius,
910 4927 1000 4995 qui
1035 4928 1262 4997 proinde
1300 4929 1581 4993 intererat,
1613 4929 1826 4984 illorum
1864 4929 2015 4982 utili-

452 5013 548 5067 tati
578 5019 882 5083 consulens,
916 5019 1009 5075 vel
1027 5021 1220 5075 saltem
1263 5036 1475 5086 eorum,
1515 5023 1606 5090 qui
1651 5022 1704 5075 iu
1753 5021 2015 5090 ejusmodi

454 5103 701 5160 homines
726 5106 994 5175 incidunt,
1047 5113 1350 5177 securitati,
1403 5112 1695 5181 postulavit
1740 5129 1769 5166 a
1819 5112 2018 5169 Basilio

450 5195 739 5251 dilucidam
763 5198 829 5253 de
854 5200 907 5256 vi
940 5200 1129 5256 harum
1154 5204 1480 5276 syllabarum
1521 5205 2014 5273 pertractationem.

451 5284 580 5340 lude
641 5297 764 5350 nata
808 5291 1021 5347 occasio
1079 5294 1199 5351 libri
1248 5295 1314 5357 de
1377 5294 1585 5365 Spiritu
1636 5304 1825 5352 sancto
1864 5297 2023 5361 _scri-

452 5375 637 5433 bendi.

519 5467 637 5525 Non
663 5482 837 5540 potest
860 5475 925 5528 ad
943 5475 1084 5528 aliud
1107 5487 1311 5547 tempus
1343 5480 1533 5535 relerri
1572 5481 1671 5555 hoc
1692 5495 1844 5565 Opus.
1880 5479 2014 5565 Nam

520 5696 596 5777 (ᾳ)
753 5699 875 5753 176.

512 5766 601 5839 te)
630 5766 744 5823 Lib.
780 5786 931 5837 xxix,
959 5784 1004 5826 c.
1031 5772 1053 5826 1
1082 5780 1133 5827 et
1153 5770 1210 5825 2.

2126 4593 2345 4633 causam
2386 4579 2529 4632 illius
2584 4579 2761 4645 laudat,
2795 4588 2851 4634 et
2902 4580 3027 4647 quia
3088 4577 3243 4634 multi
3299 4577 3353 4629 in
3415 4574 3702 4630 atrocissi~

2129 4669 2232 4722 niis
2260 4668 2554 4723 sceleribus
2583 4668 2922 4738 deprehensi,
2948 4670 3001 4722 in
3037 4683 3161 4723 eum
3187 4666 3301 4721 haec
3343 4667 3581 4736 suspicio
3608 4680 3700 4720 re—

2122 4762 2340 4813 dundeL

2195 4852 2456 4908 Videntur
2479 4856 2545 4909 ad
2570 4855 2696 4909 illud
2716 4853 3231 4922 suspiciosissimum
3250 4868 3314 4907 ac
3336 4850 3699 4906 saevissimum

2128 4952 2338 5011 tempus
2358 4946 2629 5014 pertinere
2653 4947 2771 4999 duae
2796 4954 3085 5013 sequentes
3113 4943 3354 5012 epistola:
3375 4944 3467 5008 (c).
3502 4941 3558 4995 lu
3589 4940 3703 5005 pri-

2126 5049 2209 5086 ma
2241 5036 2584 5089 commendat
2606 5036 2880 5091 Arintlneo
2903 5039 3074 5089 virum
3111 5036 3267 5103 longe
3302 5032 3700 5086 nobilissimum

2126 5138 2190 5178 ac
2221 5126 2461 5194 moribus
2488 5107 2680 5195 .magis
2715 5127 3070 5197 spectandum
3120 5139 3286 5193 quam
3327 5126 3546 5194 genere,
3602 5120 3701 5189 qui

2128 5216 2385 5284 judicium
2427 5217 2746 5282 sustinebat,
2782 5218 2897 5273 leve
2935 5217 3063 5271 illud
3092 5217 3311 5286 quidem
3354 5224 3412 5270 et
3449 5221 3697 5267 contem-

2132 5309 2391 5375 nendum,
2417 5309 2462 5362 si
2493 5310 2689 5364 veritas
2723 5316 3083 5378 spectaretur,
3118 5309 3211 5362 sed
3240 5305 3442 5374 alioqui
3481 5301 3701 5358 diﬁicile

2128 5395 2487 5467 etmolestum
2518 5400 2588 5459 ob
2637 5399 2922 5455 calumnia:
2964 5399 3378 5455 vehementiam.
3427 5396 3483 5450 ln
3527 5397 3698 5448 altera

2131 5487 2535 5542 commendatur
2556 5491 2856 5556 Sophronio
2893 5491 2972 5545 vir
2998 5490 3189 5547 nobilis
3216 5499 3271 5546 et
3300 5488 3563 5553 eruditus,
3603 5486 3698 5556 qui

2191 5710 2258 5779 (ε)
2287 5712 2449 5781 Epist.
2485 5713 2582 5766 l79
2611 5723 2660 5767 et
2694 5714 2810 5766 lSO.
