4040 6216
380 355 544 401 CXX"

1731 345 2100 405 PROLEGOM
2109 347 2263 405 ENA.

381 457 719 526 postPascha
753 461 876 533 anni
903 461 1008 527 575
1035 461 1195 517 missa
1227 462 1348 529 fuit,
1375 464 1611 519 ntmodo
1637 466 1955 523 videbimus.
1989 471 2032 527 Α
2065 467 2206 519 nitas
2265 466 2316 520 iu
2359 464 2782 520 controversiam
2840 464 2907 519 ab
2947 462 3132 533 impiis
3176 463 3444 519 haereticis
3474 477 3637 520 voca-

453 547 516 602 ll.
552 544 707 604 Auito
729 549 833 605 574
865 561 1096 608 exeunte
1120 554 1320 623 scripta
1351 555 1566 609 videtur
1605 555 1830 625 epistola
1854 556 1956 612 189

381 641 448 695 ad
483 641 822 698 Eustathium
852 644 1291 705 archiatrusz
1315 647 1446 701 artis
1477 662 1589 702 suae
1636 648 1956 703 beneﬁcium

380 747 668 802 corporum
697 735 902 791 morbis
937 753 1042 792 non
1069 739 1361 794 deﬁniebat
1392 756 1405 793 :
1438 741 1578 810 quod
1612 741 1825 810 quidem
1858 743 1959 796 Ba-

380 823 535 878 silius
561 839 670 878 non
695 823 868 880 solum
896 828 1266 882 consentiente
1290 828 1643 896 plurimorum
1672 829 1834 898 fama,
1863 833 1956 888 sed

381 916 545 970 etiam
571 929 670 971 sua
702 916 870 987 ipsius
910 920 1239 990 experientia
1265 936 1388 976 cum
1423 936 1566 990 saepe
1598 922 1730 978 alias
1763 924 1960 980 didice-

383 1013 488 1069 rat,
543 1013 654 1060 tum
703 1009 937 1062 maxime
974 1009 1026 1062 in
1066 1023 1278 1065 summo
1320 1011 1522 1077 dolore,
1570 1026 1729 1082 quem
1773 1013 1820 1068 ei
1852 1028 1957 1068 non

381 1097 703 1154 enarrabilis
764 1099 1102 1156 inimicorum
1160 1104 1397 1174 nequitia
1460 1105 1730 1161 iuurebat.
1794 1105 1959 1162 Gravi

381 1185 523 1240 enim
552 1187 733 1243 cordis
753 1187 976 1245 vulnere
1002 1189 1387 1247 inﬂammatum
1413 1193 1723 1250 Eustathius
1764 1195 1958 1252 infusis

385 1277 767 1356 consolationis
803 1280 981 1336 verbis
1005 1282 1277 1350 demulsit,
1319 1294 1375 1340 et
1425 1293 1606 1341 tacere
1632 1286 1854 1354 volenti,
1895 1301 1960 1341 ac

387 1365 527 1420 mala
555 1366 773 1422 silentio
807 1369 1067 1437 perferre,
1101 1371 1268 1426 multo
1290 1372 1459 1428 satius
1480 1387 1600 1428 esse
1619 1374 1959 1428 demonstra-

387 1459 466 1511 vit
498 1459 778 1513 veritatem
809 1476 914 1514 non
956 1461 1206 1530 prodere,
1246 1463 1338 1517 sed
1384 1464 1749 1535 sycophantas
1775 1464 1960 1519 redar-

386 1565 572 1619 guere,
613 1567 682 1606 ne
711 1552 890 1623 plures
921 1554 1185 1609 lmdantur
1220 1557 1492 1625 prosperis
1534 1559 1796 1622 mendacii
1827 1573 1958 1612 con-

388 1651 468 1696 tra
499 1645 782 1700 veritatem
813 1646 1173 1702 successibus.
1216 1646 1288 1703 Ut
1326 1648 1482 1716 lupus
1529 1663 1650 1702 cum
1703 1663 1842 1717 agno
1887 1649 1960 1703 ita

387 1746 507 1787 cum
531 1732 729 1789 Basilio
753 1736 954 1792 inimici
989 1738 1358 1806 decertabant,
1395 1753 1538 1794 nunc
1570 1739 1674 1794 hoc
1717 1755 1860 1793 nunc
1891 1739 1955 1794 il-

2066 556 2243 612 batur.

2131 645 2250 700 lam
2303 661 2431 701 vero
2483 646 2529 701 si
2587 646 2842 701 adversus
2870 645 3390 701 Pneumatomacbos
3435 646 3635 713 scripta

2065 740 2178 794 haec
2207 738 2464 808 epistola;
2521 748 2647 794 tunc
2677 749 2827 794 certe
2856 739 3056 808 scripta
3085 747 3190 806 est,
3233 754 3354 793 cum
3404 737 3637 794 Basilius

2063 833 2344 888 consilium
2371 833 2514 901 cepit
2540 831 2811 887 scribendi
2835 831 2899 885 de
2923 829 2982 886 S.
3007 829 3233 900 Spiritu,
3259 831 3397 898 quod
3416 830 3635 899 quidem

2065 926 2210 995 cepit
2234 938 2376 978 anno
2402 924 2524 991 574,
2569 933 2691 993 post
2730 922 2926 977 festum
2958 923 3098 978 diem
3139 922 3199 979 S.
3241 923 3547 993 Eupsychii,
3577 931 3638 976 ut

2064 1020 2228 1074 modo
2261 1018 2516 1074 vidimus.
2547 1015 3006 1083 Quemadmodum
3035 1015 3177 1070 enim
3210 1015 3262 1069 in
3290 1016 3386 1069 hac
3410 1015 3634 1084 epistola

2062 1107 2302 1163 declarat
2330 1106 2562 1162 Basilius
2585 1120 2645 1161 se
2677 1117 2857 1161 tacere
2892 1114 2948 1160 et
2984 1105 3121 1159 mala
3151 1105 3368 1160 silentio
3398 1105 3639 1174 perferre

2059 1199 2228 1254 satius
2250 1197 2617 1262 existimasse,
2642 1197 2736 1252 sed
2770 1197 2838 1253 ab
2868 1195 3152 1251 Eustathio
3178 1197 3243 1248 ad
3271 1196 3635 1252 defensionem

2059 1291 2302 1345 veritatis
2325 1297 2668 1352 revocatum;
2723 1289 2805 1343 sic
2849 1287 3010 1342 etiam
3052 1287 3106 1341 in
3147 1287 3282 1342 libro
3325 1287 3403 1341 De
3431 1286 3638 1354 Spiritu

2059 1391 2238 1435 sancto
2273 1382 2353 1451 (ιι.
2396 1379 2463 1434 78
2494 1378 2684 1449 et79),
2727 1387 2956 1432 testatur
2989 1392 3049 1433 se
3096 1387 3276 1432 tacere
3323 1377 3490 1432 satius
3532 1378 3638 1431 du-

2060 1472 2225 1535 xisse,
2273 1470 2368 1525 sed
2431 1470 2719 1533 charitate,
2777 1482 2898 1538 quae
2955 1483 3060 1522 non
3119 1468 3312 1538 qumrit
3355 1483 3474 1536 quae
3538 1483 3635 1522 sua

2063 1572 2191 1616 sunt
2225 1559 2276 1631 (Ι
2300 1560 2424 1615 Cor.
2455 1577 2574 1623 xm,
2606 1560 2684 1632 5),
2749 1569 3037 1614 retractum
3084 1559 3270 1614 fuisse.
3323 1560 3455 1614 Cum
3507 1575 3639 1628 ergo

2059 1661 2348 1720 utrumque
2365 1651 2646 1719 scriptum,
2672 1665 2862 1720 nempe
2880 1649 3158 1718 epistolam
3184 1650 3249 1702 ad
3271 1647 3632 1713 Eustathium,

2060 1751 2114 1794 et
2135 1739 2327 1794 librum
2361 1739 2439 1793 De
2456 1738 2662 1808 Spiritu
2687 1750 2870 1794 sancto
2900 1739 3143 1794 voluntas
3175 1739 3380 1793 tacendi
3407 1753 3640 1806 praeces-

388 1824 476 1877 lud
505 1825 832 1886 incusantes.
867 1828 1001 1886 Tres
1025 1832 1155 1887 deos
1178 1831 1502 1906 alliugebant
1536 1851 1550 1888 :
1579 1834 1746 1888 l'racto
1765 1842 1820 1889 et
1837 1849 1962 1890 con-
1990 1826 2033 1880 Β
2061 1832 2213 1895 serit,
2265 1846 2487 1888 necesse
2524 1843 2606 1888 est
2651 1844 2710 1887 ut
2738 1835 2925 1888 eodem
2955 1840 3196 1902 tempore
3248 1841 3303 1886 et
3347 1831 3635 1899 epistolam

387 1917 530 1972 victo
583 1919 686 1974 hoc
743 1922 1045 1991 mendacio,
1107 1926 1162 1979 in
1213 1934 1464 1996 promptu
1503 1935 1620 1981 erat
1665 1927 1953 1983 Sabellius.

385 2007 514 2062 lude
537 2011 741 2079 pariter
775 2013 966 2082 dejecti
1011 2017 1302 2073 novitatem
1341 2018 1687 2085 objiciebam.
1719 2033 1782 2074 eo
1815 2021 1957 2090 quod

385 2115 548 2154 unam
609 2102 661 2156 in
693 2104 866 2160 tribus
894 2107 1140 2174 personis
1189 2109 1526 2164 divinitatem
1583 2108 1812 2165 Basilius
1865 2112 1957 2166 do-

385 2203 551 2246 ceret.
617 2193 950 2250 Postremam
1011 2197 1153 2253 hanc
1215 2200 1648 2255 criminationem
1705 2215 1809 2254 non
1875 2201 1960 2256 in-

385 2282 656 2338 liciatione
716 2284 947 2343 Basilius
999 2287 1215 2354 refellit,
1263 2293 1356 2345 sed
1395 2290 1813 2346 demonstrando
1841 2291 1962 2362 Spi-

385 2375 548 2430 ritum
576 2385 819 2432 sanctum
860 2379 912 2432 in
943 2379 1196 2435 omnibus
1227 2379 1374 2434 Patri
1408 2389 1465 2435 et
1497 2381 1633 2438 Filio
1664 2382 1960 2454 adiungen-

387 2469 536 2525 dum.
1825 2522 1845 2548 ι

457 2560 607 2617 Hanc
648 2564 928 2633 epistolam
969 2563 1345 2620 Tillcmontius
1382 2566 1608 2622 collocat
1648 2566 1715 2621 ad
1763 2582 1962 2622 annum

385 2651 512 2718 376,
536 2665 588 2709 et
611 2656 1165 2729 contranEustathium
1188 2655 1539 2712 Sebastenum
1565 2659 1822 2728 scriptam
1850 2658 1964 2713 exi-

386 2744 590 2798 stimat.
636 2743 743 2800 Sed
781 2754 960 2800 tamen
995 2746 1177 2817 dispar
1209 2747 1430 2802 omnino
1456 2763 1521 2802 ac
1558 2749 1792 2804 discolor
1816 2749 1965 2802 vide-

386 2843 476 2889 tur
512 2835 579 2891 iis
615 2851 734 2906 qua
765 2837 1024 2893 adversus
1057 2838 1396 2895 Eustathium
1437 2841 1654 2911 scriptae
1680 2850 1806 2895 sunt
1842 2859 1855 2896 :
1899 2856 1966 2896 ne

385 2928 608 2984 verbum
635 2929 850 3000 quidem
894 2931 1060 2986 ullum
1105 2932 1173 2986 de
1199 2931 1519 2998 Eustathio;
1553 2933 1690 2986 nihil
1728 2934 1795 2988 de
1825 2933 1966 2988 illius

387 3019 441 3073 in
473 3020 577 3076 ﬁde
615 3020 996 3086 inconstantia,
1041 3022 1174 3076 nihil
1213 3023 1280 3078 de
1318 3023 1528 3077 violatae
1569 3025 1818 3080 amicitiae
1850 3039 1966 3080 sce-

387 3109 503 3164 lere
531 3126 546 3166 :
574 3111 707 3166 nihil
734 3127 838 3167 non
869 3121 1290 3168 consentaneum
1320 3114 1556 3180 silentio,
1577 3115 1718 3184 quod
1735 3115 1960 3170 Basilius

385 3217 484 3272 per
511 3210 621 3259 tres
641 3218 810 3258 annos
832 3203 1083 3258 maximis
1113 3204 1180 3258 ab
1200 3203 1482 3262 Eustathio
1519 3216 1838 3275 provocatus
1880 3208 1962 3261 in-

385 3291 546 3361 juriis
594 3294 847 3348 servavit.
893 3293 1072 3360 Quare
1113 3308 1218 3348 non
1254 3293 1344 3349 alii
1385 3295 1491 3352 hoc
1531 3294 1651 3352 loco
1687 3296 1960 3365 quaerendi

389 3383 706 3448 adversarii,
735 3399 898 3454 quam
931 3387 1228 3455 generatim
1258 3387 1738 3443 Pneumatomacbi
1773 3402 1789 3440 :
1827 3401 1961 3456 quos

387 3473 622 3530 Basilius
647 3475 911 3532 Eustathii
943 3478 1146 3533 monitu
1174 3479 1487 3550 impugnare
1525 3481 1736 3544 statuit,
1768 3493 1962 3549 quam-

387 3565 471 3618 vis
518 3565 733 3621 interim
783 3570 848 3624 de
883 3569 1110 3637 privatis
1147 3569 1416 3625 Eustathii
1447 3570 1728 3626 Sebasteni
1759 3570 1964 3625 calum-

389 3658 495 3712 niis
544 3665 764 3714 taceret.
831 3659 1016 3733 Neque
1074 3663 1218 3717 enim
1279 3677 1309 3717 a
1370 3663 1484 3718 solo
1543 3663 1823 3717 Eustathio
1878 3677 1963 3717 res

390 3750 626 3806 molesta:
647 3751 844 3808 Basilio
859 3757 1169 3813 acciderunt
1189 3775 1203 3811 :
1223 3766 1456 3826 quantus
1475 3755 1528 3809 in
1553 3771 1673 3809 eum
1699 3756 1966 3810 exstiterit

390 3841 1003 3902 Pueumatomachorum
1062 3848 1235 3912 furor,
1283 3862 1445 3918 quam
1474 3846 1798 3914 inexpiabile
1839 3862 1960 3898 cum

391 3937 471 3991 eis
496 3936 691 3992 bellum
721 3939 988 4004 habuerit,
1015 3939 1244 4009 perspici
1278 3947 1458 4009 potest
1481 3954 1548 3994 ex
1573 3939 1732 4008 epist.
1752 3938 1881 4004 215,
1909 3947 1964 3992 et

389 4041 456 4080 ex
485 4028 622 4085 libro
648 4028 723 4084 De
751 4029 956 4100 Spiritu
989 4041 1192 4096 sancto,
1226 4047 1280 4084 n.
1303 4031 1391 4095 15,
1418 4029 1510 4096 25,
1537 4030 1625 4096 54,
1659 4029 1748 4095 52,
1775 4029 1867 4094 60,
1891 4031 1960 4084 69

389 4128 446 4172 et
473 4118 562 4174 75.
596 4118 707 4175 Nec
735 4121 954 4185 mirum,
983 4122 1026 4175 si
1052 4136 1175 4176 cum
1204 4121 1329 4190 lupo
1357 4121 1418 4180 in
1449 4121 1550 4174 hac
1576 4120 1798 4189 epistola
1826 4136 1964 4174 com-

391 4217 669 4278 parantur,
703 4209 796 4280 qui
832 4225 952 4264 cum
975 4210 1098 4280 jure
1124 4211 1454 4276 vinceretur,
1495 4211 1744 4265 dentibus
1777 4211 1960 4265 vince-

391 4301 508 4356 bat.
533 4299 598 4355 Hi
625 4301 680 4355 in
709 4299 966 4356 Basiliam
994 4302 1407 4357 insurrexerunt
1445 4303 1548 4357 hoc
1575 4317 1713 4356 anno
1727 4302 1852 4366 574,
1881 4305 1964 4358 die

393 4393 530 4448 festo
556 4393 729 4449 sancti
756 4392 1069 4462 Eupsychii,
1101 4406 1167 4448 eo
1188 4393 1329 4462 quod
1354 4394 1404 4447 in
1429 4394 1680 4463 precibus
1702 4393 1960 4463 Spiritqu

2059 1932 2332 1978 exaratam
2381 1934 2436 1979 et
2473 1925 2757 1979 consilium
2803 1926 2866 1979 de
2894 1925 3098 1994 Spiritu
3131 1933 3320 1978 sancto
3364 1923 3635 1977 scribendi

2059 2025 2369 2085 susceptum
2405 2017 2668 2072 dicamus.
2695 2015 2878 2085 Neque
2899 2017 3040 2071 enim
3067 2015 3322 2071 Basilium
3351 2031 3381 2071 a
3416 2016 3638 2071 silentio

2060 2110 2380 2165 retraxisset
2425 2109 2757 2174 Eustathius,
2809 2109 2853 2162 si
2892 2109 3006 2179 jam
3048 2108 3407 2179 Amphilochii
3444 2119 3635 2179 rogatu

2059 2200 2254 2271 stylum
2306 2201 2372 2254 ad
2421 2200 2742 2256 refellendos
2801 2198 3321 2254 Pneumatomachos
3379 2200 3633 2273 acuisset.

2063 2293 2169 2349 Sed
2203 2301 2430 2362 uterque
2468 2294 2520 2347 in
2560 2292 2764 2348 Basilio
2792 2291 3057 2346 ﬂectendo
3082 2305 3300 2360 operam
3333 2292 3633 2360 conjunxit,

2062 2402 2162 2440 nec
2181 2385 2390 2440 videtur
2409 2385 2739 2452 Eustathius,
2765 2385 2891 2438 dum
2919 2383 3173 2438 Basiliam
3198 2382 3263 2436 ad
3288 2383 3634 2438 scribendum

2062 2476 2334 2542 hortatur,
2378 2491 2483 2530 uua
2515 2475 2689 2544 aliqua
2723 2474 2947 2545 epistola
2983 2482 3272 2529 contentus
3306 2471 3494 2539 fuisse,
3539 2475 3636 2528 sed

2062 2583 2316 2638 magnum
2364 2568 2582 2638 aliquod
2619 2582 2756 2635 opus
2793 2569 2861 2621 ab
2895 2582 2961 2622 eo
2996 2566 3319 2636 postulasse.
3371 2565 3460 2621 Sic
3489 2567 3634 2619 enim

2053 2674 2184 2714 eum
2219 2659 2512 2728 alloquitur
2541 2658 2770 2713 Basilius
2796 2677 2809 2712 :
2852 2657 2930 2711 Tu
2959 2674 3076 2712 vero
3107 2669 3244 2711 recte
3269 2658 3460 2727 fecisti,
3496 2660 3637 2727 quod

2062 2752 2299 2804 hortatus
2319 2767 2395 2815 es,
2442 2758 2501 2802 ut
2525 2766 2587 2804 ne
2606 2750 2875 2802 veritatem
2905 2749 3198 2816 proderem,
3237 2748 3328 2800 sed
3357 2748 3637 2816 redargue-

2063 2858 2172 2895 rem
2205 2841 2575 2912 schphantas,
2609 2857 2672 2893 ne
2701 2839 2874 2909 plures
2897 2838 3181 2904 (edantur,
3206 2854 3477 2906 prosperos
3501 2853 3639 2890 men-

2063 2933 2214 2986 dacia
2244 2942 2427 2986 contra
2443 2933 2707 2985 veritatem
2734 2946 3007 2984 successus
3033 2927 3276 2983 habente.

2117 3021 2251 3085 ,Non
2297 3021 2748 3077 dissimulandum
2780 3019 3050 3074 esthanc
3091 3018 3372 3087 epistolam
3422 3026 3638 3072 exstare

2065 3116 2204 3166 inter
2221 3126 2383 3181 opera
2408 3111 2578 3165 sancti
2613 3108 2860 3179 Gregorii
2895 3106 3148 3177 Nysseni,
3187 3108 3350 3176 eique
3389 3107 3635 3169 attribui,

2067 3213 2126 3258 ut
2143 3203 2288 3257 illius
2313 3202 2454 3273 ston
2476 3202 2643 3270 magis
2672 3210 3113 3266 consentaneatn,
3143 3199 3195 3252 in
3221 3199 3451 3267 quodam
3477 3198 3640 3252 scho-

2068 3300 2157 3366 Iio,
2195 3298 2336 3368 quod
2365 3314 2396 3352 e
2419 3311 2521 3351 ms.
2552 3295 2738 3351 codice
2762 3304 2973 3350 erutum
3006 3295 3057 3348 in
3086 3293 3237 3348 Notis
3263 3295 3635 3363 apposuimus.

2068 3390 2336 3460 Scriptam
2370 3387 2590 3455 conjicit
2613 3385 2970 3441 Combetisius
3001 3399 3029 3438 a
3055 3384 3317 3455 Gregorio
3347 3393 3469 3454 post
3497 3399 3640 3438 mor-

2067 3493 2170 3536 tem
2205 3481 2410 3536 Basilii.
2460 3479 2565 3534 Sed
2609 3479 2656 3533 si
2694 3476 2938 3546 Gregorii
2969 3485 3073 3541 est,
3113 3475 3278 3532 scribi
3315 3491 3419 3531 non
3462 3475 3641 3546 potuit

2066 3583 2182 3640 post
2212 3580 2437 3627 mortem
2461 3569 2664 3624 Basilii.
2696 3568 2917 3638 Signata
2946 3568 3090 3622 enim
3129 3575 3214 3622 est
3241 3567 3484 3636 pluribus
3514 3581 3640 3635 per-

2067 3663 2360 3720 secutionis
2415 3661 2578 3724 notis,
2628 3675 2728 3715 nec
2774 3673 3011 3727 unquam
3044 3659 3182 3714 alias
3213 3660 3427 3713 videtur
3456 3660 3640 3728 major

2069 3757 2442 3812 haereticorum
2464 3753 2700 3824 potentia
2727 3752 3022 3808 exstitisse.
3061 3752 3131 3804 At
3169 3761 3384 3805 mortuo
3411 3751 3636 3814 Basilio,

2067 3848 2148 3902 vel
2179 3849 2358 3918 potius
2393 3847 2577 3902 statim
2622 3853 2786 3912 atque
2831 3843 2946 3909 ipse
2979 3843 3176 3898 Valens
3204 3843 3641 3912 divinaajustitiac

2070 3957 2259 4011 pmnas
2281 3941 2400 4003 luit,
2433 3938 2646 4008 penitus
2691 3936 2925 3991 concidit
2958 3945 3198 4005 potestas
3237 3936 3638 4000 haereticorum,

2070 4050 2170 4090 nec
2187 4034 2296 4103 iam
2329 4038 2580 4102 poterant
2603 4029 2654 4082 in
2683 4027 3015 4095 Catholicos,
3047 4027 3194 4083 velut
3230 4026 3338 4096 lupi
3367 4027 3419 4081 in
3448 4043 3637 4097 agnos,

2067 4126 2348 4181 desaevire.
2399 4121 2581 4188 Quare
2619 4120 2831 4175 etiamsi
2865 4119 3148 4174 tribuenda
3199 4127 3342 4186 esset
3381 4117 3642 4186 Gregorio

2068 4222 2184 4274 hzec
2210 4215 2432 4286 epistola
2453 4257 2468 4280 ,
2502 4215 2568 4268 ad
2602 4213 2704 4267 hoc
2737 4213 2912 4279 ipsum
2943 4211 3368 4282 tempus.rel'erri
3393 4212 3640 4272 deberet,

2067 4313 2133 4365 ad
2185 4308 2325 4380 quod
2383 4305 2720 4361 referendam
2781 4304 3052 4359 duximus.
3110 4303 3229 4357 Non
3259 4304 3404 4356 enim
3449 4302 3641 4357 referri

2070 4409 2250 4472 potest
2275 4398 2342 4453 ad
2380 4397 2532 4452 initia
2563 4397 2903 4465 episcopatus
2931 4393 3213 4462 Gregorii;
3243 4383 3642 4462 siquidemau-

392 4493 638 4539 sanctum
681 4499 805 4539 cum
848 4483 1008 4538 Patre
1048 4493 1104 4539 et
1138 4483 1275 4539 Filio
1303 4484 1629 4554 gloriﬁcaret
1661 4484 1762 4557 (a),
1792 4500 1856 4540 ac
1890 4487 1960 4540 ita

2070 4503 2274 4548 ctorem
2326 4486 2566 4557 epistolae
2607 4484 2718 4554 jam
2750 4485 2840 4539 diu
2873 4485 3144 4538 vexabant
3170 4483 3427 4536 haaretici.
3458 4481 3644 4551 Neque

392 4591 512 4633 sese
533 4579 602 4633 ab
631 4591 697 4635 eo
725 4575 1097 4642 absciderunt,
1124 4586 1182 4631 ut
1212 4592 1397 4633 eorum
1431 4578 1521 4633 alii
1550 4579 1601 4632 in
1626 4579 1804 4632 aulam
1834 4594 1958 4648 prn-

393 4674 786 4738 ﬁciscerentur,
812 4672 902 4727 alii
931 4682 1294 4736 remanerent,
1320 4685 1589 4724 rumorem
1626 4670 1749 4727 inde
1776 4687 1961 4742 exslie-

394 4779 626 4826 ctantes.
665 4765 974 4834 Quinetiam
1002 4778 1098 4833 per
1120 4771 1290 4818 totam
1319 4763 1550 4816 hiemem
1577 4763 1788 4830 negotia
1817 4763 1862 4816 ei
1892 4762 1965 4817 fa-

393 4873 608 4915 cessere
639 4873 745 4913 non
771 4859 1068 4912 desierunt.
1104 4854 1219 4910 Non
1245 4855 1386 4910 enim
1425 4853 1560 4908 alios
1587 4856 1834 4925 designat
1863 4854 1967 4908 Ba-

399 4951 550 5004 silius
572 4951 624 5002 in
651 4950 808 5019 epist.
829 4948 953 5012 197,
983 4963 1104 5003 cum
1132 4946 1513 5013 occupationes
1540 4945 1640 4999 sibi
1669 4960 1765 5013 per
1795 4955 1960 5001 totam

397 5021 647 5102 hiemem,
696 5049 806 5092 tum
846 5055 912 5094 ex
955 5039 1181 5108 negotiis
1207 5035 1615 5100 ecclesiasticis,
1663 5045 1774 5089 tum
1810 5037 1877 5090 ab
1902 5039 1968 5092 iis

395 5130 485 5198 qui
525 5127 778 5184 Ecclesiis
806 5135 1019 5190 nocent,
1054 5126 1324 5182 exhibitas
1362 5124 1528 5180 fuisse
1566 5134 1812 5180 testatur.
1847 5127 1964 5181 Non

393 5235 526 5290 ergo
561 5217 896 5272 Eustathium
919 5219 1052 5284 petit
1092 5218 1208 5273 haec
1247 5217 1495 5288 epistola,
1546 5217 1654 5272 nisi
1705 5226 1969 5287 quatenus

397 5326 518 5364 cum
548 5309 1072 5372 Pneumatomachis,
1100 5308 1200 5362 etsi
1223 5311 1452 5371 occulte,
1481 5309 1797 5377 coniunctus
1823 5317 1958 5363 erat.

401 5401 514 5455 Huc
565 5401 773 5454 accedit
825 5399 943 5469 ipsa
989 5401 1252 5469 dogmatis
1298 5399 1658 5468 pertractandi
1707 5399 1863 5456 ratio.
1906 5399 1963 5453 In

397 5491 675 5564 probanda
695 5491 838 5544 enim
867 5489 986 5545 Filii
1015 5490 1316 5554 divinitate,
1346 5499 1528 5559 utpote
1552 5491 1619 5545 ab
1641 5489 1967 5545 abversariis

399 5597 656 5636 concessa
679 5596 784 5636 non
803 5581 1118 5636 immoratur
1147 5579 1391 5636 Basilius.
1420 5580 1542 5636 Sola
1574 5581 1806 5650 Spiritus
1839 5581 1968 5636 divi-

476 5769 550 5840 (τι)
592 5767 685 5837 Ep.
721 5766 834 5820 190.

2067 4585 2228 4639 etiam
2272 4579 2440 4635 multo
2473 4579 2647 4633 serius
2683 4577 2785 4630 hoc
2828 4589 2970 4629 anno
3009 4575 3114 4628 574
3169 4589 3288 4628 eam
3337 4575 3682 4643 scripsisset.

2075 4674 2388 4744 Gregorius,
2435 4669 2526 4739 qui
2561 4683 2702 4722 anno
2727 4667 2832 4722 575
2866 4667 2986 4735 fuga
3016 4666 3115 4720 sibi
3144 4665 3436 4730 consuluit,
3472 4679 3643 4733 seque

2075 4765 2449 4819 hazreticorum
2474 4760 2639 4815 furori
2671 4761 2962 4830 prudenter
2982 4757 3252 4812 subduxit.
3284 4759 3456 4826 Atque
3476 4761 3643 4810 etiam

2070 4857 2256 4911 dubito
2283 4871 2349 4908 an
2387 4840 2665 4922 ejusmodi
2683 4850 3113 4920 persecutionem
3135 4858 3391 4918 expertus
3417 4848 3484 4901 sit
3511 4864 3642 4902 san-

2073 4959 2193 5003 ctus
2230 4947 2526 5017 Gregorius
2571 4945 2867 5014 Nyssenus,
2921 4956 3042 5011 quae
3092 4956 3214 4994 cum
3262 4941 3360 4994 hac
3413 4940 3639 5009 epistola

2076 5040 2323 5107 quadret.
2354 5037 2466 5091 Etsi
2509 5035 2651 5090 enim
2679 5035 2959 5088 veritatem
3005 5032 3058 5085 in
3107 5045 3171 5085 eo
3213 5032 3382 5086 solam
3413 5031 3643 5085 oderant

2073 5129 2338 5192 haeretici,
2378 5143 2485 5182 non
2518 5141 2639 5180 eum
2671 5135 2874 5190 tamen,
2919 5132 2976 5177 ut
3010 5121 3292 5186 Basilium,
3344 5122 3459 5177 solo
3492 5124 3642 5176 veri-

2073 5222 2199 5276 tatis
2229 5220 2449 5274 nomine
2478 5217 2730 5273 insectati
2755 5223 2911 5280 sunt;
2951 5215 3046 5269 sed
3083 5213 3264 5268 varias
3297 5228 3492 5268 causas
3537 5215 3645 5269 ﬁn-

2071 5318 2268 5362 xerunt
2293 5309 2392 5377 (b),
2427 5307 2818 5364 ordinationem
2851 5320 2958 5360 non
2984 5305 3320 5368 canonicam,
3354 5303 3642 5372 pecuniam

2075 5400 2328 5454 Ecclesia:
2377 5399 2714 5466 dissipatam.
2769 5398 2839 5450 At
2899 5394 3032 5448 nihil
3086 5409 3309 5462 prorsus
3353 5395 3642 5463 -reperias,

2076 5494 2216 5561 quod
2249 5508 2350 5546 non
2376 5505 2498 5546 cum
2530 5489 2712 5544 Basilii
2737 5489 2896 5543 rebus
2928 5487 3154 5542 Inirilice
3189 5496 3466 5557 congruat.
3511 5487 3643 5557 Sty-

2076 5585 2160 5638 lus
2187 5585 2299 5654 ipse
2325 5582 2580 5638 Basiliam
2601 5581 2758 5653 plauc
2793 5578 3032 5645 redolet;
3063 5595 3161 5635 nec
3193 5580 3388 5634 multos
3411 5577 3530 5634 fore
3552 5594 3643 5634 ar-

2153 5763 2225 5832 (ὁ)
2266 5763 2362 5832 Ep.
2398 5763 2519 5816 223.
