4040 6216
1693 357 1853 411 VITA
1894 358 1950 413 S.
1993 357 2253 415 BASILII.

3457 384 3598 425 CXXV

349 479 541 540 hitror,
568 478 661 547 qui
685 477 913 537 scholia,
941 477 1084 546 quod
1115 476 1272 529 modo
1298 475 1608 539 citavimus,
1636 477 1935 550 assentian-
1962 480 2006 534 Α
2037 478 2154 529 «lem
2188 478 2593 546 Amphilochius
2636 481 2699 532 ad
2735 481 2872 533 hunc
2901 481 3039 535 diem
3074 479 3268 535 festum
3299 496 3441 535 anno
3470 483 3597 539 575.

351 580 460 623 tur.
489 568 546 622 Si
580 583 718 636 quas
752 579 932 622 autem
968 576 1183 621 moveat
1226 576 1317 620 aut
1349 565 1444 622 Dei
1477 581 1668 621 nomen
1705 568 1926 635 Spiritui

351 669 541 715 sancto
566 661 776 722 datum,
807 670 901 714 aut
945 660 1161 729 opinata
1201 659 1446 727 quaedam
1476 674 1598 713 cum
1637 659 1745 713 alio
1779 675 1928 713 com-

352 750 601 803 mentarii
636 749 692 803 in
725 750 918 803 Isaiam
968 749 1089 803 loco
1124 747 1526 811 dissimilitudo,
1572 747 1656 803 bis
1682 748 1792 818 jam
1838 765 1928 802 oc-

350 842 629 894 currimus
668 841 723 893 in
752 840 930 895 Notis.

424 930 507 983 lll.
542 932 622 983 Ad
652 931 795 984 idem
831 939 1042 995 tempus
1081 926 1372 981 referendae
1400 927 1644 982 videntur
1671 928 1787 982 (lum
1809 929 1927 981 aliae

349 1022 613 1089 epistolae,
641 1035 832 1089 nempe
868 1019 972 1074 190
1011 1029 1065 1073 et
1101 1018 1222 1072 191.
1253 1018 1398 1071 Inter
1435 1018 1567 1071 alias
1600 1020 1921 1087 provincias,

350 1110 437 1163 vel
476 1113 655 1178 potius
693 1118 970 1177 segmenta
999 1108 1415 1177 provinciarum,
1459 1123 1584 1179 qua:
1614 1106 1796 1163 Iconio
1828 1111 1924 1161 ad-

343 1204 551 1272 juncta;
604 1217 796 1255 novam
849 1200 1180 1269 provinciam
1237 1210 1676 1267 composuerunt,
1730 1201 1924 1256 civitas

351 1293 658 1346 Isaurorum
687 1306 807 1346 cum
840 1291 1083 1361 pluribus
1115 1292 1234 1344 aliis
1264 1291 1503 1358 ejusdem
1535 1292 1823 1360 provincia:
1846 1291 1925 1344 lo-

348 1385 436 1438 cis
455 1383 712 1437 attributa
745 1382 1014 1438 fuit.-Sed
1040 1398 1160 1438 cum
1195 1385 1309 1438 haec
1336 1384 1475 1446 loca,
1508 1383 1691 1436 itidem
1721 1392 1779 1436 ut
1808 1384 1921 1452 ipsa

349 1476 566 1538 civitas,
607 1474 721 1529 sive
761 1474 830 1529 ab
873 1474 1149 1538 hostibus,
1185 1477 1299 1529 sive
1337 1475 1405 1529 ab
1444 1475 1659 1529 Arianis
1690 1485 1920 1541 vastata,

348 1567 623 1634 episcopis
648 1566 901 1621 destituta
925 1576 1125 1628 essent,
1147 1566 1434 1633 plurimum
1460 1568 1658 1635 negotii
1693 1576 1745 1620 et
1770 1567 1921 1622 solli-

350 1659 615 1711 citudinis
650 1656 975 1712 addiderunt
1000 1658 1408 1728 jAmphilochia.
1442 1658 1729 1713 Causultus
1761 1659 1825 1713 ab
1858 1674 1921 1712 eo

347 1748 585 1803 Basilius
634 1762 739 1816 qua
784 1748 1127 1816 potissimum
1171 1749 1380 1803 ratione
1424 1750 1539 1804 haec
1578 1749 1817 1803 Ecclesia
1865 1749 1918 1802 in

342 1832 635 1903 pristinum
669 1840 897 1893 nitorem
927 1839 1258 1894 restituenda
1282 1850 1427 1894 esset
1450 1879 1466 1905 ,
1493 1840 1919 1903 accuratissime,

344 1938 409 1980 ut
461 1928 514 1981 in
568 1942 625 1980 re
675 1929 894 1982 maximi
931 1928 1212 1995 momenti,
1271 1929 1577 1997 respondet.
1623 1930 1700 1982 Ac
1736 1928 1919 1983 utilius

347 2018 570 2086 quidem
607 2018 806 2072 fatetur
831 2033 979 2083 esse,
1013 2029 1071 2073 ut
1110 2019 1163 2073 in
1206 2019 1386 2087 plures
1420 2021 1700 2088 episcopos
1733 2020 1918 2073 Eccle-

344 2110 445 2163 sia:
474 2110 873 2163 administratio
894 2110 1199 2173 dividatur;
1227 2111 1319 2164 sed
1357 2111 1482 2180 quia
1519 2126 1617 2165 nec
1649 2109 1804 2165 facile
1838 2119 1921 2165 est

343 2201 612 2267 reperire,
650 2200 739 2268 qui
794 2202 1110 2269 episcopatu
1144 2202 1291 2269 digni
1328 2204 1458 2270 sint,
1502 2220 1602 2259 nec
1648 2206 1919 2262 mediocre

338 2290 598 2343 damnum
630 2290 877 2345 imminet
904 2291 972 2345 ab
1005 2292 1274 2361 episcopis
1314 2302 1461 2347 tanta
1490 2294 1792 2351 ministerio
1832 2300 1917 2349 in-

337 2380 553 2449 dignis,
588 2382 759 2436 satius
795 2395 915 2436 esse
948 2392 1103 2449 putat
1133 2398 1295 2436 unum
1344 2384 1577 2453 aliquem
1621 2388 1913 2456 probatum

343 2483 403 2524 et
440 2482 740 2540 spectatum
784 2473 1060 2541 praeﬁcere
1105 2474 1334 2541 civitati,
1374 2477 1531 2545 eique
1580 2480 1920 2533 committere

344 2564 557 2632 singula
593 2580 694 2618 suo
722 2565 891 2633 ipsius
914 2566 1153 2634 periculo
1183 2566 1541 2636 dispensanda
1571 2587 1584 2622 :
1609 2569 1750 2625 hunc
1772 2573 1915 2624 enim

338 2653 529 2719 procul
559 2654 743 2719 dubio,
776 2656 865 2709 ubi
898 2656 1155 2725 imparem
1198 2672 1257 2712 se
1300 2659 1496 2715 viderit
1524 2664 1699 2728 oneri,
1730 2664 1919 2731 adjun-

336 2757 551 2800 cturum
598 2748 701 2802 sibi
749 2750 1033 2816 operarios
1062 2751 1127 2805 ad
1162 2766 1415 2809 messem.
1462 2752 1615 2820 Quod
1675 2758 1718 2809 si
1769 2773 1836 2809 ne
1872 2758 1917 2811 is

335 2839 566 2905 quidem.
591 2839 751 2893 facile
782 2841 1009 2908 reperiri
1043 2842 1241 2910 possit,
1302 2853 1492 2897 auctor
1535 2854 1619 2900 est
1665 2845 1916 2910 Basilius,

338 2938 400 2981 ut
463 2928 546 2983 vel
612 2945 643 2983 a
696 2931 876 2999 parvis
948 2932 1257 2989 civitatibus
1318 2946 1372 2989 et
1422 2937 1729 3005 oppidulis,
1797 2954 1918 3007 qua:

334 3020 468 3073 olim
536 3022 818 3091 episcopos
872 3023 1131 3091 habuere,
1195 3026 1405 3079 initium
1474 3028 1568 3080 ﬁat
1626 3030 1919 3083 restituen-

335 3112 392 3171 di
444 3114 808 3182 episcopatus,
864 3130 926 3169 ac
976 3117 1166 3171 deinde
1220 3118 1426 3171 civitati
1481 3119 1639 3172 detur
1702 3124 1914 3193 episco-

334 3217 460 3269 pus,
528 3218 596 3257 ne
656 3204 723 3268 is,
784 3204 829 3259 si
889 3206 1097 3273 primus
1158 3209 1461 3273 ordinetur,
1529 3210 1761 3264 aliarum
1819 3211 1916 3265 ob-

333 3303 445 3347 stet
492 3295 817 3349 ordinationi
860 3312 874 3348 :
919 3297 1003 3350 vel
1047 3297 1239 3353 saltem
1293 3298 1601 3354 Isaurorum
1641 3301 1911 3370 episcopo,

335 3386 432 3452 qui
497 3387 785 3440 nonnullos
842 3387 1054 3443 vicinos
1117 3390 1425 3453 ordinabat,
1492 3407 1624 3446 suus
1686 3394 1913 3446 circum-

333 3479 609 3537 scribatur
665 3479 936 3545 circulus,
992 3480 1177 3549 sicque
1240 3482 1555 3536 restituendi
1630 3485 1914 3551 episcopa-

335 3580 427 3624 tus
482 3571 538 3624 iu
586 3571 710 3631 aliis
755 3570 890 3626 locis
921 3571 1013 3641 jus
1056 3572 1322 3642 integrum
1370 3572 1746 3643 Amphilochia
1803 3590 1915 3629 ser-

332 3671 509 3716 vetttr.

410 3753 464 3807 In
520 3754 707 3806 eadem
772 3754 997 3821 epistola
1052 3755 1284 3811 Basilius
1340 3755 1583 3810 Philonis
1642 3758 1707 3810 de
1764 3774 1916 3811 man-

337 3860 407 3897 na
462 3846 824 3911 sententiam,
874 3855 930 3901 et
994 3844 1289 3917 Scriptura:
1343 3849 1409 3903 de
1461 3850 1711 3904 curribus
1772 3850 1912 3903 I’ha-

333 3938 522 3992 raonis
587 3938 961 3993 testimonium
1020 3941 1262 4010 exponit.
1342 3941 1434 3993 Ait
1492 3942 1653 3995 etiam
1719 3956 1778 3995 se
1848 3945 1912 3994 ad

335 4019 613 4077 Valerium
677 4023 945 4089 fratrem,
1014 4034 1075 4077 ut
1133 4036 1419 4092 rogaverat
1472 4024 1909 4095 Amphilochius,

332 4115 657 4184 scripsisse,
721 4124 777 4169 et
848 4132 877 4169 a
948 4116 1172 4187 Sympio
1230 4117 1440 4171 litteras
1517 4118 1915 4172 communionis

332 4207 634 4276 accepisse.
692 4206 798 4263 Sed
862 4209 929 4264 de
984 4210 1070 4265 bis
1121 4219 1177 4264 et
1241 4209 1510 4263 nonnullis
1568 4210 1688 4265 aliis
1754 4210 1913 4265 modo

332 4310 580 4364 agemus.

406 4386 648 4455 Tempus
680 4386 919 4455 epistolae.
942 4387 1173 4458 perspici
1200 4397 1375 4456 potest
1397 4405 1463 4443 ex
1489 4390 1572 4444 his
1590 4391 1768 4445 verbis
1796 4389 1871 4460 (a)
1894 4407 1909 4443 :

340 4477 541 4533 Eorum
593 4489 791 4545 autem,
839 4480 931 4548 qui
979 4490 1103 4533 tunc
1151 4498 1185 4533 a
1224 4480 1371 4535 nobis
1400 4483 1613 4536 αι)οείεεὶ
1641 4497 1782 4547 sunt,
1818 4485 1911 4537 alii

334 4572 544 4640 quidem
569 4571 642 4623 ad
680 4572 863 4625 aulam
886 4586 940 4624 se
962 4570 1317 4636 contulerunt,
1344 4571 1441 4624 alii
1475 4590 1589 4626 vero
1621 4588 1908 4638 remanent,

332 4663 451 4714 inde
470 4672 829 4729 exspectantes
848 4678 1124 4715 rumorem.
1150 4659 1320 4716 Potest
1337 4676 1511 4717 autem
1527 4665 1779 4718 Dominus
1805 4678 1913 4719 tum

332 4752 517 4804 horum
537 4768 679 4819 spem
697 4752 971 4820 frustrari,
990 4760 1099 4803 tum
1116 4752 1325 4806 illorum
1344 4754 1563 4807 reditum
1584 4756 1789 4808 irritum
1806 4758 1918 4808 red-

332 4845 473 4897 dere.
510 4842 778 4911 Loquitur
813 4844 1067 4907 Basilius,
1100 4853 1154 4897 ut
1189 4860 1347 4913 supra
1391 4848 1816 4912 observavimus,
1853 4851 1918 4902 de

338 4938 403 4989 iis
425 4952 545 5005 quae
578 4938 918 5006 contigerant
950 4938 1035 4991 die
1059 4937 1196 4991 festo
1222 4940 1395 4991 sancti
1431 4938 1742 5007 Eupsychii,
1797 4957 1915 4992 cum

335 5030 549 5082 adesset
575 5028 1012 5096 Amphilochius.
1047 5029 1225 5095 Quare
1247 5031 1385 5083 hanc
1413 5031 1692 5098 epistolam
1727 5032 1913 5084 innue-

336 5122 436 5171 rito
465 5119 643 5189 rejicit
659 5118 1035 5174 Tillemontius
1053 5121 1126 5190 (b)
1146 5129 1269 5190 post
1285 5121 1494 5174 Pascha
1511 5122 1636 5174 anni
1658 5121 1781 5175 575.
1804 5121 1917 5174 Non

340 5212 484 5264 enim
522 5211 807 5280 probabile
830 5220 913 5265 est
942 5220 1035 5265 aut
1055 5227 1168 5276 eos,
1202 5213 1292 5281 qui
1322 5214 1582 5267 Caesarea:
1604 5223 1696 5267 aut
1730 5214 1917 5267 vicinis

336 5302 387 5355 in
419 5302 552 5355 lacis
583 5311 983 5367 remanserant,
1015 5304 1196 5357 tandiu
1244 5314 1609 5371 exspectasse,
1638 5312 1731 5357 aut
1754 5302 1821 5356 ab
1852 5304 1915 5357 iis

335 5396 422 5461 qui
453 5394 803 5449 Antiochiam
828 5395 1056 5461 iverant,
1075 5395 1397 5465 nullumjper
1422 5397 1525 5451 hoc
1549 5404 1758 5464 tempus
1784 5411 1917 5448 nun-

337 5486 467 5537 tium
492 5486 730 5540 venisse.
766 5483 889 5540 Una
916 5499 1047 5555 ergo
1077 5485 1377 5556 autlaltero
1413 5500 1597 5541 mense
1624 5493 1747 5555 post
1773 5485 1912 5539 diem

336 5576 532 5627 festum
568 5575 631 5632 S.
664 5574 955 5645 Eupsychii
989 5575 1299 5631 collocanda
1329 5576 1573 5647 epistola.
1607 5575 1766 5631 Venit
1796 5577 1914 5645 qui-

408 5760 482 5828 (a)
518 5758 614 5825 Ep.
646 5757 765 5819 190.
795 5772 845 5811 n.
870 5757 924 5810 2.

2037 568 2139 622 Sed
2185 570 2249 622 ad
2282 571 2381 624 hoc
2414 580 2620 639 tempus
2652 571 2839 625 referri
2876 588 2979 627 non
3021 573 3217 627 debent
3248 572 3351 627 illae
3388 574 3596 628 haereti-

2031 673 2213 711 corum
2240 660 2563 725 molitiones,
2592 662 2658 716 de
2673 663 2868 729 quibus
2895 663 2949 715 in
2977 664 3076 715 hac
3101 663 3320 731 epistola
3345 663 3594 717 Basilius.

2031 751 2159 814 Qua:
2189 754 2333 804 enim
2372 752 2459 805 hic
2498 752 2564 805 de
2607 755 2951 808 restituendis
2996 755 3049 807 in
3082 754 3284 808 Isauria
3329 756 3597 824 episcopis

2030 843 2266 906 disserit,
2298 858 2359 896 ea
2382 842 2491 909 jam
2524 858 2712 913 magna
2743 860 2806 897 ex
2834 853 2985 912 parte
3015 847 3081 898 ad
3109 846 3311 899 exitum
3338 847 3594 911 perducta

2028 936 2263 999 fuerant,
2307 944 2435 989 ante
2470 950 2708 989 mensem
2751 936 3118 1003 Septembrem
3158 939 3284 990 anni
3316 938 3419 991 575
3448 939 3594 992 ardi-

2026 1034 2154 1079 nato
2205 1025 2515 1079 Macedonio
2539 1028 2811 1095 episcopo,
2847 1037 3033 1094 atque,
3076 1035 3133 1080 ut
3161 1028 3453 1081 verisimile
3488 1038 3592 1091 est,

2027 1114 2267 1183 pluribus
2313 1115 2453 1170 aliis.
2500 1115 2619 1170 Non
2655 1118 2829 1184 potuit
2865 1133 2993 1186 ergo
3024 1120 3138 1172 haec
3169 1120 3329 1172 scribi
3371 1119 3595 1187 cpistola

2028 1206 2127 1259 nisi
2154 1221 2293 1259 anno
2321 1206 2446 1261 574.

2097 1297 2248 1352 lianc
2275 1298 2557 1367 epistolam
2592 1312 2695 1351 non
2728 1299 3001 1367 pertinere
3025 1300 3090 1352 ad
3115 1314 3315 1353 annum
3339 1301 3442 1353 375
3466 1315 3596 1355 con-

2029 1389 2274 1441 flrmatur
2320 1403 2386 1441 ex
2434 1389 2518 1442 his
2548 1389 2727 1443 verbis
2779 1406 2793 1442 :
2848 1389 2944 1443 lies
2981 1388 3235 1459 Nyssemr
3263 1406 3322 1443 eo
3353 1390 3407 1441 in
3452 1400 3594 1443 statu

2024 1489 2169 1540 sunt,
2200 1478 2256 1530 in
2294 1495 2394 1549 quo
2420 1488 2567 1530 erant
2596 1496 2627 1531 α
2652 1489 2700 1531 ιε
2727 1481 2943 1541 relictae,
2969 1493 3015 1531 et
3040 1497 3131 1547 ope
3155 1489 3365 1533 tuarum
3386 1496 3593 1548 precum

2027 1570 2214 1622 cedunt
2241 1575 2295 1623 tn
2319 1570 2525 1624 melius.
2565 1569 2819 1639 Designat
2848 1570 3080 1624 Basilius
3113 1571 3351 1624 exhibita
3390 1571 3595 1639 Grego-

2025 1661 2106 1713 rio
2148 1661 2301 1713 fratri
2340 1662 2554 1729 negotia
2585 1672 2638 1715 et
2669 1662 2850 1715 illatas
2880 1661 2947 1715 ab
2984 1663 3257 1715 hazreticis
3293 1662 3436 1717 lites.
3472 1660 3595 1715 Haec

2028 1757 2206 1803 autem
2240 1759 2361 1819 post
2401 1752 2593 1804 festum
2629 1751 2801 1804 sancti
2841 1751 3129 1820 Enpsyehii
3166 1767 3307 1806 anno
3339 1751 3444 1806 575
3486 1765 3593 1805 nec

1955 1837 1994 1890 B
2026 1841 2184 1894 modo
2221 1855 2324 1893 non
2361 1850 2642 1895 cesserunt
2688 1842 2738 1895 in
2788 1842 3013 1905 melius,
3054 1843 3146 1895 sed
3186 1842 3346 1895 etiam
3380 1842 3592 1896 haireti-

2026 1946 2213 1985 eorum
2259 1931 2409 1986 furor
2461 1942 2587 1986 tunc
2637 1933 2873 1987 maxime
2916 1934 2968 1987 in
3001 1934 3321 2002 Gregorium
3367 1933 3589 1998 exarsit,

2021 2035 2251 2091 eumque
2279 2022 2511 2077 vicarius
2531 2023 2691 2091 jussit
2717 2024 3120 2092 comprehendi.

2090 2113 2147 2167 In
2197 2114 2382 2167 eadem
2435 2114 2663 2182 epistola
2707 2114 2948 2181 loquitur
2992 2113 3220 2167 Basilius
3260 2114 3327 2167 de
3360 2110 3590 2181 Georgia

2021 2206 2252 2273 quodam
2283 2205 2663 2273 Amphilacbii,
2698 2214 2757 2258 ut
2786 2205 3080 2259 verisimile
3106 2214 3211 2268 est,
3246 2204 3586 2273 propinquo;

2020 2297 2172 2363 cujus
2202 2297 2391 2350 domus
2418 2312 2540 2351 cum
2569 2297 2621 2351 in
2650 2312 2873 2363 magnas
2896 2296 3238 2351 difﬁcultates
3279 2295 3588 2359 incidisset,

2022 2397 2212 2442 auctor
2237 2397 2358 2442 erat
2388 2388 2794 2455 Amphilochius
2825 2400 2883 2442 ut
2915 2391 2959 2443 is
2986 2389 3333 2443 codicillaria:
3364 2385 3591 2453 alicujus

2020 2479 2298 2547 dignitatis
2331 2478 2591 2533 beneﬁcio
2620 2496 2686 2533 ex
2720 2480 2801 2532 his
2835 2493 3011 2532 rerum
3055 2479 3322 2546 angustiis
3354 2478 3591 2547 eripere-

2023 2578 2128 2619 tur.
2166 2568 2397 2623 Basilius
2427 2580 2605 2621 autem
2637 2584 2822 2622 curam
2853 2570 3044 2622 domus
3072 2570 3124 2620 in
3157 2569 3439 2621 Dominum
3466 2582 3591 2636 pro-

2014 2659 2304 2727 jiciendam
2341 2670 2528 2728 putat,
2572 2676 2802 2729 eumque
2850 2662 3098 2713 daturum
3156 2659 3588 2729 intelligentiam,

2021 2760 2076 2804 ut
2109 2752 2189 2805 hae
2220 2750 2479 2805 molestize
2513 2751 2616 2803 alio
2639 2750 2796 2803 modo
2827 2751 3083 2803 vitentur.
3111 2747 3261 2815 Quod
3293 2751 3336 2803 si
3364 2750 3590 2818 Amphi-

2020 2844 2197 2897 lochia
2228 2858 2385 2896 secus
2414 2843 2691 2905 videatur,
2722 2852 2874 2913 rogat
2905 2859 3025 2897 eum
3057 2844 3311 2906 Basilius,
3345 2852 3401 2896 ut
3434 2858 3587 2896 cam-

2020 2934 2346 2986 mentarium
2383 2932 2447 2985 ad
2482 2947 2540 2986 se
2572 2934 2769 2998 mittat,
2804 2934 2871 2986 de
2905 2949 3009 3002 qua
3046 2934 3307 3002 dignitate
3342 2939 3590 2999 oporteat

2019 3040 2203 3079 curam
2231 3024 2564 3093 impendere,
2592 3035 2649 3077 ut
2670 3039 2788 3078 eam
2814 3039 2841 3077 a
2868 3023 3264 3091 potentioribus
3286 3024 3592 3093 quibusque

2023 3117 2212 3171 amicis
2268 3117 2617 3186 aggrediatur
2668 3131 2986 3186 exposcere,
3041 3118 3154 3170 sive
3214 3116 3403 3184 gratis,
3475 3113 3591 3167 sive

2017 3205 2179 3258 etiam
2216 3205 2430 3258 modico
2465 3207 2674 3273 pretia,
2725 3215 2881 3274 prout
2917 3205 3173 3258 Dominus
3226 3203 3438 3256 faverit.
3472 3200 3587 3253 Non

2020 3296 2232 3351 videtur
2260 3297 2366 3349 alia
2399 3298 2462 3351 de
2494 3311 2551 3350 re
2584 3297 2726 3365 loqui
2760 3297 2992 3351 Basilius
3024 3298 3074 3349 in
3109 3294 3334 3363 epistola
3378 3292 3480 3347 192
3522 3292 3588 3345 ad

2018 3388 2382 3457 Sophronium
2416 3389 2731 3456 magistrum
2765 3388 3082 3453 otliciorum,
3115 3388 3205 3456 qui
3236 3402 3358 3440 cum
3392 3384 3589 3453 duplex

2016 3478 2335 3533 beneficium
2372 3480 2473 3532 sibi
2507 3480 2783 3534 videretur
2814 3480 3110 3547 accepisse,
3143 3487 3197 3532 et
3230 3480 3369 3545 quod
3402 3477 3585 3529 Basilii

2017 3568 2231 3622 litteras
2274 3569 2596 3636 accepisset,
2632 3579 2687 3623 et
2736 3571 2876 3637 quod
2922 3569 3263 3624 occasionem
3312 3568 3587 3621 habuisset

2016 3675 2127 3714 sua:
2159 3659 2233 3713 illi
2267 3674 2446 3729 operte
2490 3663 2789 3727 navandae;
2834 3661 2911 3714 sic
2942 3661 2993 3714 ei
3044 3660 3248 3727 gratias
3292 3661 3402 3727 agit
3435 3659 3587 3712 Basi-

2017 3749 2164 3803 lius:
2213 3748 2480 3814 Quantam
2524 3768 2605 3804 me
2651 3752 3067 3804 existimandum
3115 3760 3189 3804 est
3228 3750 3417 3802 habere
3466 3765 3589 3818 gra-

2018 3843 2169 3906 tiam,
2196 3843 2284 3909 qui
2316 3852 2362 3896 et
2398 3843 2603 3898 litteras
2633 3845 2955 3897 suavissima:
2984 3854 3088 3897 tua:
3118 3844 3255 3897 uocis
3287 3844 3407 3913 legi,
3452 3852 3499 3895 et
3534 3844 3590 3894 id

2016 3933 2152 3999 quod
2179 3930 2481 4000 expetebant
2511 3944 2619 3985 tam
2648 3932 2884 3986 celeriter
2904 3932 3198 4001 confectum
3227 3932 3378 3985 ridi?
3404 3931 3591 4000 Itaque

2016 4024 2070 4075 id
2098 4027 2235 4091 quod
2266 4024 2484 4076 missum
2518 4032 2595 4076 est
2627 4041 2724 4077 sua
2768 4033 2950 4092 sponte
2987 4034 3287 4093 pergratum
3322 4024 3420 4093 fuit
3452 4040 3470 4077 :
3500 4025 3590 4078 sed

2015 4115 2165 4182 longe
2196 4114 2443 4176 libentius
2473 4114 2569 4181 hoc
2595 4116 2765 4183 ipsum
2794 4132 2852 4169 eo
2891 4116 3096 4169 nomine
3116 4117 3337 4183 suscepi,
3369 4118 3506 4181 quod
3534 4127 3591 4171 tu

2015 4205 2088 4255 rei
2124 4202 2271 4257 illius
2317 4205 2656 4273 conﬁcienda:
2699 4206 2964 4259 exstiteris
2998 4207 3107 4258 dua:
3145 4216 3192 4259 et
3227 4217 3429 4259 auctor.
3470 4207 3593 4259 Ilaec

2016 4294 2249 4347 miriﬁce
2280 4296 2556 4349 eahazrent
2588 4309 2709 4348 cum
2746 4295 3006 4363 dignitate
3042 4296 3397 4359 codicillaria,
3429 4310 3589 4365 quam

2017 4400 2044 4436 a
2079 4385 2478 4452 potentioribus
2504 4386 2695 4439 amicis
2728 4398 2913 4455 petere
2948 4396 3210 4441 statuerat
3236 4387 3497 4449 Basilius,
3544 4388 3591 4439 si

2019 4476 2093 4527 ita
2140 4474 2421 4528 videretur
2461 4476 2858 4544 Amphilochia.
2908 4475 3088 4541 Quare
3138 4480 3275 4530 hanc
3309 4474 3588 4545 epistolam

2023 4566 2123 4622 192
2153 4567 2407 4635 scriptam
2443 4577 2692 4634 putamus
2719 4584 2860 4621 anno
2887 4568 2992 4621 571
3024 4580 3273 4624 exeunte.

2098 4656 2202 4708 Sed
2243 4668 2533 4724 antequam
2567 4658 2905 4711 dimittamus
2937 4659 3219 4727 epistolam
3272 4659 3335 4711 ad
3366 4658 3590 4726 Amphi-

2025 4747 2285 4811 lochium,
2317 4746 2459 4800 aliud
2487 4757 2569 4800 est
2597 4748 2741 4815 quod
2780 4748 2833 4801 in
2869 4763 2933 4801 ea
2965 4749 3308 4801 observatum
3340 4748 3587 4801 velimus.

2028 4838 2121 4890 Ait
2144 4837 2288 4891 enim
2337 4835 2569 4891 Basilius
2594 4836 2697 4891 sibi
2724 4836 3002 4908 Sympium
3032 4837 3312 4906 epistolam
3341 4836 3500 4892 ollicii
3536 4848 3590 4892 et

2022 4931 2417 4984 communionis
2462 4946 2624 4983 causa
2661 4930 2977 4998 scripsisse;
3014 4944 3178 4996 seque
3209 4931 3256 4982 ei
3296 4929 3594 4984 rescribere

2020 5034 2075 5075 et
2110 5024 2319 5075 litteras
2354 5039 2480 5077 suas
2512 5024 2894 5090 Amphilochia
2943 5026 3190 5085 mittere,
3221 5032 3278 5074 ut
3309 5024 3595 5091 diligenter

2025 5115 2282 5183 probatas
2345 5118 2412 5167 ad
2468 5116 2747 5185 Sympium
2806 5115 3097 5167 transmitti
3149 5125 3337 5179 curet,
3394 5116 3593 5169 additis

2024 5208 2187 5261 etiam
2219 5208 2334 5261 suis
2368 5207 2535 5276 ipsius
2567 5207 2781 5260 litteris.

2108 5299 2196 5353 IV.
2238 5299 2475 5368 Epistola
2500 5299 2622 5366 191,
2660 5314 2777 5367 quae
2811 5312 3091 5368 perperam
3124 5294 3436 5350 inscribitur
3460 5294 3595 5347 Arn--

2023 5390 2320 5460 philochia,
2352 5390 2567 5443 videtur
2589 5391 2652 5442 ad
2677 5389 2823 5442 illum
2849 5390 3047 5457 scri’pla
3074 5389 3406 5457 CpiSCOplllll,
3431 5400 3590 5453 quem

2024 5483 2258 5536 Basilius
2311 5480 2585 5552 Sympium
2637 5492 2815 5536 vocat.
2862 5481 3079 5535 Gratias
3113 5478 3160 5531 ei
3205 5480 3316 5548 agit
3358 5477 3593 5530 Basilius

2023 5573 2164 5642 quod
2196 5572 2338 5641 prior
2373 5573 2439 5624 ad
2468 5586 2525 5625 se
2579 5572 2878 5642 scripserit,
2920 5585 3019 5625 nec
3054 5570 3209 5624 amici
3258 5584 3353 5640 per
3387 5567 3595 5621 litteras

2097 5753 2169 5824 (lt)
2210 5755 2336 5821 (lup.
2379 5753 2422 5817 I,
2457 5767 2507 5817 [ι.
2539 5751 2589 5804 5.
