4040 6216
470 374 631 417 011νῆ

468 479 722 548 colloquii
765 479 1007 549 inceptor
1050 492 1172 533 esse
1222 475 1516 532 erubuerit.
1556 475 1731 547 Rogat
1759 485 1817 530 ut
1846 474 2041 530 nnani-
2073 481 2116 536 Α

471 586 588 625 tnes
622 584 751 625 suos
784 569 837 623 in
881 568 1130 623 eamdem
1177 568 1506 625 sententiam
1537 569 1790 630 adducat,
1819 577 1872 622 et
1920 579 2043 621 cum

470 671 621 718 certo
645 662 1000 726 constiterit,
1031 663 1353 730 quibuscum
1387 662 1566 715 futura
1598 661 1670 716 sit
1702 658 2043 722 communio;

470 762 586 809 tum
618 768 749 808 vero
785 752 938 808 locus
986 753 1234 822 utrisque
1269 754 1589 807 commodus
1622 761 1677 807 et
1708 762 1918 823 tempus
1958 751 2046 805 iti-

472 846 588 899 neri
628 846 881 900 faciendo
910 845 1170 900 idoneum
1204 846 1591 915 designentur;
1630 860 1693 900 ac
1722 846 1932 899 firmata
1964 845 2043 898 in-

471 944 553 988 ter
584 935 868 1004 episcopos
907 936 1200 989 concordia
1245 944 1301 988 et
1339 949 1472 1003 pace
1497 949 1603 989 non
1643 934 1755 1004 jam
1795 935 1887 988 alii
1924 934 2047 991 aliis

469 1024 705 1095 suspecti
738 1024 966 1095 singulis
992 1026 1217 1079 urbibus
1239 1026 1787 1093 circumscribantur;
1815 1027 1910 1082 sed
1937 1026 2048 1081 ira-

470 1125 579 1171 tres
620 1130 688 1171 ex
737 1132 1063 1188 unaquaque
1106 1116 1346 1172 Ecclesia
1386 1119 1639 1173 brevibus
1668 1120 1891 1174 tesseris
1922 1127 2044 1173 tan-

466 1222 630 1277 quam
686 1209 888 1264 viatico
939 1210 1194 1263 instructi
1251 1210 1537 1264 mittantur
1586 1218 1642 1265 et
1690 1211 2043 1279 recipiantur.

466 1300 602 1354 Cum
640 1300 755 1355 haec
784 1300 1017 1369 epistola
1058 1317 1166 1359 non
1203 1312 1465 1372 congruat
1497 1302 1900 1372 Amphilochia,
1948 1319 2047 1359 cu-

463 1386 549 1455 ius
595 1388 977 1443 communione
1025 1406 1300 1459 nunquam
1331 1391 1510 1446 caruit
1540 1390 1805 1459 Basilius;
1843 1393 2043 1463 duplici

464 1481 773 1545 conjectura
821 1480 1048 1548 inquirit
1094 1479 1496 1548 Tillemoutius,
1541 1483 1755 1537 cuinam
1796 1484 1915 1539 haec
1960 1485 2045 1538 in-

463 1570 752 1625 scribenda
783 1572 854 1625 sit
877 1571 1129 1640 epistola.
1161 1571 1363 1627 Harum
1397 1573 1624 1630 alteram
1666 1575 1962 1631 relellimus
1989 1577 2044 1631 in

465 1659 618 1714 Notis
667 1660 945 1716 :alteram
987 1676 1141 1728 vero,
1195 1678 1315 1732 quae
1373 1663 1724 1737 Symposium
1783 1665 2046 1723 Seleuciae

462 1752 775 1822 episcopum
799 1768 899 1823 pro
923 1753 1145 1824 Symplo
1172 1755 1454 1824 legendum
1487 1759 1666 1822 docet,
1693 1759 2043 1816 vehementer

463 1844 776 1910 probamus.
829 1844 1021 1914 Magna
1071 1856 1158 1900 est
1205 1847 1351 1901 enim
1402 1848 1706 1903 similitudo
1760 1851 2037 1904 nominum

465 1928 668 1999 Sympii
685 1939 739 1985 et
756 1932 1025 2002 Symposii
1050 1950 1066 1988 :
1085 1934 1296 1989 vicinus
1318 1944 1436 1990 erat
1453 1938 1816 2007 Ampltilocltii
1844 1938 2035 1994 Seleu-

462 2026 663 2080 ciensis
689 2027 993 2097 episcopus.
1031 2028 1301 2085 Praeterea
1334 2031 1567 2086 Basilius
1602 2032 1813 2087 Isauros
1849 2050 2037 2089 nume-

462 2124 548 2171 rat
598 2117 746 2172 inter
801 2134 930 2174 suos
984 2122 1476 2176 communicatores
1527 2124 1580 2177 in
1635 2124 1861 2193 epistola
1907 2124 2036 2193 904,

462 2226 591 2264 num
626 2211 678 2266 7.
721 2209 839 2266 Non
878 2221 1056 2267 tamen
1091 2214 1308 2269 videtur
1347 2212 1583 2271 Basilius
1614 2232 1739 2270 cum
1765 2217 2038 2287 episcopis

461 2298 609 2354 illius
644 2300 937 2369 provincias
969 2302 1291 2358 convenisse
1325 2320 1339 2358 :
1373 2319 1496 2357 nam
1534 2305 1709 2360 hiems
1740 2286 2036 2376 appropin~

459 2392 699 2462 quabat,
728 2408 852 2447 cum
883 2393 999 2449 haec
1030 2396 1330 2463 scriberet,
1366 2397 1508 2451 unde
1537 2398 1671 2467 petit
1702 2407 1914 2470 tempus
1945 2400 2038 2456 iti-

460 2484 577 2539 neri
614 2483 860 2540 laciendo
892 2485 1144 2541 idoneum
1190 2487 1459 2557 designari
1503 2505 1516 2540 :
1549 2497 1669 2556 post
1704 2489 1940 2546 hiemem
1981 2493 2035 2549 in

459 2591 678 2646 gravem
709 2578 957 2631 morbum
997 2578 1208 2634 incidit.
1245 2580 1350 2634 Sed
1383 2595 1507 2633 cum
1538 2585 1605 2635 dc
1641 2582 1744 2636 lide
1788 2585 1922 2638 nihil
1953 2585 2038 2639 in-

459 2676 543 2721 ter
564 2682 660 2722 eos
691 2668 1099 2738 disceptandum
1139 2680 1321 2729 esset.
1360 2670 1518 2726 facile
1546 2673 1720 2742 potuit
1761 2674 1904 2729 inter
1936 2675 2035 2730 ab—

457 2769 642 2815 sentes
688 2765 980 2819 concordia
1014 2763 1259 2829 ﬁrmari,
1297 2766 1597 2836 interprete
1638 2764 1939 2837 praesertim
1982 2779 2038 2827 ct

456 2859 742 2920 sequestro
770 2852 1161 2923 paciﬁcationis
1190 2855 1589 2924 Ampliilocltio.

535 2939 596 2994 V.
652 2942 878 2998 Videtur
919 2944 988 2999 ad
1034 2945 1268 2999 hiemem
1324 2947 1452 3000 anni
1492 2948 1597 3000 371
1647 2950 1897 3007 exeuntis
1943 2959 2036 3004 aut

1818 354 2189 412 PROLEGOM
2198 354 2353 414 ENA.

2153 474 2295 540 Quid
2336 473 2662 541 aliud,fnisi
2697 482 2751 528 ut
2797 489 2914 528 eam
2954 480 3243 537 assereret,
3273 472 3535 536 retineret.
3580 478 3730 529 omni

2154 583 2282 620 cura
2313 576 2548 621 tueretur
2578 582 2600 621 .·
2635 566 2729 621 Dei
2765 566 3055 622 clementia:
3083 576 3131 621 et
3164 566 3286 633 legi,
3321 582 3438 636 qua:
3464 566 3730 620 altaribus

2148 665 2397 717 honorem
2429 664 2609 718 haberi
2628 663 2809 734 jubet,
2843 678 3057 717 manum
3088 663 3394 732 porrigeret,
3428 662 3604 716 omnia
3631 663 3732 717 de-

2151 756 2305 824 nique
2331 757 2477 823 prius
2514 754 2706 823 faceret
2752 766 2799 809 et
2834 763 3139 823 pateretur,
3187 771 3345 823 quam
3379 764 3436 809 ut
3479 755 3733 808 inhumao

2148 846 2266 898 nius
2299 844 2467 898 ullum
2495 846 2745 901 adversus
2786 862 2902 900 eam
2936 846 3214 900 consilium
3253 847 3429 910 iniret,
3475 850 3648 919 sicque
3673 856 3731 901 et

2147 951 2385 989 mensam
2433 947 2847 1004 sacrosanctam,
2905 948 2952 992 et
3008 937 3162 1007 fidem
3196 939 3353 992 etiam
3387 937 3555 1001 illam,
3604 954 3733 990 eum

2149 1042 2253 1095 qua
2281 1025 2502 1095 supplex
2528 1036 2661 1090 erat.
2703 1026 3022 1081 contumelia
3055 1028 3321 1097 aﬁiceret?
3353 1018 3732 1097 Nequaquam,

2153 1116 2323 1185 inquit
2352 1132 2513 1171 novus
2534 1117 2739 1186 judex;
2771 1117 2863 1170 sed
2899 1133 3076 1170 omnes
3119 1117 3337 1187 imperio
3374 1134 3487 1171 meo
3520 1120 3730 1183 cedere,

2148 1224 2211 1260 ac
2249 1206 2577 1261 Christianos
2609 1209 2744 1279 leges
2769 1224 2892 1262 suas
2924 1210 3145 1277 prodere
3171 1218 3395 1278 oportet.
3438 1208 3535 1262 Ille
3559 1212 3734 1280 igitur

2147 1300 2435 1370 supplicem
2459 1301 2768 1370 deposcebat
2792 1314 2811 1353 :
2833 1301 2918 1355 hic
2939 1302 3083 1355 omni
3107 1302 3157 1355 vi
3185 1302 3456 1359 retinebat.
3482 1302 3581 1358 Ille
3608 1320 3733 1358 rur-

2148 1405 2266 1445 sum
2301 1390 2483 1459 furore
2512 1390 2842 1453 concitatur;
2869 1406 2932 1443 ac
2962 1391 3307 1460 magistratus
3324 1395 3575 1462 quosdam
3602 1396 3734 1448 mito

2149 1468 2234 1547 lit,
2258 1482 2349 1550 qui
2372 1481 2552 1534 sancti
2582 1481 2685 1535 viri
2731 1479 3030 1535 cubiculum
3065 1492 3539 1550 perscrutarentur,
3572 1488 3733 1555 igno-

2145 1573 2327 1627 minia:
2355 1588 2516 1626 causa
2550 1573 2724 1640 potius
2755 1572 2809 1626 id
2840 1573 3063 1642 faciens,
3098 1591 3259 1643 quam
3290 1577 3429 1645 quod
3467 1578 3733 1647 ejusmodi

2146 1664 2439 1735 quidquam
2474 1679 2677 1719 necesse
2714 1675 2865 1719 esset.
2909 1666 3054 1732 Quid
3098 1668 3226 1724 ais?
3255 1666 3547 1722 Domumne
3579 1669 3731 1725 illius

2146 1757 2211 1808 ab
2242 1755 2384 1808 omni
2414 1753 2645 1809 libidinis
2684 1763 2827 1810 motu
2866 1756 3034 1822 liberi,
3066 1774 3218 1828 quem
3276 1758 3449 1828 angeli
3488 1759 3726 1828 comple-

2154 1853 2545 1913 ctuntur,quem
2569 1845 2650 1899 vel
2674 1845 2844 1900 solum
2868 1848 3063 1902 intueri
3102 1849 3312 1918 femina
3339 1850 3681 1919 reformidant
3703 1852 3735 1904 .‘

2145 1935 2257 1989 Nec
2301 1953 2362 1990 eo
2395 1946 2673 1992 contentus
2699 1979 2713 2004 ,
2743 1939 2916 2007 ipsum
2945 1941 3159 2011 insuper
3197 1941 3400 2006 adesse,
3430 1951 3485 1995 et
3509 1936 3731 1997 causam

2141 2028 2316 2082 dicere
2346 2030 2521 2098 jubet,
2552 2046 2715 2101 neque
2753 2031 2809 2085 id
2848 2032 3060 2101 placide
3088 2041 3136 2088 et
3166 2033 3414 2098 humane,
3446 2034 3535 2087 sed
3572 2035 3732 2105 quasi

2139 2134 2305 2171 unum
2332 2134 2397 2172 ex
2422 2119 2492 2173 iis
2519 2120 2611 2190 qui
2637 2121 2826 2191 capitis
2859 2123 3104 2179 damnati
3126 2133 3271 2179 sunt.
3294 2124 3463 2192 Atque
3484 2125 3594 2192 ipse
3613 2127 3734 2194 qui-

2141 2211 2258 2263 dem
2288 2211 2493 2267 aderat.
2527 2211 2630 2266 Ille
2659 2221 2835 2267 autem
2869 2215 2952 2267 ira
2980 2223 3029 2268 et
3065 2215 3372 2285 arrogantia
3402 2214 3585 2283 plenus
3630 2232 3730 2284 pro

2142 2301 2396 2355 tribunali
2441 2300 2678 2357 sedebat.
2722 2302 2911 2357 Stabat
2957 2301 3236 2369 Basilius,
3278 2304 3727 2374 quemadmodum

2140 2393 2296 2448 Jesus
2348 2411 2495 2449 meus
2549 2392 2728 2449 Pilato
2767 2394 3066 2464 judicante.
3115 2397 3519 2451 Cunctabantur
3564 2413 3729 2467 porro

2139 2486 2389 2555 fulmina,
2421 2486 2622 2554 Deique
2651 2486 2863 2558 gladius
2887 2486 3063 2541 adhuc
3091 2488 3467 2552 exacuebatur,
3499 2501 3547 2542 et
3570 2488 3731 2556 diffe-

2140 2577 2375 2643 rebatur,
2396 2594 2655 2647 arcusque
2681 2579 2757 2631 ita
2782 2578 3216 2643 contendebatur,
3238 2587 3292 2632 ut
3324 2590 3502 2633 tamen
3535 2579 3732 2633 retineo

2139 2680 2303 2735 retur,
2332 2672 2649 2739 paenitentiae
2674 2669 2915 2725 videlicet
2946 2685 3147 2737 tempus
3168 2687 3230 2724 ac
3258 2668 3430 2725 locum
3461 2673 3724 2739 aperiens.

2144 2758 2259 2814 Hoc
2292 2762 2431 2814 enim
2461 2762 2603 2831 apud
2650 2762 2818 2816 Deum
2860 2763 2916 2816 in
2957 2778 3101 2816 more
3148 2771 3308 2833 atque
3351 2780 3451 2817 usu
3493 2765 3726 2830 positum

2139 2863 2234 2907 est.
2267 2853 2435 2923 Atque
2470 2855 2555 2907 hic
2601 2855 2750 2919 mihi,
2789 2872 2992 2925 quaso.
3020 2855 3246 2910 alterum
3284 2855 3633 2922 persecutoris
3663 2864 3729 2907 .et

2138 2946 2353 3000 athleta:
2376 2956 2647 3002 certamen
2672 2957 2869 3016 specta.
2905 2946 3141 3001 Pallium
3171 2946 3380 3000 detrahi
3417 2956 3465 3000 et
3496 2945 3729 2999 lacerari

455 3029 562 3086 375
602 3031 840 3088 ineuntis
871 3033 1154 3088 referenda
1190 3039 1497 3104 persecutio
1517 3078 1531 3103 ,
1559 3054 1718 3107 quam
1765 3055 1795 3093 a
1832 3041 2035 3097 vicario
2130 3037 2368 3106 jubebat.
2418 3038 2491 3092 At
2527 3038 2615 3094 ille
2646 3053 2664 3090 :
2685 3040 2894 3094 Exuam
2920 3049 3198 3108 praterea,
3224 3038 3269 3093 si
3284 3039 3360 3091 ita
3377 3037 3538 3098 lubet,
3566 3036 3732 3091 etiam

455 3121 613 3177 Ponti
649 3124 941 3179 excitatam
965 3123 1258 3196 Gregorius
1295 3128 1675 3184 Nazianzenus
1704 3131 1774 3184 ita
1806 3132 2034 3203 diligen-
2063 3155 2105 3213 ε
2143 3131 2395 3185 tunicam.
2447 3130 2604 3198 Eum,
2634 3133 2722 3196 qui
2755 3132 2934 3184 carnis
2960 3145 3145 3199 expers
3171 3139 3304 3196 erat,
3328 3129 3729 3182 verberaturum

458 3223 546 3268 ter
571 3222 626 3268 et
650 3224 900 3269 accurate
926 3225 1116 3271 narrat
1138 3216 1235 3289 (a),
1268 3228 1328 3273 ut
1354 3227 1522 3273 totum
1569 3221 1713 3275 hunc
1739 3221 1915 3275 locum
1948 3224 2038 3277 hic

459 3318 733 3374 apponere
768 3319 947 3374 Opera:
991 3308 1223 3376 pretium
1260 3325 1385 3365 esse
1421 3311 1637 3366 ducam.
1676 3312 1734 3367 I’s
1766 3315 1855 3384 qui
1887 3315 2038 3385 nefa-

459 3397 599 3449 rium
625 3396 779 3449 illum
811 3396 991 3462 Adad,
1025 3400 1201 3469 inquit
1230 3400 1548 3472 Gregorius,
1574 3406 1825 3459 adversus
1856 3405 2035 3461 Israe-

459 3484 559 3537 lern
591 3485 717 3537 olim
742 3488 1011 3552 excitavit,
1036 3489 1174 3543 idem
1206 3499 1389 3544 contra
1412 3491 1549 3546 hunc
1570 3510 1774 3565 quoque
1805 3494 2039 3551 Pontiae

457 3578 741 3643 provincia:
766 3579 1073 3649 prtefectum
1094 3583 1378 3646 excitavit;
1402 3585 1499 3637 hoc
1522 3589 1734 3655 quidem
1755 3597 2036 3655 prwtextu,

458 3668 610 3735 quasi
632 3669 959 3723 mulierculae
978 3671 1257 3740 cujusdam
1286 3687 1450 3726 causa
1478 3674 1919 3740 stomacharetur,
1948 3679 2037 3731 sed

460 3775 636 3813 revera
697 3762 982 3831 impietatis
1011 3763 1368 3832 defensionem
1399 3768 1718 3833 suscipiens,
1752 3785 1815 3822 ac
1863 3772 2037 3837 pieta-

459 3863 561 3905 tem
592 3869 919 3924 oppugnans.
955 3855 1111 3911 Mitto
1142 3858 1280 3912 alias
1312 3875 1488 3913 omnes
1523 3861 1891 3929 contumelias,
1923 3866 2040 3933 qui-

459 3944 555 3997 bus
583 3943 847 3999 Basilium
880 3949 1105 4013 vexavit,
1140 3952 1277 4018 quod
1311 3950 1529 4018 perinde
1569 3960 1667 4016 est,
1700 3969 1762 4005 ac
1796 3956 1843 4006 si
1875 3954 2039 4007 Deum

461 4036 710 4105 dicerem,
740 4039 990 4092 adversus
1031 4054 1206 4108 quem,
1250 4051 1298 4093 et
1341 4040 1494 4109 cujus
1527 4057 1692 4095 causa
1734 4042 1923 4096 bellum
1952 4062 2041 4113 ge-

463 4128 697 4182 rebatur.
739 4128 893 4192 Quod
924 4145 1064 4191 vero,
1101 4137 1152 4183 et
1184 4145 1324 4195 eum,
1364 4131 1458 4201 qui
1497 4133 1868 4186 contumeliam
1903 4137 2040 4203 infe-

457 4219 631 4282 rebat,
660 4218 895 4271 maxima
925 4219 1215 4286 ignominia
1244 4219 1441 4288 aﬂ'ecit,
1466 4232 1516 4274 et
1542 4222 1774 4290 pugilem
1804 4235 2039 4279 nostrunt

458 4310 803 4379 summopere
834 4310 1020 4363 extulit
1069 4308 1148 4380 (si
1200 4312 1356 4366 modo
1398 4328 1648 4383 magnum
1696 4317 1946 4385 quiddam
1989 4325 2041 4371 et

457 4406 720 4459 excelsum
774 4404 1185 4457 existimandum
1224 4411 1301 4457 est
1352 4403 1725 4471 philosophia,
1780 4417 1829 4459 et
1878 4407 2037 4478 hujus

2139 3236 2193 3271 se
2230 3219 2552 3285 minabatur,
2591 3236 2778 3288 corpus
2819 3219 3152 3274 submittebat
3205 3220 3413 3289 ungulis
3463 3219 3729 3272 laceratu-

2140 3327 2276 3365 rum.
2302 3310 2474 3365 Atille
2490 3326 2511 3365 :
2534 3310 2581 3364 Η
2589 3311 2874 3381 ujusmodi,
2890 3312 3083 3381 inquit,
3104 3310 3394 3365 laniatione
3409 3311 3727 3364 medicinam

2140 3401 2321 3468 Irepati
2360 3401 2578 3470 afferes,
2623 3417 2959 3468 magnopere,
3012 3412 3065 3454 ut
3110 3402 3274 3464 vides,
3318 3417 3399 3454 me
3446 3400 3722 3467 prententi.

2144 3493 2315 3562 Atque
2345 3492 2399 3546 hi
2422 3494 2630 3563 quidem
2670 3494 2726 3547 in
2764 3494 2845 3548 his
2879 3504 3052 3548 erant.
3084 3491 3281 3548 Civitas
3322 3503 3528 3558 autem,
3567 3493 3728 3547 simul

2140 3596 2295 3655 atque
2320 3584 2628 3655 hujusmodi
2659 3585 2860 3639 malum
2889 3603 2950 3639 ac
2979 3602 3256 3641 commune
3305 3587 3600 3656 periculum
3642 3602 3726 3640 re-

2140 3678 2292 3730 scivit
2328 3677 2642 3747 (periculum
2670 3677 2809 3731 enim
2844 3693 2997 3731 suum
3022 3679 3242 3748 quisque
3267 3679 3432 3747 ipsius
3457 3688 3727 3731 contume-

2141 3772 2267 3825 liam
2307 3787 2417 3825 esse
2461 3771 2845 3841 existimabat),
2878 3779 2988 3824 tota
3028 3769 3207 3839 furore
3235 3770 3538 3839 corripitur,
3571 3778 3727 3836 atque

2140 3856 2466 3922 incenditur,
2519 3875 2605 3923 ac,
2642 3858 2780 3912 velut
2817 3858 2963 3928 fumo
2997 3874 3157 3926 apum
3205 3874 3423 3912 examen
3468 3867 3720 3922 movente,

2146 3946 2388 3999 certatim
2425 3962 2603 4002 omnes
2637 3947 2915 4017 cujuslibet
2943 3950 3147 4017 generis
3187 3955 3340 4017 atque
3370 3947 3542 4002 aetatis
3582 3946 3726 4000 exci-

2143 4046 2327 4089 tantur
2354 4046 2401 4090 et
2440 4046 2752 4107 exsurgunt,
2781 4054 2845 4091 ac
2863 4041 3157 4107 prwsertim
3189 4054 3457 4093 armorum
3485 4039 3718 4107 opifices,

2142 4127 2567 4196 imperatoriique
2598 4136 2847 4182 textores.
2889 4131 3027 4183 Nam
3063 4128 3118 4182 hi
3162 4130 3217 4183 in
3264 4129 3526 4199 ejusmodi
3571 4130 3723 4183 rebus

2144 4218 2479 4286 ferventiores
2519 4231 2682 4287 sunt,
2712 4229 2870 4291 atque
2917 4223 2982 4275 ob
3013 4222 3302 4276 libertatem
3334 4238 3399 4276 ac
3432 4220 3721 4287 licentiam,

2141 4326 2247 4379 qua
2291 4310 2566 4380 fruuntur,
2615 4312 2685 4366 ad
2723 4313 3028 4367 audendum
3072 4315 3391 4383 paratiores.
3430 4304 3726 4384 Unicuique

2143 4423 2300 4477 porro
2333 4405 2425 4459 teli
2454 4404 2570 4459 loco
2598 4413 2735 4473 erat,
2767 4404 2846 4460 vel
2874 4406 3014 4475 quod
3044 4422 3133 4460 ars
3162 4406 3412 4475 offerebat
3430 4446 3445 4471 ,
3475 4407 3554 4461 vel
3584 4408 3725 4477 quod

457 4499 615 4553 laude
642 4497 825 4567 vulgus
852 4495 1095 4564 anteire),
1128 4496 1184 4548 id
1218 4497 1456 4551 oratione
1486 4513 1785 4567 persequar.
1822 4498 2038 4554 Mulieri
2068 4503 2113 4558 Ι)
2143 4500 2197 4551 in
2229 4515 2283 4552 re
2306 4499 2553 4567 prtesenti
2588 4496 2931 4551 tumultuarie
2970 4498 3286 4567 confecerat.
3329 4499 3495 4553 Faces
3531 4501 3588 4553 in
3612 4517 3745 4554 ma-.

457 4594 669 4646 cuidam
702 4589 1029 4657 amplissimo
1069 4588 1184 4642 loco
1228 4597 1399 4654 natce,
1434 4589 1589 4659 cujus
1632 4592 1856 4645 maritus
1892 4593 2035 4646 haud

456 4663 669 4749 pridem.
690 4692 920 4734 extremo
949 4681 1067 4732 vita:
1094 4676 1182 4732 die
1215 4680 1426 4748 functus
1463 4688 1601 4747 erat,
1638 4679 1838 4748 judicis
1866 4698 2038 4736 asses-

458 4791 547 4829 sor
569 4774 669 4828 vim
689 4774 965 4843 afferebat,
1001 4773 1323 4839 invitumque
1344 4772 1414 4825 ad
1443 4774 1653 4841 nuptias
1680 4773 2034 4841 pertrahebat.

460 4867 569 4921 Illa
598 4877 793 4931 autem,
827 4882 948 4919 cum
975 4865 1122 4918 nulla
1153 4866 1353 4918 ratione
1380 4865 1516 4917 hanc
1546 4866 1646 4917 vim
1672 4864 1898 4932 effugere
1918 4881 2039 4932 pos-

465 4967 562 5024 set,
616 4959 894 5012 consiliunt
946 4959 1109 5027 capit,
1158 4973 1263 5011 non
1306 4956 1528 5026 majoris
1572 4957 1837 5020 audacia,
1880 4972 2040 5026 quam

460 5050 755 5117 prudentia:
785 5049 1016 5117 plenum.
1048 5049 1132 5102 Ad
1161 5064 1368 5103 sacram
1401 5048 1589 5103 etenim
1634 5063 1867 5102 mensam
1912 5064 2037 5101 con—

460 5143 617 5212 fugit,
650 5142 918 5203 Deumque
943 5142 1197 5196 adversus
1230 5142 1365 5195 hanc
1392 5139 1649 5209 injuriam
1676 5150 2037 5211 propugnato-

462 5252 571 5289 rem
608 5235 709 5290 sibi
737 5235 978 5304 adaptat.
1016 5234 1155 5299 Quid
1192 5236 1353 5304 igitur
1386 5249 1477 5303 per
1510 5231 1823 5286 Trinitatem
1866 5233 2038 5301 ipsam

460 5330 558 5395 (ut
607 5326 808 5397 forensi
861 5341 1066 5396 quoque
1119 5325 1331 5380 dicendi
1380 5341 1565 5394 genere
1614 5324 1854 5378 nonnihil
1902 5326 2039 5378 inter

460 5420 643 5472 laudes
671 5417 835 5485 utar)
865 5417 1168 5487 faciendum
1199 5418 1297 5486 fuit
1320 5456 1335 5482 ,
1365 5433 1470 5471 non
1497 5417 1616 5471 dico
1651 5433 1839 5486 ntagno
1880 5415 2040 5470 Basi-

460 5508 553 5573 lio,
584 5525 646 5561 ac
672 5508 734 5561 de
763 5508 846 5561 his
873 5507 1028 5561 rebus
1067 5507 1187 5561 aliis
1212 5508 1345 5578 leges
1376 5507 1655 5571 statuenti,
1686 5508 1775 5561 sed
1810 5507 1908 5560 alii
1935 5508 2042 5560 cui-

461 5599 603 5667 piam
649 5599 800 5668 longe
847 5598 940 5652 illo
997 5600 1280 5669 inferiori,
1330 5600 1455 5655 dum
1505 5611 1677 5655 tanien
1734 5598 2041 5654 sacerdoti?

538 5782 612 5849 (ιτ)
653 5780 802 5837 Orat.
836 5781 925 5836 20.

2148 4590 2320 4652 nibus,
2346 4604 2502 4654 saxa,
2534 4587 2700 4657 fustes
2725 4592 2779 4641 in
2797 4600 3062 4657 promptu,
3096 4604 3230 4643 unus
3255 4589 3487 4642 omnium
3512 4606 3725 4654 cursus,

2146 4697 2282 4734 unus
2323 4681 2544 4756 clamor,
2566 4681 2857 4735 communis
2896 4681 3193 4733 animorum
3224 4680 3512 4746 alacritas;
3547 4681 3731 4748 furor,

2149 4773 2298 4829 miles
2327 4775 2630 4841 vehemens,
2659 4774 2764 4827 imo
2794 4772 2916 4827 belli
2944 4772 3074 4828 dux.
3119 4770 3203 4828 Ne
3241 4773 3485 4827 mulieres
3515 4774 3728 4844 quidem

2145 4879 2269 4921 tunc
2300 4866 2544 4935 temporis
2570 4847 2793 4919 inermes
2822 4874 2972 4919 erant
2992 4905 3007 4932 ,
3040 4865 3138 4918 hac
3167 4863 3414 4917 nimirum
3451 4864 3744 4919 occasione.-

2146 4959 2350 5012 animos
2394 4970 2577 5011 earum
2611 4964 2897 5025 exacuente
2929 4961 2945 5023 (
2980 4956 3121 5009 radii
3164 4965 3337 5009 autem
3365 4955 3496 5023 ipsis
3538 4955 3729 5009 hasta-

2147 5068 2263 5105 rum
2310 5051 2425 5105 loco
2455 5050 2680 5119 erant),
2715 5051 2822 5104 imo
2861 5065 2954 5103 nec
2983 5047 3226 5102 mulieres
3256 5048 3374 5117 jam
3420 5047 3729 5114 manebant,

2146 5144 2334 5213 quippe
2369 5160 2500 5212 quas
2536 5142 2678 5196 zelus
2715 5142 3032 5205 roborasset,
3062 5152 3217 5210 atque
3246 5143 3314 5192 ad
3343 5139 3550 5193 virilem
3578 5138 3732 5209 forti-

2147 5234 2383 5287 tudinem
2423 5234 2687 5302 animique
2725 5233 3141 5302 magnitudinem
3188 5231 3530 5285 traduxisset.
3582 5231 3729 5295 Quid

2147 5325 2359 5382 multa?
2382 5326 2631 5393 pietatem
2660 5341 2836 5380 omnes
2861 5327 2935 5379 ita
2957 5327 3165 5379 demum
3195 5325 3332 5377 inter
3360 5340 3414 5377 se
3434 5324 3728 5393 partituros

2146 5419 2444 5482 censebant,
2473 5418 2519 5471 si
2544 5419 2710 5486 ipsum
2744 5418 3032 5469 dividerent
3063 5432 3125 5468 ac
3150 5415 3497 5481 discerperent
3525 5430 3544 5469 :
3566 5426 3728 5485 atque

2147 5510 2191 5561 is
2224 5507 2477 5577 majorem
2505 5509 2646 5577 apud
2676 5523 2764 5561 eos
2792 5506 3002 5576 pietatis
3034 5506 3245 5559 laudem
3279 5507 3556 5559 habiturus
3589 5505 3730 5559 vide-

2146 5600 2319 5669 batur,
2351 5601 2439 5672 qui
2462 5602 2660 5671 primus
2692 5603 2744 5656 in
2772 5618 2910 5667 eam,
2936 5602 3022 5670 qui
3051 5609 3252 5655 taurum
3282 5600 3487 5670 facinus
3518 5613 3728 5669 aggresp
