4040 6216
1705 368 1862 423 ἭΤΑ
1904 368 1961 425 S.
1992 368 2256 426 BASILII.

3412 389 3592 430 CSI‘JII

339 497 426 536 sus
461 491 588 534 esset
616 520 631 542 ,
665 498 883 533 manum
915 482 1202 550 iniecisset.
1244 483 1385 548 Quid
1429 486 1590 554 igitur
1614 489 1810 543 'audaa:
1837 491 1926 543 ille
1956 499 1996 552 A
2035 492 2236 553 huisse,
2270 491 2320 542 itl
2351 500 2459 554 est,
2509 491 2610 545 hoc
2651 501 2922 545 certamen
2954 508 3073 547 cum
3120 495 3320 550 vivario
3355 500 3593 554 omnium

337 588 382 626 et
414 575 646 625 insolens
674 573 851 642 judea:
869 574 895 624 ?
918 573 1152 640 Supplex
1182 586 1316 639 erat,
1345 577 1680 645 miserabilis,
1708 582 1923 633 calami-

337 671 498 720 tosus,
533 663 719 727 quovis
749 663 960 714 homine
985 661 1279 728 dejectior:
1311 665 1486 730 quoad
1514 667 1570 717 in
1598 680 1922 734 conspectum

335 753 587 819 prodiens
624 751 716 803 ille
745 761 975 820 martyr,
1021 762 1067 804 et
1102 753 1212 806 sine
1239 755 1409 822 plagis
1435 756 1620 821 victor,
1669 775 1728 810 ac
1760 776 1923 825 popu—

336 845 443 895 lum
477 843 685 912 pudore
733 852 1036 906 correptum
1079 860 1170 911 per
1212 846 1314 898 vim
1351 847 1607 915 retinens,
1641 852 1921 917 supplicem

336 949 490 986 suum
519 942 570 986 et
611 944 915 988 vexatorem
944 951 975 986 a
1008 936 1241 1001 periculo
1263 937 1561 991 vindicavit.

408 1043 608 1114 Tangit
639 1047 806 1099 etiam
845 1047 986 1101 ha'ne
1034 1047 1319 1102 historiam
1374 1049 1667 1120 Gregorius
1724 1053 1921 1123 Nysse-

339 1151 439 1189 nus
469 1136 565 1205 (α),
599 1137 689 1204 qui
728 1135 990 1190 Basiliutn
1031 1149 1234 1202 narrat,
1266 1155 1386 1192 cum
1434 1141 1483 1193 ei
1505 1142 1668 1210 judex
1703 1145 1918 1212 quidam

339 1229 646 1281 minaretur
670 1242 730 1282 se
762 1228 905 1281 illius
943 1229 1099 1298 jecur
1131 1245 1195 1284 ex
1227 1233 1531 1287 visceribus
1565 1234 1872 1288 evulsurum
1901 1277 1916 1300 ,

341 1318 579 1374 insulsas
631 1318 806 1372 minas
863 1319 1192 1375 subridendo
1242 1324 1604 1391 excipientem
1659 1326 1859 1380 dixisse
1904 1345 1916 1380 :

340 1405 584 1460 Gratiam
615 1407 712 1458 tibi
743 1407 942 1461 habebo
974 1410 1036 1462 ob
1068 1413 1206 1464 hanc
1251 1411 1609 1476 voluntatem;
1650 1431 1753 1467 non
1784 1417 1918 1468 enim

338 1498 679 1550 mediocriter
735 1514 816 1551 me
858 1501 1001 1568 angit
1045 1502 1101 1554 in
1141 1503 1418 1557 visceribus
1444 1505 1618 1573 jecur.
1655 1505 1831 1570 Quare
1878 1509 1920 1560 si

341 1588 477 1640 illud
523 1588 731 1656 ejicias,
779 1593 1217 1660 quemadmodum
1273 1595 1502 1650 minatus
1556 1613 1632 1662 es,
1682 1599 1920 1652 molestia

342 1700 533 1746 corpus
568 1686 837 1740 liberabis.

411 1796 654 1853 Iudicem
698 1798 886 1865 illum,
915 1799 1003 1869 qui
1039 1808 1146 1853 tam
1183 1800 1414 1870 indignis
1446 1801 1617 1854 modis
1648 1801 1916 1868 iBasilium
1953 1830 1994 1886 Β

337 1893 582 1955 vexavit,
605 1903 835 1960 uterque
861 1891 1153 1961 Gregorius
1178 1892 1446 1966 ὕπαρχον,
1475 1893 1795 1967 pra'fectum,
1826 1909 1918 1962 ειν-

335 1981 522 2050 pellat.
558 1982 665 2036 Sed
700 1985 782 2037 bis
816 1985 867 2036 in
907 1984 1037 2037 locis
1085 1983 1364 2054 legendum
1395 1986 1612 2038 videtur
1645 1985 1916 2057 ἔπαρχον,

337 2071 584 2124 vicarius
606 2073 746 2125 enim
770 2073 868 2125 fuit
891 2073 1129 2142 praefecti
1160 2073 1209 2125 in
1237 2074 1458 2129 dioecesi
1483 2075 1732 2139 Pontica,
1755 2091 1914 2145 quam

336 2164 408 2217 ah
452 2178 516 2217 eo
549 2165 903 2231 gubernatam
942 2176 1170 2220 testatur
1218 2166 1593 2221 Nazianzenus
1639 2186 1653 2221 :
1701 2179 1755 2221 et
1795 2184 1916 2222 cum

330 2255 502 2336 judex
543 2255 611 2307 ab
638 2258 826 2309 eodem
861 2271 1118 2324 vocetur,
1153 2273 1338 2312 comes
1373 2259 1607 2313 Ponticae
1645 2275 1763 2314 esse
1809 2276 1916 2314 non

335 2347 536 2412 potuit,
599 2360 662 2399 ac
722 2347 946 2414 proinde
999 2350 1142 2402 vices
1201 2352 1438 2416 praefecti
1491 2352 1702 2418 agebat.
1763 2350 1915 2420 Apud

334 2436 590 2487 eumdem
637 2434 1044 2492 Nazianzenum
1078 2457 1173 2509 pro
1215 2443 1300 2497 his
1333 2443 1561 2496 vocibus
1594 2443 1801 2513 πέμπει
1833 2461 1916 2497 τι·-

336 2527 436 2590 vi;
463 2527 572 2580 τῶν
612 2529 701 2582 ἐπ’
731 2529 997 2595 ἐξουσίας,
1049 2535 1302 2602 quosdam
1353 2536 1693 2604 magistratus
1732 2537 1913 2601 mittit,

333 2618 520 2688 legere
550 2621 732 2674 malim
785 2622 876 2674 ὑπ’
902 2622 1179 2689 ἐξουσίας,
1225 2625 1383 2678 mittit
1415 2628 1617 2696 aliquos
1665 2641 1729 2681 ea:
1760 2628 1915 2679 mini-

333 2713 464 2765 stris
489 2714 620 2766 suis.

417 2825 738 2892 Matronam,
776 2829 928 2897 cujus
957 2831 1170 2900 nuptias
1212 2841 1317 2886 tam
1343 2833 1607 2890 violenter
1634 2837 1918 2905 appetebat

337 2919 587 2988 vicarius
623 2921 886 2989 praefecti,
917 2924 1225 2979 Vestianam
1277 2925 1418 2978 illam
1450 2926 1613 2979 fuisse
1664 2929 1914 2994 opinatur

338 3010 612 3066 Baronius
665 3013 762 3084 (b),
819 3015 886 3068 de
926 3031 1031 3084 qua
1067 3017 1119 3077 in
1165 3015 1285 3068 Vita
1321 3014 1378 3070 S.
1418 3015 1673 3069 Macrino:
1713 3017 1916 3087 Grego-

335 3105 455 3156 rius
493 3103 773 3173 Nyssenus
823 3106 1084 3175 loquitur.
1139 3107 1243 3162 Sed
1300 3109 1351 3161 in
1410 3108 1512 3162 hac
1568 3110 1912 3177 expendenda

335 3196 678 3264 conjectura,
714 3213 834 3265 quae
865 3198 1010 3251 nulla
1056 3197 1245 3254 nititur
1294 3201 1526 3266 ratione,
1565 3216 1670 3254 non
1728 3202 1910 3256 immo-

333 3289 524 3353 rabor.
569 3287 701 3341 Illud
734 3289 801 3342 ad
831 3291 1175 3343 statuendum
1227 3289 1526 3353 dilIicilius,
1575 3292 1794 3360 quinam
1831 3293 1920 3350 ille

335 3379 505 3433 fuerit
525 3379 778 3444 vicarius,
809 3390 860 3435 et
884 3397 990 3451 quo
1016 3381 1128 3436 haec
1149 3392 1266 3437 acta
1301 3391 1563 3450 tempore.

408 3491 638 3546 Narrata
674 3491 917 3548 Valentis
946 3494 1210 3550 Cmsareae
1244 3498 1631 3552 commorantis
1662 3512 1917 3566 persecu-

336 3583 508 3646 tione,
535 3585 616 3637 sic
645 3583 711 3636 ad
746 3583 905 3637 istam
949 3585 1146 3638 transit
1183 3584 1502 3654 Gregorius,
1544 3598 1602 3639 ut
1639 3599 1760 3639 eam
1812 3602 1917 3639 non

333 3678 572 3730 obscure
600 3677 940 3730 demonstret
964 3675 1072 3728 alio
1103 3678 1349 3730 evenisse
1371 3687 1633 3744 tempore.
1665 3677 1726 3728 At
1751 3678 1914 3736 enim.

336 3768 516 3835 inquit
557 3767 652 3837 (c),
681 3768 991 3836 Itujusmodi
1020 3768 1232 3835 quidem
1277 3767 1501 3835 fortasse
1527 3785 1610 3830 ea,
1642 3783 1758 3835 quae
1802 3783 1918 3818 cum

338 3859 449 3911 illis
477 3859 600 3928 egit,
630 3859 864 3927 fuerunt,
889 3874 1109 3926 eumque
1136 3858 1291 3926 ﬁnem
1323 3858 1640 3922 habuerunt,
1675 3867 1918 3910 cwterum

336 3966 459 4001 cum
496 3951 621 4004 aliis
653 3952 759 4004 alio
799 3953 958 4003 modo
993 3967 1047 4002 se
1088 3950 1268 4017 gessit,
1303 3959 1392 4001 aut
1426 3949 1598 4016 parvis
1629 3951 1694 4000 de
1741 3947 1917 4011 rebus,

336 4052 429 4090 ant
463 4057 656 4108 parum
702 4042 902 4110 egregie
931 4038 1220 4102 dimicavit,
1263 4049 1353 4090 aut
1401 4055 1506 4090 non
1538 4038 1612 4088 ita
1656 4037 1919 4103 sapienter

335 4134 604 4195 disseruit,
661 4147 752 4184 nec
794 4143 847 4183 ut
892 4131 1157 4183 hominum
1205 4128 1774 4194 commemorationem,
1825 4138 1914 4180 aut

338 4232 478 4276 certe
505 4224 765 4290 insignem
793 4221 1002 4273 laudem
1027 4219 1355 4272 mereretur?

409 4331 571 4386 Multa
620 4346 752 4385 sane
778 4346 840 4383 ex
894 4330 995 4393 iis,
1045 4345 1164 4398 quae
1216 4338 1512 4381 narrantur
1554 4343 1583 4380 a
1630 4327 1912 4395 Gregorio,

337 4425 538 4490 optime
583 4422 919 4477 conveniunt
959 4422 1012 4474 in
1063 4421 1285 4489 impium
1317 4419 1464 4473 illum
1495 4417 1731 4472 Pontij
1770 4418 1915 4470 vica-

2025 593 2352 651 postremum
2388 585 2415 634 Γ
2413 583 2574 636 uisse.

2097 675 2176 743 (d)
2207 674 2315 727 Sed
2355 689 2474 727 cum
2517 673 2753 736 Nieetas,
2782 675 2935 742 cujus
2965 675 3068 730 hac
3117 677 3167 730 itt
3205 693 3262 731 re
3293 694 3396 732 non
3442 695 3595 748 sper-

2026 764 2202 814 nenda
2231 763 2544 826 auctoritas,
2575 763 2837 814 vicarium
2867 763 3035 827 ilium,
3066 765 3132 818 de
3173 781 3280 834 quo
3305 766 3594 838 Gregorius

2025 854 2294 923 loquitur,
2329 853 2619 907 Eusebium
2671 853 2963 906 Dominicaa
3010 855 3371 922 imperat-t-icis
3422 873 3592 911 avun-

2024 946 2203 999 Culum
2242 945 2406 998 fuisse
2443 953 2692 1008 testetur,
2733 943 2889 998 nobis
2915 945 3178 1013 integrum
3213 963 3314 1000 non
3344 958 3424 1002 est
3454 949 3592 1003 hanc

2026 1037 2432 1090 historiam-in
2487 1035 2863 1090 Demosthenis
2914 1050 3104 1090 nomen
3159 1039 3423 1092 conferre.
3476 1037 3592 1094 Non

2023 1129 2172 1181 enim
2201 1128 2480 1198 probabile
2516 1137 2599 1181 est
2628 1129 2679 1182 id
2708 1128 2947 1182 Nicetam
2979 1129 3044 1182 de
3087 1144 3183 1183 suo
3213 1130 3458 1194 ﬁnxisse;
3497 1132 3592 1184 sed

2024 1221 2200 1290 potius
2226 1219 2677 1274 verisimillimum
2709 1230 2815 1285 est,
2839 1231 2898 1274 ut
2919 1222 3172 1276 observat
3202 1222 3591 1288 Titlemontius,

2022 1311 2166 1364 hanc
2194 1323 2323 1364 eum
2363 1312 2692 1364 notationem
2723 1325 2787 1363 ex
2832 1311 3015 1379 aliquo
3060 1311 3354 1379 exemplari
3384 1322 3593 1367 vetusto

2022 1403 2248 1465 eruisse,
2287 1400 2340 1454 in
2381 1417 2488 1471 quo
2520 1416 2713 1456 nomen
2753 1402 2970 1456 Eusebii
3001 1404 3066 1456 ad
3095 1404 3391 1472 mat-ginem
3428 1405 3595 1458 ascri-

2023 1503 2169 1565 ptum
2194 1501 2330 1547 erat.

2093 1585 2225 1638 Cum
2253 1593 2433 1637 autem
2465 1585 2580 1638 haec
2611 1585 2917 1654 persecutio
2949 1601 3122 1652 neque
3155 1587 3219 1638 ad
3241 1602 3442 1639 annum
3464 1583 3593 1662 5.72,

2022 1689 2197 1744 neque
2231 1677 2299 1729 ad
2343 1675 2450 1729 575
2504 1675 2695 1729 referri
2738 1677 2935 1742 possit,
2993 1675 3205 1728 videtur
3256 1676 3395 1728 intra
3458 1675 3588 1730 illud

2026 1778 2238 1836 tempus
2270 1767 2604 1832 collocanda,
2643 1768 2788 1836 quod
2823 1769 2964 1820 inter
2997 1778 3284 1835 utramque
3335 1783 3591 1836 persecu-

2027 1861 2226 1915 tionem
2258 1857 2481 1915 eﬁluxit.
2531 1859 2666 1912 Nam
2691 1868 2813 1928 post
2847 1858 3220 1911 Demosthenis
3258 1859 3591 1926 persecutio-

2023 1965 2166 2016 nem,
2218 1951 2348 2004 nihil
2380 1951 2536 2004 nobis
2579 1950 2885 2018 suppeditat
2935 1949 3158 2002 historia
3206 1947 3409 2010 Basilii,
3443 1947 3586 2016 quod

2020 2056 2140 2094 cum
2171 2041 2272 2095 hoc
2295 2051 2487 2094 eventu
2517 2041 2783 2109 quadrare
2802 2040 2990 2106 possit.
3011 2039 3078 2091 At
3095 2039 3266 2091 hiems
3284 2039 3441 2106 hujus
3467 2037 3594 2091 anui

2021 2131 2125 2186 574
2155 2133 2401 2187 exeuntis
2453 2131 2681 2186 miriﬁce
2713 2133 2980 2200 congruit.
3033 2131 3148 2184 iam
3191 2133 3334 2184 enim
3363 2131 3595 2184 vidimus

2022 2222 2259 2276 nefarias
2281 2223 2656 2276 haereticorum
2675 2222 3000 2284 molitiones,
3017 2236 3245 2290 quorum
3273 2220 3360 2274 alii
3385 2219 3599 2289 postica

2018 2325 2159 2372 stum
2179 2315 2235 2370 S.
2264 2315 2546 2386 Eupsyehii
2565 2316 2614 2369 in
2629 2315 2805 2368 aulam
2819 2323 3192 2374 cucurrerunt,
3215 2314 3305 2366 alii
3325 2328 3580 2366 romanae

2021 2417 2146 2461 runt
2184 2423 2452 2461 rumorem
2475 2416 2869 2473 exspectantes.
2908 2404 3174 2457 Praeterea
3194 2404 3594 2457 Basiliusinitio

2017 2496 2255 2566 epistola:
2287 2496 2393 2550 200
2415 2506 2644 2549 testatur
2671 2496 2771 2549 sibi
2807 2495 3016 2563 negotia
3051 2495 3113 2545 ab
3139 2495 3204 2546 iis
3226 2495 3314 2554 qui
3345 2493 3592 2545 Ecclesiis

2019 2598 2198 2640 nocent
2256 2587 2488 2641 exhibita
2521 2604 2613 2653 per
2641 2596 2805 2638 totam
2862 2586 3077 2638 hiemem
3119 2586 3295 2651 fuisse.
3331 2585 3594 2638 Similiter

2020 2680 2172 2733 initio
2196 2679 2439 2746 epistola:
2471 2679 2579 2730 9.05
2605 2688 2998 2731 commemorat
3043 2694 3141 2730 sua
3198 2695 3313 2729 cum
3364 2677 3454 2740 iis,
3499 2676 3590 2744 qui

2007 2751 2313 2825 fdoctrinam
2340 2771 2570 2824 veritatis
2590 2771 2915 2836 impugnant,
2936 2769 3242 2821 certamina.
3262 2767 3370 2820 Non
3391 2767 3594 2820 incom-

2019 2865 2174 2916 mode
2215 2877 2344 2932 ergo
2399 2862 2452 2915 in
2508 2862 2609 2915 hac
2665 2861 2843 2914 hieme
2884 2858 3136 2912 Basiliam
3192 2872 3313 2910 cum
3357 2857 3589 2910 Eusebio

2018 2953 2222 3004 vicario
2278 2959 2553 3004 narratam
2609 2964 2638 3002 a
2685 2948 2947 3017 Gregorio
3001 2961 3236 3014 pugnam
3285 2956 3338 2999 et
3395 2943 3590 2998 tnultas

2020 3043 2154 3096 alias
2185 3042 2509 3096 sustinuisse
2544 3040 2940 3094 existimamus.

2096 3131 2208 3185 Non
2253 3131 2432 3199 magni
2475 3129 2678 3195 refert,
2723 3128 2864 3198 quod
2900 3127 3192 3194 Gregorius
3241 3127 3341 3180 hoc
3395 3123 3589 3179 bellum

2023 3223 2262 3278 omnium
2308 3233 2640 3291 postremum
2697 3221 2860 3275 fuisse
2916 3221 3066 3272 dicit.
3107 3217 3400 3286 Loquitur
3445 3217 3589 3270 enim

2025 3311 2318 3381 Gregorius
2357 3313 2422 3366 de
2443 3311 2706 3380 ejusmodi
2737 3311 2948 3380 pugnis,
2981 3311 3030 3362 in
3059 3311 3254 3378 quibus
3290 3308 3514 3363 Basilius
3537 3309 3592 3362 in

2018 3401 2278 3469 judicium
2307 3412 2550 3462 vocatus.
2575 3402 2858 3455 veritatem
2887 3417 2982 3468 pro
3009 3400 3258 3454 tribunali
3285 3401 3483 3454 acriter
3506 3399 3597 3454 de-

2024 3495 2192 3548 fendit
2221 3513 2234 3548 :
2267 3496 2408 3561 quod
2443 3495 2660 3562 quidem
2680 3496 2726 3546 ei
2753 3494 2803 3545 in
2831 3492 3205 3546 Demosthenis
3225 3491 3596 3559 persecutione

2023 3600 2130 3639 non
2155 3585 2366 3637 videtur
2401 3584 2711 3650 contigisse.
2741 3583 2855 3637 llue
2886 3585 3093 3636 accedit
3115 3583 3254 3651 quod
3277 3582 3594 3651 Gregorius,

2023 3676 2144 3728 dum
2170 3675 2265 3737 ait,
2297 3657 2397 3726 Hic
2427 3673 2617 3725 bellum
2653 3674 2973 3726 mundanum
3003 3673 3179 3736 desiit,
3206 3687 3310 3725 non
3340 3686 3462 3725 eum
3499 3685 3586 3726 re-

2023 3779 2138 3818 rum
2159 3763 2401 3817 ordinem
2427 3764 2689 3830 sequitur,
2715 3778 2872 3830 quem
2900 3774 3196 3832 temporum
3219 3763 3388 3816 series
3407 3770 3594 3830 postu-

2022 3857 2202 3921 labat,
2256 3857 2349 3910 sed
2385 3871 2546 3924 quem
2585 3855 2686 3909 sibi
2731 3855 2843 3922 ipse
2895 3857 2945 3907 in
2999 3853 3312 3907 adornanda
3347 3853 3592 3905 oratiore

2019 3949 2444 4020 praescripserat.
2502 3949 2638 4003 Hinc
2695 3948 2890 4002 bellum
2947 3945 3252 4016 episcopale
3308 3945 3506 3999 ibidem
3558 3959 3590 3996 a

2021 4040 2358 4094 dissensione
2393 4054 2512 4093 cum
2536 4039 2793 4092 Anthitno
2839 4037 3104 4106 incepisse
3144 4035 3307 4098 dicit;
3341 4033 3590 4102 quamvis

2017 4143 2230 4189 constet
2256 4132 2511 4187 Basilium
2541 4134 2590 4186 in
2619 4133 2732 4201 ipso
2759 4133 3102 4201 episcopatus
3135 4127 3430 4198 primordio
3472 4126 3589 4194 plu-

2023 4241 2109 4278 res
2139 4223 2495 4293 Cappadociaa
2521 4228 2802 4292 episcoltos
2831 4223 3122 4295 schismate
3147 4235 3175 4272 a
3201 4233 3258 4273 se
3291 4216 3588 4287 disjunctes

2018 4317 2288 4369 habuisse.

2571 4403 2796 4460 CAPUT
2820 4403 3034 4464 XXXII.

341 4518 504 4576 rium,
549 4513 996 4576 Barnosthenem,
1025 4513 1112 4580 qui
1148 4511 1198 4564 in
1224 4509 1558 4580 Cappadocia
1584 4519 1639 4562 et
1666 4509 1921 4562 ﬁnitimis
1956 4505 1996 4558 D
2029 4501 2064 4554 1.
2101 4497 2447 4580 Gravissimus
2478 4497 2665 4580 Basilii
2689 4500 2898 4580 morbus
2921 4512 3040 4580 ante
3077 4499 3280 4579 Pasclta
3315 4500 3449 4580 anni
3463 4499 3588 4580 57b.

335 4605 636 4674 provinciis
663 4614 942 4672 grassatus
985 4613 1068 4657 est
1117 4617 1258 4655 anno
1290 4600 1394 4653 575
1440 4609 1494 4652 et
1539 4598 1663 4651 576.
1712 4598 1758 4653 Is
1795 4615 1914 4651 cum

337 4697 424 4752 sui
454 4699 507 4751 in
550 4696 807 4749 Basilium
836 4695 945 4747 odii
978 4694 1238 4761 plurimas
1287 4691 1715 4759 signiﬁcationes
1757 4692 1917 4744 dede-

336 4792 453 4856 ritu
467 4803 636 4856 seque
667 4788 992 4841 acerrimum
1030 4786 1250 4839 haeresis
1281 4785 1617 4838 defensorem
1668 4783 1914 4852 praebue-

335 4871 436 4942 rit,
460 4896 565 4933 non
613 4879 882 4932 immerito
923 4877 1065 4930 idem
1096 4876 1265 4929 videri
1305 4887 1507 4942 posset,
1544 4891 1608 4928 ac
1653 4875 1738 4928 ille
1768 4875 1916 4928 vica-

336 4974 474 5038 rius,
503 4986 666 5039 quem
714 4979 903 5021 narrat
954 4967 1247 5035 Gregorius
1287 4967 1488 5020 Basilio
1535 4966 1734 5019 multas
1777 4966 1910 5020 alias

334 5045 698 5118 contumelias
744 5062 961 5124 iecisse,
997 5072 1050 5114 et
1077 5061 1130 5114 in
1157 5061 1392 5130 speciem
1439 5061 1655 5129 quidem
1693 5062 1912 5115 mulier-

337 5155 472 5208 culas
496 5169 663 5208 causa
697 5152 1057 5206 excanduisse
1076 5191 1093 5215 ,
1119 5152 1211 5205 sed
1267 5165 1453 5205 revera
1485 5152 1705 5207 ltzeresis
1731 5153 1915 5207 defen-
1951 5152 1958 5156 ’

344 5248 549 5299 sionem
605 5259 667 5298 ac
701 5244 920 5312 pietatis
945 5235 1394 5311 oppugnationem
1423 5242 1522 5298 sibi
1549 5246 1911 5313 proposuisse.

338 5337 476 5390 Huic
519 5340 666 5389 l'avet
709 5334 950 5404 opinioni
990 5335 1132 5401 quod
1177 5334 1252 5386 ait
1304 5335 1389 5388 hic
1436 5335 1633 5392 bellum
1683 5341 1909 5390 munda-

342 5443 475 5481 num
505 5413 766 5491 desiisse,
814 5436 868 5480 et
916 5425 1124 5481 felicem
1159 5425 1268 5481 Deo
1304 5425 1513 5481 favente
1551 5428 1756 5497 exitum
1813 5430 1910 5483 ha-

407 5677 484 5742 (η)
514 5673 578 5728 In
617 5673 782 5727 Basil.
819 5688 938 5742 pag.
979 5673 1098 5728 485.

412 5749 485 5812 (h)
518 5747 598 5797 Atl
631 5761 722 5793 an.
760 5743 883 5796 570.

405 5819 472 5886 (ί)
514 5816 607 5870 Or.
645 5813 736 5866 20.

2107 4570 2348 4632 Quatuor
2368 4570 2556 4621 littera:
2587 4572 2653 4621 ad
2689 4572 2823 4622 hunc
2847 4573 3082 4621 morbum
3113 4571 3383 4637 pertinent.
3409 4568 3470 4623 ΙΙ.
3501 4575 3573 4625 Ac

2107 4648 2290 4690 curata
2345 4637 2564 4689 historia
2619 4641 2978 4691 translalitmis
3037 4642 3200 4692 sancti
3249 4638 3481 4706 Dionysii
3527 4658 3593 4695 ea:

2105 4708 2321 4775 cpistola
2373 4709 2540 4759 sancti
2586 4708 2774 4761 Basilii
2827 4714 2894 4760 ntl
2944 4720 3174 4760 sanctum
3237 4708 3587 4766 Ambrosium.

2103 4779 2186 4830 Ill.
2211 4777 2286 4828 De
2317 4779 2534 4840 epistola
2574 4779 2672 4832 198
2695 4780 2760 4829 ad
2800 4777 2854 4830 S.
2891 4777 3189 4829 Eusebium.
3229 4776 3314 4830 IV.
3353 4777 3592 4845 Epistula

2099 4848 2349 4918 canonica
2388 4849 2616 4918 secunda
2659 4858 2706 4900 et
2752 4850 2967 4912 epistola
2996 4849 3232 4918 7200Aad
3263 4845 3319 4900 S.
3372 4850 3589 4918 Amphi-

2106 4917 2352 4969 lochium.
2420 4917 2589 4967 l‘aulo
2653 4928 2765 4982 post
2817 4917 3035 4982 epistola
3088 4916 3184 4970 “201
3234 4920 3303 4968 ad
3354 4916 3592 4973 eumdem

2106 4989 2316 5052 scripta.
2356 4985 2418 5038 ν.
2458 4987 2750 5038 Concilium
2783 4987 3124 5052 Anipltilocltii
3155 4987 3218 5038 de
3259 4989 3592 5045 restituendis

2093 5058 2492 5122 episcopalibus,
2533 5057 2601 5108 ad
2628 5056 2765 5125 quod
2794 5067 3005 5107 vocatur
3025 5056 3272 5109 Basilius.

2108 5149 2150 5202 Ι.
2188 5149 2258 5219 (e)
2289 5149 2522 5218 Longior
2555 5150 2711 5202 solito
2742 5149 2841 5201 fuit
2879 5150 3047 5202 hiems
3075 5150 3200 5201 anni
3237 5149 3340 5204 575
3371 5150 3423 5203 in
3449 5150 3589 5219 Cap-

2037 5244 2284 5310 padocia,
2320 5257 2381 5295 ac
2413 5243 2511 5295 via:
2536 5257 2721 5297 omnes
2759 5257 2928 5309 usque
2960 5245 3025 5295 ad
3051 5242 3254 5296 Pascha
3291 5243 3592 5298 interclusas

2031 5337 2274 5390 fuerunt.
2315 5335 2568 5389 Basilium
2605 5350 2699 5403 per
2726 5345 2891 5387 totum
2926 5335 3024 5389 hoc
3049 5345 3254 5404 tempus
3279 5335 3588 5404 occupatio-

2027 5443 2135 5481 nes
2169 5428 2505 5497 negotiorum
2533 5429 2886 5491 exteriorum,
2914 5439 2987 5492 et,
3031 5440 3085 5483 ut
3109 5429 3217 5498 jam
3247 5428 3478 5503 diximus
3498 5425 3591 5498 (ι’),

2104 5672 2184 5740 (ἀ)
2210 5673 2328 5745 hiut.
2364 5673 2414 5745 in
2447 5673 2579 5725 Nos.
2611 5691 2728 5745 pag.
2764 5675 2885 5729 78L

2099 5746 2167 5810 (ε)
2211 5744 2303 5808 Ep.
2343 5744 2458 5796 108.

2098 5811 2163 5881 (μ’)
2208 5812 2298 5882 Ep.
2327 5811 2450 5867 9.05.
