4040 6216
1704 309 1864 365 ἮΤᾹ
1908 312 1965 365 S.
2010 306 2271 366 BASlLll.

3444 333 3612 374 οκκῐι

350 432 594 505 episcopi
632 429 718 484 sui
774 428 1023 483 mandata
1080 428 1436 481 facesserent.
1495 427 1551 481 ld
1591 437 1769 481 autem
1808 427 1934 480 nulli
1970 436 2007 487 Α
2039 428 2262 496 cpistola
2294 427 2551 481 canonica
2594 427 2828 481 secunda
2862 437 2916 480 ct
2948 441 3179 496 sequens
3226 428 3451 496 epistola
3481 429 3609 487 200.

349 541 494 581 anno
524 524 722 578 melius
762 522 1033 592 congruit,
1067 536 1232 589 quam
1278 520 1401 574 huic
1426 520 1553 587 575,
1588 534 1695 587 quo
1744 534 1932 574 omnes

348 612 713 685 Cappadocia:
748 613 847 665 vite
878 626 1048 680 usque
1092 612 1157 664 ad
1199 610 1408 664 Pascha
1462 611 1771 666 interclusas
1813 611 1930 664 fue-

350 714 495 770 runt,
536 715 597 759 ut
642 705 874 774 legimus
907 703 961 756 in
1014 702 1240 771 epistola
1290 703 1562 771 sequenti.
1610 703 1668 756 5ο
1702 702 1932 757 Sanctus

346 798 670 852 Ambrosius
714 811 794 850 sne
830 797 897 849 de
931 794 1189 866 Dionysio
1242 795 1482 863 loquitur
1508 794 1562 849 in
1610 795 1834 864 epistola
1867 796 1932 849 ad

354 890 726 944 Vercellenses
762 906 775 941 :
817 887 1011 941 Beatus
1046 887 1352 956 Dionysius,
1386 886 1582 955 inquit,
1630 888 1797 956 exegit
1843 905 1933 941 vo-

347 984 410 1036 tis
435 983 567 1034 utin
599 981 788 1035 exsilio
832 982 993 1033 vitam
1028 989 1260 1049 poneret,
1302 996 1365 1033 ne
1400 995 1666 1049 regressus
1706 980 1932 1048 confusa

346 1074 599 1127 institutis
626 1084 671 1126 et
701 1090 800 1126 usu
826 1072 1123 1140 inﬁdelium
1164 1073 1339 1126 studia
1373 1071 1533 1141 plebis
1564 1082 1653 1125 aut
1690 1071 1817 1125 cieri
1843 1073 1928 1125 in-

344 1165 540 1215 veniret
580 1180 598 1216 :
622 1164 915 1230 meruitque
944 1161 1080 1215 hanc
1113 1163 1368 1230 gratiam,
1404 1174 1458 1216 ut
1498 1179 1678 1231 pacem
1714 1163 1928 1217 Domini

344 1255 641 1325 tranquillo
665 1255 859 1323 affectu
880 1271 1053 1308 secum
1079 1257 1314 1324 referret.
1338 1256 1429 1310 Sic
1452 1272 1580 1325 ergo
1604 1257 1930 1326 conjunctus

347 1344 592 1415 Dionysii
626 1347 838 1400 reditus
891 1360 1016 1399 cum
1062 1347 1335 1401 Ambrosii
1386 1348 1751 1413 ordinatione,
1805 1363 1927 1417 qua:

345 1450 533 1502 pacem
582 1436 845 1501 restituit,
881 1444 937 1489 ut
980 1437 1096 1505 ipse
1129 1436 1418 1507 Dionysius
1450 1453 1637 1505 pacem
1677 1440 1927 1493 retulisse

340 1530 641 1585 videretur.
666 1528 749 1584 Ex
770 1530 861 1586 his
886 1531 1193 1599 colligimus
1215 1532 1557 1587 Ambrosium
1583 1533 1926 1603 episcopatus

342 1621 425 1674 sui
456 1621 755 1688 primordia
790 1623 966 1675 sancti
1012 1622 1248 1692 Dionysii
1281 1624 1454 1679 reditu
1483 1624 1802 1683 illustrasse.

412 1710 505 1765 1H.
545 1711 716 1766 Paulo
748 1723 873 1766 ante
903 1712 1117 1768 Pascha
1157 1714 1373 1784 scripsit
1409 1724 1629 1770 sanctus
1658 1716 1925 1773 Eusebius

2038 519 2171 572 Nam
2203 520 2253 572 in
2286 518 2515 588 epistola
2562 518 2823 571 canonica
2863 528 3090 573 excusat
3134 519 3380 573 morbum
3413 528 3468 573 et
3505 522 3609 573 mi-

2037 614 2326 666 nistrorum
2371 610 2676 679 penuriam,
2707 624 2804 664 cur
2857 624 2960 662 non
2993 610 3253 680 scriptum
3292 611 3419 665 illud
3450 613 3611 667 citius

2036 705 2262 769 miserit,
2294 720 2413 758 cum
2454 704 2771 772 jamdudum
2802 704 3093 773 propositis
3125 706 3191 760 ab
3225 706 3609 774 Amphilochio

2033 794 2421 863 quaestionibus
2468 795 2852 863 respondisset.
2911 794 2969 850 In
3022 796 3247 864 epistola
3298 806 3476 850 autem
3504 796 3612 849 200

2033 888 2251 941 morbos
2296 895 2350 941 et
2387 890 2769 956 occupationes
2814 889 3150 957 negotiorum
3194 890 3525 943 exteriorum
3554 899 3610 940 et

2032 979 2329 1033 certamina
2378 992 2503 1031 eum
2536 978 2808 1033 haereticis
2850 988 3126 1044 causatur,
3164 982 3359 1048 quibus
3410 996 3468 1035 se
3513 995 3609 1049 per

2033 1074 2199 1119 totam
2242 1066 2473 1119 hiemem
2513 1080 2682 1134 usque
2737 1067 2801 1119 ad
2837 1066 2995 1133 hujus
3020 1068 3262 1137 epistolae
3293 1080 3501 1137 tempus
3533 1071 3612 1124 di-

2030 1152 2105 1205 cit
2138 1152 2412 1206 detentum
2456 1150 2648 1205 fuisse.
2685 1150 2847 1206 Missa
2881 1166 3008 1220 ergo
3039 1152 3201 1205 simul
3235 1162 3462 1222 utraque
3492 1154 3608 1221 epi-

2030 1245 2165 1299 stola
2191 1283 2205 1308 ,
2247 1245 2511 1314 siquidem
2563 1245 2781 1314 utrique
2826 1260 3036 1298 moram
3077 1244 3278 1299 eaedem
3320 1260 3497 1299 causae
3529 1256 3610 1298 at-

2032 1337 2285 1392 tulerunt.

2100 1427 2323 1481 Frustra
2371 1426 2748 1481 Tillemontius
2799 1426 3076 1480 existimat
3119 1427 3441 1482 canonicam
3498 1444 3611 1497 pri-

2029 1533 2171 1572 mam
2212 1517 2372 1572 simul
2413 1532 2535 1571 cum
2583 1518 2817 1571 secunda
2880 1518 3111 1577 missam,
3142 1518 3333 1572 fuisse.
3382 1517 3514 1573 Nam
3555 1521 3607 1572 in

2028 1610 2264 1663 secunda
2301 1625 2406 1662 non
2456 1608 2628 1663 solum
2671 1608 2851 1663 multze
2877 1610 3204 1679 quaestiones
3230 1609 3513 1663 solvuntur
3541 1611 3610 1663 de

2027 1701 2417 1771 quibusprima
2448 1700 2579 1754 nihil
2604 1699 2882 1765 habuerat,
2916 1701 3057 1755 velut
3079 1701 3143 1754 de
3171 1702 3474 1769 raptoribus
3510 1701 3606 1772 (b),

340 1803 408 1855 ad
439 1801 729 1868 Basilium,
788 1813 843 1857 et
875 1819 999 1859 cum
1053 1820 1119 1860 eo
1144 1781 1397 1876 jurgavit,
1428 1809 1569 1876 quod
1601 1809 1669 1863 ad
1716 1825 1774 1863 se
1820 1826 1924 1864 non

2031 1794 2096 1849 de
2168 1795 2483 1863 presbytero
2541 1794 2743 1861 nuptiis
2816 1793 3016 1848 illicitis
3082 1792 3354 1861 iinplicato
3399 1794 3493 1862 (c),
3540 1793 3609 1847 de

341 1895 634 1959 scriberet,
679 1909 744 1949 ac
784 1896 828 1950 si
863 1896 1045 1951 desint
1088 1899 1443 1964 occasiones,
1480 1914 1586 1953 non
1619 1900 1851 1970 aliquem
1898 1915 1930 1957 e

343 1986 463 2038 suis
494 1984 716 2039 clericis
770 1987 1036 2042 mitteret.
1087 1987 1205 2041 Jam
1257 1999 1416 2043 antea
1475 1990 1635 2042 aliam
1686 1990 1928 2059 ejusdem

344 2074 565 2130 Eusebii
598 2076 881 2145 epistolam
914 2076 1172 2131 ofﬁciales
1202 2077 1526 2133 detulerant.
1584 2079 1792 2134 Revera
1825 2097 1929 2135 non

344 2170 547 2224 multas
596 2169 830 2225 Eusebio
878 2170 1179 2240 scripserat
1218 2170 1482 2240 epistolas
1516 2172 1775 2236 Basilius,
1805 2175 1927 2243 quia

344 2270 542 2313 nactus
577 2274 680 2312 non
716 2268 857 2326 erat,
893 2260 986 2328 qui
1032 2260 1101 2312 ad
1137 2276 1257 2314 eum
1291 2262 1788 2329 proﬁciscerentur,
1836 2264 1932 2319 sed

349 2357 531 2404 tamen
582 2350 707 2418 plus
742 2361 977 2419 quatuor
1033 2352 1365 2419 scripserat,
1408 2354 1677 2423 simulque
1722 2355 1931 2411 litteras

344 2439 416 2492 ad
449 2456 506 2494 se
530 2450 653 2509 post
679 2442 913 2509 priorem
948 2442 1167 2497 Eusebii
1201 2444 1487 2511 epistolam
1519 2444 1820 2500 Samosatis
1848 2448 1929 2499 al-

348 2532 508 2597 latas,
543 2531 769 2586 Leontio
800 2535 1164 2601 permquatori
1191 2533 1388 2589 Nicaeae
1414 2535 1661 2600 miserat,
1695 2547 1753 2590 ut
1786 2539 1929 2594 illius

343 2637 512 2691 opera
546 2622 806 2677 darentur
851 2621 1146 2693 Sophrouii
1188 2626 1380 2680 domus
1409 2629 1769 2695 procuratori,
1802 2644 1927 2684 eas-

343 2728 456 2783 que
505 2714 595 2769 ille
645 2716 712 2769 ad
757 2715 1052 2770 Eusebium
1102 2717 1455 2786 perferendas
1489 2732 1727 2777 curaret.
1770 2721 1925 2777 Unde

344 2806 655 2873 suspicatur
694 2805 924 2861 Basilius
968 2806 1045 2879 (a)
1098 2809 1327 2877 alicujus
1373 2826 1581 2876 eorum,
1616 2814 1813 2883 quibus
1845 2815 1927 2869 hae

345 2896 547 2951 littera:
584 2899 889 2961 traduntur,
921 2910 1017 2953 aut
1047 2902 1275 2972 negotiis
1325 2909 1419 2954 aut
1465 2905 1694 2972 segnitie
1729 2904 1845 2959 ﬁeri
1871 2916 1928 2960 ut

344 3003 460 3042 non
487 2990 801 3044 reddantur.
836 2990 946 3044 Cur
973 3001 1151 3045 autem
1200 2993 1433 3062 aliquem
1464 3008 1531 3048 ex
1561 2995 1775 3050 clericis
1819 3014 1924 3051 non

2032 1887 2281 1942 absurdis
2307 1886 2441 1940 votis
2472 1886 2550 1956 (d)
2580 1895 2633 1940 et
2654 1886 2773 1941 aliis
2795 1885 3087 1955 ejusmodi;
3117 1886 3209 1939 sed
3236 1886 3396 1939 etiam
3422 1886 3607 1943 multa,

2032 1995 2151 2049 qua:
2196 1983 2247 2034 in
2289 1981 2463 2047 prima
2509 1988 2709 2035 statuta
2752 1980 2995 2044 fuerant,
3041 1979 3247 2034 clarius
3303 1989 3356 2034 et
3394 1978 3612 2033 uberius

2035 2070 2398 2141 explanantur
2425 2072 2476 2123 in
2504 2072 2761 2133 secunda,
2796 2077 2853 2122 ut
2892 2070 2957 2122 de
2999 2069 3161 2138 lapsis
3193 2068 3494 2137 virginibus
3516 2066 3608 2138 (e),

2034 2164 2099 2217 de
2126 2163 2391 2231 baptismo
2415 2163 2790 2216 hmreticorum
2835 2161 2901 2230 ff)
2932 2170 2986 2213 et
3028 2159 3270 2229 pluribus
3310 2160 3451 2213 aliis.
3530 2160 3605 2212 Ex

2032 2255 2226 2323 quibus
2268 2262 2415 2321 patet
2454 2252 2930 2321 Amphilochium,
2971 2253 3107 2305 lecta
3160 2251 3342 2322 priore
3384 2251 3607 2320 epistola

2036 2348 2319 2407 canonica,
2356 2359 2525 2397 novas
2560 2344 2889 2411 quaestiones
2924 2343 3123 2397 Basilio
3159 2342 3525 2413 proposuisse,
3557 2352 3611 2395 et

2035 2438 2098 2490 de
2126 2437 2437 2506 praeteritis,
2477 2436 2604 2504 quid
2639 2436 2857 2488 dubium
2882 2445 2974 2489 aut
3009 2436 3301 2489 obscurum
3337 2433 3437 2489 sibi
3470 2435 3610 2487 vide-

2031 2534 2183 2579 retur
2226 2524 2585 2593 signiﬁcasse.
2624 2524 2679 2577 Id
2726 2524 2992 2593 praecipue
3031 2524 3307 2578 observari
3343 2532 3516 2591 potest
3554 2524 3607 2576 iu

2031 2633 2239 2672 canone
2269 2618 2336 2671 47
2386 2618 2451 2672 de
2489 2618 2762 2684 baptismo
2802 2616 3216 2681 haereticorum,
3249 2615 3339 2669 ubi
3382 2615 3609 2670 Basilius

2032 2712 2172 2765 idem
2215 2711 2281 2764 de
2327 2709 2623 2763 Eucratitis
2644 2751 2658 2774 ,
2717 2707 3078 2776 Saccophoris
3104 2717 3158 2762 et
3184 2708 3506 2777 Apotactitis
3532 2707 3609 2760 fe-

2030 2804 2254 2858 rendum
2279 2818 2399 2858 esse
2422 2803 2685 2871 judicium
2713 2811 2892 2873 negat,
2929 2815 2992 2855 ac
3023 2802 3089 2855 de
3110 2801 3425 2855 Novatianis
3451 2815 3464 2851 :
3500 2816 3605 2853 nou

2030 2896 2191 2949 aliam
2250 2910 2380 2950 sane
2431 2897 2501 2950 ob
2544 2910 2788 2960 causam,
2848 2896 2949 2950 nisi
3012 2895 3138 2965 quia
3198 2895 3609 2965 Amphilochius

2029 2990 2435 3061 signiﬁcaverat
2462 2990 2751 3043 discrimen
2790 2988 2929 3042 inter
2966 2988 3063 3041 has
3086 2998 3264 3041 sectas
3296 2987 3395 3041 sibi
3430 2990 3608 3040 minus

348 3078 585 3143 miserit,
607 3089 833 3134 excusat
863 3081 1268 3137 acerbissimam
1296 3084 1552 3149 hiemem,
1588 3102 1708 3156 qua;
1737 3102 1924 3143 omnes
1951 3132 1994 3188 Ο
2032 3082 2268 3151 probari.
2312 3080 2467 3136 Unde
2496 3079 2730 3134 Basilius
2774 3096 2787 3131 :
2836 3079 2989 3144 Quod
3024 3080 3071 3133 si
3104 3079 3245 3147 apud
3275 3094 3387 3143 vos,
3410 3077 3607 3146 inquit,

344 3167 468 3221 vias
494 3184 667 3234 usque
695 3170 762 3223 ad
792 3168 1002 3223 Pascha
1026 3170 1438 3239 intercluserat;
1475 3185 1585 3229 tum
1623 3178 1786 3231 etiam
1818 3178 1926 3231 cle-

348 3259 590 3314 ricorum
618 3276 841 3316 suorum
878 3263 1118 3317 alienum
1163 3279 1194 3319 a
1246 3268 1774 3336 peregrinationibus
1803 3272 1923 3325 ani-

351 3363 523 3413 mum,
567 3363 632 3403 eo
658 3353 803 3418 quod
832 3365 898 3405 ex
942 3354 1265 3410 sedentariis
1290 3357 1499 3413 artibus
1528 3360 1728 3413 victum
1773 3375 1925 3414 com-

349 3451 561 3507 parent.
603 3439 761 3497 Unde
793 3445 957 3498 etiam
1004 3460 1132 3500 rure
1177 3458 1397 3503 coactus
1426 3448 1601 3504 fuerat
1622 3466 1922 3520 accersere,

348 3533 446 3601 qui
495 3534 636 3589 hanc
681 3535 963 3604 epistolam
1002 3539 1289 3607 perferret.
1338 3541 1631 3597 Eusebium
1669 3544 1922 3598 lectorem

345 3622 440 3675 diu
464 3624 605 3691 apud
634 3639 695 3677 se
731 3626 1030 3681 retinuerat
1060 3628 1321 3699 Basilius,
1350 3647 1531 3688 aerem
1570 3644 1923 3703 temperatum

347 3726 722 3783 exspectans:
766 3718 981 3773 tandem
1025 3719 1254 3787 dimisit,
1304 3737 1412 3775 non
1463 3724 1582 3778 sine
1637 3735 1806 3790 metu,
1857 3741 1925 3780 ne

348 3806 452 3860 iter
474 3806 707 3862 inﬁrma:
734 3808 1027 3864 valetudini
1064 3822 1304 3866 noceret.
1337 3812 1601 3870 Nonnulla
1628 3817 1680 3869 in
1707 3816 1925 3873 Oriente

350 3906 543 3951 novata
577 3898 819 3962 fuerant,
860 3901 951 3953 sed
990 3915 1111 3954 cum
1139 3917 1199 3955 ea
1234 3902 1433 3957 fratres
1468 3903 1698 3959 Eusebio
1740 3922 1928 3959 narra-

348 3998 498 4041 turos
526 3988 719 4052 sciret,
759 3989 1060 4045 scribendis
1102 3994 1421 4061 supersedit.
1452 3994 1528 4048 Ita
1559 3999 1745 4050 morbo
1768 3997 1924 4051 debi-

344 4078 554 4134 litatum
616 4095 677 4134 se
706 4096 825 4137 esse
872 4083 1024 4146 dicit,
1075 4093 1132 4137 ut
1164 4100 1223 4138 se
1257 4102 1579 4141 aerumnosa:
1618 4088 1775 4155 hujus
1808 4091 1927 4142 vita:

346 4181 558 4239 tempus
592 4175 845 4241 exegisse
871 4176 1140 4229 crederet.
1181 4176 1321 4242 Quid
1378 4186 1555 4232 autem
1608 4179 1659 4232 in
1707 4178 1926 4234 Oriente

345 4264 466 4315 novi
524 4266 792 4329 evenerit,
825 4280 929 4319 non
984 4267 1143 4322 facile
1168 4278 1251 4323 est
1292 4270 1529 4339 assequi.
1558 4269 1722 4326 Forte
1749 4271 1925 4340 loqui-

346 4364 431 4407 tur
461 4356 698 4412 Basilius
739 4359 804 4412 de
826 4358 1085 4413 Ecclesiae
1114 4361 1466 4417 Antiochena:
1493 4366 1926 4433 perturbatione,

348 4460 466 4514 qua:
499 4448 663 4517 paulo
702 4458 825 4502 ante
864 4449 1027 4519 hujus
1061 4452 1302 4520 epistolae
1337 4465 1545 4524 tempus
1578 4466 1727 4510 tanta
1755 4458 1925 4511 exsti-

347 4540 430 4605 tit,
461 4552 518 4594 ut
564 4542 866 4611 presbyteri
925 4546 1165 4600 nonnulli
1205 4546 1392 4614 jurare
1435 4551 1609 4604 coacti
1638 4551 1745 4604 sint
1781 4568 1924 4605 nun-

342 4646 503 4699 quam
548 4647 611 4685 se
664 4635 880 4701 publice
926 4638 1226 4693 Antiochiae
1272 4641 1581 4696 sacerdotio
1619 4641 1919 4702 iuncturos.

346 4720 463 4775 Vid.
494 4724 659 4791 epist.
693 4725 818 4790 199,
852 4742 973 4781 can.
1025 4728 1111 4782 17.
1150 4728 1310 4783 Forte
1340 4730 1502 4784 etiam
1545 4731 1723 4786 Basilii
1758 4734 1922 4788 verba

341 4814 409 4867 de
439 4816 603 4868 rebus
638 4817 1106 4873 Samosatcusibus
1135 4823 1304 4890 accipi
1342 4821 1556 4875 debent.
1579 4821 1713 4876 Nam
1744 4824 1922 4879 Euno-

344 4906 505 4969 mius,
535 4909 626 4974 qui
662 4909 712 4961 in
750 4908 922 4963 locum
958 4912 1128 4965 sancti
1169 4909 1389 4965 Eusebii
1441 4913 1680 4966 intrusus
1726 4912 1920 4978 fuerat,

344 5011 449 5049 non
477 4999 567 5051 diu
595 5002 816 5056 videtur
861 5005 961 5059 hac
1009 5006 1062 5059 in
1098 5008 1230 5061 urbe
1275 5004 1559 5061 mansisse.
1606 5004 1738 5058 Cum
1774 5006 1920 5058 enim

343 5089 572 5144 invisum
617 5110 675 5147 se
701 5096 954 5150 omnibus
1003 5112 1125 5151 esse
1167 5096 1660 5161 animadvertisset,
1691 5095 1923 5149 libenter

340 5178 603 5237 abscessit
657 5194 761 5237 :at
808 5186 925 5251 ejus
965 5187 1083 5241 loco
1118 5186 1347 5242 Lucium
1393 5186 1579 5239 A-riani
1644 5186 1918 5239 hominem

340 5272 493 5343 longe
520 5277 847 5331 deteriorem
881 5280 1288 5333 ordinaverunt.

404 5366 494 5421 IV.
519 5368 707 5423 Missae
746 5370 914 5423 etiam
954 5370 1334 5441 Amphilocbio
1366 5369 1522 5441 paulo
1556 5378 1677 5441 post
1703 5368 1916 5424 Pascha

397 5574 474 5730 En)
514 5574 618 5656 Ep.
660 5586 782 5641 198.

413 5664 470 5728 “bl
510 5659 646 5730 C‘m-
676 5658 770 5730 Ψ·

510 5659 646 5712 Cttn.

397 5727 466 5802 (ς)
507 5729 646 5783 can.
683 5727 779 5780 27.

2027 3175 2291 3246 prohibita
2328 3185 2405 3229 est
2426 3174 2765 3242 rebaptizatio
2794 3174 2929 3225 sicut
2960 3171 3099 3237 apud
3120 3169 3605 3233 Romanos,uostra

2026 3279 2201 3322 tamen
2254 3269 2391 3321 ratio
2456 3268 2559 3320 vim
2615 3266 2864 3318 obtineat.
2934 3258 3153 3330 Decepit
3202 3260 3605 3315 Tillemontium

2028 3363 2131 3416 hoc
2165 3360 2406 3430 epistolae
2450 3358 2701 3412 secundae
2743 3357 3019 3410 canonica:
3067 3352 3391 3422 prooemium
3430 3348 3607 3405 :Cum

2026 3454 2227 3525 pridem
2255 3453 2323 3505 ad
2343 3452 2637 3521 propositas
2674 3448 2818 3501 nobis
2856 3464 2888 3499 a
2923 3458 3016 3500 tua
3064 3447 3255 3511 pietate
3292 3444 3605 3512 quwstionas

2028 3546 2436 3617 respondissem,
2489 3558 2592 3595 non
2642 3542 2762 3594 misi
2810 3540 3103 3602 scriptum,
3149 3538 3342 3605 partim
3397 3536 3606 3605 quidem

2028 3641 2182 3709 longo
2235 3648 2282 3692 et
2330 3636 2628 3704 periculoso
2691 3633 2870 3686 morbo
2922 3633 3181 3694 detentus,
3244 3630 3437 3698 partim
3488 3644 3608 3682 vero

2026 3743 2234 3802 propter
2273 3729 2548 3799 penuriam
2598 3726 2984 3779 ministrorum.
3043 3722 3167 3776 llmc
3215 3721 3301 3791 vjr
3325 3721 3513 3775 doctus
3540 3720 3608 3773 de

2029 3824 2218 3895 primis
2245 3821 2544 3877 cauonibus
2569 3819 2715 3872 dicta
2750 3813 3116 3877 existimavit,
3143 3810 3393 3881 quamvis
3428 3810 3494 3863 de
3518 3823 3608 3863 se-

2029 3918 2203 3972 cunda
2226 3913 2452 3984 epistola
2478 3908 2737 3965 canonica
2761 3906 2903 3961 dicta
2930 3906 3062 3969 sint,
3099 3902 3185 3957 cui
3204 3901 3316 3971 jam
3347 3898 3607 3953 absolutae

2027 4005 2281 4068 Basilius,
2308 4013 2365 4056 ut
2395 3999 2753 4067 scriptoribus
2802 4011 2911 4049 non
2941 3992 3215 4048 insolitum
3258 4000 3381 4054 est,
3407 3988 3596 4057 praefa-

2034 4100 2232 4152 tionem
2273 4093 2598 4164 apponebat.
2625 4090 2750 4144 Haec
2793 4087 2938 4143 enim
2987 4082 3222 4138 secunda
3249 4080 3475 4150 epistola
3516 4094 3607 4131 ca-

2033 4188 2229 4243 nonica
2282 4185 2443 4241 simul
2480 4198 2603 4238 cum
2650 4181 3020 4235 ducentesima
3064 4173 3289 4247 epistola
3324 4174 3488 4225 missa
3523 4182 3606 4225 est

2029 4296 2123 4351 per
2152 4278 2460 4339 Meletium,
2498 4275 2589 4343 qui
2622 4273 2978 4343 proﬁciscens
3024 4274 3310 4323 monuerat
3350 4265 3605 4319 Basiliuui

2030 4372 2241 4441 copiam
2299 4382 2419 4424 esse
2477 4365 2745 4421 salutandi
2804 4360 3194 4431 Amphilochii.
3258 4358 3316 4412 ln
3382 4356 3608 4411 exordio

1958 4490 2002 4544 ι)
2032 4457 2313 4523 utriusque
2344 4450 2584 4521 epistolae
2615 4449 2834 4503 easdem
2868 4446 3027 4501 affert
3060 4445 3318 4508 rationes,
3355 4456 3452 4494 cur
3489 4449 3608 4491 tau-

2035 4546 2123 4601 diu
2149 4542 2378 4599 siluerit.
2425 4544 2496 4595 At
2533 4540 2654 4593 duae
2688 4538 2793 4591 illa:
2837 4534 3079 4605 epistolae
3124 4532 3283 4587 simul
3326 4532 3463 4584 mitti
3499 4546 3604 4581 nun

2033 4645 2346 4707 potuerunt,
2374 4635 2501 4703 quin
2538 4630 2797 4686 canonica
2833 4628 3000 4681 multo
3041 4635 3165 4679 ante
3203 4625 3445 4676 absoluta
3492 4619 3607 4673 fuc-

2033 4732 2123 4784 rit.
2152 4730 2287 4785 Cum
2320 4730 2464 4781 enim
2521 4725 2709 4778 inutile
2756 4723 2944 4775 fuisset
2975 4721 3110 4772 duas
3159 4714 3317 4770 simul
3362 4713 3428 4766 ad
3458 4727 3607 4775 eum-

2033 4820 2153 4873 dem
2200 4816 2457 4886 epistolas
2488 4816 2761 4879 scribere,
2810 4821 2922 4865 tum
2960 4825 3087 4861 vero
3128 4803 3483 4874 improbabile
3526 4813 3609 4857 est

2031 4908 2286 4963 Basilium
2347 4908 2505 4960 unius
2558 4916 2651 4959 aut
2706 4904 2929 4958 alterius
2956 4900 3063 4953 diei
3096 4898 3271 4966 Spatio
3302 4896 3523 4965 triginta
3552 4905 3608 4947 et

2033 5001 2263 5069 amplius
2291 5013 2526 5053 canones
2549 4997 2875 5056 condidisse,
2911 4989 3379 5060 cum.pr-.csertim
3425 4986 3607 5039 decla-

2031 5095 2190 5149 retin
2222 5091 2485 5161 prooemio
2515 5088 2786 5142 canonica:
2814 5086 3021 5151 primm,
3054 5092 3300 5137 coactum
3349 5096 3407 5134 se
3441 5078 3607 5132 fuisw

2028 5185 2317 5255 diligenter
2347 5181 2649 5243 attendere,
2689 5190 2746 5231 et
2773 5179 2817 5231 si
2844 5176 2969 5246 quid
3006 5191 3037 5230 a
3076 5174 3381 5230 senioribus
3405 5171 3609 5223 audiis-

2029 5283 2134 5338 set,
2161 5271 2455 5336 recordari,
2493 5280 2547 5323 et
2590 5276 2817 5338 cognata
2859 5267 2925 5320 iis
2960 5281 3080 5335 quae
3106 5265 3390 5326 didicerat,
3424 5276 3518 5331 per
3544 5275 3606 5313 se

2031 5367 2142 5435 ipse
2166 5362 2495 5417 ratiocinari.
2534 5360 2648 5415 Non
2679 5357 2993 5431 ,verisimile
3023 5367 3107 5414 est
3136 5355 3389 5411 Basilium
3432 5355 3483 5408 in
3516 5368 3606 5406 sc-

2100 5574 2177 5643 (ἅ)
2208 5575 2338 5627 Can.
2372 5563 2439 5628 8.,

2098 5649 2167 5714 (ε)
2205 5645 2337 5714 Cati.
2369 5644 2437 5695 18

2096 5713 2160 5786 (Ι)
2200 5713 2332 5770 Cati.
2365 5715 2433 5767 97
