4040 6216
454 332 596 374 eux

1814 310 2326 368 PROLEGOMENA
2337 356 2349 368 .

445 433 618 487 cunda
641 430 894 484 canonica
911 428 1140 497 epistola
1163 428 1473 482 adornanda
1498 426 1802 496 segniorem
1833 426 2019 483 fuisse.
2053 436 2098 490 Α
2126 430 2468 485 consuluerat
2517 434 2658 484 anno
2724 427 2970 499 proxime
3019 425 3202 494 elapso
3259 423 3690 495 Amphilochius,

446 520 770 576 Iamdudum
816 534 944 588 ergo
980 517 1182 572 conditi
1228 531 1465 571 canones
1515 525 1644 570 ante
1673 516 1909 571 oblatam
1946 518 2026 570 fa-

445 611 699 666 cultatem
753 610 970 675 Meletii,
1021 625 1083 664 ac
1119 607 1362 678 praefatio
1393 617 1513 678 post
1557 607 1861 662 absolutum
1890 623 2026 677 opus

445 703 648 756 addita.
695 701 962 756 Similiter
1011 702 1220 756 duabus
1269 701 1389 755 aliis
1448 699 1693 769 epistolis
1744 701 2024 755 canonicis

443 791 708 859 praelatio,
739 801 1016 859 postquam
1049 791 1307 845 absolutae
1337 789 1586 854 fuerunt,
1618 790 1857 859 apposita
1899 789 2021 846 fuit.

441 883 573 936 Nam
608 899 730 936 cum
765 885 841 936 ait
869 883 1103 938 Basilius
1137 882 1190 936 in
1234 882 1420 951 primm
1465 881 1757 951 prooemio,
1791 881 2024 949 pruden-

443 974 632 1028 tiorem
665 975 862 1028 factum
895 990 953 1029 se
980 989 1118 1040 esse,
1152 983 1207 1028 et
1237 973 1401 1027 multa
1427 988 1543 1041 qua:
1573 972 1857 1041 ignorabat
1881 973 2020 1026 didi-

439 1063 600 1127 cisse,
632 1077 695 1116 ac
722 1073 968 1117 coactum
1003 1063 1169 1117 fuisse
1201 1062 1488 1133 diligenter
1518 1062 1831 1126 attendere,
1877 1071 1932 1116 et
1975 1061 2019 1116 si

436 1154 564 1223 quid
599 1155 845 1209 audierat
893 1171 922 1209 a
976 1155 1317 1217 senioribus.
1363 1155 1619 1208 recordar
1653 1174 1680 1222 ιη
1708 1164 1762 1210 et
1792 1164 2018 1224 cognata

437 1245 502 1299 iis
530 1262 648 1316 qua:
691 1248 968 1311 audierat,
1001 1262 1097 1315 per
1131 1261 1187 1300 se
1222 1247 1337 1314 ipse
1370 1245 1720 1311 ratiocinari;
1753 1261 1896 1306 cum,
1938 1245 2018 1297 in-

435 1353 622 1406 quam,
653 1339 769 1391 ιιωο
798 1339 950 1403 dicit,
981 1338 1264 1391 manifeste
1296 1337 1536 1390 declarat
1570 1351 1628 1390 se
1652 1336 1809 1404 hujus
1836 1336 2018 1404 operis

435 1429 621 1483 labore
645 1428 954 1483 defunctum
985 1444 1126 1483 esse.
1157 1429 1350 1483 Tertia:
1377 1427 1620 1496 epistola:
1645 1428 2013 1496 praefationem

436 1521 652 1589 scripsit
677 1519 930 1585 Basilius,
981 1536 1101 1574 cum
1154 1519 1396 1573 redeunti
1445 1535 1510 1572 ex
1556 1519 1780 1573 Pontico
1821 1520 2015 1574 itinere

436 1617 614 1669 allata:
643 1625 767 1669 sunt
798 1616 988 1669 litterae
1011 1613 1396 1682 Amphilochii,
1435 1611 1630 1680 quibus
1670 1611 1810 1665 nulla
1848 1612 2014 1664 inter-

432 1707 606 1775 posita
639 1722 786 1760 mora
821 1706 1122 1775 respondit;
1167 1719 1230 1758 ac
1258 1703 1482 1772 proinde
1515 1704 1744 1772 spatium
1776 1719 1882 1756 non
1918 1703 2011 1756 ha-

2128 539 2236 592 qua
2305 522 2644 590 potissimum
2695 523 2780 574 via
2822 519 3118 575 remedium
3171 519 3297 572 huic
3329 517 3469 572 malo
3509 518 3692 573 feren-

2128 616 2255 669 dum
2286 623 2462 681 esset;
2497 615 2590 670 sed
2618 615 2721 668 hoc
2773 617 2914 668 anno
2962 627 3076 666 rem
3123 611 3344 664 minime
3373 609 3696 679 protrahen-

2129 705 2252 757 dum
2317 716 2466 759 ratus
2501 719 2623 758 cum
2680 703 2950 773 episc0pis
3003 702 3306 758 deliberare
3363 707 3574 764 statuit,
3630 714 3693 753 ac

2124 793 2380 848 Basilium
2437 796 2503 848 ad
2557 795 2848 849 concilium
2905 809 3062 848 suum
3127 792 3432 846 advocavit.
3492 791 3695 844 Pmter

2125 887 2451 940 desiderium
2485 887 2702 940 videndi
2740 885 3124 955 Amphilochii,
3181 895 3286 938 tam
3329 883 3527 939 eximia
3559 897 3691 936 con«

2124 976 2372 1031 veniendi
2423 992 2586 1032 causa
2633 976 2894 1032 Basilium
2950 976 3022 1049 (c)
3071 974 3393 1029 exacuebat.
3427 974 3532 1027 Sed
3563 987 3689 1027 eum

2122 1069 2327 1123 moveri
2359 1084 2466 1123 non
2525 1069 2780 1123 sinebant
2807 1068 2982 1122 morbi
3019 1067 3282 1136 reliquiae.
3335 1065 3514 1134 Nuper
3544 1063 3690 1118 enim

2121 1175 2280 1214 curru
2317 1160 2384 1214 ad
2424 1169 2694 1230 martyres
2734 1174 2904 1228 usque
2928 1169 3136 1222 vectus,
3187 1172 3325 1225 pene
3360 1157 3410 1209 in
3443 1156 3694 1208 eumdem

2119 1261 2317 1306 statum
2353 1251 2597 1320 relapsus
2625 1251 2827 1305 fuerat.
2856 1250 3028 1320 Rogat
3056 1249 3238 1316 itaque
3263 1255 3320 1301 ut
3349 1262 3455 1310 res,
3487 1246 3534 1300 si
3573 1245 3693 1298 fieri

2119 1344 2310 1411 possit,
2345 1343 2397 1396 in
2427 1358 2626 1412 paucos
2660 1343 2776 1398 dies
2813 1342 3116 1407 differatur,
3163 1354 3336 1410 seque
3366 1339 3686 1393 adfuturum

2119 1435 2400 1502 promittit.
2438 1434 2532 1489 Sin
2567 1445 2744 1491 autem
2795 1435 3252 1506 urgent.negotia
3280 1473 3295 1498 ,
3339 1433 3583 1486 hortatur
3635 1419 3695 1482 ut

2117 1533 2376 1593 peragant
2398 1539 2516 1594 quat
2545 1525 2596 1579 in
2627 1525 2876 1580 manibus
2906 1534 3052 1593 sunt,
3080 1538 3247 1594 seque
3274 1535 3528 1591 tanquam
3553 1537 3695 1589 pra:-

2116 1627 2322 1672 sentem
2352 1631 2564 1682 eorum,
2608 1632 2729 1686 quae
2761 1617 3021 1687 praeclare
3057 1625 3337 1685 gerentur,
3368 1613 3690 1684 participem

2117 1719 2418 1765 numerent.
2684 1713 2688 1720 ’

435 1800 638 1853 buisset
685 1799 1086 1853 condendorum
1134 1803 1423 1859 canonum,
1458 1795 1558 1850 nisi
1597 1805 1751 1848 antea
1784 1793 2012 1847 absoluti
2049 1775 2088 1828 Β
2187 1803 2302 1856 Non
2360 1804 2578 1858 dubium
2611 1813 2694 1860 est
2725 1802 2855 1873 quin
2901 1812 3248 1873 exspectatus
3301 1799 3462 1854 fuerit
3499 1794 3690 1852 Basilii

433 1889 681 1944 fuissent.

503 1982 698 2036 Narrat
729 1982 959 2036 Basilius
995 1982 1071 2051 (ιι)
1099 1981 1149 2035 in
1186 1982 1410 2050 cpistola
1440 1980 1704 2035 canonica
1737 1980 2005 2045 secunda,

439 2071 748 2127 consultum
787 2087 844 2126 se
877 2071 1047 2125 fuisse
1074 2086 1102 2123 a
1149 2070 1479 2141 presbyteris
1509 2070 1887 2133 Antiochenis,
1919 2071 2009 2138 qui

447 2179 630 2217 coram
675 2161 873 2216 inlideli
917 2165 1034 2216 viro
1068 2162 1241 2216 coacti
1279 2160 1702 2228 fuerantjurare
1739 2176 2009 2226 nunquam

443 2269 502 2308 se
528 2252 828 2306 Antiochiae
856 2251 1159 2306 sacerdotio
1199 2250 1612 2318 perfuncturus;
1635 2266 1799 2319 seque
1821 2262 2009 2304 aut-to-

431 2361 546 2400 rem
575 2346 654 2398 eis
689 2343 877 2408 fuisse,
931 2352 992 2397 ut
1036 2357 1066 2395 a
1103 2341 1330 2412 publicis
1380 2343 1599 2409 quidem
1655 2343 2010 2396 conventibus

434 2436 796 2500 abstinerent,
829 2434 1083 2504 privatim
1121 2442 1302 2487 autem
1363 2433 1552 2486 munia
1611 2433 1827 2487 obirent
1888 2451 2009 2502 prc-

432 2530 797 2599 sbyterorum.
833 2528 967 2583 Cum
1007 2536 1188 2580 autem
1229 2540 1367 2580 unus
1408 2541 1474 2580 ex
1510 2527 1635 2591 illis,
1687 2527 1885 2580 Bianor
1914 2542 2007 2579 no-

433 2621 603 2686 mine,
659 2619 852 2686 Iconii,
907 2618 1196 2673 Antiochia
1231 2617 1446 2682 relicta,
1475 2617 1805 2671 domicilium
1851 2632 2006 2670 suum

429 2713 840 2777 constituisset,
903 2720 1089 2765 censet
1147 2709 1380 2763 Basilius
1425 2723 1550 2763 eum
1605 2711 1705 2762 hac
1755 2709 1870 2776 lege
1901 2725 2005 2762 non

431 2805 628 2871 teneri,
658 2813 712 2858 et
740 2803 959 2872 publice
991 2801 1298 2858 sacerdOIio
1335 2798 1585 2871 perfungi
1622 2816 1817 2870 posse;
1847 2800 2006 2853 modo

431 2907 611 2950 tamen
658 2895 1040 2966 pcenitentiam
1102 2905 1228 2964 agat
1257 2895 1325 2948 ob
1354 2892 1570 2947 facilem
1605 2901 1657 2948 et
1699 2902 2004 2962 promptum

428 2991 493 3044 ad
515 2989 891 3058 jusjurandum
931 2987 1192 3040 animum.

2115 1896 2396 1950 adventus.
2422 1895 2553 1949 Nam
2601 1911 2661 1950 se
2686 1895 2739 1948 in
2768 1893 3022 1949 Pisidiam
3058 1895 3273 1948 venisse
3309 1901 3536 1946 testatur
3581 1890 3686 1958 (Δ),

2117 1998 2317 2042 utcum
2340 1987 2615 2057 episcopis
2653 1988 2798 2043 illius
2841 1988 3080 2058 regionis
3103 2002 3188 2051 ea,
3223 2001 3343 2054 qua:
3371 1984 3438 2038 ad
3485 1981 3691 2035 fratres

2114 2077 2335 2132 Isauria;
2366 2089 2641 2146 spectant,
2669 2088 3038 2147 componeret.
3070 2076 3204 2132 Cum
3247 2085 3426 2129 autem
3461 2073 3589 2127 huic
3615 2072 3688 2125 de

2115 2171 2238 2224 resti
2253 2171 2466 2224 tuendis
2499 2171 2900 2239 episcopalibus
2929 2168 3302 2223 deliberationi
3333 2166 3514 2220 multa:
3543 2163 3691 2216 ines-

2112 2272 2231 2314 sent
2282 2259 2654 2324 diﬂicultutes,
2706 2262 2918 2315 videtur
2975 2277 3037 2315 ea
3101 2261 3298 2313 vicisse
3362 2256 3630 2312 sententia
3662 2291 3682 2318 ,

2113 2368 2272 2421 quam
2303 2367 2447 2406 anno
2477 2355 2762 2420 superiore
2807 2362 3165 2424 preposuerat
3192 2349 3446 2414 Basilius,
3483 2358 3542 2401 ut
3570 2364 3690 2400 Ina-

2112 2462 2232 2517 gnte
2261 2445 2469 2499 civitati
2531 2447 2768 2514 primum
2827 2445 3113 2514 episcopus
3158 2444 3412 2504 daretur;
3477 2452 3689 2506 suoque

2113 2536 2189 2589 illi
2230 2535 2434 2590 circulo
2463 2536 2907 2606 circumscripto,
2954 2534 3077 2603 quia
3129 2531 3340 2584 vicinos
3395 2525 3690 2582 nonnullos

2110 2630 2417 2694 ordinabat,
2443 2628 2702 2698 deinceps
2728 2622 3364 2696 penestAmphilochium
3393 2618 3484 2689 jus
3539 2626 3690 2672 esset

2110 2732 2162 2775 ct
2190 2721 2474 2776 arbitrium
2517 2721 2895 2790 episc0porum
2947 2719 3002 2772 in
3045 2717 3168 2771 aliis
3193 2713 3506 2769 civitatibus
3553 2725 3687 2764 con-

2111 2813 2530 2868 stituendorum.
2554 2811 2610 2866 Id
2642 2811 2944 2882 colligimus
2979 2825 3047 2863 ex
3079 2808 3234 2862 initio
3271 2803 3512 2876 epistolae
3547 2800 3684 2869 2H,

2109 2923 2228 2973 quae
2256 2916 2339 2961 est
2365 2907 2626 2962 canonica
2665 2906 2851 2968 tertia,
2885 2904 2975 2958 ubi
2997 2902 3231 2958 Basilius
3265 2908 3456 2953 auctor
3477 2904 3585 2960 est,
3614 2905 3680 2948 ut

2109 2999 2302 3066 aliquis
2335 3014 2397 3052 ex
2428 3001 2714 3070 neophytis
2747 2997 3030 3053 ordinetur
3065 2995 3375 3063 episcopus,
3419 2989 3533 3044 sive
3563 2987 3685 3042 Ma-

512 3080 779 3145 Meletius,
820 3079 910 3148 qui
937 3079 1033 3131 has
1084 3076 1294 3130 litteras
1327 3075 1540 3141 detulit,
1576 3075 1779 3129 milites
1815 3091 2004 3130 recens
2032 3110 2074 3164 ε
2111 3091 2341 3147 Commio
2377 3091 2446 3144 ila
2485 3092 2755 3157 videatur,
2783 3089 2898 3144 sive
2935 3103 3061 3142 non.
3113 3085 3242 3139 Era;
3269 3097 3398 3152 ergo
3425 3079 3684 3134 Macedo-

427 3170 686 3224 collectos
705 3169 1083 3236 deducebat..G
1095 3169 1366 3222 ratissima
1399 3167 1496 3220 fuit
1515 3166 1711 3220 Basilio
1732 3167 1998 3220 scribendi

429 3263 495 3314 ad
526 3260 964 3328 Amphilochium
1006 3259 1221 3313 occasio
1265 3277 1277 3313 :
1331 3260 1473 3312 hunc
1503 3269 1676 3327 rogat,
1726 3269 1783 3311 ut
1808 3258 2002 3311 invisat

429 3350 728 3405 Ecclesiam
787 3350 1202 3412 Cmsariensem,
1255 3358 1540 3417 postquam
1583 3335 1668 3400 res
1717 3347 2002 3418 Lycaonia}

428 3442 815 3510 composuerit,
861 3454 1125 3508 eamque,
1183 3443 1298 3496 sive
1331 3456 1390 3495 se
1427 3442 1568 3505 vivo,
1606 3441 1720 3495 sive
1753 3451 1998 3504 mortuo,

426 3537 486 3581 ut
515 3529 787 3598 propriam
823 3538 995 3582 curet.
1036 3529 1393 3583 Commendat
1440 3530 1490 3583 ei
1546 3529 1844 3594 Melctium,
1883 3547 1999 3583 tuo-

425 3625 626 3686 netque
676 3627 736 3671 ut
790 3619 894 3671 diei
945 3618 1090 3672 festo
1138 3619 1309 3672 sancti
1340 3618 1633 3689 Eupsychii
1689 3638 1793 3673 non
1837 3621 1998 3685 desit,

425 3725 600 3778 neque
633 3720 926 3780 exspectet,
955 3713 1076 3764 dum
1109 3713 1304 3765 iterum
1343 3721 1649 3777 moneatur,
1681 3712 1789 3766 imo
1818 3713 1993 3780 ipsum

425 3801 567 3858 diem
601 3813 936 3868 antevertat,
967 3813 1025 3856 ut
1059 3817 1118 3855 se
1147 3803 1430 3856 exltilaret.

497 3898 631 3950 Cum
666 3896 778 3950 haec
816 3898 1081 3950 scriberet
1111 3896 1366 3958 Basilius,
1400 3894 1833 3963 Amphilochium
1884 3909 1984 3962 pu-

425 3989 574 4042 tabat
607 3989 807 4055 optima
841 3988 916 4040 ttti
943 3988 1271 4041 valetudine.
1309 3985 1414 4040 Sed
1437 3985 1593 4053 paqu
1621 3996 1740 4052 post
1776 3985 1997 4052 scripsit

423 4079 834 4148 Amphilochius
852 4093 909 4132 se
939 4079 991 4130 iit
1013 4081 1258 4132 morbum
1294 4077 1567 4130 incidisse.
1600 4075 1994 4130 Pet-molestum

426 4170 478 4225 id
517 4170 615 4223 fuit
640 4169 863 4233 Basilio,
918 4170 1008 4237 qui
1041 4167 1406 4236 Amphilochii
1443 4165 1660 4220 videndi
1692 4181 1886 4233 magno
1915 4177 1996 4217 te-

429 4263 657 4316 nebatur
707 4260 997 4324 desiderio,
1049 4260 1276 4328 ejusque
1329 4257 1557 4312 consilio
1597 4258 1662 4309 ad
1716 4256 1878 4309 multa
1917 4257 1989 4309 uti

425 4353 659 4406 volebat.
686 4351 790 4406 Sed
821 4351 893 4421 (b)
914 4352 962 4404 ei
995 4352 1207 4405 veniam
1246 4351 1404 4403 datet
1425 4349 1561 4417 petit
1581 4348 1838 4410 vicissim,
1868 4363 1987 4401 cum

427 4447 718 4511 utrumque
753 4444 956 4496 eaedem
987 4458 1166 4496 causa:
1208 4441 1562 4504 detinuerint,
1599 4441 1820 4494 morbus
1862 4443 1989 4493 Am-
2023 4441 2068 4496 Ι)

427 4535 781 4604 philochium,
825 4534 1081 4589 Basilium
1119 4545 1272 4590 vetus
1303 4533 1566 4603 aegritudo
1595 4548 1713 4602 qua:
1753 4534 1990 4588 nondum

423 4631 782 4683 abscesserat.

495 4721 560 4774 V.
607 4720 900 4789 Postquattt
933 4736 963 4776 e
1016 4724 1204 4774 morbo
1237 4718 1508 4775 convaluit
1566 4719 1992 4789 Amphilochius,

423 4827 608 4865 curam
647 4823 699 4865 et
735 4812 1154 4865 sollicitudinem
1185 4811 1239 4864 in
1272 4825 1328 4864 re
1358 4809 1537 4878 magni
1573 4809 1828 4862 momenti
1859 4823 1991 4862 con-

424 4903 696 4956 stituenda
753 4904 1062 4969 insumpsit.
1122 4901 1266 4954 Inter
1304 4899 1407 4952 alia
1458 4900 1858 4967 provinciarum
1915 4915 2000 4954 se-

424 4999 667 5062 gntenta,
691 5008 808 5060 qua?
843 4995 1096 5046 attributa
1129 4993 1308 5045 Iconio
1354 4990 1588 5053 fuerant,
1621 4990 1849 5058 insignis
1880 4998 1998 5043 erat

422 5085 617 5141 civitas
646 5085 882 5150 lsaurus,
911 5101 1029 5153 qlia:
1071 5084 1365 5153 provincim
1399 5084 1615 5136 Isauria:
1662 5097 1855 5135 nomen
1889 5082 1987 5135 de-

423 5177 598 5238 derat,
641 5182 696 5227 et
745 5172 867 5226 inde
922 5189 1046 5227 cum
1099 5174 1281 5227 multis
1340 5172 1463 5226 aliis
1517 5172 1728 5239 oppidis
1774 5170 1984 5234 avulsa,

416 5267 707 5338 Lycaonia:
741 5265 990 5333 adjuncta
1039 5276 1143 5319 est.
1177 5265 1445 5318 Destituta
1483 5274 1662 5316 autem
1713 5263 1984 5330 episcopis

417 5369 579 5414 erant
608 5369 718 5412 tum
752 5373 941 5426 magna
978 5357 1062 5410 illa
1094 5359 1306 5422 civitas,
1335 5367 1450 5411 tum‘
1481 5356 1584 5409 alia
1613 5355 1828 5424 Oppida,
1873 5355 1988 5408 sive

418 5449 489 5503 ab
522 5451 808 5513 hmrelieis,
846 5449 960 5504 sive
991 5451 1082 5520 _ah
1133 5450 1376 5504 hostibus
1423 5456 1664 5512 vastata;
1718 5444 1977 5500 Basilium

491 5591 568 5662 (tt)
593 5589 726 5662 (Ian.
765 5591 852 5662 I7.

516 5661 568 5727 b)
611 5661 776 5727 Epist.
800 5660 925 5711 201.

516 5661 544 5712 b
611 5661 776 5727 Epist.
800 5661 844 5710 2i

490 5661 568 5803 ie;
599 5732 693 5800 Ep.
721 5731 844 5784 202.

2107 3183 2228 3236 nius
2259 3197 2465 3250 magnae
2501 3181 2734 3236 civitatis
2782 3181 3096 3249 episcopus,
3135 3193 3199 3230 ac
3231 3172 3505 3228 metuebat
3533 3169 3690 3223 Basi-

2105 3275 2209 3328 lius
2239 3289 2304 3327 ne
2348 3273 2843 3340 isjurisdictionem
2879 3287 3030 3326 suam
3061 3269 3437 3339 episcoporum
3475 3266 3528 3319 in
3561 3263 3686 3318 aliis

2105 3365 2411 3419 civitatibus
2435 3364 2786 3418 ordinatione
2815 3365 3052 3418 coerceri
3083 3362 3302 3416 moleste
3346 3360 3531 3415 ferret.
3571 3357 3683 3412 Sed

2105 3457 2262 3524 hujus
2291 3459 2363 3511 rei
2393 3457 2794 3526 interpellandis:
2820 3456 3054 3509 ablatqu
3088 3454 3136 3508 ei
3168 3455 3256 3523 jus
3288 3453 3464 3506 fuerat
3499 3450 3684 3504 cousi-

2104 3549 2174 3603 lio
2200 3548 2402 3613 Basilii,
2438 3548 2526 3617 qui
2567 3563 2722 3602 suum
2758 3547 2832 3601 illi
2865 3545 3126 3602 circulum
3159 3545 3400 3598 voluerat
3447 3543 3684 3596 circum-

2105 3641 2290 3694 scribi.
2333 3639 2673 3694 Macedonius
2722 3654 2824 3692 non
2887 3639 2976 3692 diu
3033 3637 3272 3691 Isaurum
3321 3635 3502 3689 rexit:
3553 3648 3684 3688 nam

2105 3729 2260 3795 hujus
2301 3729 2536 3782 civitatis
2584 3729 2868 3798 episcopus
2919 3727 3153 3780 Ililarius
3189 3725 3242 3779 in
3278 3723 3504 3778 concilio
3537 3723 3685 3778 Con-

2101 3819 2585 3888 stantiuopolitano
2633 3820 2771 3874 etin
2811 3817 3160 3872 Testamento
3207 3816 3378 3871 sancti
3425 3814 3676 3886 Gregorii

2101 3910 2424 3964 Nazianzeni
2456 3921 2700 3966 vocatur.

2641 4001 2868 4058 CAPUT
2906 3999 3144 4056 XXXIII.

2097 4095 2138 4150 I.
2178 4097 2512 4150 Dazimonem
2536 4097 2800 4165 perturbat
2832 4093 3145 4148 Eustathius
3169 4103 3214 4165 et
3242 4093 3434 4145 multos
3459 4091 3676 4165 abstra-

2170 4169 2247 4218 hit
2292 4185 2322 4218 a
2363 4161 2726 4219 communione
2765 4165 2974 4224 Basilii,
3017 4165 3105 4232 qui
3135 4164 3205 4232 ηιξ
3243 4179 3328 4232 eos
3366 4163 3580 4232 scribit.
3606 4161 3674 4216 II.

2175 4236 2363 4290 Scribit
2383 4238 2539 4290 etiam
2561 4238 2628 4288 ad
2671 4233 3144 4289 Neocwsarienses.
3166 4231 3250 4286 III.
3285 4231 3484 4285 lterum
3512 4231 3675 4283 mittit

2165 4309 2219 4358 in
2254 4304 2480 4358 Pontum
2506 4316 2551 4358 et
2588 4305 2692 4374 agit
2728 4307 2790 4356 tle
2812 4320 3089 4372 congressu
3131 4319 3244 4355 cum
3274 4302 3545 4374 episc0pis.
3579 4298 3671 4374 IY.

2170 4370 2684 4429 Neocarsaricnsibits
2713 4376 2840 4427 nihil
2866 4370 3292 4439 respondentibus
3315 4373 3504 4422 iterum
3527 4370 3665 4439 scri—

2181 4446 2273 4499 bit.
2313 4446 2442 4498 Dute
2488 4445 2607 4498 alite
2639 4450 2818 4499 eadem
2853 4446 2916 4496 de
2946 4437 3004 4494 re
3028 4444 3095 4494 ad
3123 4443 3318 4494 amicos
3349 4441 3556 4492 littcrtc.
3590 4437 3656 4493 ν.

2177 4518 2298 4569 Post
2343 4515 2532 4584 festum
2572 4515 2740 4567 sancti
2776 4512 3061 4584 Eupsychii
3103 4512 3155 4584 in
3194 4509 3424 4584 Pontum
3451 4509 3668 4584 proﬁci-

2171 4579 2353 4639 scitur;
2414 4579 2490 4637 Eo
2548 4588 2777 4637 veniente
2830 4579 2898 4634 ad
2929 4579 3138 4646 '[ratris
3191 4579 3369 4639 trdes,
3422 4579 3672 4631 turbatur

2175 4654 2544 4710 Neocwsarea.
2578 4655 2771 4706 Scribit
2812 4653 2879 4704 ad
2903 4667 2988 4704 eos
3030 4660 3079 4703 et
3111 4653 3176 4702 ad
3227 4649 3542 4717 Olympium.
3582 4647 3667 4700 VI.

2173 4726 2370 4778 Basilio
2389 4726 2626 4777 redeunti
2653 4724 2930 4775 nttntiatur
2951 4721 3076 4790 quid
3103 4730 3282 4772 contra
3310 4722 3480 4784 ipsum
3503 4719 3672 4769 htcre-

2170 4800 2281 4857 tici,
2316 4795 2441 4862 quid
2465 4805 2649 4847 contra
2691 4788 3529 4862 MeletiuntPaulinusectatores
3555 4802 3669 4862 mo-

2173 4856 2390 4918 liantur.
2419 4864 2600 4916 Plures
2619 4863 2696 4916 his
2727 4862 2960 4929 ale-rebus
2980 4860 3188 4911 litterte.
3212 4856 3316 4910 VII.
3346 4857 3420 4929 De
3448 4857 3671 4929 epistola

2170 4937 2422 4988 canonica
2455 4936 2640 4994 tertia,
2684 4942 2732 4984 et
2765 4927 2985 4998 epistula
3023 4929 3127 4982 218
3169 4943 3288 4995 qutc
3325 4927 3479 4998 simul
3503 4927 3666 4977 missa

2169 5013 2266 5058 est.
2303 5003 2436 5057 VIII.
2470 5004 2682 5056 Littera:
2709 4995 3239 5060 ad'Sainosutenses,
3273 4999 3340 5048 atl
3369 4995 3667 5048 Beraeenses

2169 5087 2212 5128 et
2241 5073 2607 5127 Chalcidenses
2635 5087 2726 5139 per
2747 5070 2999 5122 Acacium
3023 5071 3214 5120 missw.

2160 5166 2200 5221 Ι.
2226 5167 2428 5220 Praeter
2457 5163 2693 5217 famosos
2727 5162 2954 5225 libellos,
2983 5161 3178 5229 quibus
3221 5156 3410 5211 Basilii
3457 5155 3658 5209 famam

2094 5259 2408 5313 Eustathius
2439 5257 2798 5320 laceraverat,
2828 5254 3058 5307 occultis
3084 5251 3246 5304 etiam
3279 5249 3424 5302 illum
3457 5249 3663 5302 machi-

2095 5352 2404 5404 nationibus
2450 5349 2642 5404 hedere
2671 5349 2986 5403 conabatur.
3017 5343 3152 5398 Nam
3184 5342 3253 5413 (ε)
3289 5343 3659 5404 Dazimonem,

2093 5457 2211 5510 quae
2237 5441 2381 5509 regio
2411 5451 2494 5494 e5t
2527 5439 2682 5494 Ponti
2706 5453 2862 5494 secus
2895 5438 3090 5494 Iridem
3138 5437 3266 5500 sita,
3305 5431 3660 5505 perturbave-

2166 5583 2245 5653 (ιι)
2277 5583 2370 5651 Ep.
2395 5581 2526 5635 eis.

2163 5653 2231 5721 (ι’)
2264 5654 2361 5723 κν.
2385 5655 2510 5706 2w.
