4040 6216
1668 250 1824 306 VlTA
1869 251 1925 305 S.
1964 251 2231 307 BASILII.

3420 268 3583 309 CXXXI

318 376 426 431 rat,
465 383 528 422 ac
559 368 761 422 multos
802 370 855 422 in
894 370 1063 423 Ponto
1107 370 1393 439 episcopos
1448 384 1475 420 a
1518 372 1901 423 communione
1931 376 1977 431 Α
2007 372 2182 427 fronte
2214 371 2539 441 prodeat(n.
2571 369 2650 439 4),
2682 383 2780 423 nec
2796 368 2907 433 jam
2942 369 3301 424 calumniator
3329 372 3431 434 sit,
3490 375 3585 427 sed

320 461 501 513 Basilii
538 463 904 514 abstraxerat.
944 461 1068 515 llmc
1095 472 1274 514 autem
1324 462 1472 513 illum
1501 476 1619 515 aStu
1653 463 1895 516 molitum

319 567 459 613 esse,
492 566 597 604 non
631 551 813 617 palam
852 561 907 603 et
953 562 1135 617 aperte
1190 560 1248 602 ut
1298 551 1352 603 in
1418 550 1644 605 famosis
1681 551 1896 613 libellis,

319 642 443 695 inde
488 642 831 710 perspicitur,
884 644 1048 711 quod,
1113 656 1230 693 cum
1281 643 1328 694 ei
1385 640 1611 696 Basilius
1661 653 1898 697 motuum

318 731 473 785 Ponti
504 734 787 800 conceptis
826 731 1009 785 verbis
1039 745 1255 783 causam
1291 732 1341 782 in
1372 732 1532 798 epist.
1572 732 1678 785 216
1722 734 1896 787 ascri-

318 824 437 886 bat,
494 825 547 876 iu
582 823 810 892 epistola
838 822 945 877 205
983 825 1215 892 postulet
1275 834 1332 876 ut
1372 835 1561 878 auctor
1602 823 1895 878 calumnia-

317 930 437 968 rum
478 930 509 970 e
544 916 769 969 latebris
821 917 873 968 in
924 926 1169 985 apertam
1219 917 1393 970 lucem
1444 916 1694 983 prodeat.
1747 915 1900 970 Basi-

318 1005 423 1059 lius
463 1006 538 1075 (a)
588 1007 792 1059 dudum
842 1007 1035 1061 avebat
1064 1024 1185 1061 cum
1231 1008 1495 1076 episcopis
1552 1007 1707 1062 Ponti
1764 1024 1897 1063 con-

319 1097 516 1164 gredi:
562 1109 615 1150 at
643 1112 765 1149 eum
818 1098 1170 1152 detinuerunt
1228 1114 1408 1153 causze
1464 1101 1707 1163 caedem,
1764 1115 1900 1168 quas

317 1202 483 1255 supra
538 1190 930 1253 recensuimus,
978 1191 1175 1254 morbi,
1211 1190 1604 1246 sollicitudines
1629 1190 1901 1245 Ecclesia-

323 1291 469 1337 rum,
515 1286 571 1329 et
616 1292 807 1345 pugnaa
833 1294 955 1332 cum
989 1279 1277 1335 haereticis.
1332 1280 1436 1335 Sed
1474 1279 1635 1349 paulo
1665 1290 1789 1350 post
1818 1295 1901 1334 re-

322 1368 583 1420 ditumex
617 1367 819 1421 Pisidia
852 1368 1135 1439 epistolam
1168 1368 1243 1439 (ὁ)
1275 1371 1497 1438 scripsit
1522 1371 1589 1425 ad
1613 1373 1898 1439 episcopos

324 1460 652 1524 maritimos,
706 1474 801 1515 eos
826 1463 1123 1529 praesertim
1163 1463 1255 1532 qui
1291 1463 1641 1518 Dazimonem
1694 1464 1898 1518 incole-

318 1551 469 1605 bant.
509 1551 903 1607 Permolestum
957 1560 1068 1607 erat
1109 1554 1303 1607 Basilio
1350 1553 1443 1625 (ε),
1502 1555 1645 1624 quod
1712 1570 1899 1611 eorum

318 1644 563 1697 charitas
617 1644 933 1714 jamdudum
981 1645 1082 1698 sibi
1124 1647 1359 1711 deesset,
1409 1662 1507 1701 nec
1562 1647 1668 1701 ulla
1720 1649 1786 1702 ab
1821 1648 1901 1702 eis

2007 474 2316 527 accusator,
2347 464 2454 516 imo
2484 477 2583 517 nec
2610 473 2919 527 accusator,
2955 464 3046 515 sed
3078 464 3244 515 frater
3285 463 3585 518 admonens

2006 557 2059 609 in
2093 555 2384 609 charitate.
2422 554 2539 607 Non
2577 563 2706 622 puto
2737 569 2858 607 cum
2901 556 2965 608 de
2994 554 3280 607 Eustathio
3311 555 3389 608 sic
3435 554 3586 608 locu-

2006 656 2183 699 turum
2216 646 2405 708 fuisse,
2434 647 2477 698 si
2527 648 2595 697 ab
2622 660 2685 697 eo
2727 646 2841 699 btec
2878 646 3057 697 omnia
3091 654 3209 697 orta
3242 658 3363 698 esse
3392 644 3587 713 depre-

2005 738 2299 791 hendisset.
2347 736 2512 791 Forte
2564 751 2693 805 ergo
2727 737 2777 789 id
2806 750 2911 789 non
2959 734 3342 804 deprehendit,
3376 736 3479 788 nisi
3517 751 3582 789 ex

2004 844 2300 897 congressu
2342 843 2465 883 cum
2504 828 2776 895 episcopis
2832 826 3014 879 Ponti.
3049 826 3209 882 Certe
3262 837 3384 895 post
3434 828 3579 880 hunc

2002 931 2350 986 congressum
2404 932 2518 971 rem
2549 925 2886 986 perspectam
2920 926 2971 970 et
3001 916 3339 984 exploratam
3372 917 3581 969 habuit.

2006 1010 2097 1063 Sic
2142 1010 2287 1063 enim
2325 1009 2566 1078 loquitur
2600 1010 2653 1063 in
2686 1009 2913 1077 epistola
2951 1008 3057 1062 216
3090 1028 3103 1061 :
3138 1009 3304 1078 Atque
3334 1010 3451 1061 inde
3492 1024 3583 1061 nos

2001 1104 2056 1157 in
2114 1100 2343 1156 Pontum
2383 1102 2587 1171 excepit
2632 1102 2981 1171 peregrinatio
3009 1145 3021 1167 ,
3075 1117 3194 1154 cum
3237 1099 3583 1153 Dasimonem

2002 1195 2129 1247 satis
2177 1194 2536 1262 perturbasset
2564 1190 2903 1256 Eustathius,
2929 1191 3228 1259 multosque
3260 1190 3369 1242 illic
3410 1190 3583 1241 addu-

2002 1286 2183 1349 xisset,
2210 1292 2264 1335 ut
2287 1300 2340 1336 se
2369 1282 2432 1335 ab
2469 1280 2706 1335 Ecclesia
2756 1292 2938 1336 nostra
2990 1280 3376 1334 abscinderent.
3409 1279 3581 1331 Mani-

2003 1373 2139 1429 festa
2174 1382 2257 1429 est
2289 1373 2446 1443 hujus
2494 1374 2790 1427 testimonii
2826 1373 3173 1427 necessitudo
3201 1387 3321 1425 cum
3354 1370 3582 1437 epistola

2004 1467 2104 1520 hac
2132 1466 2501 1519 ducentesima
2528 1464 2709 1518 tertia.
2744 1464 2899 1530 Quod
2930 1465 3074 1519 enim
3119 1464 3222 1516 iter
3282 1462 3586 1528 suscepisse

2003 1572 2061 1612 se
2092 1556 2225 1610 dicit
2260 1557 2314 1610 in
2367 1555 2594 1623 epistola
2640 1554 2769 1615 216,
2808 1555 2859 1607 id
2899 1554 2951 1607 in
2981 1552 3213 1621 epistola
3249 1551 3355 1605 205
3401 1566 3584 1604 susce-

2001 1657 2220 1714 pturum
2267 1661 2325 1700 se
2376 1646 2672 1715 promittit,
2729 1646 2773 1699 si
2832 1645 3012 1699 locum
3068 1644 3355 1713 designare
3421 1642 3585 1695 vclint

318 1734 586 1801 epistola,
645 1735 779 1788 nulli
826 1735 1009 1791 clerici
1081 1738 1344 1800 venirent,
1415 1740 1667 1807 quamvis
1718 1753 1898 1793 rerum
1933 1732 1976 1788 B
2002 1732 2157 1788 Ponti
2192 1732 2455 1802 episcopi.
2502 1732 2681 1787 Locus
2712 1747 2779 1785 ex
2810 1741 3044 1801 utraque
3080 1741 3237 1801 parte
3266 1730 3584 1796 designatus

318 1827 673 1896 Cappadocia:
702 1837 876 1883 status
917 1830 983 1882 ad
1020 1830 1133 1884 hrcc
1159 1830 1336 1886 oﬂicia
1386 1830 1702 1901 frequenter
1746 1832 1902 1885 exhi-

320 1916 515 1987 benda,
553 1932 646 1972 eos
700 1918 912 1972 hortari
966 1919 1257 1974 debuisset.
1319 1920 1454 1973 Nam
1511 1923 1778 1975 excitatos
1833 1922 1902 1977 ab

322 2009 597 2063 haereticis
645 2007 842 2063 ﬂuctus
882 1993 1241 2080 Cappadoces
1277 2012 1647 2080 excipiebant,
1702 2014 1769 2067 iis
1809 2014 1901 2082 qtii

323 2110 478 2154 retro
498 2110 657 2155 erant
680 2102 733 2154 in
767 2101 1060 2170 tranquillo
1082 2102 1419 2171 degentibus.
1452 2102 1618 2159 Forte
1642 2105 1755 2159 hch
1786 2104 1899 2173 ipsa

322 2205 487 2246 causa
516 2206 702 2245 eorum
736 2192 914 2245 studia
942 2193 1276 2247 retardabat.
1309 2193 1581 2249 Metuebat
1615 2196 1760 2249 enim
1790 2194 1902 2249 Ba-

319 2285 479 2340 silius
504 2300 592 2349 ne,
622 2287 746 2354 quia
772 2300 867 2340 eos
892 2287 1142 2340 tuebatur
1173 2284 1416 2340 locorum
1466 2287 1625 2350 situs,
1671 2287 1900 2342 aliorum

318 2376 523 2429 auxilio
557 2385 613 2430 et
657 2377 1039 2431 communione
1090 2377 1403 2431 viderentur
1439 2379 1539 2433 sibi
1600 2395 1705 2435 non
1757 2381 1898 2435 indi-

318 2482 468 2537 gere,
506 2478 561 2521 et
586 2469 788 2522 idcirco
817 2469 1064 2534 vulnera,
1098 2484 1224 2538 qua:
1247 2484 1435 2523 eorum
1462 2470 1657 2525 animis
1690 2471 1900 2525 calum-

320 2559 427 2611 niae
458 2558 719 2623 fecerant,
755 2558 1023 2615 diflicilius
1059 2569 1403 2613 sanarentur.
1448 2558 1694 2613 Dolorem
1743 2575 1899 2615 suum

317 2651 487 2704 corde
507 2649 819 2719 jamdudum
845 2653 1164 2719 premebat;
1205 2652 1435 2721 pudebat
1477 2651 1620 2705 enim
1653 2651 1902 2720 querelas

319 2756 451 2795 suas
478 2742 618 2809 apud
649 2751 888 2796 remotos
945 2746 1441 2797 counnunicatores
1495 2741 1728 2796 deferre.
1789 2742 1896 2798 Sed

323 2842 509 2885 tamen
540 2846 602 2885 ea
633 2832 698 2886 de
723 2847 781 2886 re
812 2834 892 2903 (d)
942 2849 1062 2888 cum
1101 2834 1351 2889 omnibus
1404 2832 1761 2900 Cappadocia:
1790 2834 1902 2904 epi-

320 2924 505 2992 scopis
534 2926 980 2991 communicavit,
1029 2927 1118 2994 qui
1148 2926 1196 2980 ei
1227 2934 1479 2978 auctores
1536 2924 1689 2978 fuere
1735 2933 1795 2977 ut
1838 2925 1901 2977 ad

322 3017 636 3071 maritimos
658 3018 941 3086 episcopos
972 3018 1261 3081 scriberet,
1314 3031 1378 3070 ac
1412 3015 1696 3084 epistolam
1738 3014 1899 3070 Petro

320 3108 667 3179 presbytero,
692 3082 889 3176 ipsius,
918 3117 977 3161 ut
1005 3107 1297 3161 verisimile
1320 3114 1427 3170 est,
1446 3082 1640 3169 fratri,
1682 3105 1799 3159 viro
1833 3108 1897 3159 ad
1926 3082 1968 3139 (ἶ

320 3216 414 3267 ea,
444 3213 567 3270 qua:
590 3200 812 3254 deerant
838 3198 1105 3269 epistolae,
1135 3197 1396 3267 explenda
1424 3197 1629 3252 idoneo
1652 3200 1900 3251 commit-

318 3301 485 3347 teret.

399 3381 630 3452 Scripsit
678 3380 862 3450 itaque
892 3380 960 3434 ad
997 3394 1090 3435 eos
1142 3379 1427 3450 epistolam
1479 3378 1901 3434 ducentesimam

322 3475 570 3539 tertiam,
595 3487 717 3542 quae
750 3472 1003 3527 omnibus
1033 3472 1315 3525 charitatis
1334 3480 1388 3527 et
1419 3470 1738 3525 humilitatis
1761 3471 1904 3525 notis

323 3564 558 3633 insignis
598 3571 703 3620 est.
745 3562 1007 3632 Pmponit
1063 3564 1201 3616 viam
1236 3562 1548 3631 perfacilem
1588 3572 1641 3617 et
1684 3561 1904 3630 expedi—

322 3662 437 3706 tam
459 3653 554 3723 {ad
602 3653 1032 3721 cognoscendam
1078 3652 1386 3706 veritatem.
1428 3651 1721 3705 Profitetur
1747 3666 1905 3719 para-

323 3755 439 3800 tum
463 3761 525 3800 se
559 3761 679 3800 esse
714 3760 897 3800 coram
921 3746 1001 3799 eis
1035 3744 1179 3798 illata
1217 3745 1319 3799 sibi
1376 3745 1607 3799 crimina
1666 3744 1902 3811 diluere,

325 3834 485 3887 modo
506 3836 733 3888 adversa
770 3833 948 3887 fronte
976 3834 1242 3900 prodeant
1264 3834 1355 3901 qui
1394 3833 1649 3904 injuriam
1670 3832 1898 3897 faciunt,

324 3934 387 3978 ut
413 3925 458 3979 is
485 3926 573 3993 qui
608 3924 969 3989 conviciatur,
1006 3938 1111 3976 non
1144 3922 1255 3990 jam
1301 3924 1370 3978 sit
1398 3923 1645 3981 diabolus
1684 3939 1779 3979 seu
1812 3939 1904 3978 ca-

323 4013 640 4083 lumniator,
679 4016 772 4071 sed
802 4025 1107 4079 accusator,
1138 4012 1246 4069 imo
1276 4030 1449 4085 neque
1477 4023 1783 4081 accusator,
1810 4016 1903 4070 sed

325 4106 499 4161 frater
528 4109 828 4161 admonens
858 4106 911 4160 in
965 4107 1230 4162 charitate
1261 4116 1314 4160 et
1353 4108 1419 4161 ad
1464 4106 1903 4162 emendationem

324 4214 596 4267 arguens;
636 4198 737 4267 ipsi
765 4213 894 4252 vero
924 4213 1030 4253 non
1063 4200 1429 4254 conviciorum
1461 4186 1899 4269 auditares‘sint,

326 4292 420 4345 sed
451 4300 892 4357 argumentorum
944 4291 1152 4361 judices
1183 4306 1196 4342 :
1230 4308 1391 4359 neque
1426 4308 1541 4357 nos,
1582 4292 1777 4368 inquit,
1823 4293 1904 4355 ir;-

2004 1838 2116 1877 rem
2147 1823 2455 1878 confirmat.
2490 1822 2625 1876 Nam
2674 1832 2735 1876 ut
2769 1824 2953 1876 Basilii
3000 1823 3287 1877 commodo
3334 1823 3586 1877 consule-

2004 1925 2126 1967 rent
2174 1914 2332 1967 Ponti
2374 1914 2637 1983 episcopi,
2674 1922 2733 1966 ut
2781 1914 2942 1968 modo
2974 1914 3280 1968 videbimus
3307 1954 3321 1978 ,
3383 1914 3585 1966 consli-

2004 2012 2224 2058 tuerunt
2259 2019 2381 2058 cum
2418 2019 2484 2058 eo
2534 2004 2816 2073 congredi,
2850 2005 2939 2058 ubi
2988 2005 3035 2058 is
3082 2005 3379 2073 parmciam
3431 2020 3582 2057 suam

2002 2093 2236 2147 visitans
2267 2095 2333 2148 ad
2368 2096 2503 2148 fines
2534 2095 2863 2151 Comanicos
2914 2097 3177 2151 venisset.
3237 2097 3369 2150 Erat
3400 2107 3580 2150 autem

2002 2183 2257 2239 Dazimon
2291 2184 2429 2239 infra
2460 2185 2777 2240 Cumanam.

2074 2274 2288 2345 Scripta
2339 2276 2550 2330 videtur
2620 2276 2851 2347 epistola
2906 2278 3012 2333 205
3062 2288 3182 2347 post
3238 2280 3470 2332 reditum
3516 2293 3584 2333 ex

2004 2366 2231 2422 Pisidia.
2285 2367 2421 2421 Nam
2455 2385 2577 2423 cum
2610 2370 2805 2426 Petrus
2855 2382 3040 2441 optata
3069 2388 3329 2441 responsa
3361 2374 3571 2427 retulisv

2002 2468 2105 2525 set,
2143 2460 2375 2515 Basilius
2422 2462 2615 2515 iterum
2664 2462 2935 2518 Meletium
2985 2466 3360 2534 presbyterum
3409 2467 3580 2527 misit.

2003 2566 2067 2605 ac
2098 2552 2381 2623 episcopos
2428 2556 2495 2607 ob
2536 2555 2785 2621 corporis
2840 2556 3214 2610 infirmitatem
3244 2558 3473 2627 rogavit,
3527 2566 3590 2613 ut

2007 2650 2134 2696 tunc
2159 2656 2483 2711 congressus
2514 2644 2688 2713 fieret,
2724 2661 2845 2699 cum
2896 2647 3011 2714 ipse
3060 2649 3110 2700 in
3163 2648 3296 2702 fines
3326 2650 3586 2703 Comani-

2007 2749 2121 2798 cos,
2162 2737 2459 2803 parteciam
2506 2754 2660 2791 suam
2714 2739 3006 2799 visitando,
3062 2741 3425 2808 pervenisset.
3462 2739 3577 2793 Non

2005 2841 2134 2897 ergo
2170 2828 2311 2882 aliud
2345 2829 2447 2883 iter
2478 2831 2865 2893 meditabatur,
2892 2846 3013 2884 cum
3046 2833 3159 2885 haec
3189 2831 3480 2896 scriberet,
3522 2848 3586 2885 ac

2008 2922 2192 2978 itineri
2226 2922 2473 2985 Pontico,
2544 2923 2698 2991 cujus
2735 2923 3067 2992 suscipiendi
3100 2924 3434 2992 gravissima:
3467 2924 3589 2977 sub-

2012 3022 2167 3067 erant
2198 3028 2398 3078 causze,
2438 3028 2621 3067 moras
2650 3013 2869 3067 afferret
2894 3013 3106 3067 infirma
3134 3013 3407 3068 valetudo.

2077 3103 2144 3157 ll.
2176 3103 2349 3158 Multo
2382 3106 2668 3173 graviores
2696 3104 2897 3159 Basilio
2934 3104 3198 3157 molestiae
3218 3105 3533 3159 acciderunt
3556 3118 3586 3157 a

2004 3195 2560 3260 Neocaesariensibus,
2596 3212 2759 3265 quam
2801 3195 2869 3249 ab
2910 3196 3032 3250 aliis
3063 3196 3218 3249 Ponti
3246 3197 3582 3251 civitatibus.

2006 3286 2169 3341 Erant
2210 3288 2411 3343 Basilio
2442 3304 2563 3343 cum
2602 3289 2702 3342 bac
2732 3289 2865 3342 urbe
2898 3304 3108 3358 magnae
3137 3290 3583 3344 necessitudines.

2004 3376 2244 3431 Patriam
2279 3394 2456 3445 suam,
2496 3390 2555 3432 ut
2596 3396 2757 3450 supra
2814 3382 2884 3452 (ε)
2936 3381 3193 3446 vidimus,
3228 3381 3457 3436 Pontum
3493 3396 3588 3452 ap-

2004 3467 2189 3535 pellat,
2220 3470 2344 3537 quia
2378 3470 2642 3538 puerilem
2705 3472 3102 3525 iustitutionem
3152 3488 3317 3541 prope
3367 3474 3585 3543 Neocmo

2005 3573 2218 3613 saream
2246 3570 2543 3629 acceperat
2576 3562 2643 3617 ab
2675 3564 2797 3615 avia
2833 3563 3094 3627 Macrina,
3134 3580 3254 3634 quae
3280 3566 3347 3634 (Γ)
3385 3565 3587 3635 Grego-

2013 3650 2150 3702 rium
2230 3652 2457 3720 ejusque
2521 3667 2866 3708 successores
2933 3656 3225 3725 magistros
3273 3672 3337 3711 ac
3404 3669 3589 3725 patres

2011 3740 2293 3797 habuerat.
2328 3741 2590 3798 Basilium
2623 3743 2855 3799 Athenis
2885 3747 3136 3800 reducem
3169 3763 3288 3799 cutn
3337 3748 3487 3801 missi
3519 3764 3584 3802 ex

2006 3834 2416 3903 magistratibus
2467 3836 2627 3905 legati
2679 3837 2775 3907 (g),
2814 3845 2928 3890 tum
2986 3849 3173 3907 postea
3234 3847 3343 3891 tota
3392 3840 3588 3895 civitas

2007 3926 2335 3981 circumfusa
2411 3928 2663 3983 maximis
2738 3930 3034 3985 honoribus
3121 3930 3341 3984 allicere
3393 3943 3585 3987 conata

2006 4016 2205 4081 fuerat,
2231 4017 2608 4085 utjuventutis
2632 4021 2943 4075 erudiendae
2973 4021 3311 4090 provinciam
3340 4023 3582 4092 suscipe-

2007 4116 2108 4162 ret.
2160 4107 2431 4162 Praeterea
2461 4106 2536 4179 (It)
2574 4124 2786 4163 summa
2845 4125 3064 4180 semper
3115 4112 3407 4166 exstiterat
3446 4112 3587 4165 inter

2006 4206 2292 4268 utramque
2317 4199 2644 4265 Ecclesiam,
2669 4199 3061 4258 Czcsarieusem
3092 4209 3148 4256 et
3179 4202 3584 4257 Neocaesarien-

2006 4304 2143 4354 sem,
2196 4290 2501 4345 animorum
2559 4293 2873 4359 conjunctio
2919 4312 2932 4347 :
2986 4293 3274 4364 utriusque
3306 4294 3483 4350 clerus
3521 4309 3585 4350 ac

327 4382 503 4433 atrati
542 4382 918 4452 relinquamur,
966 4390 1143 4436 nostra
1199 4383 1346 4436 nobis
1380 4398 1482 4435 non
1526 4382 1761 4435 indicato
1812 4382 1901 4434 de-
1935 4416 1978 4469 Β
2007 4379 2235 4447 populus
2260 4395 2401 4450 saepe
2423 4382 2615 4436 diebus
2645 4382 2798 4437 festis
2820 4382 3083 4439 obeundis
3114 4385 3579 4455 permiscebatur:

327 4475 473 4528 ficto.
529 4472 657 4529 Sive
684 4476 847 4542 igitur
880 4474 934 4528 in
967 4474 1360 4543 Cappadociam
1411 4474 1597 4528 venire
1626 4475 1813 4538 velint,
1849 4484 1904 4528 et

329 4572 503 4640 ipsius
529 4580 753 4639 peccata
804 4570 1056 4633 scrutari,
1089 4578 1269 4623 utrum
1304 4570 1429 4623 talia
1459 4570 1566 4623 sint
1594 4569 1777 4639 qualia
1813 4584 1907 4621 au-

328 4663 549 4717 dierunt
577 4678 592 4727 ;
624 4661 905 4730 pollicetur
928 4675 986 4715 se
1014 4674 1108 4714 eos
1136 4660 1343 4729 supinis
1380 4661 1634 4714 manibus
1658 4669 1907 4728 exceptu-

330 4771 473 4809 rum.
504 4753 633 4808 Sive
676 4754 852 4807 locum
903 4752 1136 4821 aliquem
1168 4752 1219 4804 in
1250 4749 1420 4805 Ponto
1448 4752 1733 4820 designare
1776 4768 1892 4807 ma-

330 4848 549 4913 i'aerint,
578 4846 815 4900 libenter
844 4858 902 4898 se
937 4858 1001 4897 eo
1028 4851 1313 4897 venturum
1338 4882 1353 4906 ,
1396 4850 1453 4894 ut
1481 4843 1817 4912 probandum
1846 4859 1905 4900 se

330 4948 386 4991 et
416 4936 834 4991 examinandum
864 4933 1142 4987 exhibeat.

400 5027 479 5083 De
531 5036 757 5081 auclore
806 5023 1200 5078 calumniarum
1235 5025 1315 5079 sic
1365 5023 1599 5093 loquitur
1629 5022 1904 5091 Basilius,

330 5119 484 5188 quasi
516 5134 640 5172 eum
671 5131 777 5170 non
808 5122 1017 5178 nosset,
1048 5123 1141 5167 aut
1166 5130 1328 5167 unum
1373 5114 1605 5184 aliquem
1648 5130 1713 5170 ex
1744 5115 1905 5170 Ponti

330 5214 595 5281 episcopis
611 5226 733 5266 esse
762 5213 1161 5281 suspicaretur.
1193 5206 1435 5262 Postulat
1456 5207 1600 5263 enim
1628 5215 1684 5261 ut
1708 5217 1898 5276 aperta

398 5396 473 5465 (a)
502 5394 832 5465 Epist.205,
866 5410 921 5448 n.
955 5395 1005 5448 l.

401 5464 471 5539 (bl
506 5466 609 5539 Εἰν-
631 5464 762 5539 ξοδδ

398 5535 464 5606 (τ)
492 5538 601 5605 Ep.
629 5535 757 5587 eis.

399 5608 474 5677 tu)
497 5608 594 5677 Ep.
620 5606 750 5668 eos,
780 5623 836 5662 ιι.
869 5607 923 5659 4.

397 5684 464 5750 (ρ)
494 5676 627 5747 cap.
660 5676 711 5728 1.

2006 4472 2108 4538 ipsi
2139 4482 2384 4541 pastores
2405 4473 2478 4525 ita
2506 4473 2650 4526 inter
2676 4489 2733 4527 se
2762 4474 3153 4543 diligebant,ut
3178 4478 3406 4532 alterum
3430 4488 3580 4531 uter-

2004 4577 2109 4630 que
2161 4562 2336 4616 instar
2396 4564 2637 4633 magistri
2694 4580 2757 4619 ac
2816 4566 2973 4622 ducis
3031 4568 3261 4622 haberet
3354 4568 3583 4622 Videtur

2004 4666 2221 4706 summa
2256 4652 2348 4706 illa
2372 4655 2612 4708 cbaritas
2650 4654 2987 4725 aliquantum
3019 4657 3301 4711 refrixisse
3327 4660 3428 4711 sub
3460 4657 3577 4710 Mu-

2006 4746 2182 4799 sonio.
2223 4744 2543 4816 Quanquam
2598 4748 2667 4814 is,
2721 4750 2822 4803 etsi
2886 4766 3038 4803 suam
3107 4750 3307 4804 Basilio
3360 4765 3580 4818 operam

2006 4838 2060 4893 in
2088 4840 2428 4895 concilianda
2462 4840 2833 4896 Ecclesiarum
2868 4858 3000 4910 pace
3026 4858 3129 4896 non
3162 4843 3419 4906 navabat,
3455 4860 3583 4896 nun-

2003 4946 2162 4999 quam
2196 4940 2376 4985 tamen
2429 4946 2549 4987 eam
2605 4934 2669 4987 ad
2705 4933 3055 4987 debellandos
3102 4932 3385 4987 litcreticos
3419 4932 3581 4986 dene-

2002 5032 2268 5090 gaverat:
2323 5022 2549 5092 ejusque
2606 5033 2780 5078 morte
2838 5024 3068 5079 afﬂictos
3114 5024 3583 5079 Neocaesarienses

2003 5114 2364 5168 disertissima
2414 5117 2641 5185 epistola
2698 5117 3011 5172 consolatus
3053 5127 3137 5173 est
3204 5116 3440 5170 Basilius
3491 5113 3579 5182 (ὁ).

2006 5206 2111 5260 Sed
2136 5206 2245 5275 jam
2284 5216 2395 5260 tum
2428 5211 2701 5263 metuebat
2755 5224 2823 5263 ne
2869 5210 2991 5279 quis
3029 5226 3095 5265 ex
3132 5208 3444 5264 hominibus
3475 5205 3580 5259 sibi

2088 5388 2152 5458 (Γ)
2187 5388 2287 5456 Ep.
2328 5387 2451 5451 204,
2482 5406 2535 5442 n.
2572 5388 2623 5443 6.

2084 5461 2157 5528 (g)
2187 5461 2355 5527 Epist.
2380 5460 2503 5523 $210,
2538 5476 2589 5512 n.
2614 5460 2669 5511 2.

2084 5530 2158 5596 (lt)
2194 5531 2359 5594 Epist.
2382 5530 2509 5595 90’»,
2540 5547 2593 5583 tt.
2629 5530 2679 5583 7.

2082 5599 2140 5669 ti)
2176 5602 2269 5667 Ep.
2298 5598 2386 5655 es.
