4040 6216
444 242 627 282 CXXXII

1789 216 2324 274 PBOLEGOMENA.

447 356 554 397 non
586 337 777 394 amicis
819 337 873 391 in
924 336 1068 390 hanc
1118 333 1300 390 sedem
1332 332 1660 388 eveheretur
1686 347 1700 386 :
1736 333 2018 388 denuntiat
2046 337 2090 392 Α
2121 334 2222 387 mis
2247 331 2530 388 lacessitus
2556 329 2790 400 injuriis,
2821 328 3043 397 supplex
3070 328 3210 382 ultro
3232 326 3463 392 veniret,
3490 337 3693 382 etcum

446 434 589 487 enim
618 425 1153 485 Neocmsariensibus
1175 441 1327 481 suam
1363 439 1488 480 cum
1520 424 1631 481 illis
1677 423 2016 492 conjunctio-

447 541 592 590 nem,
625 529 783 592 prout
808 521 907 576 sibi
934 520 1246 589 episcopum
1267 518 1488 587 eligent,
1525 525 1622 572 aut
1648 517 1852 572 arctius
1881 530 2015 571 con-

447 618 697 668 strictum
721 611 808 676 iri,
844 618 938 663 aut
967 608 1186 678 penitus
1218 607 1540 661 relaxatum.

521 707 630 760 Usu
691 703 867 758 evenit
913 700 1057 772 quod
1112 699 1348 755 Basilius
1398 701 1673 754 metuebat
1715 717 1730 752 :
1776 713 1952 768 neque
1988 714 2017 751 a

444 795 997 857 Neocaesariensibus,
1030 808 1097 848 ex
1138 808 1246 862 quo
1303 805 1500 846 novum
1553 793 1866 861 episcopum
1919 791 2018 844 ha-

445 892 632 953 buere,
660 888 802 942 ullas
825 887 1028 941 amoris
1057 894 1113 939 et
1139 883 1538 938 communionis
1589 883 2019 954 significationes

445 982 672 1050 accepit.
707 980 861 1036 Unde
908 977 1157 1047 queritur
1183 975 1291 1047 (a),
1331 975 1474 1043 quod
1524 989 1710 1029 eorum
1739 974 2017 1028 iracundia

447 1084 611 1128 totam
653 1071 892 1126 hominis
945 1077 1156 1123 aetatem
1206 1068 1465 1136 perduret
1509 1084 1523 1120 :
1557 1081 1778 1121 causam
1819 1066 2021 1132 ultique

445 1166 497 1218 in
524 1166 836 1232 episcopum
874 1161 1092 1230 rejicit:
1122 1158 1424 1228 expostulat
1449 1156 1525 1227 (ὁ)
1569 1173 1691 1212 cum
1715 1157 2003 1212 Neocaesao

445 1255 742 1314 riensibus.
774 1252 916 1321 quod
975 1250 1100 1303 belli
1161 1249 1265 1304 sibi
1317 1248 1449 1302 illati
1513 1248 1703 1303 ducem
1735 1262 1925 1302 omnes
1952 1247 2017 1298 ad

442 1360 609 1397 unum
638 1353 959 1412 sequantur.
994 1342 1388 1407 'l'empestatem
1422 1340 1574 1393 abiis
1599 1339 1690 1408 qui
1719 1338 1785 1391 ad
1803 1339 2015 1392 clavum

442 1434 633 1487 sedent
662 1432 886 1487 excitari
937 1431 1012 1484 ait
1040 1429 1137 1500 (c).
1168 1429 1341 1500 Supra
1371 1430 1682 1498 episcopum
1733 1427 2018 1482 Neocaesa-

445 1523 681 1576 riensem
715 1519 1062 1590 probavimus
1087 1533 1206 1573 esse
1235 1518 1520 1572 Atarbium
1565 1517 1739 1582 illum,
1770 1517 1862 1587 qni
1892 1532 2016 1571 cum

440 1613 701 1668 Basilium
737 1610 1078 1682 gravissimis
1125 1600 1429 1664 maledictis
1461 1608 1515 1661 in
1551 1608 1728 1661 inedia
1787 1607 2014 1660 ecclesia

2121 424 2426 480 hominibus
2456 421 2833 493 arrogantibus
2860 422 3090 476 demisse
3110 435 3170 476 se
3208 429 3440 490 gereret,
3475 418 3699 488 scripsit

2121 514 2188 569 ad
2213 515 2556 586 presbyteros
2583 513 3050 568 Neocatsarienses
3071 550 3087 575 ,
3125 526 3190 567 ac
3230 526 3327 581 per
3370 525 3464 567 eos
3507 511 3573 566 ad
3604 521 3696 568 to—

2123 616 2232 660 tam
2260 607 2536 662 civitatem
2565 607 2724 675 epist.
2758 605 2885 659 20L
2917 605 3175 672 Queritur
3199 605 3341 671 quod
3373 619 3496 658 cum
3529 614 3697 658 totae

2126 710 2306 754 tantas
2345 714 2466 753 cum
2501 698 2582 753 eis
2613 697 2811 752 habeat
2857 697 3280 752 necessitudinis
3310 711 3539 760 causas,
3571 707 3698 749 tan-

2122 791 2211 844 diu
2249 792 2455 846 invisus
2477 791 2560 846 eis
2581 791 2674 854 sit,
2708 805 2772 844 ac
2795 798 3080 857 utramque
3111 803 3295 844 aurem
3338 787 3697 842 calumniato-

2122 880 2270 935 ribus
2304 882 2603 950 pracbeant.
2627 878 2912 934 Humiliter
2937 878 3138 934 fatetur
3151 893 3210 933 se
3229 877 3394 932 multa
3421 893 3686 947 peccare;

2122 974 2212 1027 sed
2250 982 2422 1043 rogat,
2449 983 2508 1026 ut
2535 973 2578 1028 si
2607 973 2720 1027 vita
2753 987 2850 1027 sua
2894 972 2946 1026 in
2978 971 3185 1026 crimen
3217 979 3440 1025 vocetur
3463 1008 3478 1034 ,
3508 984 3696 1024 coram

2121 1065 2408 1133 episcopis,
2433 1074 2526 1120 aut
2551 1079 2736 1119 coram
2759 1061 3177 1134 spectatissimis
3195 1075 3259 1114 ex
3291 1060 3556 1129 cujusque
3587 1059 3699 1114 Ec-

2120 1157 2296 1211 clesia:
2325 1155 2469 1210 clero
2499 1171 2587 1211 res
2635 1156 2978 1222 diiudicatur.
3031 1153 3183 1219 Quod
3213 1153 3258 1206 si
3289 1153 3422 1207 fides
3449 1166 3544 1206 sua
3573 1167 3700 1205 sus-

2121 1259 2271 1317 cepta
2317 1250 2408 1312 sit,
2450 1247 2685 1318 postulat
2710 1256 2768 1300 ut
2797 1245 3054 1315 scriptum
3083 1246 3406 1314 proferatur,
3431 1255 3485 1297 et
3514 1252 3572 1295 ut
3598 1258 3698 1310 par

2121 1352 2204 1394 est
2232 1340 2591 1394 examinelur.
2649 1339 2726 1393 Ac
2754 1353 2820 1392 ne
2848 1337 3120 1391 videretur
3148 1350 3375 1390 examen
3405 1336 3690 1390 subterfu-

2121 1444 2269 1500 gere,
2301 1446 2398 1484 sua
2431 1430 2631 1499 scripta
2675 1443 2861 1483 eorum
2891 1429 3092 1495 judicio
3145 1427 3428 1496 permittit.
3477 1425 3698 1492 Scripta

2121 1520 2332 1573 videtur
2359 1521 2474 1574 haec
2509 1519 2734 1588 epistola
2762 1520 2903 1572 circa
2931 1519 3069 1573 idem
3104 1528 3316 1586 tempus
3343 1532 3406 1572 ac
3438 1518 3701 1572 ducente-

2121 1609 2258 1662 sima
2296 1610 2475 1663 tertia.
2534 1608 2841 1662 Verisimile
2899 1617 2981 1662 est
3037 1607 3179 1662 enim
3234 1605 3528 1669 Basilium,
3566 1619 3696 1660 cum

445 1675 823 1766 lacerasse,vet
850 1699 1029 1757 errori
1073 1697 1385 1752 Sabelliano
1412 1697 1571 1752 afﬁne
1600 1697 1799 1766 aliquid
1822 1699 2016 1765 praedi-
2053 1675 2091 1729 Β
2121 1701 2278 1756 Ponti
2303 1701 2681 1771 episcoporum
2725 1699 3154 1756 benevolentiam
3185 1697 3499 1769 recolligere
3523 1711 3693 1752 cona-

443 1812 600 1851 casse
630 1795 930 1856 diceretur,
957 1791 1256 1849 accersitus
1291 1806 1320 1844 a
1346 1789 1568 1854 Basilio,
1600 1805 1703 1842 non
1728 1788 1887 1842 modo
1911 1803 2014 1842 non

441 1886 644 1956 paruit,
685 1885 780 1940 sed
813 1884 977 1939 etiam
1027 1880 1214 1937 Basilii
1266 1881 1433 1935 vitam
1483 1889 1536 1933 et
1585 1879 1886 1933 doctrinam
1937 1881 2020 1931 in-

445 1977 669 2042 sectari,
689 1975 849 2029 fanda
872 1983 925 2029 et
947 1972 1174 2028 infanda
1199 1972 1253 2026 in
1272 1988 1392 2026 eum
1416 1971 1726 2024 concionari
1755 1970 2014 2038 perrexit,

437 2079 602 2136 atque
629 2064 708 2139 (ά)
740 2067 899 2121 etiam
935 2065 1184 2120 mercede
1231 2063 1507 2126 conduxit,
1529 2063 1617 2131 qui
1642 2063 1848 2116 somnia
1876 2062 2018 2116 illius

440 2158 596 2212 famae
624 2157 906 2224 injuriosa,
927 2156 1140 2210 caelitus
1154 2153 1258 2208 sibi
1278 2153 1454 2208 oblata
1479 2167 1604 2208 esse
1625 2155 1888 2222 fingerent
1915 2151 2012 2225 (ε).

438 2247 654 2316 Scripta
682 2247 895 2310 Basilii,
925 2255 986 2300 ut
1019 2245 1304 2316 profanam
1334 2245 1654 2310 sapientiam
1691 2245 2014 2310 redolentia,

436 2337 790 2408 exagitabat:
839 2353 904 2391 ac
962 2336 1290 2392 criminandi
1345 2351 1531 2391 ansam
1578 2350 1646 2389 ex
1702 2335 1845 2389 illius
1892 2350 2016 2390 cum

437 2429 727 2483 Eustathio
774 2427 1159 2483 communione
1209 2426 1432 2481 videtur
1505 2426 1825 2493 arripuisse.
1877 2425 2017 2481 Cau-

440 2536 556 2574 sam
593 2519 669 2592 (f)
719 2520 1065 2589 inexpiabilis
1110 2519 1220 2574 odii
1247 2519 1577 2589 praetexebat
1610 2516 1867 2570 nonnulla
1893 2516 2015 2571 Ca2-

437 2615 700 2669 sariensis
723 2614 984 2669 Ecclesiae
1019 2613 1295 2680 instituta,
1336 2612 1481 2667 velut
1517 2611 1775 2681 psallendi
1826 2613 2012 2678 ritum,

436 2714 495 2760 et
519 2706 758 2760 virorqu
799 2719 863 2758 ac
892 2703 1164 2773 virginum
1193 2704 1545 2768 monasteria,
1599 2718 1720 2772 quae
1771 2718 1872 2758 nec
1913 2703 2017 2758 Ec-

435 2796 616 2850 clesiae
669 2794 1096 2854 Neocaesariensi
1153 2804 1279 2850 nota
1333 2805 1492 2850 erant
1525 2833 1542 2859 ,
1600 2809 1702 2849 nec
1767 2792 2012 2865 Gregorii

438 2895 685 2956 tempore
738 2886 957 2941 fuerant
1006 2885 1228 2941 usitata.
1259 2884 1571 2952 Quinetiam
1604 2883 1680 2957 (g)
1725 2885 2013 2955 impudens

438 2979 569 3033 illud
607 2994 671 3034 os
717 2980 784 3034 de
802 2979 1100 3048 virginibus
1139 2977 1322 3033 Basilii
1351 2978 1603 3032 nonnulla
1629 2978 1854 3032 licenter
1881 2975 2010 3031 eﬂu—
2042 3016 2085 3075 α

440 3071 628 3134 tlebat,
680 3085 800 3139 qua:
851 3081 1011 3124 antea
1066 3084 1135 3124 ne
1181 3069 1414 3124 Satanas
1462 3070 1683 3139 quidem
1741 3068 2014 3124 mendacii

438 3173 592 3230 pater
625 3161 868 3231 proferre
891 3176 1055 3215 ausus
1071 3160 1270 3214 fuerat.

512 3252 683 3309 Veras
710 3253 819 3308 odii
856 3267 1048 3308 causas
1077 3252 1313 3308 Basilius
1366 3252 1447 3324 (It)
1494 3253 1630 3309 duas
1677 3253 2020 3322 potissimum

443 3351 636 3417 refert,
664 3347 926 3404 invidiam
949 3363 1095 3404 caeco
1118 3349 1242 3420 igne
1273 3358 1610 3418 carpentem,
1633 3357 1689 3402 et
1722 3357 1924 3402 metum
1952 3361 2021 3401 ne

442 3461 474 3499 a
494 3443 696 3497 Basilio
721 3441 1013 3497 Sabelliani
1045 3443 1253 3498 erroris
1285 3450 1627 3512 argueretur.
1673 3441 1879 3495 Invidia
1911 3455 2018 3494 non

444 3533 496 3586 in
529 3531 700 3587 solum
749 3531 1005 3586 Basiliam
1045 3543 1299 3602 eruperat
1332 3549 1347 3585 :
1399 3533 1497 3588 sed
1533 3533 1636 3587 hoc
1677 3534 1870 3587 morbo
1906 3540 2017 3587 tota

446 3625 680 3679 hominis
709 3624 817 3678 vita
852 3624 1157 3679 laborabat.
1205 3623 1510 3694 lmpietatis
1544 3634 1723 3679 autem
1755 3625 1859 3679 sibi
1887 3637 2020 3679 con-

439 3717 586 3772 scius
627 3715 808 3770 Basilii
839 3731 1195 3785 congressum
1257 3727 1415 3770 caute
1449 3715 1709 3786 fugiebat.
1737 3713 1841 3770 Vix
1873 3715 2016 3769 enim

441 3825 642 3880 negare
682 3813 987 3881 potuisset,
1018 3826 1141 3864 cum
1200 3820 1367 3865 testes
1407 3810 1554 3865 illius
1598 3824 1906 3864 sermonum
1933 3825 2020 3864 es-

438 3913 560 3958 sent
593 3917 699 3956 non
732 3903 910 3972 pauci.
955 3903 1214 3956 Auditum
1252 3911 1373 3956 erat
1426 3918 1492 3955 ex
1527 3915 1613 3966 eo,
1663 3916 1784 3954 cum
1814 3901 2021 3956 diceret

439 3989 520 4059 (η.
554 3989 610 4058 3)
639 4004 832 4044 nomen
881 3990 1180 4044 adversarii
1225 3990 1480 4044 traditum
1529 4005 1683 4054 esse,
1737 3987 2017 4059 Unigeniti

437 4095 569 4136 vero
593 4095 950 4150 nequaquam.
982 4080 1106 4134 llaec
1131 4081 1336 4134 Basilio
1373 4082 1629 4150 pudorem
1656 4080 2012 4145 incutiebant,

441 4172 570 4240 quia
601 4172 1042 4241 consanguineus
1086 4172 1234 4227 illius
1285 4181 1405 4226 erat
1453 4172 1748 4241 impietatis
1801 4181 2015 4226 auctor.

436 4262 574 4315 Cum
608 4268 788 4315 autem
820 4269 962 4315 esset
988 4261 1079 4316 ille
1106 4261 1190 4315 vir
1218 4261 1621 4316 indoctissimus
1642 4299 1657 4325 ,
1691 4271 1748 4314 ut
1781 4259 2015 4316 Basilius

2121 1802 2290 1856 retur,
2324 1807 2430 1847 non
2470 1791 2774 1862 neglexisse
2807 1791 3002 1846 similia
3049 1790 3131 1845 vel
3175 1790 3354 1859 potius
3385 1789 3542 1858 longe
3570 1805 3701 1859 gra-

2119 1884 2270 1937 viora
2298 1884 2351 1937 in
2379 1882 3123 1938 Neocaesariensium-animis
3156 1881 3400 1936 vulnera.
3432 1878 3537 1935 Sed
3566 1897 3698 1934 cum

2118 1975 2346 2030 diversae
2372 1983 2560 2029 essent
2585 1974 2639 2028 in
2671 1975 2918 2044 utrisque
2940 1972 3256 2029 olIensionis
3285 1987 3487 2038 causae,
3521 1972 3701 2026 diver-

2117 2067 2196 2122 sis
2222 2081 2358 2135 epus
2391 2065 2492 2120 fuit
2515 2065 2740 2120 litteris.

2188 2157 2274 2212 lll.
2300 2157 2483 2212 Basilii
2520 2156 2751 2226 epistola
2780 2153 2862 2208 ad
2907 2154 3061 2210 Ponti
3098 2156 3403 2225 episcopos,
3443 2155 3532 2211 cui
3581 2171 3697 2210 non

2117 2264 2306 2320 parum
2340 2248 2574 2303 addebat
2601 2247 2859 2318 ponderis
2878 2246 3022 2302 Petri
3054 2249 3351 2319 presbyteri
3377 2249 3695 2318 prudentia,

2118 2343 2199 2396 sic
2228 2341 2437 2395 animos
2468 2341 2754 2410 permovit,
2799 2351 2856 2395 ut
2885 2342 3061 2409 parati
3107 2342 3174 2394 ad
3208 2341 3580 2409 deponendam
3610 2339 3700 2393 of-

2117 2433 2414 2490 fensionem
2465 2433 2795 2489 viderentur.
2830 2433 3010 2501 Quare
3058 2433 3289 2488 Basilius
3326 2434 3517 2488 iterum
3546 2433 3700 2487 misit

2117 2511 2240 2581 cum
2281 2525 2476 2582 litteris
2525 2525 2806 2580 Meletium
2871 2526 3247 2596 presbyterum
3281 2526 3348 2580 ad
3373 2524 3639 2593 Elpidium
3674 2563 3694 2590 ,

2117 2631 2283 2672 unum
2331 2633 2398 2673 ex
2447 2617 2717 2687 episcopis
2761 2616 2941 2681 Ponti,
2977 2618 3074 2672 sed
3107 2617 3250 2672 forte
3278 2632 3387 2671 non
3410 2632 3475 2670 ex
3502 2631 3696 2671 eorum

2117 2723 2366 2776 numero,
2390 2710 2482 2778 qui
2515 2708 2584 2763 ab
2619 2708 2877 2764 Ecclesia:
2922 2708 3273 2763 Caesariensis
3313 2707 3699 2763 communione

2117 2802 2498 2858 discesserant.
2532 2801 2733 2858 Basilio
2759 2802 2906 2856 enim
2937 2804 3169 2857 amicum
3202 2803 3258 2857 in
3308 2803 3498 2871 primis
3525 2801 3700 2858 fuisse

2116 2904 2265 2965 patet
2296 2911 2364 2951 ex
2391 2897 2494 2950 hac
2521 2904 2574 2951 et
2598 2897 2848 2965 sequenti
2885 2894 3134 2964 epistola.
3171 2895 3343 2966 Rogat
3384 2910 3506 2950 eum
3539 2895 3698 2949 Basi-

2117 2991 2221 3046 lius
2244 3001 2321 3055 ut,
2363 2993 2407 3046 si
2458 2982 2800 3047 necessarius
2843 2990 2892 3044 ei
2928 2991 3139 3046 videtur
3167 3006 3511 3062 congressus,
3549 2992 3699 3047 desi-

2120 3093 2249 3152 gnet
2276 3083 2452 3138 locum
2486 3093 2541 3139 et
2575 3093 2804 3153 tempus,
2844 3099 3012 3155 seque
3038 3093 3092 3138 et
3132 3082 3290 3138 Ponti
3315 3084 3599 3154 episcopos
3628 3099 3699 3138 ea

2121 3177 2186 3229 de
2219 3191 2275 3229 re
2297 3175 2581 3230 certiorem
2615 3175 2800 3230 faciat.
2833 3175 3062 3241 Quidam
3083 3190 3150 3229 ex
3181 3174 3284 3228 hoc
3311 3173 3695 3230 convocando-

2123 3283 2239 3321 rum
2263 3267 2641 3336 episcoporum
2687 3283 2947 3334 munere,
2993 3284 3100 3336 quo
3132 3267 3444 3337 Perfunctus
3477 3275 3561 3321 est
3592 3267 3702 3323 hoc

2120 3357 2172 3411 in
2209 3356 2430 3425 negotio
2452 3357 2715 3425 Elpidius,
2743 3359 3124 3412 concluserunt
3157 3373 3279 3413 eum
3324 3357 3699 3426 metropolita-

2121 3461 2250 3499 num
2281 3445 2447 3500 fuisse
2485 3444 2666 3510 Ponti,
2700 3457 2863 3515 atque
2891 3449 3026 3501 adeo
3055 3449 3370 3517 episcopum
3421 3445 3700 3502 Neocaesa-

2122 3536 2358 3590 riensem
2387 3544 2443 3588 et
2486 3533 2722 3588 Musonii
2779 3549 3174 3590 successorem.
3207 3536 3315 3590 Sed
3350 3535 3467 3590 haec
3511 3536 3700 3605 opinio

2119 3625 2423 3680 consistere
2449 3641 2555 3680 non
2593 3635 2774 3696 potest
2797 3641 2920 3679 cum
2954 3627 3018 3680 iis
3050 3641 3170 3696 quae
3199 3628 3264 3682 de
3284 3629 3534 3697 episcopo
3555 3626 3700 3680 Neo-

2125 3714 2437 3769 caesariensi
2467 3714 2725 3768 diximus.
2752 3713 2933 3769 Potuit
2953 3716 3168 3783 quidem
3194 3714 3458 3784 Elpidius,
3487 3723 3544 3770 ut
3576 3727 3700 3770 erat

2119 3814 2280 3860 attate
2314 3815 2622 3873 provectus,
2660 3803 2738 3875 (It)
2770 3805 3169 3873 metropolitani
3199 3798 3513 3874 dignitatem
3549 3805 3699 3860 ohti-

2120 3913 2270 3965 nere,
2313 3911 2434 3967 quae
2475 3898 2529 3951 in
2589 3897 2764 3952 Ponto
2815 3899 2959 3952 aetati
3015 3897 3377 3964 deferebatur,
3426 3897 3698 3952 interdum

2119 3989 2284 4044 etiam
2315 3989 2500 4043 virtuti
2534 3987 2612 4058 (ι)
2633 4004 2651 4054 ;
2701 3997 2758 4042 ιιι
2794 3988 3042 4044 Musonio
3078 3990 3308 4044 delatam
3365 4005 3527 4058 supra
3558 3989 3702 4043 vidi-

2122 4097 2260 4135 mus.
2314 4081 2465 4145 Sed,
2500 4082 2836 4136 utobservat
2876 4079 3275 4147 Tillemontius,
3327 4097 3448 4136 cum
3477 4092 3702 4150 rogetur

2121 4171 2384 4240 Elpidius,
2406 4181 2464 4226 ut
2484 4179 2542 4226 et
2558 4172 2756 4229 Basilio
2774 4183 2831 4229 et
2854 4174 3116 4242 episcopis
3129 4173 3281 4228 Ponti
3300 4173 3701 4243 designettem-

2119 4278 2219 4332 pus
2251 4271 2305 4316 et
2338 4264 2514 4318 locum
2543 4279 2901 4335 congressus;
2946 4265 3405 4334 quemadmodum
3430 4264 3552 4318 inde
3574 4263 3694 4316 col-

437 4350 503 4423 (i)
539 4365 646 4404 non
681 4351 915 4404 obscure
938 4350 1163 4415 indicat,
1195 4365 1259 4406 ac
1289 4351 1470 4420 impiis
1501 4352 1614 4405 suis
1645 4349 2012 4404 cavillationi-
2054 4370 2094 4423 ο
2122 4357 2208 4426 ligi
2238 4372 2343 4411 non
2377 4367 2554 4428 potest
2585 4375 2708 4415 eum
2734 4362 2786 4414 in
2820 4360 3075 4414 Basiliutn
3113 4361 3235 4430 jura
3275 4360 3696 4426 metropolitana

438 4443 540 4498 bus
560 4458 632 4498 ne
665 4442 1146 4498 verisimilitudinis
1169 4443 1386 4512 quidem
1417 4443 1654 4496 colorem
1680 4441 1889 4496 illinere
1921 4457 2017 4496 va-

441 4531 575 4585 leret
603 4531 690 4601 (jl,
728 4546 942 4586 errores
971 4547 1097 4586 suos
1149 4533 1330 4602 inepto
1379 4532 1590 4586 cuidam
1627 4532 1830 4600 scripto
1865 4547 2016 4585 man-

439 4624 680 4687 daverat,
714 4625 857 4692 quod
889 4623 955 4676 ad
985 4622 1257 4678 Meletium
1290 4623 1538 4686 missum,
1608 4633 1664 4678 et
1716 4634 2014 4678 retrorsum

440 4727 470 4764 a
502 4724 690 4768 sancto
713 4715 851 4778 viro,
875 4724 933 4767 ut
961 4730 1057 4784 par
1080 4723 1220 4779 erat,
1246 4714 1522 4782 reiectum,
1548 4715 1663 4784 ipse
1684 4715 1735 4769 in
1757 4716 2013 4780 tenebris,

444 4802 585 4856 velut
615 4815 816 4858 matres
849 4819 968 4872 quae
994 4813 1230 4858 monstra
1285 4814 1650 4873 pepererunt,
1682 4807 1880 4861 alebat.
1917 4805 2019 4859 Pc-

445 4893 706 4947 riclitatus
757 4896 919 4947 etiam
952 4894 1129 4949 fuerat
1177 4895 1230 4948 in
1273 4896 1510 4965 quadam
1554 4895 1783 4965 cpistola
1822 4895 2016 4949 Anthi-

445 4999 589 5036 mum
618 4985 971 5054 'fyanensem,
1026 4988 1304 5057 proposito
1339 4987 1575 5058 quodam
1599 4988 1847 5058 Gregorii
1877 4987 2015 5042 Neo-

443 5081 781 5132 caesariensis
810 5081 1148 5142 testimonio.

514 5167 767 5232 Basilius,
791 5170 962 5238 quise
993 5171 1308 5227 dedccorari
1341 5187 1445 5227 non
1487 5173 1729 5241 putabat,
1763 5174 1804 5228 si
1841 5173 2014 5226 maxi-

539 5284 590 5362 ᾳ)
907 5303 960 5339 ¹¹⁶
990 5289 1041 5362 ir

541 5357 588 5425 b)
630 5357 881 5423 Ει).ξ).07,
915 5374 968 5412 ιι.
1010 5360 1060 5411 ι.

539 5431 585 5491 ε)
616 5425 1032 5493 Ep.‘210,n.2.

516 5498 592 5565 (Δ)
633 5498 727 5563 Ep.
759 5497 883 5563 9.07,
919 5514 973 5550 ιι.
1004 5501 1030 5550 1

518 5570 585 5634 (ε)
619 5567 710 5633 Ep.
736 5567 863 5630 est,
896 5583 950 5620 η.
976 5568 1029 5620 5.

515 5639 581 5705 ii)
621 5635 715 5704 Ep.
745 5637 871 5702 207,
898 5654 950 5691 ιι.
981 5637 1036 5693 2.

2124 4448 2403 4514 habuisse,
2436 4449 2511 4504 ita
2535 4450 2870 4520 probabilius
2907 4461 2992 4506 est
3039 4467 3146 4506 non
3185 4453 3320 4506 alias
3344 4465 3466 4505 eum
3501 4452 3603 4505 hac
3641 4453 3699 4506 in

2124 4557 2182 4595 re
2213 4558 2373 4610 quam
2399 4542 2560 4598 amici
2591 4553 2646 4598 et
2676 4544 2991 4614 interpretis
3019 4545 3163 4599 vices
3191 4543 3519 4598 defendisse.

2192 4631 2418 4688 Difficile
2440 4635 2508 4689 ad
2533 4635 2910 4704 explicandum
2942 4635 3112 4704 prima
3139 4635 3320 4703 specie
3346 4635 3574 4698 videtur,
3597 4650 3702 4688 cur

2121 4717 2352 4771 Basilius
2371 4718 2726 4774 dicatiterum
2753 4734 2781 4772 a
2804 4734 2862 4774 se
2893 4718 3166 4773 Meletium
3192 4719 3700 4790 compresbyterum

2123 4809 2282 4862 mitti.
2317 4808 2434 4863 Non
2479 4809 2625 4864 enim
2677 4810 2823 4863 illum
2866 4820 3027 4864 antea
3070 4812 3309 4877 miserat,
3351 4810 3446 4866 sed
3476 4811 3697 4864 Petrum

2121 4902 2516 4970 presbyterum.
2542 4900 2647 4955 Sed
2678 4902 2970 4956 verisimile
3008 4911 3091 4956 est
3115 4917 3238 4956 eum
3267 4901 3426 4956 simul
3448 4916 3567 4954 cum
3594 4900 3699 4954 Pe-

2123 4999 2205 5044 tro
2235 4993 2456 5045 missum
2485 4991 2650 5046 fuisse
2673 5034 2687 5052 .
2723 4993 2824 5046 etsi
2855 4992 3029 5046 solum
3068 4991 3288 5046 Petrum
3319 4991 3557 5046 nominat
3586 4990 3696 5043 Ba-

2124 5083 2277 5136 silius
2307 5082 2360 5136 in
2390 5083 2548 5152 epist.
2571 5083 2697 5136 205.
2729 5083 2842 5139 Mos
2872 5084 3018 5138 enim
3050 5093 3167 5137 erat
3194 5098 3358 5137 unum
3389 5083 3697 5146 nominare,

2125 5174 2376 5243 quamvis
2407 5176 2511 5228 duo
2535 5177 2896 5241 mitterentur,
2927 5187 2981 5230 ut
3003 5177 3413 5232 observavimus
3435 5175 3502 5230 ad
3535 5176 3701 5246 epist.

2194 5289 2272 5356 (9)
2306 5289 2403 5357 Ep.
2426 5288 2554 5353 207,
2581 5307 2638 5343 ιι.
2671 5291 2727 5344 2.

2194 5359 2271 5428 (It)
2308 5358 2404 5429 Ep.
2442 5361 2566 5423 ‘2l8,
2601 5378 2654 5413 ιι.
2679 5363 2736 5415 2.

2195 5429 2257 5500 ti)
2295 5430 2390 5500 Ep.
2421 5429 2552 5493 204,
2589 5448 2641 5484 n.
2673 5434 2726 5493 5,
2756 5431 2954 5500 θιΞΟἹ,
2993 5450 3044 5487 n.
3069 5433 3117 5486 l.

2197 5498 2263 5567 (j)
2301 5499 2395 5565 Ep.
2424 5501 2563 5562 “llo,
2598 5518 2650 5555 ιι.
2684 5502 2737 5556 5.

2196 5567 2269 5644 υς)
2291 5568 2400 5644 ,βυτ
2417 5569 2562 5644 ,ἓυδο

2201 5639 2259 5708 (1)
2291 5639 2386 5708 Ep.
2412 5639 2501 5693 25.
