4040 6216
1680 324 1839 381 VlTA
1880 323 1936 380 S.
1972 323 2239 381 BASILII.

3371 336 3578 383 cxxxm

343 443 471 498 9.55.
505 443 636 499 Eum
663 442 826 512 paulo
854 452 983 500 ante
1004 444 1243 515 ejusdem
1269 445 1481 501 itineris
1506 445 1719 503 labores
1745 450 1914 503 susti-
1946 456 1990 512 Α
2021 448 2226 517 ptione,
2262 449 2355 502 sed
2386 445 2554 515 liquet
2579 448 2838 516 scriptam
2867 463 2991 503 esse
3028 449 3228 532 homini
3274 448 3455 520 praelia
3483 465 3583 520 pro

349 536 554 598 nuisse,
584 533 708 588 inde
732 534 899 588 etiam
929 536 1238 590 confirmari
1275 546 1473 605 potest,
1508 538 1654 607 quod
1688 538 1921 594 Basilius

348 625 400 677 ei
430 636 651 691 parcere
687 630 960 682 statuerat
992 625 1063 678 ob
1092 625 1273 680 carnis
1312 625 1683 680 infirmitatem
1708 665 1723 691 ,
1758 640 1919 695 quam

350 713 453 766 sibi
485 724 677 781 sponte
704 713 1036 777 adsciverat,
1080 729 1296 769 carnem
1343 715 1397 768 in
1430 717 1743 770 servitutem
1781 717 1921 770 redi-

351 816 485 872 gens
511 803 581 856 ob
603 802 951 873 Evangelium
982 805 1220 871 Christi;
1259 806 1351 860 sed
1385 821 1506 860 cum
1526 807 1628 861 sibi
1658 807 1920 862 decorum

351 909 475 949 esse
517 894 835 965 intelligeret
878 895 1281 965 Elpidiumper
1331 895 1597 963 ejusmodi
1646 898 1922 953 hominem

353 985 611 1046 salutare,
646 1000 709 1037 ac
736 984 850 1052 ipse
878 983 1146 1052 Meletius,
1167 1002 1232 1040 ex
1248 1001 1352 1054 quo
1377 997 1599 1041 noverat
1626 987 1921 1058 Elpidium,

354 1089 556 1142 magno
592 1073 735 1126 illius
766 1074 980 1128 videndi
1022 1075 1288 1130 desiderio
1334 1085 1641 1142 teneretur;
1686 1078 1927 1132 exoravit

354 1178 479 1215 eum
521 1162 769 1225 Basilius,
798 1172 855 1217 ut.
878 1164 1075 1217 iterum
1104 1165 1158 1219 in
1196 1164 1427 1220 Pontum
1467 1167 1921 1236 proficisceretur.

429 1254 690 1319 Quamvis
724 1254 951 1308 Basilius
975 1271 1073 1324 pro
1109 1271 1319 1310 summa
1361 1273 1454 1311 sua
1507 1260 1810 1316 urbanitate
1848 1261 1928 1316 lo-

354 1359 481 1399 cum
510 1354 568 1398 et
608 1354 818 1414 tempus
868 1361 1190 1416 congressus
1231 1348 1438 1418 Elpidio
1489 1351 1925 1406 constituendum

358 1439 673 1506 relinquat,
711 1440 853 1494 dedit
878 1451 1053 1495 tamen
1088 1443 1139 1496 in
1170 1443 1434 1497 mandatis
1464 1442 1699 1509 Meletio,
1736 1453 1794 1498 ut
1816 1445 1930 1513 epi-

356 1530 542 1599 scopis
592 1531 925 1585 demonstret
988 1535 1428 1601 percommodum
1492 1534 1599 1589 sibi
1642 1534 1821 1590 locum
1876 1544 1932 1589 et

361 1632 576 1691 tempus
607 1621 743 1686 fore,
776 1624 820 1676 si
858 1632 984 1677 tunc
1021 1638 1340 1694 congressus
1387 1626 1560 1691 ﬁeret,
1590 1641 1711 1681 cum
1749 1642 1929 1697 paro:-

358 1713 458 1765 ciae
497 1728 610 1765 sum
638 1727 804 1782 pagos
850 1714 1074 1767 visitans
1113 1715 1177 1768 ad
1203 1714 1528 1770 Comanicos
1575 1716 1708 1771 lines
1735 1733 1929 1787 perve-

2022 537 2224 593 Basilio
2252 537 2565 601 sustinenti,
2595 545 2650 592 et
2682 536 2819 593 inter
2840 538 3116 593 hominum
3136 554 3303 608 genus
3324 541 3583 604 versanti,

2022 631 2110 699 qui
2136 628 2337 683 Basilio
2366 628 2519 682 valde
2559 630 2969 684 succensebant.
3022 630 3177 686 Unde
3205 639 3454 699 precatur
3478 627 3583 684 Ba-

2022 717 2192 782 silius,
2224 726 2284 771 ut
2313 727 2367 772 et
2402 716 2493 771 ille
2534 716 2676 772 idem
2715 729 3050 787 permaneat,
3083 728 3138 775 et
3186 719 3275 774 isti
3330 720 3584 776 meliores

2024 809 2175 863 ﬁant.

2096 898 2160 953 ν.
2190 900 2490 968 Antequam
2509 897 2739 954 Basilius
2766 900 2818 952 in
2856 898 3085 954 Pontum
3113 901 3582 970 proficisceretur,

2025 990 2323 1046 celebravit
2343 992 2483 1045 diem
2522 989 2720 1045 festum
2750 989 2811 1045 S.
2840 976 3150 1061 Eupsychii,
3201 994 3287 1047 cui
3340 993 3586 1048 interfuit

2024 1082 2459 1151 Amphilochius,
2507 1090 2568 1135 ut
2589 1079 2904 1149 jamdudum
2931 1093 3146 1152 rogatus
3178 1098 3206 1137 a
3238 1082 3439 1139 Basilio
3466 1083 3586 1140 fue-

2026 1182 2129 1226 rat.
2153 1171 2272 1227 Jam
2296 1172 2599 1227 absolutum
2617 1180 2880 1241 eratopus
2897 1173 2961 1226 de
2983 1172 3185 1241 Spiritu
3211 1185 3414 1237 sancto.
3445 1176 3590 1244 quod

2026 1264 2259 1319 Basilius
2292 1265 2459 1334 ipsius
2481 1265 2698 1319 hortatu
2727 1274 3076 1333 susceperat;
3121 1266 3215 1320 sed
3250 1266 3461 1328 videtur
3493 1266 3591 1321 Ba-

2030 1356 2185 1410 silius
2212 1355 2342 1411 illud
2380 1356 2622 1426 relegere
2652 1364 2707 1409 et
2732 1364 3031 1410 extremam
3067 1372 3280 1410 manum
3308 1357 3588 1427 imponere

2032 1445 2293 1509 voluisse,
2325 1460 2388 1499 ac
2437 1446 2641 1500 idcirco
2674 1445 3021 1501 auferendum
3058 1446 3434 1516 Amphilochio
3480 1464 3592 1504 non

2030 1536 2260 1591 dedisse.
2297 1535 2434 1601 Quin
2476 1535 2637 1589 etiam
2665 1551 2786 1589 cum
2825 1546 3010 1604 postea
3043 1536 3201 1592 vellet
3234 1540 3463 1603 mittere,
3482 1555 3597 1593 mo-

2032 1639 2148 1678 ram
2185 1625 2484 1678 attulerunt
2515 1625 2636 1677 data
2664 1623 2903 1678 librariis
2933 1625 3000 1678 ab
3031 1624 3407 1694 Amphilochio
3436 1643 3591 1681 man-

2033 1718 2181 1782 data,
2234 1728 2295 1771 ut
2325 1716 2472 1770 hunc
2520 1716 2715 1770 librum
2750 1716 2801 1770 in
2837 1716 3168 1772 membranis
3203 1718 3593 1775 describerent.

360 1804 554 1855 nisset.
578 1802 634 1854 ld
661 1805 804 1855 enim
836 1804 902 1856 ab
936 1804 1203 1873 episcOpis
1234 1804 1465 1861 Basilius
1507 1808 1729 1875 petiisse
1761 1824 1819 1864 se
1849 1811 1929 1863 di-
1962 1798 2003 1852 Β
2034 1806 2156 1861 Hec
2184 1807 2540 1876 perspicimus
2567 1822 2633 1861 ex
2672 1806 2849 1861 verbis
2871 1807 3110 1875 epistola:
3136 1809 3261 1874 251,
3289 1826 3407 1877 quae
3429 1825 3593 1879 supra

359 1894 433 1947 cit
466 1895 519 1945 in
562 1895 789 1963 epistola
834 1898 1105 1964 sequenti,
1141 1911 1343 1967 eosque
1379 1899 1633 1953 annuisse
1681 1909 1831 1969 patet
1861 1916 1928 1956 ex

360 1992 550 2039 eadem
585 1987 839 2055 epistola,
870 1986 923 2040 in
953 2004 1057 2057 qua
1090 1990 1355 2057 Elpidium
1396 1992 1607 2059 nepotis
1634 2003 1810 2047 morte
1851 1993 1932 2048 af-

362 2075 571 2132 flictum
613 2081 935 2145 consolatur,
974 2098 1038 2137 ac
1082 2094 1234 2153 rogat
1272 2096 1330 2139 ut
1376 2101 1441 2141 ne
1469 2087 1611 2141 illius
1637 2088 1788 2142 dolor
1816 2104 1931 2159 spe-

364 2180 543 2223 ratum
564 2172 628 2223 ad
651 2171 972 2228 Comanicos
1000 2174 1130 2228 fines
1158 2191 1503 2247 congressum
1531 2177 1857 2248 interpellet.

434 2263 521 2317 IV.
549 2263 769 2320 Litteris
799 2265 984 2319 Basilii
1036 2268 1167 2320 nihil
1208 2270 1600 2336 responderunt
1629 2270 1931 2341 presbyteri

362 2352 850 2420 Neocaesarienses,
894 2370 958 2409 ac
996 2355 1210 2411 silentio
1256 2373 1353 2412 suo
1402 2360 1629 2427 gratiam
1681 2375 1739 2415 se
1793 2364 1933 2417 inire

366 2446 527 2500 malle
555 2446 623 2499 ab
653 2447 905 2515 episcopo
939 2462 1061 2514 suo,
1087 2463 1248 2518 quam
1288 2465 1474 2519 aequos
1493 2466 1550 2505 se
1568 2452 1765 2507 Basilio
1796 2469 1934 2523 pra:-

365 2536 496 2591 bere
524 2538 917 2607 signiticarunt.
944 2538 1067 2593 Hzec
1094 2539 1289 2611 agendi
1333 2542 1473 2596 ratio
1512 2543 1795 2599 videbatur
1828 2546 1932 2601 Ba-

368 2631 547 2683 siliunt
582 2632 875 2695 adhortari,
905 2640 962 2685 ut
990 2632 1224 2688 vicissim
1252 2635 1364 2704 ipse
1393 2638 1801 2694 conticesceret.
1828 2640 1933 2695 Sed

368 2733 491 2772 cum
524 2721 809 2775 calumniis
833 2737 892 2776 se
923 2725 1099 2792 appeti
1126 2725 1357 2791 videret,
1394 2742 1455 2781 ac
1477 2738 1737 2797 praetcrea
1774 2730 1932 2786 fidem

366 2808 439 2861 ab
490 2808 744 2877 episcopo
800 2809 1221 2866 Neocmsariensi
1268 2818 1538 2882 perverti,
1597 2819 1768 2872 satius
1816 2834 1937 2875 esse

372 2899 523 2951 duxit
550 2901 853 2954 animarum
874 2903 1031 2957 saluti
1061 2904 1363 2959 consulere.
1392 2904 1592 2961 Scribit
1624 2910 1807 2978 itaque
1829 2910 1936 2966 cle-

369 2993 501 3046 ricis
531 2989 1083 3060 Neocaasariensibus,
1125 3010 1327 3066 eosque
1361 2999 1611 3053 hortatur
1638 3010 1697 3054 ut
1730 3017 1795 3055 ne
1818 3003 1933 3070 ple-

370 3084 492 3137 bem
561 3084 740 3151 pravis
810 3086 1089 3141 erroribus
1145 3087 1364 3143 Sabellii
1416 3090 1583 3145 imbui
1642 3093 1933 3161 patiantur.

370 3173 717 3228 Demonstrat
752 3190 1101 3246 congressum
1139 3193 1291 3232 suum
1329 3196 1433 3234 non
1472 3182 1579 3236 alio
1617 3184 1842 3238 consilio
1874 3185 1941 3239 ab

368 3279 558 3319 eorum
588 3268 846 3337 episcopo
871 3268 1147 3333 declinari,
1177 3270 1276 3324 nisi
1313 3272 1455 3341 quod
1486 3283 1711 3338 metuat,
1734 3291 1940 3344 nepra-

368 3371 561 3409 vorum
592 3359 905 3427 dogmatum
932 3360 1150 3414 nomine
1175 3372 1454 3430 arguatur.
1474 3363 1621 3417 Illius
1648 3365 1939 3434 impuden—

375 3449 505 3500 tiam
537 3452 801 3519 exagitat,
837 3452 980 3521 quod
1014 3452 1220 3506 somnia
1260 3464 1314 3508 et
1342 3454 1455 3508 visa
1486 3454 1689 3525 fingere
1717 3458 1936 3525 audeat,

372 3549 431 3590 ut
455 3536 642 3592 Basilii
675 3541 953 3607 doctrinae,
981 3552 1233 3611 tanquam
1266 3546 1603 3613 perniciosae,
1632 3547 1810 3603 odium
1836 3549 1941 3602 im-

372 3638 574 3697 portet.
606 3630 740 3683 Cum
777 3631 899 3685 belli
933 3633 1290 3700 implacabilis
1319 3650 1497 3689 causa
1532 3637 1717 3691 inanes
1742 3638 1943 3706 profer-

372 3731 582 3783 rentur,
621 3719 881 3787 psallendi
916 3722 1053 3775 ritus
1088 3731 1141 3774 et
1170 3724 1490 3777 monasteria
1514 3764 1530 3789 ,
1570 3726 1807 3779 declarat
1840 3726 1945 3780 Ba-

373 3809 529 3862 silius
554 3823 613 3863 se
645 3812 756 3863 haec
786 3810 1028 3864 instituta
1053 3826 1261 3879 magnae
1297 3812 1439 3868 laudi
1466 3816 1666 3869 ducere
1693 3828 1708 3869 :
1745 3824 1799 3869 et
1822 3831 1943 3870 cum

376 3902 672 3968 objicerent
696 3903 809 3956 hac
838 3902 1083 3973 Gregorii
1123 3914 1365 3973 tempore
1406 3920 1511 3959 non
1545 3906 1738 3973 fuisse,
1765 3907 1945 3961 oblata

373 3995 661 4048 cccasicne
683 3996 1033 4059 demonstrat,
1060 4007 1320 4064 quantum
1349 4012 1535 4051 eorum
1556 4012 1734 4051 mores
1756 4012 1785 4050 a
1816 3997 1947 4053 Gre-

376 4086 513 4154 gorii
545 4085 725 4153 magni
760 4087 1000 4141 moribus
1026 4086 1360 4141 deﬂexerint.
1403 4088 1667 4142 Cancrum
1698 4098 1946 4157 paratunt

374 4192 434 4231 se
469 4192 591 4231 esse
630 4176 874 4231 declarat
913 4179 1155 4247 privatas
1209 4178 1440 4247 injurias
1475 4179 1775 4233 voluntaria
1808 4180 1948 4234 obli-

376 4269 535 4320 vione
563 4278 867 4334 conterere,
907 4271 1063 4323 modo
1109 4269 1237 4322 fides
1265 4271 1319 4323 in
1359 4279 1471 4323 tuto
1499 4271 1589 4335 sit,
1625 4272 1946 4339 hypostases

379 4373 483 4410 non
518 4370 854 4423 evertantur,
895 4360 1096 4413 Christi
1129 4376 1321 4415 nomen
1351 4377 1455 4414 non
1488 4362 1801 4428 abnegetur,
1850 4375 1947 4416 nec

376 4445 622 4515 Gregorii
656 4450 818 4501 verba
848 4450 1031 4516 pravis
1056 4451 1593 4519 interpretationibus
1626 4461 1942 4520 pervertan-
1974 4489 2017 4544 Β

376 4544 465 4589 tur
502 4554 517 4589 :
548 4537 747 4605 quibus
769 4540 948 4591 verbis
980 4540 1283 4593 subindicat
1302 4540 1530 4595 Basilius
1557 4556 1675 4608 quae
1704 4541 1943 4609 apertius

376 4632 597 4695 exponit
633 4629 684 4682 in
721 4630 949 4698 epistola
975 4629 1100 4695 210,
1130 4646 1185 4684 n.
1213 4631 1267 4695 5,
1292 4632 1356 4685 de
1381 4632 1637 4700 episcopo
1663 4630 1945 4685 Neocaesa-

376 4721 564 4786 riensi,
592 4735 660 4774 ex
688 4735 794 4789 quo
823 4722 1065 4775 auditum
1102 4722 1300 4786 fuerat,
1340 4739 1461 4778 cum
1490 4725 1717 4788 diceret,
1748 4738 1944 4778 nomen

380 4809 659 4881 Unigeniti
692 4812 949 4866 traditum
984 4827 1089 4865 non
1113 4828 1253 4878 esse,
1278 4815 1371 4868 sed
1408 4828 1600 4868 nomen
1625 4814 1940 4869 adversarii.

450 4904 578 4958 Duae
604 4914 890 4973 sequentes
922 4905 1160 4973 epistola:
1190 4907 1440 4959 videntur
1469 4908 1534 4960 ad
1568 4907 1698 4960 illud
1724 4917 1942 4976 tempus

379 4998 671 5066 pertinere,
699 5012 805 5066 quo
832 4996 1176 5052 Neocaesarea
1196 4998 1389 5053 bellum
1422 5000 1687 5054 inferebat
1717 5000 1942 5054 Basilio.

377 5088 561 5143 Prima
590 5089 794 5157 scripta
818 5099 902 5143 est
931 5087 1189 5143 Eulancio
1220 5090 1294 5161 (a)
1317 5128 1333 5155 ,
1374 5092 1625 5159 sophistae
1660 5090 1940 5145 Neocaesa-

377 5180 565 5243 riensi,
590 5180 682 5249 qui
712 5193 833 5233 cum
866 5180 1068 5249 jamdiu
1098 5180 1232 5233 nihil
1269 5182 1532 5235 scriberet
1564 5182 1784 5246 Basilio,
1825 5196 1937 5236 me-

379 5273 557 5329 tuendi
584 5275 764 5328 locum
809 5272 1091 5337 afferebat,
1136 5289 1203 5327 ne
1240 5273 1498 5328 Basilium
1532 5271 1942 5327 Neocaesarien-

376 5370 516 5421 sium
556 5383 723 5422 causa
754 5369 933 5422 odisse
956 5371 1230 5437 coepisset,
1258 5370 1346 5438 qui
1375 5380 1529 5423 antea
1560 5368 1740 5423 Basilii
1777 5382 1941 5423 causa

374 5459 901 5515 Neocaesariensibus
932 5460 1136 5515 invisus
1164 5473 1302 5515 erat.
1340 5460 1523 5516 Altera
1563 5472 1719 5517 caret
1744 5461 1941 5517 inscri-

464 5634 518 5703 a)
544 5635 642 5703 Ep.
666 5631 792 5689 208.

464 5635 518 5703 α)
544 5635 642 5703 Ep.
666 5635 792 5689 208.

442 5635 517 5776 ξε)
551 5706 649 5774 Ep.
682 5702 811 5757 252.

691 5800 965 5860 Panos.
997 5797 1113 5859 Gs.
1154 5796 1389 5859 XXlX.

2039 1897 2343 1951 retulimus.
2371 1896 2627 1951 Basilium
2664 1897 3043 1953 Tillemontius
3072 1908 3195 1953 ante
3224 1900 3362 1953 diem
3393 1899 3592 1956 festum

2038 1988 2094 2043 S.
2127 1989 2415 2059 Eupsycbii
2448 1989 2498 2042 in
2527 1988 2755 2043 Pontum
2790 1989 3067 2044 existimat
3103 1991 3399 2059 profectum
3447 2006 3590 2049 esse.

2038 2080 2144 2134 Sed
2181 2080 2607 2149 litec,sententia
2644 2080 2919 2134 conciliari
2966 2097 3071 2135 non
3110 2091 3283 2150 potest
3318 2098 3438 2137 cum
3479 2086 3595 2153 epi-

2036 2169 2172 2223 stola
2201 2169 2326 2234 2l5,
2358 2170 2537 2223 statim
2563 2180 2682 2239 post
2704 2171 2930 2227 reditum
2959 2173 3188 2241 scripta,
3232 2173 3284 2226 in
3314 2189 3417 2243 qua
3443 2174 3598 2230 Basi-

2039 2258 2142 2314 lius
2182 2260 2458 2313 denuntiat
2482 2259 2751 2315 Dorothco
2785 2261 3011 2316 Romam
3044 2263 3326 2332 cogitanti,
3352 2266 3453 2319 hoc
3495 2266 3598 2321 iter

2047 2351 2223 2404 hieme
2250 2351 2438 2404 confici
2467 2366 2569 2404 non
2598 2365 2758 2419 posse
2784 2369 2800 2418 ;
2832 2354 2973 2421 quod
3002 2355 3217 2422 quidem
3247 2356 3480 2411 absurde
3510 2358 3596 2411 di-

2039 2454 2181 2496 eturn
2212 2443 2403 2499 fuisset
2436 2454 2560 2498 ante
2597 2461 2832 2500 mensem
2866 2445 3259 2515 Septembrem.
3298 2448 3388 2504 Sic
3432 2450 3595 2505 etiam

2042 2534 2095 2588 in
2134 2535 2354 2605 epistola
2374 2536 2500 2594 215.
2525 2552 2687 2606 quam
2722 2538 2893 2593 reditu
2928 2555 3026 2594 suo
3079 2542 3323 2607 protinus
3361 2543 3599 2613 scripsit,

2041 2639 2160 2678 cum
2216 2633 2434 2693 rogatus
2492 2625 2681 2680 luisset
2726 2636 2783 2681 ut
2828 2627 2881 2681 in
2918 2627 3353 2697 Mesopotamiam
3385 2646 3445 2685 se
3470 2647 3601 2685 con-

2041 2716 2209 2773 ferret
2238 2759 2252 2783 ,
2283 2733 2477 2787 corpus
2499 2735 2652 2773 suum
2680 2719 2805 2774 huic
2826 2719 3004 2773 itineri
3034 2720 3209 2775 hieme
3230 2719 3478 2777 faciendo
3506 2724 3605 2776 im-

2041 2823 2139 2877 par
2163 2823 2284 2864 esse
2316 2808 2465 2863 dicit.
2494 2807 2759 2864 Praeterea
2796 2810 2849 2863 in
2881 2810 3144 2877 prommio
3172 2811 3412 2879 epistolae
3431 2813 3606 2867 tertias

2042 2900 2337 2962 canonicte,
2390 2901 2530 2967 quod
2580 2898 2812 2954 Basilius
2860 2900 3052 2953 itinere
3100 2899 3325 2954 Pontico
3355 2901 3603 2959 defessus

2045 2990 2333 3051 scribebat,
2368 3004 2619 3058 magnum
2654 2989 2865 3043 videndi
2894 2988 3252 3058 Amphilochii
3280 2992 3603 3048 desiderium

2044 3082 2337 3151 significat,
2389 3096 2557 3150 seque
2592 3081 2823 3136 libenter
2869 3082 3287 3151 Euphemiadem
3315 3090 3601 3139 venturum

1970 3154 2011 3210 (ἶ
2048 3174 2338 3242 promittit,
2369 3171 2416 3226 si
2444 3189 2508 3225 eo
2544 3171 2955 3241 Amphilochius
2993 3172 3250 3226 accedere
3268 3187 3374 3226 non
3415 3188 3605 3241 grave-

2042 3272 2147 3317 tur.
2186 3263 2293 3320 Sed
2339 3263 2384 3319 si
2436 3262 2671 3318 inSIabat
2708 3263 2824 3318 dies
2870 3262 3039 3317 fesms
3081 3262 3140 3316 S.
3171 3263 3481 3336 Eupsychii,
3507 3277 3607 3318 cur

2043 3368 2147 3407 non
2179 3353 2373 3406 iterum
2416 3351 2848 3420 Amphilochium
2898 3353 3131 3406 invitat?
3183 3352 3300 3406 Jam
3327 3354 3469 3407 enim
3518 3354 3607 3408 in-

2039 3445 2303 3499 vitaverat
2332 3442 2490 3511 paulo
2514 3452 2637 3511 post
2663 3442 2891 3498 Pascha.
2916 3443 3048 3497 Nam
3071 3444 3235 3498 etiam
3270 3446 3311 3499 si
3343 3449 3445 3500 iter
3467 3443 3609 3500 Pon-

2043 3536 2203 3590 ticum
2233 3544 2358 3589 ante
2381 3534 2754 3602 Septembrem
2783 3536 3032 3590 collocari
3079 3547 3286 3605 posset,
3326 3546 3472 3592 certe
3501 3553 3607 3591 non

2041 3629 2210 3681 multo
2239 3638 2365 3683 ante
2397 3647 2410 3683 :
2452 3630 2723 3697 siquidem
2755 3631 2988 3683 maxima
3021 3643 3147 3696 pars
3174 3630 3434 3693 temporis
3469 3645 3496 3683 a
3522 3630 3608 3684 die

2041 3714 2263 3771 Pascha;
2304 3734 2476 3788 usque
2511 3720 2575 3771 ad
2609 3721 2710 3772 hoc
2745 3727 2955 3787 tempus
2984 3721 3036 3771 in
3082 3719 3295 3781 itinere,
3335 3721 3477 3789 quod
3508 3721 3608 3772 ha-

2042 3811 2157 3863 buit
2196 3808 2426 3864 Basilius
2460 3810 2511 3863 in
2557 3810 2838 3873 Pisidiam,
2887 3810 3080 3863 deinde
3124 3809 3175 3862 in
3210 3809 3494 3864 visitandis
3518 3825 3611 3878 pa-

2044 3903 2226 3957 rteciae
2265 3903 2537 3967 ecclesiis,
2580 3904 2633 3956 in
2675 3901 3012 3957 conliciendo
3046 3901 3239 3955 itinere
3271 3900 3497 3956 Pontico
3526 3903 3609 3956 in-

2043 3992 2181 4045 sumi
2216 3992 2507 4046 debuisset.

2115 4082 2338 4136 Videtur
2366 4082 2598 4138 Basilius
2629 4098 2694 4138 ex
2737 4082 2839 4137 hoc
2881 4082 3073 4136 itinere
3117 4091 3331 4153 optatos
3353 4083 3513 4153 pacis
3550 4090 3607 4139 et

2044 4175 2344 4229 concordia:
2372 4175 2580 4230 fructus
2611 4175 2941 4244 percepisse.
2983 4174 3140 4228 Anno
3185 4176 3329 4229 enim
3362 4176 3609 4245 sequenti

2046 4268 2239 4321 invitat
2280 4249 2435 4321 Ponti
2477 4269 2758 4337 episcopos
2803 4267 2903 4338 (b),
2936 4276 2994 4320 ut
3024 4270 3300 4337 antiquam
3336 4270 3610 4322 memoriae

2046 4356 2106 4411 S.
2150 4357 2444 4428 Eupsychii
2496 4361 2757 4413 obeundae
2805 4359 3250 4413 consuetudinem
3289 4359 3356 4411 de
3399 4360 3609 4427 integro

2048 4459 2312 4517 repetant.
2331 4450 2500 4502 Aliam
2522 4464 2743 4502 causam
2780 4449 2928 4502 addit
2958 4447 3353 4513 Tillemontius,
3384 4449 3526 4517 quod
3549 4465 3609 4505 se

2052 4542 2379 4593 med.ocriter
2392 4541 2635 4609 afﬂictum
2654 4556 2682 4595 e
2702 4540 2871 4593 Ponto
2896 4540 3121 4593 rediisse
3134 4540 3274 4593 dicat
3299 4540 3391 4609 (r):
3417 4556 3481 4595 ex
3503 4555 3611 4609 quo

2051 4630 2254 4701 colligit
2281 4632 2627 4686 doctissimus
2660 4631 2894 4700 scriptor
2933 4629 3398 4684 Neocaesarienses
3441 4633 3609 4687 mole-

2050 4724 2185 4777 stias
2215 4724 2395 4793 aliquo
2424 4740 2454 4777 a
2498 4724 2784 4779 maritimis
2822 4724 3088 4792 episcopis
3122 4723 3317 4777 solatio
3358 4740 3611 4794 compen-

2052 4825 2199 4870 satas
2234 4817 2439 4878 fuisse;
2487 4817 2683 4885 alioqui
2724 4831 2828 4869 non
2873 4816 3197 4868 mediocrem
3248 4815 3427 4870 Basilii
3464 4817 3609 4873 futu-

2052 4923 2170 4961 rum
2209 4907 2511 4972 fuisse,sed
2540 4909 2832 4961 maximum
2874 4922 3183 4962 mmrorem.
3223 4907 3421 4963 Verum
3480 4911 3611 4966 illud

2052 4998 2307 5070 μετρίως,
2334 5000 2475 5067 quod
2509 4999 2683 5053 fucum
2716 4999 2844 5052 fecit
2874 4996 3238 5064 Tillemontio,
3277 5015 3381 5055 non
3408 5002 3611 5055 medio-

2050 5104 2221 5152 crem,
2252 5092 2346 5143 sed
2372 5103 2592 5159 gravem
2630 5090 2869 5142 dolorem
2896 5090 3190 5158 significat,
3220 5100 3278 5144 ut
3299 5090 3353 5144 in
3381 5101 3507 5146 nota
3542 5093 3608 5147 ad

2050 5177 2193 5233 hunc
2219 5178 2393 5234 locum
2417 5179 2847 5234 observavimus.

2121 5268 2235 5324 Non
2265 5270 2405 5325 enim
2448 5271 2772 5324 mediocrem
2819 5269 3057 5326 dolorem
3104 5272 3320 5328 inurere
3358 5279 3612 5341 poterant

2048 5372 2169 5428 quae
2195 5360 2559 5415 Neocmsarea:
2594 5362 2647 5414 in
2669 5359 2928 5415 Basilium
2960 5362 3417 5431 commissaﬁsunt.
3450 5362 3612 5418 Post-

2050 5470 2210 5525 quam
2241 5457 2350 5525 egit
2382 5471 2503 5511 cum
2528 5456 2797 5527 episcopis
2824 5456 3113 5515 maritimis
3136 5472 3256 5528 quae
3279 5457 3379 5513 sibi
3413 5470 3615 5528 propo~

2127 5630 2195 5703 (ε)
2229 5634 2321 5705 Ep.
2352 5634 2477 5691 217.
