4040 6216
451 393 649 434 (II-XXIV

1789 374 2317 433 PROLEGOMENA.

455 502 632 567 sueral
657 530 674 557 ,
702 489 1109 560 respirationem
1133 486 1365 556 aliquam
1387 503 1416 542 a
1440 489 1670 559 negotiis
1693 499 1882 545 nactus
1908 490 2006 561 (α),
2038 494 2084 550 Α
2112 504 2229 542 rum
2280 485 2758 543 exercitationibus
2800 487 2986 551 charo,
3036 495 3089 540 et
3119 486 3171 540 in
3200 501 3423 559 corpore
3456 488 3675 550 infirmo

454 585 680 641 contulit
718 598 776 639 se
804 584 871 637 ad
908 582 1050 637 aedos
1080 580 1263 635 fratris
1297 580 1466 646 Petri,
1498 597 1618 651 quae
1649 597 1816 652 pr0pe
1851 583 2006 638 Neo-

453 690 742 732 caesaream
769 674 885 729 sita:
913 682 1087 727 erant.
1113 671 1268 727 Hunc
1296 673 1437 728 enim
1466 673 1640 728 locum
1659 675 1713 728 in
1734 674 2011 730 amoribus

454 764 706 829 habebat,
752 770 864 816 tum
897 760 1025 830 quia
1058 760 1129 815 ibi
1166 762 1306 829 apud
1349 762 1525 817 aviam
1553 771 1781 817 matrem
1813 764 2011 817 educa—

456 862 543 907 tus
572 850 749 906 infans
800 851 999 915 fuerat,
1047 865 1112 905 ac
1157 861 1342 921 postea
1389 851 1571 922 plures
1611 867 1783 907 annos
1813 854 2009 907 ibidem

453 942 639 1012 procul
668 957 698 995 a
726 942 973 998 civilibus
998 942 1155 999 undis
1183 928 1612 1014 phil030pbando
1649 946 1961 999 traduxerat
1991 988 2005 1013 ,

455 1042 565 1085 tum
615 1031 738 1100 quia
789 1031 856 1084 ibi
908 1030 1140 1085 instituti
1190 1031 1257 1085 ab
1293 1045 1359 1087 eo
1407 1031 1656 1086 monachi
1682 1032 1781 1086 sub
1826 1030 2011 1087 fratris

452 1122 597 1177 Petri
626 1121 908 1191 disciplina
924 1121 1212 1189 degebant.
1237 1123 1306 1176 At
1323 1124 1410 1177 ubi
1436 1123 1690 1177 Basilium
1714 1136 1778 1177 eo
1801 1122 2013 1177 venisse

455 1211 976 1268 Neocarsariensibus
999 1211 1302 1265 nuntiatum
1331 1220 1435 1276 est,
1482 1220 1593 1265 tum
1626 1226 1752 1267 vero
1792 1212 2009 1281 quidam

452 1304 719 1360 mendacii
759 1303 995 1359 artifices
1028 1302 1377 1357 clamitarunt
1409 1303 1666 1358 Basilium
1715 1304 1770 1358 in
1821 1304 2007 1359 urbem

451 1402 760 1458 venturum,
791 1401 847 1446 ut
868 1392 1070 1448 erroris
1100 1402 1351 1462 argueret
1393 1408 1528 1462 quos
1566 1408 1630 1448 eo
1676 1392 1893 1448 nomine
1919 1407 2008 1447 su-

451 1485 752 1554 perioribus
787 1483 981 1538 litteris
1009 1493 1377 1550 accusaverat,
1409 1499 1573 1550 seque
1594 1484 1792 1554 popqu
1820 1484 2011 1538 vendi-

453 1579 611 1625 taret.
645 1570 831 1639 Itaque
858 1572 1088 1625 tumultu
1119 1572 1312 1627 civitas
1349 1573 1577 1641 repleta,
1607 1573 1728 1628 aliis
1750 1572 2009 1644 fugienti-

450 1667 573 1732 bus,
610 1663 730 1718 aliis
779 1663 1084 1718 clanculum
1121 1652 1565 1735 egredientibus:
1614 1676 1669 1720 et
1713 1665 1903 1721 harioli
1945 1680 2010 1721 ac

453 1753 786 1811 somniorum
816 1753 1140 1822 interpretes
1173 1763 1432 1807 terrorem
1456 1763 1795 1824 sparserunt,
1824 1768 1888 1809 ac
1908 1753 2010 1808 Ba-

2113 582 2349 634 animnm
2377 588 2709 633 constantem
2749 592 2813 632 ac
2851 578 2903 631 in
2937 593 3122 634 amore
3147 580 3390 635 veritatis
3416 582 3670 638 stabilem

2110 673 2336 743 gerenti.
2375 671 2480 726 Sed
2515 673 2698 740 paucis
2730 672 2918 726 diebus
2943 686 3225 741 p05tquam
3259 675 3480 731 advenit
3508 677 3665 733 Basi-

2116 766 2243 830 lius,
2275 764 2538 818 Hilarium
2594 765 2791 818 abiisse
2820 765 3023 819 didicit.
3068 767 3122 820 Id
3166 780 3232 821 eo
3285 769 3456 837 magis
3504 770 3677 826 doluit

2111 854 2334 915 Basilio,
2364 853 2508 922 quod
2543 852 2772 905 libenter
2805 852 3108 921 aperuisset
3139 853 3343 911 Ililario
3372 857 3675 923 molestias,

2112 959 2231 1013 qua:
2260 943 2359 997 sibi
2392 944 2709 997 accidebant
2764 942 2833 997 ab
2868 943 3153 999 Eustathio
3187 954 3245 1000 et
3293 950 3360 1001 ab
3390 949 3676 1005 Anommis

2111 1046 2165 1089 et
2196 1033 2702 1089 Pneumatomacbis
2728 1052 2742 1089 :
2780 1049 2846 1088 ex
2877 1034 3071 1103 quibus
3101 1036 3450 1104 Eustathius,
3505 1054 3669 1109 quem

2111 1126 2338 1181 Basilius
2368 1125 2541 1197 majus
2568 1126 2845 1196 quidpiam
2869 1140 2988 1182 esse
3027 1128 3365 1195 crediderat,
3394 1146 3556 1200 quam
3586 1132 3673 1187 fe-

2112 1227 2197 1272 rat
2234 1217 2469 1270 humana
2502 1226 2717 1283 natura,
2750 1217 2828 1271 sic
2859 1230 2980 1269 eum
3038 1216 3237 1285 ubique
3298 1227 3561 1274 terrarum
3609 1235 3679 1276 ac

2115 1306 2342 1360 marium
2386 1304 2808 1367 decantaverat,
2842 1315 2899 1358 ut
2926 1305 3057 1358 nihil
3102 1305 3282 1360 Basilii
3325 1308 3541 1364 nomine
3582 1310 3686 1364 de—

2114 1397 2412 1453 testabilius
2468 1406 2610 1451 esset
2647 1396 2785 1465 apud
2817 1398 2954 1464 pios.
2980 1396 3228 1452 Anomrei
3271 1400 3433 1453 etiam
3475 1399 3679 1456 Basilio

2110 1488 2304 1543 bellum
2324 1487 2642 1551 inferebant,
2666 1487 2757 1541 sed
2774 1488 3527 1556 praecipueaneumatomacbi
3550 1505 3676 1545 eum

2110 1579 2372 1635 conviciis
2421 1578 2744 1650 perfundere
2799 1588 2853 1632 et
2905 1578 3147 1633 insidiari
3178 1595 3282 1634 non
3312 1581 3674 1647 desinebant,

2112 1687 2420 1743 quanquam
2472 1674 2738 1728 hactenus
2765 1687 2948 1727 eorum
2982 1681 3206 1726 conatus
3232 1672 3452 1728 inutiles
3491 1673 3680 1727 Domi-

2112 1778 2212 1817 nus
2240 1763 2568 1817 reddiderat.
2622 1762 2896 1827 Hilarius,
2933 1770 2990 1816 ut
3036 1763 3290 1818 Ecclesia:
3317 1778 3476 1817 causa
3510 1764 3677 1818 vehe-

450 1840 630 1894 silium
660 1840 942 1894 acerrimis
992 1840 1290 1895 malediclis
1333 1841 1585 1909 ﬁxerunl,
1631 1843 1707 1898 ila
1748 1844 1880 1899 utin
1906 1857 2008 1913 Pu-
2037 1829 2083 1891 Β
2111 1865 2320 1909 menter
2363 1855 2660 1926 cupiebat,
2712 1852 2913 1909 Basilio
2971 1854 3036 1910 de
3088 1856 3248 1909 rebus
3290 1853 3681 1908 ecclesiasticis

449 1931 607 1986 blicis
635 1930 893 1986 conviviis
918 1930 1095 1986 fabula
1121 1932 1294 1987 ﬁeret.

519 2019 664 2074 Nibil
697 2034 826 2075 sane
857 2022 1081 2091 cogebat
1109 2020 1363 2076 Basiliam
1402 2021 1666 2093 ejusmodi
1704 2023 2010 2080 hominibus

450 2111 662 2167 consilii
696 2109 780 2166 sui
814 2111 1078 2165 rationem
1108 2124 1378 2181 eXponere
1411 2129 1425 2165 :
1463 2114 1557 2167 sed
1589 2122 1768 2167 tamen
1798 2129 2009 2169 summa

450 2200 599 2255 illum
632 2200 871 2256 charitas
904 2200 1138 2269 impulit,
1165 2210 1221 2255 ut
1244 2201 1383 2256 hanc
1412 2204 1626 2273 quoque
1648 2205 1787 2257 viam
1819 2205 1884 2259 ad
1917 2221 2010 2261 eos

449 2292 719 2348 sanandos
758 2299 1013 2347 tentaret.
1050 2290 1281 2361 Scripsit
1302 2293 1482 2362 itaque
1514 2295 1840 2364 primoribus
1872 2298 2009 2352 civi-

450 2383 581 2437 tatis
601 2381 878 2451 epistolam
901 2381 1027 2449 2I0,
1054 2382 1106 2437 in
1129 2397 1233 2451 qua
1252 2383 1491 2438 declarat
1512 2401 1616 2441 non
1637 2400 1757 2440 eum
1785 2401 1844 2443 se
1866 2402 2007 2455 esse,

448 2473 689 2543 quicum
718 2472 846 2527 olim
881 2472 949 2527 ab
977 2474 1056 2528 eis
1092 2474 1486 2543 perhonoriﬁce
1531 2485 1753 2533 vocatus
1807 2479 1997 2535 venire

448 2561 703 2625 noluerit,
745 2575 889 2616 nunc
919 2560 1201 2618 invocatus
1230 2578 1290 2619 se
1318 2563 1598 2633 obtruuat,
1635 2574 1689 2620 et
1730 2566 2006 2636 navigium

449 2652 810 2719 gubernatore
837 2652 1152 2707 destitutum
1178 2653 1385 2724 ingredi
1412 2654 1559 2710 velit.
1590 2655 1770 2711 Factae
1805 2658 1907 2713 sibi
1935 2657 2013 2713 in-

443 2743 604 2813 juria
635 2758 852 2799 causam
891 2745 1087 2814 repetit
1120 2760 1187 2799 ex
1219 2746 1371 2801 ducis
1412 2760 1600 2802 eorum
1653 2748 1852 2805 invidia
1875 2788 1891 2814 ,
1948 2764 2013 2806 ac

447 2834 760 2889 inducendae
786 2833 1004 2889 haeresis
1022 2835 1334 2891 Sabellianae
1356 2839 1629 2907 proposito
1661 2858 1673 2893 :
1699 2848 1753 2895 et
1771 2843 2013 2910 quamvis

448 2940 573 2980 eum
614 2926 989 2980 vehementius
1014 2940 1174 2995 quam
1225 2927 1277 2981 in
1302 2929 1592 3000 ﬁprioribus
1628 2929 1823 2986 litteris
1855 2946 2014 2986 accu-

450 3026 557 3082 set,
583 3015 855 3071 lenitatem
885 3024 1061 3070 tamen
1085 3031 1149 3070 eo
1177 3018 1441 3086 perducit,
1476 3030 1533 3074 ut
1560 3035 1680 3074 eum
1714 3022 1818 3076 sibi
1852 3022 2014 3078 satis-

450 3106 725 3161 facturum
763 3106 927 3172 dicat,
974 3107 1020 3161 si
1052 3122 1293 3161 errorem
1346 3123 1502 3163 suum
1568 3121 1623 3165 et
1657 3110 1818 3181 impie
1841 3112 2008 3179 dicta,

448 3214 568 3268 quae
590 3213 657 3253 ex
679 3211 744 3251 eo
766 3182 947 3251 audita
970 3196 1202 3266 fuerant,
1235 3209 1394 3271 neget
1427 3217 1442 3254 :
1494 3201 1637 3271 quod
1666 3204 1712 3256 si
1754 3216 2006 3271 perseve-

449 3299 557 3353 ret,
603 3287 929 3355 scripturum
984 3301 1043 3343 se
1087 3288 1155 3343 ad
1206 3289 1342 3345 alias
1398 3290 1695 3348 Ecclesias.
1743 3291 2009 3347 Cancrum

448 3378 656 3431 somnia
687 3376 772 3430 illa
807 3392 911 3430 non
955 3392 986 3432 a
1028 3379 1133 3432 Deo
1158 3394 1283 3435 esse
1311 3381 1492 3443 docet.
1523 3383 1618 3437 sed
1664 3398 1693 3436 a
1744 3384 1868 3439 vino
1911 3399 2009 3438 ex-

441 3476 746 3532 aestuante;
773 3476 933 3537 atque
954 3469 1168 3525 etiamsi
1199 3482 1386 3528 essent
1410 3471 1698 3545 Evangelia
1722 3486 2010 3531 consenta-

450 3571 577 3622 nea,
611 3559 734 3625 quia
763 3567 940 3614 tamen
969 3561 1289 3616 charitatem
1318 3563 1539 3631 la2dunt,
1570 3567 1635 3621 iis
1669 3582 1889 3636 prorsus
1918 3584 2012 3624 su-

447 3650 840 3720 persedendum
864 3666 1000 3707 esse.
1028 3652 1274 3710 Nondum
1297 3672 1328 3712 e
1358 3657 1544 3715 fratris
1570 3660 1774 3716 aedibus
1805 3663 2009 3719 disces-

446 3750 596 3796 serat
626 3739 887 3808 Basilius,
933 3759 1057 3798 cum
1116 3746 1257 3802 hanc
1300 3750 1523 3818 scripsit
1574 3753 1895 3822 epistolam,
1951 3763 2012 3808 ut

448 3839 598 3900 patet
619 3846 688 3887 ex
720 3834 1014 3901 primordio
1047 3854 1061 3891 :
1098 3834 1270 3893 Plane
1303 3840 1438 3893 nihil
1471 3858 1597 3909 opus
1623 3853 1760 3908 erat,
1807 3844 2002 3913 inquit,

450 3932 504 3976 ut
531 3939 699 3977 meum
722 3924 863 3978 vobis
885 3930 1209 3983 enuntiarem
1228 3931 1526 3998 consilium,
1549 3944 1638 3986 aut
1661 3934 1852 4003 quibus
1871 3952 2008 3991 nunc

448 4016 513 4065 de
541 4014 714 4068 causis
742 4015 797 4068 in
822 4017 902 4069 Itis
931 4019 1027 4071 sim
1059 4019 1187 4072 locis
1210 4037 1538 4088 exponerem.

517 4101 653 4155 Cum
685 4103 739 4156 in
766 4104 851 4159 his
872 4108 1136 4175 angustiis
1161 4121 1473 4165 versaretur
1492 4112 1743 4178 Basilius,
1764 4128 2010 4183 percom-

448 4196 608 4248 mode
656 4195 935 4266 Olympius
978 4197 1051 4268 (ὁ)
1090 4199 1326 4273 insignis
1368 4204 1506 4258 inter
1543 4203 2008 4264 Neocaesarienses

448 4285 603 4350 civis,
632 4301 760 4340 suos
785 4289 849 4341 ad
882 4303 1005 4342 eum
1030 4290 1166 4345 ﬁlios
1195 4308 1316 4345 cum
1347 4293 1541 4350 litteris
1568 4297 1733 4351 misit.
1751 4297 2005 4368 Magnum

448 4379 500 4431 id
525 4376 777 4431 solatium
811 4376 910 4432 fuit
932 4377 1150 4446 Basilio,
1185 4382 1276 4451 qui
1298 4393 1580 4455 postquam
1600 4387 1810 4445 litteras
1830 4390 2010 4462 Olym-

2106 1946 2440 2016 -scripserat;
2468 1960 2698 2016 cumque
2724 1944 2858 1999 nihil
2888 1945 3128 2015 reSponsi
3169 1944 3462 2014 acciperet,
3490 1945 3680 1999 admo-

2109 2037 2227 2092 nuit
2283 2036 2577 2103 Basilinm;
2616 2037 2710 2091 sed
2740 2037 2878 2091 hanc
2909 2034 3190 2105 epistolam
3246 2034 3349 2090 sibi
3405 2034 3677 2090 redditam

2111 2144 2216 2183 non
2249 2127 2415 2182 fuisse
2448 2127 2680 2182 Basilius
2721 2136 2972 2183 testatur.
3560 2122 3567 2127 ’

2183 2216 2266 2272 γι.
2292 2217 2557 2274 Redeunti
2610 2232 2641 2272 e
2684 2216 2859 2273 Ponto
2889 2216 3091 2272 Basilio
3118 2231 3222 2271 non
3250 2217 3365 2273 sine
3396 2216 3559 2271 multa
3588 2217 3677 2271 in-

2113 2309 2371 2365 ﬁrmitate
2392 2325 2459 2366 ex
2484 2310 2748 2365 imbribus
2773 2320 2827 2365 et
2854 2310 3117 2367 molestiis
3140 2311 3366 2367 collecta
3395 2311 3588 2367 littera:
3608 2327 3677 2366 ex

2110 2400 2337 2456 Oriente
2362 2400 2535 2455 allatae
2556 2410 2681 2456 sunt
2702 2416 2765 2455 ac
2791 2402 2937 2455 varia
2974 2401 3188 2472 negotia
3223 2411 3675 2471 supervenerunt.

2111 2490 2246 2545 Tum
2273 2505 2395 2545 cum
2424 2491 2568 2545 enim
2600 2491 2988 2546 constituenda:
3023 2494 3074 2545 in
3102 2491 3272 2545 Ponto
3313 2492 3429 2561 paci
3454 2506 3674 2561 operam

2113 2582 2301 2648 daret,
2334 2582 2572 2637 haeretici
2607 2582 2661 2637 in
2702 2582 2820 2637 aula
2852 2582 3025 2640 solitis
3067 2584 3292 2639 nocendi
3318 2583 3525 2638 artibus
3550 2596 3676 2638 ute-

2111 2672 2327 2729 bantur.
2365 2675 2550 2742 Itaque
2595 2675 2836 2730 redeunti
2876 2675 3180 2729 nuntiatum
3230 2685 3312 2731 est
3336 2715 3350 2738 ,
3379 2676 3528 2731 brevi
3551 2691 3674 2730 eum

2111 2764 2164 2818 in
2206 2765 2380 2819 aulam
2408 2764 2487 2837 (ά)
2536 2767 2683 2835 pacis
2713 2769 2936 2821 obtentu
2969 2777 3217 2821 vocatum
3253 2765 3339 2820 iri.
3371 2766 3527 2833 Quod
3554 2768 3673 2836 qui-

2113 2848 2235 2912 dém
2260 2859 2350 2912 ubi
2384 2858 2570 2912 didicit
2600 2858 2884 2927 episcopus
2916 2859 3152 2927 quidam,
3182 2873 3341 2929 quem
3395 2858 3667 2914 Meletium

2115 2961 2237 3002 esse
2293 2947 2614 3016 conjiciinus
2662 2963 2729 3002 ex
2760 2947 2912 3002 initio
2964 2946 3205 3017 epistolae
3254 2947 3385 3013 216,
3419 2948 3673 3003 Basilium

2120 3052 2220 3107 per
2256 3038 2467 3094 litteras
2499 3042 2747 3095 horlatus
2773 3048 2876 3103 est,
2914 3047 2972 3092 ut
2996 3036 3316 3094 festinanter
3352 3039 3404 3093 in
3429 3039 3674 3109 Mesopo-

2112 3128 2335 3184 tamiam
2365 3131 2586 3185 tendens
2615 3171 2631 3197 ,
2685 3129 2757 3186 ibi
2784 3129 3031 3189 veritatis
3058 3129 3369 3190 defensores
3407 3131 3462 3190 in
3505 3147 3673 3190 unum

2113 3232 2352 3293 cogeret,
2394 3240 2457 3279 ac
2492 3224 2651 3279 simul
2693 3241 2815 3279 cum
2842 3227 2973 3295 ipsis
3000 3228 3065 3280 ad
3093 3228 3470 3297 imperatorem
3508 3229 3674 3297 proli-

2112 3310 2430 3363 cisceretur.
2466 3309 2599 3365 Rem
2648 3315 3011 3367 necessariam
3043 3314 3276 3372 Basilius
3301 3332 3405 3372 non
3457 3318 3672 3387 judica-

2112 3397 2227 3465 bat,
2263 3414 2326 3454 ac
2359 3411 2618 3469 praeterea
2647 3401 2840 3458 itinere
2865 3402 3089 3460 Pontico
3117 3405 3320 3462 fractus
3349 3417 3404 3462 et
3428 3408 3674 3463 debilita-

2124 3499 2226 3555 tus,
2258 3491 2429 3561 impar
2457 3492 2563 3546 sibi
2595 3493 2662 3547 ad
2710 3508 2903 3548 novum
2937 3496 3114 3552 hieme
3150 3499 3541 3555 conficiendum
3586 3502 3671 3555 vi-

2115 3582 2359 3637 debatur.
2414 3583 2517 3639 Sed
2556 3592 2734 3639 tamen
2780 3585 2907 3654 quid
2951 3587 3096 3643 facto
3133 3604 3267 3658 opus
3304 3592 3416 3657 sit,
3446 3607 3513 3647 et
3564 3593 3671 3649 alio

2116 3676 2348 3743 quodam
2392 3676 2643 3746 episcopo
2685 3677 3015 3744 sciscitatur,
3050 3681 3201 3747 cujus
3227 3682 3418 3739 littera:
3452 3686 3673 3741 Neocae-

2110 3765 2341 3820 sariensi
2385 3768 2610 3820 tumultu
2633 3766 2887 3822 afﬂictum
2917 3783 3312 3828 recreaverant.
3332 3773 3512 3844 Neque
3527 3779 3671 3832 enim

2110 3858 2266 3911 aliam
2291 3857 2492 3913 doloris
2519 3874 2741 3915 causam
2766 3862 3003 3916 indicant
3035 3864 3151 3919 haec
3174 3867 3333 3919 verba
3364 3865 3433 3940 (e)
3468 3888 3480 3923 :
3505 3867 3671 3924 Eram

2107 3948 2245 4001 enim
2283 3947 2666 4015 quodammodo
2720 3951 2857 4005 male
2910 3953 3130 4021 affectus
3165 3956 3340 4009 animo
3375 3995 3393 4023 ,
3449 3974 3567 4011 cum
3617 3958 3673 4013 in

2106 4050 2298 4103 magna
2326 4034 2595 4089 hominum
2621 4039 2959 4092 multitudine
3003 4040 3233 4106 ferinam
3275 4046 3559 4114 quamdam
3607 4063 3672 4100 ac

2108 4126 2328 4178 rationis
2353 4126 2562 4179 omnino
2595 4138 2854 4195 expertem
2883 4130 3125 4184 vidissent
3157 4136 3473 4199 socordiam,
3496 4145 3545 4189 et
3572 4138 3673 4189 du-

2108 4225 2308 4269 ctorum
2337 4216 2674 4271 inveteratam
2702 4221 2886 4290 vixque
2912 4224 3283 4277 emendabilem
3309 4226 3435 4278 mali
3454 4243 3673 4281 consue-

2109 4307 2358 4359 tudinem.
2397 4306 2550 4362 Unde
2606 4311 2772 4363 miror
2816 4312 2959 4366 hnnc
3019 4325 3269 4368 eventum
3316 4328 3477 4386 atque
3530 4318 3672 4373 hanc

2107 4396 2429 4464 epistolam,
2464 4412 2583 4463 quae
2639 4408 2746 4451 tam
2803 4400 3102 4457 manifestis
3160 4403 3322 4470 hujus
3354 4406 3480 4457 anni
3526 4407 3673 4461 notis

445 4467 519 4535 pii
546 4467 694 4537 legit,
719 4477 919 4522 etcum
951 4469 1068 4539 ejus
1099 4471 1224 4526 liliis
1257 4474 1552 4531 collocutus
1584 4488 1688 4546 est,
1723 4479 1877 4535 facile
1910 4481 2005 4536 ob-
2035 4495 2080 4550 1)
2109 4488 2316 4557 signata
2351 4499 2478 4543 sunt
2505 4527 2520 4554 ,
2575 4490 2641 4543 ad
2694 4507 2892 4545 annum
2934 4493 3037 4546 573
3092 4508 3121 4547 a
3174 4467 3515 4549 Tillemontio
3583 4512 3674 4551 re-

446 4557 572 4613 litus
599 4567 685 4614 est
726 4560 942 4626 veneni,
969 4563 1110 4630 quod
1158 4565 1490 4620 somniorum
1538 4582 1810 4639 caupones
1859 4574 2001 4641 apud

442 4647 843 4706 Neocaesaream
868 4653 1345 4721 circumferebant,
1378 4667 1436 4711 ut
1457 4660 1524 4714 ab
1553 4661 1617 4714 iis
1644 4664 1734 4731 qui
1764 4680 1857 4720 eos
1881 4680 2003 4720 con-

443 4741 730 4809 duxerant,
770 4745 999 4813 gratiam
1050 4746 1268 4802 inirent.
1318 4748 1515 4805 Narrat
1550 4767 1612 4809 se
1636 4753 1844 4810 litteras
1875 4758 1999 4826 qui-

443 4831 563 4886 dem
598 4833 730 4888 alias
767 4837 1068 4906 scripsisse,
1122 4838 1258 4894 alias
1298 4855 1426 4895 vero
1470 4844 1819 4917 scripturum,
1851 4850 1896 4903 si
1925 4850 2000 4904 ita

440 4926 687 4979 videatur
716 4926 984 5000 Olympio.
1021 4930 1252 4985 Tantum
1281 4944 1536 5002 precatur
1580 4946 1638 4991 ut
1664 4940 1871 5008 prosint
1908 4957 2003 4997 ac-

440 5014 786 5083 cipientibus.
821 5019 1045 5074 Videtur
1086 5022 1228 5076 inter
1273 5025 1370 5079 has
1408 5024 1614 5080 litteras
1664 5031 1997 5085 numeranda

439 5106 667 5173 epistola
693 5106 819 5162 210.
853 5108 1323 5183 Verisimileenim
1355 5125 1437 5169 est
1463 5114 1697 5185 Olympii
1724 5118 1881 5185 filios,
1901 5122 1993 5189 qui

437 5192 621 5250 Basilii
658 5197 895 5251 animam
924 5199 1059 5255 adeo
1084 5199 1337 5257 alllictam
1369 5204 1726 5269 invenerunt,
1774 5216 1901 5262 tunc
1928 5209 1996 5264 ad

436 5300 560 5340 eum
590 5286 804 5343 venisse
830 5304 949 5343 cum
982 5290 1156 5347 adhuc
1181 5306 1485 5348 moraretur
1518 5298 1655 5363 apud
1681 5296 1927 5355 fratrem.

509 5373 833 5442 Speraverat
884 5376 1114 5434 Basilius
1147 5395 1207 5437 se
1245 5382 1320 5452 (ε)
1371 5383 1663 5441 Dazimone
1719 5387 1771 5440 in
1827 5388 1995 5444 collo-

437 5463 622 5531 quium
664 5464 873 5523 Hilario
905 5477 1193 5527 venturum
1222 5511 1238 5542 ,
1278 5474 1483 5531 homini
1508 5475 1575 5532 ab
1613 5477 1748 5548 ipsis
1780 5479 2000 5535 schola-

533 5619 584 5700 ᾳ)
613 5619 710 5700 ep.
738 5620 844 5700 397
879 5632 935 5679 et
962 5623 1087 5681 2l'5.

506 5688 569 5757 (θ
618 5690 712 5759 Ep.
734 5690 861 5745 211.

503 5692 580 5846 (ei
600 5758 697 5830 Ep.
721 5759 844 5816 212.

2108 4578 2261 4633 ferri.

2179 4668 2569 4737 Signiﬁcabant
2594 4672 2778 4726 eadem
2812 4673 3096 4728 Antiochia
3124 4674 3307 4731 ‘allatae
3347 4677 3539 4732 littcrte
3576 4678 3668 4749 (fl,

2104 4759 2330 4816 Paulino
2347 4764 2557 4818 venisse
2589 4762 2762 4818 Roma
2791 4766 3071 4834 epistolam
3100 4770 3410 4835 quamdam,
3449 4785 3569 4839 quae
3617 4773 3671 4826 ei

2104 4851 2469 4920 episcopatum
2519 4854 2914 4908 Antiochenum
2949 4858 3263 4925 deferebat,
3309 4871 3365 4913 et
3392 4860 3667 4915 Meletium

2102 4939 2487 5008 frustrabatur,
2530 4943 2791 5016 valdeque
2836 4944 3017 5001 ellerri
3071 4949 3228 5016 hujus
3279 4951 3448 5019 partis
3495 4952 3663 5008 duces

2105 5040 2160 5086 et
2182 5032 2405 5102 gloriari
2433 5035 2496 5088 de
2519 5035 2619 5089 hac
2647 5036 2871 5105 epistola
2907 5056 2921 5091 :
2952 5039 3143 5095 deinde
3190 5043 3352 5096 etiam
3383 5042 3542 5098 Iidem
3569 5058 3668 5100 eos

2103 5137 2403 5191 proponere
2429 5165 2444 5189 ,
2473 5134 2523 5178 et
2555 5138 2773 5193 paratos
2796 5144 2915 5185 esse
2939 5146 2999 5184 ea
3031 5134 3365 5202 conditione,
3393 5137 3444 5190 id
3472 5147 3578 5202 est,
3617 5138 3667 5193 si

2103 5213 2237 5267 nihil
2271 5215 2500 5283 amplius
2522 5219 2588 5272 ab
2627 5219 2707 5273 eis
2729 5230 3021 5289 peteretur,
3042 5241 3161 5279 cum
3190 5226 3386 5282 Meletii
3422 5210 3667 5285 Ecclesia

2102 5302 2373 5373 conjungi.
2429 5305 2567 5373 Quin
2600 5310 2785 5377 etiam,
2814 5315 2957 5381 quod
2999 5314 3197 5371 Basilio
3228 5320 3469 5374 acriores
3497 5334 3669 5374 cura-

2103 5408 2223 5448 rum
2257 5397 2505 5453 stimulos
2531 5400 2788 5467 admovit,
2821 5404 3133 5462 Terentium
3164 5410 3420 5464 comitem
3446 5411 3499 5465 in
3533 5426 3666 5468 suas

2102 5494 2285 5554 partes
2307 5489 2526 5545 trahere
2557 5492 2914 5566 conabantur,
2941 5508 2996 5555 et
3027 5514 3151 5557 cum
3181 5517 3248 5559 eo
3281 5505 3514 5574 agebant
3539 5544 3558 5572 ,
3604 5514 3665 5561 ut

2197 5643 2252 5714 ἁ)
2284 5644 2382 5714 Ep.
2409 5647 2538 5702 215.

2194 5718 2243 5780 e)
2278 5715 2410 5770 Ibid.

2193 5781 2238 5855 ί)
2277 5784 2370 5855 Ep.
2401 5787 2506 5844 2M
2530 5789 2723 5861 eiero.
