4040 6216
1695 402 1852 459 VlTA
1896 406 1949 459 S.
1993 404 2253 460 BASlLll.

3402 406 3580 457 cxxxv

345 513 482 566 hanc
511 526 634 567 cum
664 511 864 566 Me‘letii
902 503 1144 569 Ecclesia
1187 513 1626 583 coniunctionem
1679 524 1914 575 auctori-
1945 530 1988 583 Λ
2017 523 2134 577 oleo
2164 535 2219 577 et
2248 536 2408 592 opera
2439 521 2654 590 scripsit
2679 535 2741 574 ac
2791 521 3066 576 Terentio.
3118 521 3248 574 Cum
3282 531 3461 574 autem
3508 522 3576 575 εἰ.

345 614 451 658 tate
483 620 580 657 sua
610 605 851 673 juvaret.

413 694 678 748 Audierat
711 693 947 749 Basilius
976 695 1056 765 (a)
1090 695 1400 751 Terentium
1425 714 1487 752 ex
1527 701 1660 763 otio,
1695 702 1746 755 in
1769 703 1910 772 quod

343 798 404 839 se
441 785 509 837 ad
538 785 772 837 animam
804 786 1101 840 curandam
1129 799 1452 852 removerat,
1482 790 1674 844 iterum
1710 795 1775 847 ad
1803 795 1915 848 bel-

344 874 476 928 licus
528 875 792 929 tumultus
850 877 1031 933 redire
1094 889 1340 933 coactum
1397 879 1584 936 fuisse.
1623 885 1726 938 Sed
1760 895 1908 954 tunc,

343 966 434 1019 ubi
463 967 715 1032 cognovit
765 982 888 1020 eum
941 970 1238 1023 Antiochiae
1288 973 1532 1036 versari,
1583 983 1638 1028 et
1696 978 1910 1046 negotia

342 1070 466 1109 cum
502 1057 712 1125 magnis
764 1061 1122 1126 potestatibus
1158 1061 1579 1130 administrare;
1618 1075 1728 1118 tum
1779 1083 1909 1122 vero

342 1147 565 1199 minime
595 1150 912 1202 cessandum
959 1160 1110 1205 ratus
1148 1151 1199 1204 in
1238 1168 1296 1207 re
1334 1154 1461 1207 tanti
1495 1158 1774 1221 momenti,
1815 1174 1910 1212 ex-

342 1249 591 1306 spectare
638 1240 831 1303 noluit,
878 1241 1003 1294 dum
1049 1243 1294 1306 Aeacius,
1323 1245 1412 1312 qui
1443 1254 1550 1299 tum
1585 1257 1699 1300 erat
1731 1247 1908 1302 Caesa-

341 1343 449 1383 rere
475 1330 574 1400 (ὁ),
605 1331 657 1384 in
678 1333 903 1400 patriam
932 1335 1168 1400 rediret;
1196 1335 1285 1390 sed
1317 1346 1572 1405 prrcterea
1603 1340 1786 1393 minus
1817 1355 1908 1393 su-

338 1432 581 1488 spectum
613 1437 734 1476 esse
761 1424 962 1478 ducens
996 1441 1093 1492 per
1121 1427 1328 1496 ignotos
1358 1427 1612 1483 Terentio
1643 1430 1900 1496 scribere,

336 1510 621 1578 epistolam
652 1514 800 1566 dedit
833 1515 1144 1569 munerario
1172 1515 1327 1570 ofﬁcii
1359 1520 1626 1587 praesidis,
1650 1521 1733 1574 cui
1769 1537 1904 1589 prte-

337 1602 480 1670 cepit
508 1611 566 1655 ut
600 1619 719 1656 eam
772 1604 1041 1660 Dorotheo
1081 1609 1392 1677 presbytero
1441 1609 1663 1681 ejusque
1716 1615 1902 1671 amicis

335 1693 486 1760 prius
511 1695 844 1750 ostenderet.

406 1781 626 1838 Veritus
688 1786 867 1856 itaque
931 1788 1161 1844 Basilius
1219 1806 1284 1846 ne
1339 1792 1438 1848 sibi
1495 1810 1742 1865 magnum
1796 1799 1897 1852 hoc

2017 615 2325 685 gnificasset
2356 615 2656 669 Dorotlteus
2691 613 2793 667 sibi
2839 615 2895 667 in
2944 615 3126 667 animo
3177 629 3297 668 esse
3342 612 3570 666 Romam

2016 706 2306 774 proficisci,
2363 706 2572 760 scilicet
2613 715 2670 759 ut
2696 721 2913 760 causam
2949 705 3144 759 Meletii
3173 715 3449 771 tueretur;
3505 718 3569 760 ac

2016 789 2267 844 Basiliam
2301 798 2543 859 rogasset
2583 798 2638 841 ttt
2667 789 2982 853 Gregorium
3039 789 3336 859 Nyssenum
3369 792 3436 844 ad
3472 791 3574 846 hoc

2015 881 2116 934 iter
2139 882 2531 948 suscipiendum
2574 881 2906 950 impelleret,
2941 893 3100 952 negat
3131 883 3360 937 Basilius
3395 880 3567 937 Doro-

2017 971 2193 1026 theum
2241 973 2416 1024 hieme
2446 971 2673 1024 Romam
2721 971 2987 1040 proficisci
3030 986 3224 1040 posse;
3285 982 3568 1041 propterea

2013 1061 2152 1129 quod
2180 1076 2208 1113 a
2237 1060 2702 1128 Constantinopoli
2733 1075 2902 1130 usque
2935 1062 3001 1115 ad
3051 1062 3182 1115 fines
3215 1062 3568 1132 Cappadocia;

2013 1151 2190 1204 omnia
2228 1151 2468 1205 hostibus
2508 1151 2704 1204 referta
2738 1170 2750 1205 :
2787 1154 2833 1206 si
2867 1162 3045 1205 tamen
3091 1153 3392 1206 Dorotheus
3431 1152 3568 1205 mari

2010 1252 2216 1308 utatur,
2267 1252 2476 1311 tempus
2511 1242 2748 1296 futurum
2785 1261 2798 1295 :
2831 1245 2987 1298 modo
3014 1244 3113 1296 hoc
3159 1243 3318 1309 legati
3374 1259 3568 1298 munus

2008 1348 2114 1386 non
2149 1343 2360 1386 recuset
2387 1331 2684 1402 Gregorius
2718 1331 3015 1400 Nyssenus.
3061 1331 3165 1386 Sed
3199 1332 3432 1386 Basilius
3461 1349 3565 1388 non

2005 1423 2218 1476 videbat
2259 1423 2475 1492 quinam
2511 1438 2629 1476 cum
2654 1438 2718 1476 eo
2745 1424 3251 1490 proficiscerentur;
3278 1424 3418 1493 quod
3445 1427 3564 1493 qui-

2007 1515 2126 1570 dem
2182 1516 2247 1569 de
2300 1515 2566 1583 episc0pis
2600 1515 3034 1583 intelligendum;
3084 1530 3206 1567 nam
3266 1516 3563 1585 presbyteri

2003 1621 2110 1661 non
2137 1605 2352 1660 difﬁcile
2378 1605 2582 1661 inventi
2640 1605 2904 1660 fuissent:
2937 1606 3030 1660 sed
3059 1609 3203 1662 viros
3237 1608 3564 1662 auctoritate

2002 1700 2259 1768 prazditos
2298 1698 2562 1766 Evagrius
2609 1698 2780 1753 Roma
2826 1699 3040 1754 rediens
3092 1701 3384 1755 mittendos
3441 1714 3564 1754 esse

2003 1790 2370 1847 nuntiaverat.
2425 1789 2695 1844 Praeterea
2759 1790 2978 1843 fratrem
3043 1804 3199 1843 suum
3257 1792 3456 1844 fatetur
3495 1790 3563 1844 ad

341 1873 400 1928 S.
440 1874 637 1931 Meletii
682 1893 856 1934 Causea
890 1883 1190 1948 praesidium
1224 1884 1540 1954 eriperetur,
1571 1889 1899 1946 demonstra;
1935 1866 1974 1921 Β
2003 1880 2263 1949 ejusmodi
2301 1880 2512 1951 negotia
2563 1881 2740 1936 minus
2783 1882 3032 1936 idoneum
3074 1895 3194 1934 esse
3223 1898 3235 1931 :
3265 1881 3380 1950 ejus
3414 1882 3560 1935 enim

331 1964 589 2022 Terentio
617 1970 746 2038 quid
780 1971 846 2024 de
880 1971 1078 2028 litteris
1127 1973 1294 2030 Roma
1332 1976 1509 2032 allatis
1556 1982 1892 2037 sentiendum

332 2059 444 2125 sit,
483 2061 611 2128 quid
653 2063 720 2116 de
770 2063 890 2119 aliis
929 2065 1124 2120 litteris
1157 2067 1436 2124 Athanasii
1476 2072 1540 2125 ad
1572 2069 1893 2140 Paulinum,

330 2164 470 2219 quas
497 2152 643 2206 illius
674 2164 969 2212 sectatores
1003 2158 1300 2226 iactabant.
1331 2160 1584 2227 Quamvis
1614 2163 1893 2221 Paulinum

330 2241 725 2309 perhonorifice
751 2247 1002 2313 appellet,
1028 2259 1202 2319 negat'
1219 2261 1397 2305 tamen
1431 2267 1488 2307 se
1512 2269 1633 2307 cum
1659 2269 1723 2310 eo
1752 2273 1891 2312 com-

329 2332 756 2400 manicaturum,
787 2338 998 2392 etiamsi
1043 2339 1250 2394 litteras
1279 2341 1418 2396 cmlo
1469 2343 1660 2400 allatas
1711 2347 1896 2414 profe-

326 2437 436 2479 rat.
471 2427 657 2498 Neque
685 2429 832 2484 enim
870 2431 1218 2498 quaestionem
1247 2433 1311 2487 de
1339 2435 1718 2504 hypostasibus
1759 2440 1894 2495 levis

327 2522 587 2575 momenti
617 2523 787 2576 videri
839 2522 1037 2577 debere
1065 2564 1078 2587 ,
1111 2525 1200 2578 sed
1255 2525 1571 2581 latissimum
1621 2529 1919 2587 hmreticis.

326 2627 574 2680 campum
605 2615 672 2668 ad
706 2615 1097 2670 detrahendum
1133 2619 1196 2672 de
1241 2617 1480 2672 Ecclesia
1515 2633 1759 2690 apertum
1805 2624 1890 2687 iri,

327 2703 373 2755 si
425 2705 517 2771 qui
555 2721 716 2760 unam
770 2723 889 2760 cum
946 2707 1178 2762 Sabellio
1225 2710 1552 2782 ltypostasim
1588 2715 1891 2782 profitetur,

328 2793 584 2850 Ecclesia:
612 2798 964 2854 Antiochenae
995 2801 1354 2871 principatum
1383 2845 1396 2867 ,
1438 2815 1747 2876 contempto
1781 2807 1893 2861 Me-

328 2885 478 2950 letio,
510 2891 774 2945 obtineat.
808 2891 961 2947 Ilanc
993 2893 1049 2946 in
1073 2896 1392 2949 sententiam
1435 2897 1748 2966 accipienda
1774 2915 1893 2954 esse

326 2978 514 3035 Basilii
551 2985 710 3038 verba
747 2987 1096 3054 probavimus
1124 2987 1174 3039 in
1204 2987 1541 3044 Praefationis
1571 2991 1746 3057 capite
1787 3003 1894 3046 ter-

329 3072 420 3125 tio.
480 3071 760 3129 Postremo
808 3074 1116 3131 Terentium
1169 3089 1320 3148 rogat
1370 3079 1635 3147 Basilius,
1664 3091 1722 3135 ttt
1751 3083 1889 3138 inte-

323 3175 478 3229 grum
510 3175 570 3215 se
592 3151 774 3217 servet
797 3178 968 3232 usque
991 3164 1056 3216 ad
1081 3164 1312 3218 reditum
1347 3167 1737 3233 confessorum,
1759 3184 1892 3237 quos

2002 1989 2348 2045 congressum
2372 1975 2606 2045 benigno
2632 1990 2694 2029 ac
2719 1976 2832 2028 miti
2869 1975 2984 2028 viro
3019 1974 3381 2029 venerabilem
3409 1975 3556 2030 fore:

2000 2080 2200 2124 atcum
2247 2066 2389 2122 elato
2420 2076 2474 2121 et
2503 2066 2716 2121 sublimi
2759 2076 2812 2120 et
2847 2067 3006 2121 altius
3054 2067 3306 2131 sedenti,
3363 2069 3562 2137 quique

1999 2170 2284 2231 propterea
2316 2159 2599 2214 veritatem
2626 2158 2771 2213 humi
2831 2160 3187 2227 praedicantes
3214 2160 3399 2214 audire
3451 2175 3558 2214 non

1999 2251 2189 2320 possit,
2222 2265 2411 2319 parum
2443 2250 2820 2304 communibus
2855 2249 3015 2304 rebus
3062 2251 3405 2317 profuturum
3457 2251 3556 2305 bo-

1998 2341 2195 2395 minem
2228 2341 2294 2394 ab
2330 2340 2576 2396 illiberali
2623 2340 2987 2395 assentatione
3033 2339 3288 2394 alienum.
3337 2341 3419 2396 Ad
3458 2342 3558 2396 has

1998 2432 2064 2486 de
2139 2432 2382 2486 Romano
2461 2431 2716 2501 pontifice
2793 2432 3045 2500 querelas
3117 2432 3330 2502 impulit
3402 2432 3557 2489 Basi-

1997 2522 2127 2576 lium
2195 2521 2517 2575 commotior
2583 2521 2785 2591 iniquis
2842 2522 3061 2588 judiciis
3119 2523 3375 2590 animus,
3433 2539 3558 2594 qua:

1997 2613 2180 2666 Romae
2209 2615 2274 2666 de
2323 2612 2380 2666 S.
2429 2611 2639 2667 Meletio
2680 2613 2756 2682 (Δ)
2782 2652 2796 2676 ,
2847 2629 2906 2668 re
2934 2627 3037 2666 non
3067 2615 3368 2668 examinata
3394 2657 3407 2682 ,
3461 2617 3558 2672 sed

1997 2719 2058 2757 ex
2094 2705 2402 2760 hominibus
2444 2704 2678 2774 partium
2735 2703 2990 2760 studiosis
3017 2706 3198 2759 audita
3231 2744 3247 2772 ,
3298 2706 3552 2761 fereban~

1997 2783 2100 2852 't‘ur.

2072 2890 2248 2959 Magni
2283 2887 2537 2943 momenti
2561 2889 2953 2942 estobservare
2977 2889 3257 2957 epistolam
3295 2891 3418 2953 215,
3450 2890 3554 2946 hoc

1997 2997 2137 3036 anno
2169 2982 2275 3036 575
2307 2990 2427 3051 post
2464 2981 2697 3034 reditum
2748 2994 2812 3032 ex
2858 2979 3032 3033 Ponto
3063 2983 3317 3049 scriptam
3361 2980 3550 3036 fuisse.

1994 3072 2272 3127 Manifesta
2305 3087 2391 3126 res
2424 3081 2505 3125 est
2534 3084 2600 3124 ex
2641 3069 2828 3138 primis
2869 3069 3110 3140 epistolae
3159 3071 3341 3126 verbis
3377 3089 3390 3124 :
3426 3070 3552 3126 Sta-

1997 3167 2087 3219 tim
2110 3165 2430 3219 occasionem
2465 3176 2667 3228 nactus,
2706 3164 2898 3232 inquit,
2929 3163 3116 3232 scripsi
3150 3165 3259 3217 viro
3281 3165 3335 3218 in
3362 3165 3548 3233 primis

324 3249 557 3306 Basilius
591 3253 867 3309 columnas
896 3264 949 3309 et
978 3257 1379 3312 firmamentum
1409 3259 1654 3316 veritatis
1693 3270 1746 3315 et
1781 3261 1883 3315 Ec-
1917 3228 1958 3285 Ο
1993 3261 2302 3313 admirando
2347 3257 2525 3312 comiti
2572 3255 2810 3311 Terentio
2835 3298 2851 3323 ,
2896 3258 3068 3310 minus
3094 3267 3394 3325 suspectum
3439 3273 3551 3312 esse

320 3345 505 3399 slesia:
535 3361 661 3400 esse
693 3347 950 3400 declarat.

393 3434 744 3506 Perspicuum
798 3445 854 3491 et
913 3436 1242 3505 exploratum
1289 3448 1371 3493 est
1420 3439 1557 3493 hanc
1602 3442 1884 3510 epistolam

319 3530 505 3584 statim
534 3538 660 3598 post
695 3530 924 3583 reditum
954 3544 1021 3584 ex
1058 3529 1226 3584 Ponto
1257 3531 1514 3599 scriptam
1545 3546 1688 3587 esse.
1748 3532 1882 3588 Nam

321 3621 376 3673 in
409 3620 572 3688 epist.
607 3617 732 3684 216,
757 3634 919 3688 quam
956 3635 1145 3674 recens
1182 3623 1249 3673 ab
1282 3620 1387 3676 hoc
1429 3623 1621 3678 itinere
1669 3625 1886 3692 scripsit

321 3713 583 3774 Basilius,
615 3716 902 3765 certiorem
937 3712 1066 3767 facit
1095 3713 1152 3768 S.
1187 3715 1455 3771 Meletium
1496 3732 1573 3784 se,
1599 3729 1883 3786 postquam

320 3804 490 3857 audiit
537 3803 748 3857 Paulini
786 3813 1088 3859 sectatores
1131 3822 1348 3877 Operam
1383 3810 1513 3863 dare
1576 3818 1634 3862 ut
1691 3809 1885 3864 Tcrcn-

323 3895 451 3948 tium
484 3895 534 3947 in
557 3909 683 3947 suas
701 3903 880 3963 partes
905 3898 1235 3965 pertrahant,
1261 3899 1508 3954 celeriter
1540 3901 1605 3955 ad
1628 3901 1768 3954 hunc
1795 3917 1884 3954 co-

320 3987 508 4041 mitem
543 3987 930 4053 scripsisse,ut
955 4002 1142 4041 eorum
1171 3988 1389 4044 fraudes
1425 3991 1571 4045 illum
1606 3993 1878 4047 edoceret.

319 4078 597 4132 Immerito
621 4091 752 4145 ergo
774 4078 1003 4144 epistola
1041 4077 1255 4133 Damasi
1295 4081 1361 4134 ad
1401 4083 1687 4138 Paulinum
1713 4082 1883 4138 refer-

320 4180 408 4222 tur
456 4168 523 4222 ad
570 4183 774 4220 annum
799 4168 927 4233 578,
961 4168 1028 4223 ab
1053 4171 1265 4224 erudito
1294 4172 1502 4228 editore
1529 4172 1879 4243 epistola-rum

320 4276 656 4316 sunuuorum
689 4260 1025 4330 pontificum.
1067 4260 1292 4316 Exstant
1331 4264 1475 4317 enim
1537 4265 1618 4318 hae
1667 4266 1881 4320 Damasi

323 4355 538 4418 litteras,
584 4369 704 4422 quze
750 4369 870 4407 cum
906 4353 1191 4407 Paulinum
1232 4355 1536 4410 Antiochia:
1570 4358 1882 4426 episcopum

321 4445 572 4507 salutent,
605 4444 732 4498 visat
757 4455 884 4498 sunt
925 4447 972 4498 ei
1020 4446 1386 4514 episcopatum
1433 4450 1761 4517 adjudicare.
1826 4450 1882 4504 ltt

319 4551 425 4604 quo
458 4537 676 4603 quidem
706 4535 957 4589 discessit
989 4537 1250 4590 Damasus
1279 4553 1306 4589 a
1348 4536 1547 4592 Liberii
1582 4541 1882 4596 decessoris

317 4629 400 4682 sui
429 4627 691 4696 vestigiis,
722 4629 810 4695 qui
863 4629 916 4681 in
963 4628 1156 4682 litteris
1207 4644 1298 4697 per
1335 4630 1612 4684 Silvanum
1651 4631 1883 4686 Tarsen-

319 4735 432 4772 sem
494 4720 547 4773 in
601 4719 876 4774 Orientem
929 4719 1107 4773 allatis
1153 4718 1210 4772 S.
1257 4718 1526 4774 Meletium
1582 4722 1886 4776 Antiochia:

320 4812 632 4880 episcopum
690 4821 1016 4881 agnoverat,
1055 4820 1111 4864 ut
1141 4821 1367 4867 testatur
1413 4811 1644 4867 Basilius
1679 4815 1730 4867 in
1772 4818 1887 4883 epi-

320 4904 454 4958 stola
483 4904 571 4957 67.
611 4904 743 4957 Eum
768 4913 950 4959 autent
1003 4905 1266 4960 Damasus
1313 4921 1418 4960 non
1469 4907 1638 4959 solum
1675 4907 1887 4976 episco-

319 5004 443 5063 patu
467 4995 787 5060 frustratur,
821 4997 914 5050 sed
949 4997 1109 5050 etiam
1135 5013 1252 5050 cum
1279 4997 1593 5066 gravissima
1620 5008 1769 5051 notat
1801 5000 1884 5051 in-

312 5090 475 5159 juria,
499 5104 626 5143 cum
662 5089 738 5141 ait
766 5104 851 5141 eos
883 5089 971 5158 qui
1000 5090 1061 5142 de
1087 5087 1331 5142 Ecciesiis
1360 5089 1426 5140 ad
1450 5088 1587 5141 alias
1615 5086 1882 5142 Ecclesias

319 5187 694 5250 migrat-erunt,
727 5183 915 5235 tandiu
945 5199 978 5235 ιι
1003 5181 1361 5235 communione
1384 5197 1481 5234 sua
1516 5181 1717 5233 alienos
1743 5180 1876 5247 fore,

317 5278 480 5329 donec
509 5275 580 5328 ad
614 5291 702 5328 eas
732 5275 980 5329 redierint
1031 5275 1266 5328 civitates
1291 5314 1305 5339 ,
1337 5275 1391 5328 in
1436 5272 1622 5342 quibus
1655 5273 1881 5341 primum

318 5377 436 5422 sunt
464 5367 760 5422 constituti.

389 5460 609 5514 Litterae
635 5459 925 5515 Antiochia
958 5457 1133 5514 allata:
1163 5459 1361 5514 Basilio
1382 5498 1395 5524 ,
1422 5457 1638 5526 scriptae.
1669 5455 1888 5510 fuerunt

317 5567 349 5608 a
379 5553 654 5610 Dorotheo
687 5553 1028 5627 presbytero,
1080 5553 1168 5610 cui
1207 5550 1440 5609 Basilius
1489 5549 1558 5621 (c)
1598 5549 1882 5622 deveodem

385 5687 464 5758 (α)
495 5688 592 5756 Ep.
617 5690 745 5746 2M.

390 5832 458 5898 (ε)
495 5830 633 5888 Ibid.

1991 3352 2292 3406 existimans
2341 3366 2430 3419 per
2465 3351 2666 3420 ignotos
2714 3349 2782 3402 ad
2817 3364 2933 3402 eum
2982 3349 3046 3402 de
3083 3350 3363 3415 prapositis
3396 3351 3550 3404 rebus

1993 3444 2252 3507 scribere;
2282 3443 2539 3511 simulque
2569 3442 2639 3496 rei
2681 3457 2883 3494 moram
2921 3441 3109 3509 afferre
3138 3439 3317 3494 nolens
3360 3457 3391 3493 a
3421 3441 3552 3494 cha-

1992 3538 2197 3590 rissima
2226 3535 2390 3604 fratre
2414 3535 2626 3588 Acacio.
2647 3533 2862 3603 Scripta
2889 3547 3017 3601 ergo
3046 3534 3158 3588 haec
3183 3532 3407 3601 cpistola
3426 3547 3548 3586 cum

1992 3628 2130 3696 apud
2158 3625 2414 3680 Basilium
2445 3635 2587 3680 esset
2626 3624 2874 3678 Aeacius.
2908 3625 2977 3676 At
3014 3623 3116 3678 hoc
3151 3625 3266 3690 ipso
3302 3633 3551 3691 tempore

1989 3719 2242 3774 Acacium
2272 3717 2575 3773 Caesaream
2627 3716 2844 3770 venisse
2889 3716 3260 3768 demonstrant
3315 3725 3552 3782 quatuor

1990 3809 2202 3874 litterae,
2234 3824 2368 3879 quas
2425 3808 2472 3864 ei
2508 3807 2740 3863 Basilius
2781 3808 2835 3860 in
2878 3805 3154 3860 Orientem
3200 3805 3547 3873 perferendas

1991 3903 2300 3966 commisit,
2343 3908 2402 3954 ut
2431 3899 2588 3954 modo
2637 3897 2960 3953 videbimus.
3019 3895 3290 3951 Praeterea
3320 3895 3548 3965 epistola

1991 3997 2100 4060 illa,
2130 4007 2288 4064 quam
2313 4005 2372 4045 se
2401 3990 2656 4044 Terentio
2689 3989 2970 4057 scripsisse
3022 3997 3210 4042 narrat
3241 3997 3388 4042 tanta
3424 4003 3547 4043 cum

1990 4088 2290 4150 celeritate,
2322 4093 2380 4139 ut
2402 4083 2583 4138 Acacii
2610 4082 2839 4136 reditum
2887 4091 3204 4150 exspectare
3235 4081 3442 4148 nollet,
3495 4089 3554 4136 et

1993 4189 2136 4233 tanta
2181 4192 2302 4232 cum
2336 4175 2583 4230 cautione
2608 4182 2667 4226 ut
2701 4187 2794 4232 per
2827 4173 3036 4240 ignotos
3094 4171 3332 4226 scribere
3385 4172 3551 4227 tutius

1990 4271 2250 4336 crederet,
2283 4271 2384 4324 alia
2411 4268 2650 4338 profecto
2679 4283 2799 4323 esse
2835 4282 2939 4320 non
2989 4273 3187 4334 potest,
3219 4279 3381 4333 quam
3409 4281 3549 4335 νηι-

1990 4366 2184 4420 cedens
2219 4364 2286 4418 ad
2337 4361 2646 4418 Terentium
2695 4360 2918 4430 epistola
2949 4401 2964 4426 ,
3001 4373 3120 4429 qua:
3169 4366 3224 4412 et
3265 4358 3549 4412 celerrime

1987 4453 2189 4520 scripta
2231 4461 2334 4516 est,
2363 4459 2670 4505 uttestatur
2706 4449 2936 4503 Basilius
2967 4448 3018 4501 in
3073 4447 3300 4515 epistola
3337 4446 3464 4510 216,
3493 4455 3549 4500 et

1988 4559 2108 4598 cum
2135 4552 2324 4612 ageret
2356 4545 2420 4598 de
2450 4544 2608 4597 rebus
2635 4539 2830 4606 Meletii
2861 4580 2875 4605 ,
2917 4539 3094 4593 minus
3134 4538 3273 4590 forte
3305 4537 3543 4590 animum

1987 4635 2224 4690 Terentii
2258 4634 2680 4698 commovisset,
2735 4632 2778 4686 si
2824 4646 2943 4685 eam
2974 4628 3205 4683 Aeacius
3235 4627 3443 4682 Meletio
3494 4635 3550 4682 et

1986 4725 2180 4780 Basilio
2206 4723 2568 4780 amicissimus
2595 4724 2936 4778 reddidisset.

2059 4818 2378 4886 Episcopum
2411 4815 2579 4879 illum,
2612 4829 2767 4884 quem
2807 4830 2966 4883 supra
2997 4811 3226 4867 Basilius
3254 4810 3326 4882 (ε)
3361 4818 3545 4864 aucto-

1988 4923 2100 4963 rem
2130 4907 2229 4962 sibi
2269 4920 2388 4961 esse
2419 4906 2652 4970 dicebat,
2681 4917 2738 4960 ut
2779 4906 2832 4958 in
2869 4904 3308 4973 Mesopotamiam
3337 4917 3400 4955 ac
3421 4901 3549 4956 inde

1988 4995 2331 5051 Antiochiam
2389 5010 2445 5049 se
2473 4994 2783 5058 conferret,
2818 4992 3091 5046 Meletium
3133 4988 3300 5044 fuisse
3345 5003 3548 5058 cogno-

1989 5089 2190 5143 scimus
2223 5102 2288 5142 ex
2313 5088 2504 5156 primis
2537 5087 2718 5140 verbis
2746 5084 2983 5152 epistolae
3017 5081 3146 5146 2l6,
3191 5097 3311 5151 quae
3335 5090 3421 5135 est
3478 5081 3546 5133 ad

1990 5177 2261 5232 Melctium
2293 5197 2307 5232 :
2342 5177 2528 5230 Multw
2553 5192 2666 5241 nos,
2704 5175 2910 5243 inquit,
2941 5185 2985 5227 et
3019 5173 3141 5228 alia:
3174 5173 3548 5244 peregrinatio-

1988 5286 2076 5323 nes
2102 5287 2132 5323 τι
2173 5269 2343 5336 patria
2373 5273 2680 5335 avocarunt.
2714 5264 2847 5320 Tum
2895 5280 2989 5318 sua
3022 5265 3076 5317 in
3113 5262 3368 5317 Pisidiam
3404 5271 3458 5316 et
3492 5261 3543 5314 in

1986 5361 2214 5417 Pontum
2250 5368 2436 5414 narrat
2480 5358 2696 5424 itinera,
2745 5371 2808 5410 ac
2837 5356 3069 5426 scriptas
3104 5355 3277 5409 reditu
3335 5368 3433 5408 suo
3479 5351 3547 5405 ad

1995 5452 2302 5507 Terentium
2336 5450 2561 5504 litteras.
2594 5448 2675 5502 Ex
2710 5447 2908 5513 verbis,
2939 5459 3057 5516 qua:
3091 5443 3388 5509 attulimus,
3419 5455 3542 5511 per-

1991 5544 2219 5616 spicitur
2269 5541 2500 5610 aliquam
2532 5538 3019 5609 peregrinationem
3052 5550 3082 5592 a
3109 5533 3328 5592 Meletio
3349 5539 3547 5605 propo-

2085 5681 2139 5746 d)
2173 5679 2268 5748 Ep.
2300 5678 2426 5744 2M,
2453 5694 2506 5734 η.
2533 5677 2601 5748 2.;

2085 5683 2139 5746 d)
2173 5683 2268 5748 Ep.
2300 5683 2398 5732 au

2061 5683 2131 5826 ξε)
2156 5751 2251 5820 Ep.
2275 5751 2398 5805 213.-
