4040 6216
471 428 664 472 CXXXVI

1814 403 2344 462 PROLEGOMENA.

475 530 636 586 sitam
685 525 732 581 ei
767 521 933 576 fuisse
957 557 973 583 .
1029 517 1097 573 de
1151 531 1258 586 qua
1311 516 1440 585 quid
1485 517 1686 572 sentiat
1733 532 1839 572 non
1887 518 2030 573 edis-
2061 523 2110 582 Α
2135 517 2260 570 dum
2297 508 2670 579 Amphilochio
2693 502 3030 575 perscribere
3053 500 3297 556 voluerat
3325 537 3340 565 ,
3386 498 3479 554 sed
3509 498 3694 553 nescio

478 623 648 685 serit,
696 618 820 687 quia
870 612 1040 668 satius
1094 609 1377 665 videbatur
1429 623 1540 664 rem
1603 609 1732 663 tanti
1782 609 2035 664 momenti

479 712 688 768 arcanis
755 706 1024 762 mandatis
1085 701 1350 769 nuntiari,
1412 715 1572 771 quam
1623 703 1823 757 charta:
1887 715 2035 756 com-

484 803 650 860 mitti.

559 891 665 946 VII.
692 887 825 944 Cum
859 884 1107 941 rediisset
1135 881 1385 946 Basilius,
1408 889 1466 936 ut
1494 880 1749 943 vidimus,
1781 887 1833 934 et
1856 878 2036 932 animo

480 984 708 1041 afﬂictus
758 989 814 1035 et
866 991 1092 1048 corpore
1144 975 1508 1040 confractus;
1567 973 1748 1028 subito
1793 970 2035 1025 omnium

481 1073 684 1130 oblitus
709 1081 811 1134 est,
838 1069 926 1124 ubi
953 1067 1084 1121 vidit
1106 1066 1313 1120 litteras
1336 1063 1693 1131 Amphilochii
1719 1061 1786 1114 ab
1818 1059 2035 1115 zEliano

482 1165 710 1236 quodam
742 1161 928 1216 allatas
953 1158 1050 1229 (a),
1080 1172 1237 1226 quem
1264 1156 1461 1211 Basilio
1477 1155 1884 1209 commendabat
1911 1150 2040 1204 Am-

483 1255 812 1327 philochius,
835 1266 897 1305 ac
927 1248 1146 1320 rogabat
1177 1255 1234 1300 ut
1265 1245 1331 1299 ad
1375 1245 1608 1314 negotia,
1640 1257 1760 1312 qum
1779 1241 2040 1295 Caesarem

486 1348 739 1409 habebat,
764 1341 1118 1414 patrocinium
1157 1352 1308 1392 suum
1363 1335 1719 1405 impenderet.
1763 1333 1811 1386 ls
1856 1329 2038 1384 Basilii

483 1438 786 1512 patrocinio
815 1450 948 1505 Opus
974 1447 1076 1486 non
1102 1429 1325 1494 habuit,
1379 1427 1472 1482 sed
1506 1423 1764 1480 confectis
1809 1420 2040 1490 negotiis

487 1535 623 1589 duas
657 1531 725 1584 ab
749 1543 813 1584 eo
834 1525 1086 1596 epistolas
1107 1523 1171 1577 ad
1196 1517 1624 1588 Amphilochium
1652 1513 1880 1583 accepit,
1905 1527 2040 1582 qua-

491 1640 611 1681 rum
639 1623 803 1677 altera
836 1627 917 1673 est
938 1615 1228 1671 centesima
1255 1611 1461 1666 decima
1490 1609 1716 1678 septima
1743 1647 1759 1672 ,
1785 1607 1897 1662 sive
1948 1619 2042 1659 ca-

489 1711 685 1767 nonica
735 1707 936 1769 tertia,
989 1703 1158 1757 altera
1227 1699 1519 1754 centesima
1569 1698 1776 1752 decima
1821 1705 2037 1750 octava.

489 1802 786 1867 Utramque
827 1795 969 1848 enim
995 1789 1273 1860 epistolam
1304 1787 1461 1842 simul
1503 1787 1722 1844 missam
1759 1785 1924 1841 fuisse
1949 1799 2041 1854 pa-

2138 622 2242 675 quo
2291 614 2457 674 pacto
2489 600 2685 655 oblitus
2736 603 2836 651 est.
2863 593 3088 660 Quidam
3116 608 3180 647 ex
3228 592 3311 645 his
3337 592 3428 660 qni
3469 605 3500 644 e
3529 589 3692 660 Lycia

2135 698 2432 753 Caesaream
2453 692 2758 753 veniebant,
2785 686 3128 742 nuntiaverat
3145 683 3344 739 Basilio
3375 683 3556 752 plures
3571 696 3695 737 esse

2136 789 2188 843 in
2214 786 2315 840 hac
2338 781 2636 854 provincia,
2673 777 2764 846 qui
2796 776 2863 830 ab
2882 776 3201 830 Asianorum
3233 772 3498 827 sententia
3527 770 3694 825 alieni

2136 884 2354 942 essent,
2399 882 2452 927 et
2493 869 2924 928 communionem
2953 865 3137 920 Basilii
3173 872 3434 932 cuperent
3491 860 3698 930 ample.

2139 967 2233 1024 cti.
2270 966 2442 1036 Rogat
2466 980 2594 1034 ergo
2623 959 3054 1032 Amphilochium
3075 997 3091 1024 ,
3119 965 3178 1011 ut
3207 954 3432 1025 probum
3459 953 3694 1021 aliquem

2137 1061 2312 1114 virum
2342 1058 2521 1110 mittat
2551 1055 2603 1110 in
2639 1053 2882 1122 Lyciam.
2912 1049 3093 1104 Primo
3119 1047 3264 1102 enim
3287 1058 3381 1099 eos
3409 1045 3528 1097 sine
3553 1041 3697 1094 litte—

2140 1151 2214 1205 ris
2246 1148 2628 1218 explorandos,
2663 1146 2878 1207 deinde,
2912 1157 2970 1197 re
3000 1147 3303 1212 perspecta,
3347 1135 3693 1191 scribemlum

2139 1251 2193 1296 et
2213 1243 2280 1295 de
2313 1253 2614 1307 congressu
2650 1237 2930 1307 agendum.
2961 1233 3014 1288 Si
3038 1233 3160 1303 quis
3187 1239 3365 1285 autem
3393 1227 3566 1281 iturus
3596 1224 3694 1288 sit,

2139 1333 2187 1388 ei
2209 1343 2395 1386 auctor
2418 1340 2502 1384 est
2539 1327 2769 1383 Basilius
2790 1366 2805 1392 ,
2835 1335 2891 1379 ut
2922 1323 3198 1395 perquirat
3249 1317 3536 1389 Corydalis
3568 1315 3698 1370 Ale-

2140 1423 2400 1477 xandrum
2444 1437 2507 1475 ex
2541 1420 2800 1474 monacho
2832 1418 3170 1486 episcopum;
3219 1412 3452 1481 Limyrze
3508 1407 3696 1461 Diati-

2141 1528 2308 1575 mum,
2338 1511 2493 1581 Cyris
2539 1508 2819 1562 Talianum
2870 1516 2926 1560 et
2982 1504 3264 1557 Polemona
3301 1509 3355 1553 et
3398 1497 3698 1551 Macarium

2141 1604 2513 1673 presbyteros;
2539 1597 2748 1654 Pataris
2776 1598 3067 1651 Eudemum
3091 1593 3397 1661 episcopum
3422 1629 3438 1655 ,
3461 1585 3701 1644 Telmesi

2143 1693 2405 1747 Hilarium
2440 1693 2746 1761 episcopum
2776 1729 2791 1754 ,
2830 1686 2977 1741 Pheli
3018 1685 3315 1738 Lollianum
3361 1682 3698 1750 episcopum.

2144 1782 2250 1838 Hos
2271 1791 2324 1838 et
2356 1781 2534 1850 plures
2578 1781 2709 1835 alios
2744 1779 2934 1846 aliquis
2963 1777 3298 1830 nuntiaverat
3324 1774 3388 1829 de
3417 1774 3521 1828 ﬁde
3551 1783 3703 1829 recte

489 1902 587 1956 tet,
612 1905 716 1944 non
747 1886 916 1942 solum
948 1881 1070 1950 quia
1104 1881 1157 1934 in
1196 1886 1422 1945 utraque
1461 1876 1742 1930 collectum
1789 1887 1855 1928 ex
1901 1871 2042 1927 Pon-
2074 1861 2114 1915 Β
2142 1875 2363 1928 sentire.
2399 1872 2547 1928 Unde
2583 1871 2810 1926 Basilius
2846 1869 3106 1939 plurimas
3158 1866 3267 1921 Deo
3293 1865 3491 1936 gratias
3535 1880 3704 1934 agen-

489 1985 598 2040 tico
642 1981 832 2035 itinere
882 1974 1124 2029 morbqu
1168 1975 1572 2031 commemorat,
1611 1965 1701 2020 sed
1733 1964 1893 2019 etiam
1918 1962 2043 2032 quia

489 2073 648 2144 paulo
681 2080 800 2141 post
825 2066 1008 2121 Basilii
1053 2062 1283 2117 reditum
1335 2057 1498 2112 multa
1535 2064 1870 2119 evenerunt,
1925 2067 2043 2121 quae

492 2143 722 2221 Basilius
773 2160 886 2228 ipse
932 2157 984 2210 in
1034 2154 1192 2222 epist.
1235 2148 1336 2204 251
1386 2147 1712 2216 scripturum
1769 2159 1827 2200 se
1878 2143 2044 2198 fuisse

491 2252 862 2325 Amphilochio
889 2247 1146 2310 declarat,
1178 2243 1222 2296 si
1275 2256 1378 2309 qua
1413 2239 1603 2293 fuisset
1639 2235 1860 2293 occasio
1905 2235 2044 2290 scri-

489 2347 669 2404 bendi.
694 2344 930 2411 Utraque
961 2353 1088 2407 ergo
1118 2332 1340 2406 epistola
1365 2331 1617 2402 praecedit
1648 2327 1768 2385 illos
1795 2335 2042 2394 eventus,

491 2453 628 2510 quos
667 2434 824 2490 modo
853 2430 1218 2486 narrabimus.

563 2527 619 2585 ln
653 2526 872 2582 exordio
897 2523 1135 2594 epistolae
1170 2518 1439 2577 canonicae
1467 2514 1636 2570 tertiae
1690 2524 1941 2580 magnum
1969 2505 2047 2561 vi-

495 2619 656 2677 dendi
703 2615 1060 2686 Amphilochii
1095 2611 1417 2669 desiderium
1449 2605 1722 2676 signiﬁcat
1769 2599 2004 2656 Basilius
2028 2637 2044 2664 ,

495 2707 912 2778 sequeJibenter
935 2705 1000 2759 ad
1051 2703 1194 2758 illius
1218 2702 1358 2756 aedes
1387 2738 1402 2762 ,
1437 2713 1555 2765 quae
1597 2696 1651 2748 in
1683 2690 2048 2761 Euphemiade

495 2803 611 2858 sitae
631 2807 804 2863 erant,
837 2811 1198 2858 accessurum,
1223 2795 1267 2848 si
1297 2806 1361 2846 eo
1402 2785 1808 2858 Amphilochius
1859 2781 2046 2836 venire

495 2909 603 2948 non
634 2880 905 2962 gravetur.
942 2886 1302 2956 Praeterquam
1337 2882 1477 2952 quod
1509 2877 1768 2934 molestiis
1799 2914 1814 2940 ,
1850 2873 2050 2944 quibus

495 2961 754 3039 Caesareae
807 2978 1169 3048 premebatur,
1214 2973 1438 3028 libenter
1477 2984 1536 3024 se
1571 2965 1858 3036 eripuisset
1903 2971 1958 3016 et
1983 2961 2049 3016 ad

495 3067 931 3140 Amphilochium
986 3063 1343 3126 festinasset;
1395 3054 1771 3125 suspicabatur
1826 3062 2052 3104 necesse

495 3159 599 3215 sibi
628 3158 860 3211 futurum
897 3152 1221 3210 Nazianzum
1254 3145 1566 3218 proﬁcisci,
1601 3144 1725 3212 quia
1757 3141 2050 3210 Gregorius

497 3265 565 3306 ex
596 3252 694 3302 hac
725 3247 857 3301 urbe
890 3243 1067 3300 subito
1096 3242 1441 3300 discesserat,
1473 3251 1538 3290 ne
1566 3235 1680 3304 ipso
1707 3231 1921 3302 quidem
1956 3228 2049 3284 ad-

501 3339 708 3395 monito
742 3333 958 3399 Basilio,
992 3332 1082 3401 qui
1121 3330 1314 3400 quibus
1341 3329 1404 3383 de
1429 3327 1606 3380 causis
1636 3323 1686 3377 id
1716 3320 1921 3376 consilii
1946 3323 2049 3376 cte-

498 3428 668 3497 pisset
700 3423 1014 3493 Gregorius,
1034 3420 1235 3474 fatetur
1267 3431 1325 3472 se
1362 3414 1590 3470 nescire.
1625 3411 1821 3466 Narrat
1853 3408 2048 3464 ibidem

499 3515 726 3573 Basilius
752 3551 767 3577 ,
799 3525 958 3580 quem
991 3523 1048 3565 se
1095 3508 1381 3564 missurum
1419 3501 1794 3571 Amphilochio
1850 3498 2051 3568 promi-

501 3617 648 3663 serat
695 3614 756 3662 ut
809 3604 1090 3673 episc0pus
1136 3598 1590 3658 constitueretur,
1609 3607 1732 3646 eum
1792 3601 1847 3646 et
1879 3589 2051 3644 veteri

500 3696 847 3768 aegritudine,
879 3703 931 3748 et
984 3690 1184 3746 recenti
1239 3688 1515 3744 oculorum
1571 3683 1759 3738 morbo
1790 3683 2052 3750 imparem

501 3789 844 3860 episcopatus
897 3783 1047 3838 oneri
1102 3778 1416 3836 sustinendo
1463 3775 1662 3829 factum
1704 3786 1846 3826 esse.
1872 3770 2054 3836 Quare

501 3880 602 3936 etsi
633 3878 946 3934 electionem
985 3872 1184 3944 judicio
1220 3869 1400 3924 Basilii
1438 3877 1491 3923 et
1520 3863 1881 3936 Amphilocbii
1909 3875 2056 3915 com-

501 3972 758 4029 miserant
784 3967 976 4029 lsauri,
999 3963 1272 4019 existimat
1295 3959 1525 4015 Basilius
1547 3956 1918 4012 necessitatem
1944 3956 2056 4005 haec

503 4063 667 4118 verba
697 4074 762 4114 ex
785 4061 866 4114 eis
889 4055 1239 4125 expressisse,
1268 4051 1359 4106 sed
1407 4063 1532 4104 vere
1561 4057 1617 4102 et
1647 4063 1710 4101 ex
1755 4046 1934 4098 animo
1962 4055 2056 4095 eos

504 4163 719 4224 aptasse
756 4151 809 4206 id
837 4150 978 4219 quod
1009 4146 1164 4202 initio
1198 4149 1573 4214 poposcerant,
1607 4152 1668 4193 ut
1707 4151 1926 4193 suorum
1959 4133 2061 4186 ali-

504 4222 626 4315 quis
661 4239 1062 4312 praaﬁceretur;
1100 4234 1269 4289 satius
1315 4245 1444 4301 ergo
1493 4242 1614 4284 esse
1657 4243 1722 4280 ex
1779 4222 2058 4292 neophytis

505 4336 738 4405 aliquem
770 4331 1077 4401 episcopum
1111 4326 1362 4381 ordinare
1387 4362 1408 4388 ,
1451 4322 1565 4377 sive
1615 4317 1933 4374 Macedonio
1982 4315 2058 4368 ita

503 4428 766 4491 videatur,
820 4424 934 4478 sive
974 4435 1098 4475 non.
1133 4415 1367 4486 Epistola
1397 4413 1656 4469 canonica
1702 4410 1858 4464 tertia
1910 4421 2053 4475 prae-

505 4519 661 4590 cipue
687 4514 972 4571 insumitur
1002 4511 1053 4564 in
1102 4507 1456 4564 decernendis
1491 4502 1820 4575 poenitentia:
1857 4501 2012 4553 annis
2039 4540 2052 4563 ,

506 4622 644 4681 quos
666 4606 857 4675 cuique
879 4608 1100 4674 peccato
1131 4613 1228 4668 par
1259 4609 1377 4652 erat
1405 4595 1594 4665 inﬂigi.
1621 4593 1728 4647 Hos
1757 4600 1934 4644 autem
1961 4603 2058 4644 ca-

509 4715 676 4756 nones
710 4697 937 4753 Basilius
993 4707 1098 4748 non
1148 4691 1244 4747 soli
1289 4688 1550 4744 lconiensi
1578 4686 1844 4741 condebat
1876 4681 2055 4736 Eccle~

508 4791 624 4857 site,
673 4790 768 4846 sed
796 4802 891 4844 eos
925 4787 990 4840 ad
1019 4781 1369 4839 Caesariensis
1398 4777 1649 4832 Ecclesiae
1682 4790 1839 4829 usum
1873 4771 2062 4842 vulga-

436 4897 442 4904 ‘
510 4883 606 4938 vit.
631 4870 1027 4938 Commemorat
1051 4875 1192 4932 enim
1223 4873 1274 4927 in
1303 4870 1527 4940 epistola
1559 4867 1686 4930 270,
1731 4880 1992 4922 canonem
2025 4879 2056 4918 a

512 4984 574 5027 se
631 4970 696 5026 de
743 4967 1049 5039 raptoribus
1078 4972 1236 5018 antea
1275 4959 1569 5030 vulgatum.
1624 4956 1757 5010 llinc
1805 4957 1964 5009 etiam
2012 4955 2063 5008 in

511 5059 736 5132 epistola
762 5058 1019 5114 canonica
1063 5053 1295 5112 secunda
1331 5051 1409 5106 sic
1437 5048 1673 5118 loquitur
1695 5047 1766 5118 (b)
1797 5064 1810 5098 :
1840 5044 1992 5110 Quod
2018 5043 2066 5097 si

513 5152 653 5222 apud
683 5165 767 5206 vos
816 5149 1076 5218 prohibita
1125 5155 1199 5200 est
1243 5141 1583 5212 rebaptizatio
1611 5179 1626 5204 ,
1653 5142 1787 5193 sicut
1831 5150 1878 5193 et
1921 5137 2060 5204 apud

513 5243 806 5308 Romanos,
838 5239 1132 5294 mammia:
1161 5235 1388 5306 alicujus
1427 5221 1636 5304 gratia;
1675 5243 1849 5286 nostra
1890 5241 2065 5285 tamen

514 5339 652 5392 ratio
684 5336 787 5391 vim
808 5333 1055 5388 obtineat.

583 5427 642 5484 In
671 5425 889 5497 epistola
900 5423 1026 5485 218,
1049 5436 1166 5492 quae
1189 5419 1537 5474 simul-missa
1560 5424 1643 5471 est
1664 5429 1784 5470 cum
1805 5415 2065 5469 canonica

517 5517 697 5584 tertia,
723 5515 835 5586 agit
853 5512 1082 5569 Basilius
1111 5511 1178 5568 de
1197 5525 1254 5566 re
1274 5508 1453 5582 magni
1476 5505 1754 5568 momenti.
1788 5520 1950 5577 quam
1975 5504 2068 5559 du-

585 5689 667 5832 it)
693 5689 789 5760 Ep.
814 5689 938 5749 an.
968 5675 1094 5745 218.

585 5783 590 5794 -
649 5771 669 5831 )
702 5760 799 5831 Ep.
831 5759 956 5826 199,
980 5773 1094 5815 can.

582 5757 669 5831 (ι)
702 5757 799 5831 ep.
831 5759 956 5826 199,
980 5773 1102 5815 can.
1136 5757 1223 5812 47.

2144 1966 2239 2020 das
2263 1964 2450 2029 duxit,
2507 1964 2552 2018 si
2609 1963 2698 2031 qui
2749 1961 2966 2014 omnino
2997 1960 3049 2012 in
3096 1958 3297 2013 Asiano
3341 1965 3511 2010 tractu
3546 1968 3704 2010 extra

2145 2055 2314 2110 labem
2343 2056 2716 2111 hzereticorum
2743 2061 2943 2106 essent.
3245 2064 3247 2066 ·

2214 2147 2345 2204 VIII.
2371 2145 2555 2200 Nullus
2587 2153 2706 2198 erat
2741 2144 2792 2196 in
2839 2141 2972 2196 orbe
3007 2150 3274 2196 terrarum
3297 2139 3482 2208 locus,
3511 2137 3565 2191 in
3595 2150 3707 2206 quo

2145 2240 2318 2308 majOr
2363 2237 2646 2292 enituisset
2667 2243 2720 2288 et
2765 2233 2893 2286 cleri
2921 2241 2974 2287 et
3006 2231 3418 2302 magistratuum
3444 2238 3496 2283 et
3519 2228 3708 2298 p0puli

2146 2343 2447 2387 consensus
2499 2329 2566 2382 ad
2593 2325 2715 2380 ﬁdei
2743 2323 3106 2378 defensionem
3135 2360 3150 2386 ,
3193 2337 3354 2390 quam
3382 2320 3707 2376 Samosatis.

2147 2423 2253 2478 Sed
2287 2420 2584 2476 communis
2611 2419 2732 2473 vita:
2759 2419 3004 2472 humanae
3038 2415 3229 2479 hostis,
3254 2427 3372 2467 cum
3405 2428 3492 2467 eos
3519 2425 3712 2482 perse-

2147 2524 2394 2567 culorum
2443 2509 2648 2563 viribus
2678 2509 2894 2562 vincere
2924 2521 3026 2560 non
3064 2505 3367 2575 potuisset,
3407 2503 3712 2557 discordia-

2149 2619 2265 2657 rum
2295 2603 2499 2657 semina
2548 2600 2685 2654 inter
2726 2614 2816 2653 eos
2850 2596 3090 2666 sparsit,
3118 2611 3239 2666 qua:
3287 2595 3439 2649 initio
3487 2596 3710 2662 quidem

2149 2709 2312 2763 parva
2363 2703 2418 2749 et
2461 2692 2618 2746 facile
2671 2690 2927 2744 sanabilia
2960 2728 2975 2753 ,
3038 2689 3089 2741 in
3151 2686 3351 2741 malum
3413 2685 3715 2741 insanabile

2151 2798 2431 2853 emergere
2480 2792 2754 2851 poterant,
2785 2781 2888 2836 nisi
2920 2787 3133 2834 mature
3161 2779 3453 2834 remedium
3483 2778 3708 2832 all'erre-

2154 2886 2261 2930 tur.
2293 2874 2471 2942 Quare
2522 2872 2580 2929 S.
2622 2871 2885 2927 Eusebius
2935 2871 2987 2924 in
3029 2885 3087 2925 re
3121 2869 3254 2924 tanti
3298 2871 3554 2925 momenti
3605 2885 3716 2924 non

2151 2968 2407 3030 cessavit,
2439 2965 2532 3020 sed
2560 2979 2621 3018 ea
2650 2963 2867 3032 scripsit
2891 2962 3142 3018 Ecclesiae
3170 2977 3302 3026 suae,
3325 2976 3444 3030 qua:
3474 2977 3573 3032 par
3593 2971 3719 3017 erat

2151 3073 2179 3111 a
2207 3066 2312 3112 tam
2339 3065 2526 3111 sancto
2568 3055 2822 3124 episcopo
2863 3053 3192 3124 exspectari.
3224 3052 3452 3107 Basilius
3503 3064 3713 3120 autem,

2153 3145 2275 3203 cum
2321 3163 2352 3203 a
2387 3147 2673 3202 Theodoro
2712 3146 3040 3200 subdiacono
3079 3145 3358 3200 didicisset
3412 3144 3714 3200 Ecclesiam

2157 3240 2584 3296 Samosatensem
2611 3237 2932 3308 perturbari,
2972 3236 3176 3291 intimis
3202 3237 3448 3293 sensibus
3477 3237 3718 3292 dolorem

2159 3331 2346 3394 traxit,
2374 3343 2538 3394 seque
2569 3328 2852 3382 Samosata
2877 3326 3233 3391 contulisset,
3265 3327 3311 3381 si
3351 3336 3592 3396 tempora
3641 3328 3722 3380 si-

2157 3426 2381 3478 vissent.
2416 3420 2520 3483 Sed
2554 3435 2673 3474 cum
2705 3421 2942 3474 scribere
2970 3419 3106 3474 nihil
3157 3427 3366 3474 vetaret
3396 3459 3412 3482 ,
3446 3433 3511 3473 eo
3543 3417 3725 3471 liben-

2159 3516 2268 3570 tius
2296 3516 2399 3568 hoc
2421 3511 2741 3566 adhortandi
2771 3510 2944 3566 ofﬁcio
2971 3511 3332 3580 perfungitur,
3359 3511 3501 3580 quod
3529 3549 3544 3574 ,
3592 3525 3719 3563 cum

2159 3607 2333 3664 exsilii
2379 3609 2538 3659 minae
2561 3604 2610 3658 ei
2643 3604 3060 3668 intentarentur,
3112 3605 3347 3658 incertus
3379 3612 3495 3656 erat
3521 3619 3588 3656 an
3631 3618 3725 3655 se-

2159 3698 2264 3751 mel
2295 3697 2656 3766 practermissa
2677 3696 2893 3750 occasio
2932 3695 3202 3751 scribendi
3242 3708 3523 3749 reversura
3551 3704 3721 3748 esset.

2162 3785 2535 3841 Subdiaconus
2582 3785 2672 3840 ille
2723 3784 3040 3840 Theodorus
3075 3786 3127 3838 in
3154 3783 3440 3839 Thraciam
3477 3785 3539 3836 ad
3594 3799 3726 3838 san-

2161 3887 2308 3933 ctum
2358 3877 2646 3932 Eusebium
2711 3867 3119 3933 contendebat:
3153 3877 3293 3931 unde
3341 3875 3573 3930 Basilius
3612 3892 3725 3931 non

2163 3971 2369 4025 dubitat
2395 3972 2522 4040 quin
2581 3971 2775 4024 iterum
2827 3969 3126 4038 scripturus
3153 3977 3296 4023 esset
3328 3966 3727 4023 Samosatensi-

2165 4061 2262 4114 bus
2287 4060 2567 4114 Eusebius.

2235 4150 2350 4206 Non
2398 4166 2462 4205 eo
2505 4159 2790 4206 contentus
2833 4151 3046 4205 videtur
3082 4151 3246 4206 fuisse
3293 4158 3511 4204 sanctus
3554 4148 3730 4203 Euse-

2163 4243 2304 4306 bius,
2335 4251 2392 4295 ut
2420 4243 2611 4296 litteris
2643 4242 2756 4296 suis
2788 4251 3093 4298 nascentem
3143 4242 3195 4296 in
3232 4241 3467 4298 Ecclesia
3493 4257 3586 4296 sua
3612 4241 3729 4296 dis-

2165 4334 2399 4388 cordiam
2446 4334 2841 4403 exstingueret;
2875 4334 2966 4389 sed
3012 4334 3176 4388 etiam
3213 4348 3275 4388 ea
3311 4347 3470 4388 causa
3510 4333 3728 4387 videtur

2164 4424 2484 4478 Antiochum
2515 4423 2698 4479 fratris
2725 4424 2892 4477 ﬁlium
2919 4423 3147 4479 misisse.
3182 4423 3335 4479 Hunc
3362 4425 3503 4479 enim
3535 4425 3729 4480 Samo-

2166 4514 2294 4568 satis
2323 4515 2632 4568 redeuntem
2655 4515 2956 4570 videbimus
2986 4532 3126 4570 anno
3159 4515 3288 4582 376,
3317 4515 3460 4570 circa
3493 4531 3722 4570 vernum

2170 4615 2400 4674 tempus,
2424 4620 2486 4686 ex
2513 4622 2618 4676 quo
2646 4607 2927 4676 conjicitur
2950 4609 3046 4663 has
3071 4609 3432 4662 dissensiones
3459 4624 3596 4661 anno
3619 4609 3730 4664 5'75

2166 4695 2432 4750 evenisse.
2469 4695 2582 4750 Huc
2615 4698 2821 4750 accedit
2849 4697 3013 4766 quod,
3047 4711 3166 4750 cum
3205 4697 3404 4764 scripta
3434 4707 3516 4750 est
3543 4696 3729 4750 Basilii

2165 4787 2231 4840 ad
2271 4786 2675 4843 Samosatenses
2699 4788 2940 4856 epistola,
2969 4787 3079 4856 jam
3117 4789 3416 4842 immineret
3443 4790 3731 4856 Cappado-

2167 4879 2263 4932 cia:
2289 4877 2602 4946 gravissima
2640 4888 2950 4946 tempestas,
2986 4888 3042 4933 ut
3073 4879 3203 4933 satis
3239 4880 3437 4933 indicat
3469 4879 3729 4943 Basilius,

2167 4966 2257 5034 qui
2298 4980 2356 5020 se
2390 4966 2591 5021 idcirco
2623 4966 2902 5022 Samosata
2938 4983 3042 5022 non
3076 4969 3286 5022 venisse
3318 4969 3446 5022 dicit
3480 4969 3575 5040 (ιι.
3614 4969 3685 5038 1)
3713 4990 3731 5026 :

2173 5054 2309 5120 Quia
2340 5055 2393 5106 id
2425 5066 2655 5124 tempora
2686 5073 2786 5110 non
2815 5058 3013 5111 sinunt.
3046 5055 3136 5113 Sic
3163 5061 3324 5112 etiam
3350 5074 3470 5112 cum
3501 5059 3575 5112 ait
3604 5076 3617 5112 :
3650 5059 3734 5114 Eo

2171 5147 2309 5215 quod
2337 5145 2508 5198 adhuc
2532 5163 2829 5201 concessum
2855 5149 2946 5213 sit,
2978 5157 3032 5201 ut
3062 5148 3204 5202 vobis
3230 5151 3497 5216 propiores
3541 5152 3734 5217 simus,

2171 5236 2256 5290 his
2288 5237 2466 5290 verbis
2500 5237 2640 5292 inest
2668 5254 2773 5293 non
2805 5240 3032 5294 obscura
3062 5241 3236 5294 exsilii
3278 5241 3632 5309 exspectatio.

2247 5324 2342 5380 Vix
2375 5340 2552 5380 autem
2591 5329 2808 5382 dubium
2838 5341 2920 5384 est
2951 5332 3078 5400 quin
3115 5333 3251 5386 hanc
3294 5331 3476 5386 Basilii
3525 5333 3736 5400 episto-

2173 5413 2279 5468 lam
2320 5415 2372 5468 in
2404 5414 2681 5471 Orientem
2716 5419 2998 5486 pertulerit
3050 5421 3188 5476 idem
3241 5422 3491 5487 Aeacius,
3523 5425 3613 5492 qui
3649 5424 3736 5493 (τ)

2171 5514 2228 5559 et
2268 5507 2428 5560 trium
2477 5508 2706 5563 aliarum
2753 5509 2963 5581 bajulus
3000 5511 3121 5570 fuit.
3175 5512 3226 5570 Is
3271 5523 3388 5570 erat
3425 5512 3736 5584 Caesareae,

2234 5683 2322 5756 ,(ε)
2361 5683 2606 5755 Ep.215.
