4040 6216
1664 384 1824 441 νιΤΑ
1864 384 1924 441 S.
1960 383 2222 441 BASILII.

3341 400 3559 445 οκιινιι

327 521 450 563 cum
482 504 713 559 Basilius
742 503 906 559 rediit
935 520 964 560 e
990 504 1193 568 Ponto,
1225 502 1314 573 qui
1350 518 1470 558 cum
1513 518 1631 559 eum
1665 505 1803 573 apud
1845 518 1902 559 se
1930 510 1976 566 Α
2004 504 2302 559 clarissima
2334 502 2453 558 luce
2492 511 2546 557 et
2583 503 2818 558 omnium
2862 504 3031 559 oculis
3063 514 3376 573 exponeret.
3411 505 3560 559 Hauc

332 596 642 667 aliquandiu
677 596 881 650 habere
922 597 1098 663 vellet,
1136 596 1305 650 noluit
1340 610 1510 664 usque
1553 598 1617 651 ad
1657 596 1770 663 ejus
1810 612 1896 650 re-

331 690 503 745 ditum
555 686 772 743 differre
818 688 1048 754 litteras,
1096 704 1229 756 quas
1272 687 1524 743 Terentio
1576 690 1785 757 magnis
1834 689 1899 743 de

332 783 499 836 rebus
527 782 819 835 scribebat.
852 779 1047 835 Missus
1080 781 1180 834 fuit
1210 778 1436 835 Aeacius
1477 795 1598 835 cum
1633 781 1900 835 nonnullis

332 874 453 928 aliis
484 888 550 927 ex
578 874 764 927 eodem
792 872 958 933 clero,
989 886 1053 924 ac
1087 870 1291 927 litteras
1322 871 1572 926 Ecclesiae
1596 871 1901 926 Beroeensis

331 966 516 1019 attulit
545 964 762 1018 Basilio.
798 962 965 1030 Hujus
999 965 1144 1016 urbis
1178 964 1463 1032 episcopus
1497 972 1615 1016 erat
1651 963 1899 1020 Theodo-

335 1067 441 1123 tus,
479 1056 545 1110 ad
590 1070 750 1125 quem
784 1069 947 1124 supra
975 1064 1150 1108 exstat
1183 1052 1363 1107 Basilii
1395 1054 1642 1121 epistola,
1686 1056 1776 1109 sed
1816 1055 1897 1119 is,

331 1158 396 1201 ut
425 1147 579 1200 multi
622 1146 710 1200 alii
749 1146 1112 1207 confessores,
1148 1145 1201 1198 in
1243 1144 1431 1199 exsilio
1467 1145 1659 1211 agebat
1689 1164 1703 1199 :
1733 1146 1902 1214 siqui-

331 1240 456 1293 dem
488 1238 631 1292 nulla
659 1238 801 1292 illius
829 1238 1029 1291 mentio
1054 1239 1105 1290 in
1131 1236 1213 1291 Itis
1239 1236 1446 1290 duabus
1475 1236 1692 1290 litteris.
1723 1238 1903 1292 Pasto-

332 1331 413 1384 ris
461 1329 706 1385 absentia
760 1329 890 1382 nihil
935 1326 1137 1397 proluit
1190 1328 1328 1396 lupis
1377 1327 1443 1381 ad
1488 1327 1898 1397 dispergendum

331 1438 574 1492 gregem.
621 1420 755 1474 Nam
789 1436 999 1475 summa
1045 1421 1237 1474 enituit
1278 1429 1333 1472 et
1375 1418 1502 1473 cieri
1544 1430 1599 1472 et
1641 1418 1816 1488 populi
1848 1428 1903 1473 et

332 1515 745 1582 magistratuum
778 1510 856 1580 (ιι)
896 1513 948 1565 in
984 1510 1375 1564 certaminibus
1402 1511 1640 1578 quotidie
1670 1526 1765 1579 pro
1798 1510 1902 1564 tide

332 1605 603 1657 obeundis
633 1604 956 1667 constantia,
982 1617 1193 1657 summa
1222 1604 1274 1655 in
1298 1603 1551 1655 omnibus
1583 1603 1740 1657 rebus
1772 1618 1902 1657 con-

332 1693 519 1747 cordia
549 1710 563 1745 :
598 1706 715 1760 quae
748 1706 869 1746 cum
905 1690 1134 1745 Basilius
1166 1692 1509 1759 cognovisset
1546 1706 1613 1746 ex
1654 1704 1902 1745 sermone

329 1783 519 1840 Acacii
575 1791 630 1836 et
671 1782 868 1836 litteris
914 1780 1168 1836 Ecclesiae
1214 1781 1543 1847 Bermensis,
1597 1784 1790 1836 mirum
1848 1784 1899 1837 in

330 1876 554 1929 modum
580 1875 720 1929 banc
754 1873 1055 1927 Ecclesiam
1084 1873 1295 1927 beatam
1321 1874 1650 1941 praedicavit,
1681 1889 1743 1929 ae
1770 1874 1895 1928 dua-

332 1966 437 2019 bus
474 1966 737 2034 epistolis,
773 1980 1003 2035 quarum
1046 1966 1217 2035 prima
1261 1966 1327 2017 ad
1359 1966 1583 2029 clerum,
1621 1964 1787 2019 altera
1832 1966 1898 2019 ad

329 2058 544 2128 plebem
578 2058 777 2128 scripta
813 2066 918 2123 est,
951 2059 1019 2111 ad
1051 2057 1506 2127 perseverantiam
1530 2071 1622 2112 eos
1652 2058 1899 2111 hortatus

328 2159 437 2206 63L
1192 2212 1197 2213 ,

407 2240 618 2309 Scripta
655 2240 705 2293 in
737 2239 981 2294 eamdem
1029 2239 1375 2304 sententiam,
1419 2252 1484 2292 ac
1535 2240 1722 2292 eodem
1764 2246 1901 2293 teme

328 2347 485 2403 pore,
513 2332 595 2386 vel
626 2331 802 2400 potius
832 2345 927 2399 per
964 2333 1157 2399 ipsum,
1195 2341 1252 2384 ut
1296 2331 1587 2385 verisimile
1626 2341 1730 2391 est,
1756 2332 1899 2384 Aca-

332 2426 477 2477 cium
510 2424 672 2477 missa
701 2421 925 2491 epistola
948 2421 1056 2473 222
1089 2421 1155 2475 ad
1203 2422 1603 2477 Chalcidenses.
1640 2422 1730 2475 Ait
1756 2422 1899 2474 enim

334 2514 568 2567 Basilius
589 2527 649 2567 se
672 2513 907 2579 acceptis
932 2528 1116 2566 eorum
1143 2512 1335 2567 litteris
1364 2515 1656 2582 respirasse
1683 2526 1745 2565 ex
1776 2527 1904 2566 con-

337 2606 501 2659 tinuis
532 2606 937 2670 tentationibus,
969 2613 1025 2659 et
1056 2606 1411 2661 certaminum
1456 2607 1737 2668 memoria,
1781 2617 1901 2673 quae

335 2713 438 2767 pro
466 2697 593 2765 .ﬁde
641 2697 1021 2753 Chalcidenses
1063 2699 1448 2762 sustinuerant,
1494 2698 1899 2751 corroboratum

334 2804 459 2843 esse
504 2790 570 2842 ad
611 2790 943 2857 propositum
977 2801 1248 2843 certamen
1295 2787 1504 2842 fortiter
1545 2786 1899 2842 subeundum.

335 2880 641 2944 Enimvero,
668 2880 839 2949 inquit
864 2920 879 2947 ,
901 2882 1197 2933 incendium
1218 2885 1354 2950 quod
1377 2883 1644 2949 plerasque
1672 2878 1903 2939 Orientis

334 2983 510 3040 partes
539 2971 847 3035 devastavit,
874 2971 1032 3037 serpit
1049 2971 1163 3036 jam
1193 2983 1238 3023 et
1269 2971 1324 3023 in
1358 2985 1584 3023 nostram
1618 2975 1901 3041 regionem,

336 3076 440 3117 εις.
474 3061 588 3115 Non
620 3076 843 3131 passum
869 3065 979 3116 Ιιξξιυ
1008 3062 1196 3115 relerri
1222 3063 1288 3115 ad
1314 3076 1431 3115 eam
1455 3066 1898 3132 persecutionem,

335 3170 497 3221 quam
528 3153 722 3206 Valens
754 3154 804 3205 in
829 3150 1165 3222 Cappadocia
1195 3154 1376 3207 midtis
1398 3155 1506 3223 jam
1532 3157 1750 3211 vastatis
1774 3175 1898 3227 pro-

336 3247 551 3308 vinciis,
600 3258 741 3298 anno
784 3244 880 3297 571
932 3244 1192 3297 exercuit.
1240 3243 1391 3299 Tune
1428 3247 1571 3300 enim
1605 3250 1908 3316 persecutio

336 3353 401 3391 ex
472 3337 607 3389 locis
655 3334 1173 3401 Constantinopolim
1221 3335 1361 3389 inter
1416 3346 1470 3390 et
1514 3338 1907 3407 Cappadociam

338 3427 665 3495 interjeetis,
702 3441 807 3479 nou
834 3466 850 3491 ,
886 3436 945 3479 ut
980 3428 1080 3479 hoc
1109 3441 1248 3480 anno
1274 3427 1401 3491 575,
1429 3443 1495 3481 ex
1536 3426 1755 3483 Oriente
1781 3444 1907 3499 gra-

339 3519 615 3573 diebatur.
661 3517 855 3571 Mirum
897 3528 1076 3572 autem
1110 3518 1277 3571 videri
1316 3534 1418 3572 non
1454 3518 1611 3573 debet
1656 3535 1754 3573 cur
1790 3522 1910 3575 duas

339 3609 710 3677 precedentes
754 3608 947 3661 littera:
988 3606 1121 3660 nihil
1168 3607 1399 3661 habeant
1448 3608 1512 3662 de
1544 3619 1807 3676 serpente
1857 3611 1908 3664 in

339 3700 734 3769 Cappadociam
784 3698 1180 3767 persecutione.
1237 3696 1371 3750 Nam
1425 3713 1544 3751 cum
1607 3697 1912 3755 Bermensis

340 3791 595 3846 Ecclesiae
624 3792 902 3861 presbyter
928 3798 1068 3845 esset
1100 3792 1330 3844 Aeacius
1356 3832 1369 3853 ,
1408 3793 1626 3845 dubium
1655 3808 1761 3845 non
1794 3802 1911 3847 erat

342 3886 471 3952 quin
500 3882 885 3936 Bermensibus
927 3882 1204 3936 nuntiaret
1227 3897 1345 3950 quae
1374 3882 1426 3935 in
1459 3882 1794 3951 Cappadocia
1826 3885 1910 3938 vi-

342 3976 519 4035 derat,
552 3989 653 4027 nec
693 3973 913 4043 proinde
941 3987 1161 4027 necesse
1190 3984 1309 4026 erat
1338 3974 1519 4027 omnia
1557 3974 1760 4029 chartis
1783 3989 1912 4029 con-

340 4070 581 4140 signare.

866 4132 1091 4190 CAPUT
1134 4132 1373 4188 XXXIV.

344 4226 386 4282 1.
418 4226 617 4281 Scribit
646 4237 856 4280 sanctus
886 4225 1403 4296 Basilius_adversus
1435 4223 1911 4296 Eustathiumgepi-

412 4299 577 4352 stolas
613 4297 719 4350 225
752 4307 796 4348 et
828 4295 952 4348 294.
1011 4294 1072 4349 ll.
1112 4293 1477 4349 Demosthenes
1507 4298 1735 4350 vicarius
1768 4293 1915 4350 Pon-

418 4370 539 4421 tica:
583 4367 870 4420 Ecclesium
896 4368 1247 4433 persequitur.
1296 4364 1591 4419 Concilium
1639 4367 1913 4419 haeretico-

419 4454 540 4489 rum
573 4438 797 4504 Ancyrae
834 4438 991 4503 cogit.
1034 4433 1316 4503 Gregorius
1356 4434 1630 4505 Nyssenus
1677 4452 1704 4488 e
1744 4436 1914 4505 niani-

1998 597 2139 651 enim
2170 595 2395 648 Basilius
2428 594 2705 662 rumpendi
2745 595 2940 649 silentii
2970 610 3185 650 causam
3217 596 3473 651 habuisse
3495 610 3557 652 se

2000 685 2150 747 dicit,
2178 684 2319 754 quod
2362 685 2563 738 videret
2598 681 2671 753 (b)
2714 682 3041 736 inimicitiam
3083 683 3240 737 simul
3276 700 3392 737 cum
3430 695 3561 739 tem-

1998 795 2121 847 pore
2149 778 2409 848 progredi,
2442 793 2532 831 nec
2559 776 2678 829 illos
2704 778 2951 841 paenitere
2970 793 3149 831 eorum
3175 794 3287 846 quin
3314 779 3376 831 ab
3406 780 3559 834 initio

2001 871 2269 936 dixerunt,
2310 887 2401 924 nec
2435 871 2690 941 quomodo
2731 873 2999 938 prwterita
3033 878 3239 933 sanent,
3279 871 3560 939 cogitatio-

2003 979 2118 1016 nem
2150 964 2309 1016 ullant
2336 964 2615 1031 suscipere,
2644 966 2733 1018 sed
2766 978 2897 1015 nova
2923 978 3078 1029 opera
3108 971 3155 1015 et
3191 961 3331 1030 facta
3356 962 3561 1031 agmine

2003 1054 2058 1105 in
2094 1053 2147 1106 id
2180 1055 2492 1134 incumbere,
2530 1055 2667 1124 quod
2699 1055 2800 1107 sibi
2850 1053 2914 1107 ab
2946 1054 3095 1105 initio
3133 1069 3467 1121 proposuere,
3501 1060 3561 1107 ut

2005 1145 2163 1198 vitam
2195 1145 2358 1212 ipsius
2397 1146 2623 1217 afﬂigant
2663 1158 2710 1199 et
2745 1148 3181 1201 existimationem
3205 1149 3341 1215 apud
3371 1148 3560 1217 fratres

2004 1236 2248 1304 artiﬁciis
2275 1238 2385 1291 suis
2430 1240 2806 1294 contaminent.
2845 1238 3013 1305 Quam
3044 1240 3202 1309 justas
3231 1241 3339 1294 siut
3374 1240 3561 1298 Basilii

2002 1330 2234 1398 querela:
2278 1329 2432 1384 testis
2469 1341 2551 1384 est
2586 1331 2890 1385 Dazimonis
2938 1330 3103 1400 regio,
3150 1331 3203 1385 in
3238 1346 3341 1399 qua
3374 1333 3565 1386 Eustao

2006 1422 2152 1475 thius
2201 1422 2399 1475 multos
2453 1437 2481 1475 a
2537 1420 2721 1475 Basilii
2771 1422 3151 1475 communione
3196 1421 3559 1477 abstraxerat.

2004 1510 2343 1563 Metuendum
2374 1519 2493 1563 erat
2524 1525 2589 1563 ne
2615 1509 2877 1577 ejusmodi
2909 1519 3053 1563 artes
3079 1508 3370 1564 vaferrimo
3405 1510 3558 1579 inge-

2001 1604 2092 1654 nio
2128 1602 2179 1655 in
2221 1602 2342 1655 aliis
2385 1601 2518 1656 locis
2561 1602 2927 1655 succederent.
2964 1600 3147 1669 Itaque
3187 1599 3386 1655 silentii
3414 1615 3564 1654 rum-

2002 1693 2161 1762 pendi
2195 1702 2404 1762 tempus
2431 1708 2552 1748 esse
2587 1694 3022 1747 animadvertens
3054 1691 3307 1757 Basilius,
3346 1692 3565 1761 scripsit

2004 1786 2265 1839 adversus
2315 1786 2652 1839 Eustathium
2701 1785 2980 1853 epistolam
3021 1785 3148 1850 225,
3204 1786 3253 1838 in
3302 1798 3407 1854 qua
3453 1798 3565 1839 suae

2005 1889 2126 1929 eum
2156 1875 2243 1929 illo
2270 1874 2662 1943 conjunctionis
2683 1875 2941 1943 originem
2969 1875 3180 1943 repetit,
3208 1874 3403 1929 violata
3429 1872 3565 1927 ami-

2005 1970 2147 2023 citia:
2171 1967 2292 2035 jura
2324 1968 2590 2037 queritur,
2626 1968 2781 2021 ﬁctas
2808 1977 2862 2020 et
2892 1967 3080 2021 inanes
3109 1967 3404 2020 inimicitia:
3436 1981 3564 2021 cau-

2005 2076 2095 2115 sos
2123 2059 2340 2123 relellit,
2374 2073 2436 2112 ac
2464 2058 2823 2112 certissimam
2861 2057 3019 2125 hujus
3065 2057 3140 2111 rei
3182 2072 3401 2112 causam
3443 2070 3565 2113 esse

2006 2153 2361 2216 demonstrat,
2406 2150 2640 2205 studium
2702 2149 2886 2217 gratiae
2950 2149 3090 2218 apud
3150 2148 3434 2204 haireticos
3484 2149 3567 2204 iu-

2006 2243 2209 2298 euadat.

2076 2332 2287 2403 Scripta
2318 2347 2423 2386 non
2460 2330 2628 2386 multo
2656 2339 2777 2399 post
2804 2330 2871 2384 ad
2911 2329 3249 2384 Genethlium
3283 2332 3562 2403 presbyte-

2011 2439 2126 2477 rum
2164 2424 2410 2491 epistola,
2438 2423 2527 2491 qui
2556 2438 2614 2477 se
2642 2438 2760 2476 cum
2792 2421 2988 2477 Basilio
3014 2425 3216 2477 sentire
3245 2439 3338 2492 per
3360 2424 3568 2479 litteras

2010 2518 2428 2587 significaverat,
2458 2528 2510 2570 et
2554 2517 2760 2585 repudii
2791 2516 3025 2571 libellum
3064 2516 3332 2571 Eustathii
3366 2518 3559 2572 adver-

2009 2625 2102 2664 sus
2156 2609 2414 2663 Basilium
2460 2609 2658 2677 scripta
2715 2607 3095 2677 appellaverat.
3148 2608 3374 2661 Brevius
3422 2609 3567 2677 cogit

2009 2699 2236 2753 Basilius
2269 2713 2388 2767 qua:
2423 2698 2475 2752 in
2506 2695 2784 2765 superiore
2806 2695 3042 2765 epistola
3078 2697 3410 2750 disseruerat
3436 2701 3569 2751 ube-

2011 2792 2143 2855 rius,
2183 2804 2407 2859 eamque
2454 2787 2851 2843 satisfacturam
2908 2796 3112 2851 mouet,
3162 2787 3205 2842 si
3250 2788 3371 2857 quis
3416 2790 3570 2857 plura

2010 2882 2299 2937 desideret.

2084 2973 2379 3041 Utramque
2420 2970 2703 3040 epistolam
2754 2980 2879 3023 ante
2913 2968 3250 3023 manifestam
3300 2968 3571 3025 Eustathii

2011 3080 2133 3121 cum
2189 3065 2409 3119 Arianis
2458 3062 2912 3132 conjunctionem,
2973 3062 3338 3116 collocandam
3396 3061 3563 3127 duxi,

2012 3156 2256 3225 quamvis
2286 3155 2631 3209 Tillemoutio
2671 3170 2827 3209 secus
2849 3155 3111 3209 videatur.
3146 3152 3316 3223 Hujus
3349 3153 3571 3221 conju-t-

2012 3246 2228 3308 ctionis,
2254 3260 2372 3313 qua:
2416 3244 2740 3298 uberrimam
2770 3245 3025 3312 arguendi
3074 3245 3341 3300 Eustathii
3394 3254 3571 3299 mate-

2013 3338 2147 3391 riam
2198 3337 2361 3399 dedit,
2395 3336 2535 3389 nulla
2571 3351 2790 3406 prorsus
2827 3337 3026 3391 mentio
3058 3336 3112 3389 in
3157 3336 3241 3390 liis
3283 3336 3529 3404 epistolis
3554 3376 3569 3401 ,

2011 3425 2259 3495 quamvis
2288 3425 2471 3479 nullibi
2492 3426 2669 3492 aptius
2698 3426 2811 3478 lieri
2840 3427 3077 3495 potuisse
3108 3427 3374 3487 videatur,
3408 3441 3570 3495 quam

2014 3515 2067 3569 in
2096 3514 2321 3584 epistola
2346 3515 2471 3580 ἥδ,
2498 3530 2599 3567 non
2626 3517 2691 3569 ad
2714 3531 2875 3569 unum
2904 3516 3135 3583 aliquem
3166 3516 3455 3577 hominem,
3478 3518 3572 3571 sed

2014 3607 2079 3660 ad
2106 3607 2363 3674 plurimas
2397 3606 2663 3660 Ecclesias
2712 3608 2895 3660 missa.
2930 3609 3042 3661 Non
3073 3608 3241 3660 utitur
3282 3608 3383 3662 hoc
3414 3622 3571 3676 argu-
3610 3640 3615 3645 -

2015 3709 2215 3764 mento,
2251 3712 2370 3751 cum
2417 3695 2680 3751 Eustatbii
2718 3699 3128 3752 inconStantiam
3159 3698 3369 3768 probat,
3398 3699 3491 3753 sed
3522 3698 3571 3751 ei

2015 3800 2217 3845 tantum
2249 3788 2432 3857 objicit
2466 3787 2537 3855 (c)
2585 3787 2867 3842 formulam
2902 3788 3021 3842 ﬁdei
3057 3789 3308 3841 traditam
3339 3786 3570 3841 Gelasio.

2013 3884 2150 3950 Quin
2176 3882 2337 3936 etiam
2374 3879 2450 3950 (d)
2482 3880 2529 3933 ei
2574 3895 2678 3933 non
2722 3880 2880 3933 audet
2904 3880 3116 3933 crimini
3150 3887 3377 3942 vertere,
3421 3876 3564 3945 quod

2012 3978 2125 4030 Arii
2156 3973 2470 4041 discipulus,
2501 3982 2550 4027 et
2581 3973 2740 4034 Aetii,
2768 3986 2860 4025 seu
2895 3972 3073 4041 potius
3103 3970 3266 4031 Aerii,
3302 3970 3557 4038 magister

2014 4067 2226 4122 fuisset.
2262 4066 2366 4120 Sed
2394 4064 2531 4135 quod
2559 4078 2670 4116 rein
2694 4076 3015 4129 causamque
3044 4062 3279 4114 maxime
3311 4062 3573 4125 continet,

2014 4158 2249 4214 studium
2275 4156 2516 4226 placendi
2545 4153 2936 4224 potentioribus
2966 4151 3178 4205 Arianis
3206 4165 3312 4205 non
3336 4151 3574 4220 exagitat

2014 4248 2245 4303 Basilius
2277 4250 2327 4302 in
2364 4247 2664 4313 Eustathio,
2711 4254 2769 4298 ut
2798 4260 2910 4299 rem
2937 4244 3176 4298 omnium
3205 4244 3377 4298 oculis
3406 4252 3571 4296 testa-

2014 4350 2145 4406 tani,
2179 4341 2273 4395 sed
2304 4349 2360 4393 ut
2390 4339 2632 4393 morbum
2664 4337 2905 4404 pluribus
2940 4336 3208 4389 occultum
3235 4334 3432 4404 detegit
3463 4348 3569 4387 non

2014 4438 2130 4491 sine
2153 4436 2329 4504 aliqua
2369 4433 2712 4488 verecundia.
2743 4431 2832 4485 Sic
2858 4430 2999 4484 enim
3026 4429 3262 4497 loquitur
3285 4430 3387 4485 sub
3410 4428 3570 4483 ﬁnem

416 4509 513 4593 bus
560 4503 1070 4593 ἑιιιεῑιὶιιιηιλῖιὲἱιἸ
1104 4506 1316 4593 ejusque
1350 4503 1509 4586 causa
1547 4503 1903 4593 scpibiLBasi-

2009 4503 2253 4593 epistolas
2278 4522 2427 4575 925:
2462 4521 2529 4573 At
2569 4528 2702 4574 enim
2758 4519 2977 4589 epistola
3020 4518 3364 4587 separationis
3411 4534 3573 4573 causa

416 4578 522 4629 lius
551 4576 904 4630 Demostheni.
933 4575 1015 4627 lll.
1046 4575 1267 4627 Interest
1293 4575 1416 4627 huic
1447 4576 1668 4627 concilio
1710 4573 1907 4628 Eusta-

417 4648 576 4700 thius.
602 4644 795 4699 Scribit
818 4643 1049 4697 Basilius
1072 4644 1315 4698 adversus
1339 4662 1455 4698 eum
1479 4646 1753 4712 epistolam
1780 4644 1903 4698 226.

418 4716 510 4771 IV.
547 4716 883 4781 Euphronius
916 4713 1242 4767 Coloniensis
1276 4716 1343 4766 ad
1373 4716 1544 4767 sedem
1586 4712 1909 4778 Nicopolim-

417 4802 543 4839 nam
592 4785 845 4838 evehitur.
878 4784 1119 4847 Quatuor
1149 4799 1210 4835 ea
1250 4786 1311 4835 de
1344 4801 1398 4835 re
1428 4784 1663 4851 epistolw
1692 4782 1907 4840 Basilii.

419 4855 487 4909 Ὺ.
519 4855 681 4907 Aliud
717 4852 906 4922 Nysste
930 4853 1206 4906 concilium
1230 4854 1613 4907 haereticorum.
1651 4853 1737 4907 Vl.
1772 4852 1909 4907 Pro-

421 4928 577 5006 batur
603 4934 877 4993 utramque
901 4925 1157 4993 synodum
1186 4936 1307 4976 ante
1327 4939 1519 4976 annum
1546 4923 1650 4977 376
1675 4924 1907 4978 habitam

447 5011 602 5049 ιιιειε.

447 5011 602 5049 uisse.

420 4997 462 5141 ξ.
504 5086 782 5141 Hactenus
826 5086 1038 5148 tacebat
1088 5083 1339 5151 Basilius,
1397 5100 1519 5139 cum
1570 5083 1909 5140 Eustathium

349 5178 637 5248 approbria
694 5186 1095 5231 recantaturum
1148 5186 1411 5243 speraret,
1468 5190 1532 5230 ac
1580 5177 1914 5246 ignoratione

350 5269 521 5339 magis
540 5268 785 5322 veritatis
815 5281 975 5335 quam
1002 5266 1203 5320 malitia
1231 5280 1487 5336 peccasse
1510 5268 1775 5321 crederet.
1809 5266 1916 5322 Sed

354 5360 566 5413 tandem
613 5358 729 5428 ipse
760 5358 1095 5420 Eustathius,
1132 5358 1344 5411 cumulo
1386 5359 1655 5426 prioribus
1707 5357 1913 5412 facino-

354 5450 502 5506 ribus
530 5451 735 5512 addito,
766 5450 909 5503 hanc
936 5449 985 5504 ei
1015 5450 1391 5504 necessitatem
1422 5449 1694 5519 imposuit,
1732 5459 1791 5503 ut
1826 5450 1912 5504 in-

347 5540 651 5595 nocentiam
703 5554 859 5592 suam
883 5547 938 5592 et
968 5537 1402 5594 adversariorum
1426 5537 1824 5607 improbitatem
1857 5538 1913 5594 in

418 5722 495 5792 (α)
534 5724 715 5793 Epist.
740 5723 849 5778 eeo
884 5730 939 5777 et
967 5723 1092 5779 est.

415 5794 490 5864 (b)
528 5792 630 5865 Ep.
657 5792 786 5864 225,
822 5811 879 5849 ιι.
914 5796 964 5846 1.

2013 4633 2116 4669 non
2157 4624 2231 4668 est
2260 4628 2276 4665 :
2305 4629 2477 4667 rerum
2527 4612 2635 4666 alia
2684 4623 2757 4665 est
2808 4611 3183 4681 disjunctionis
3221 4611 3377 4673 ratio,
3418 4626 3577 4679 quam

2015 4706 2253 4775 equidem
2282 4705 2472 4773 referre
2497 4705 2813 4757 verecundor
2837 4719 2897 4757 ac
2939 4719 3139 4771 semper
3166 4703 3443 4765 siluissem,
3472 4701 3576 4756 nisi

2011 4815 2071 4852 ea
2110 4814 2227 4867 quia
2260 4814 2396 4851 nunc
2435 4807 2577 4867 gesta
2610 4805 2754 4858 sunt,
2804 4797 3154 4849 necessitatem
3198 4795 3324 4848 milii
3364 4794 3576 4847 attulis-

2014 4902 2123 4944 sent
2173 4891 2330 4943 totius
2371 4905 2549 4941 eorum
2599 4886 2803 4941 consilii
2863 4886 2925 4938 ob
2970 4887 3250 4938 multorum
3299 4886 3578 4939 utilitatem

2020 4980 2185 5034 oculis
2242 4979 2551 5047 exponendi.
2600 4976 2981 5031 Existimarunt
3030 4975 3149 5029 boni
3201 4978 3300 5030 viri
3349 4978 3569 5047 impedi-

2022 5084 2194 5125 mento
2228 5072 2324 5124 sibi
2358 5086 2465 5124 esse
2493 5069 2561 5123 ad
2585 5069 3021 5137 recuperationem
3047 5068 3321 5137 potestatis
3343 5084 3578 5121 commu-

2019 5164 2226 5217 nionem
2274 5171 2574 5215 nestram...
2619 5160 2702 5213 Ne
2747 5160 2870 5228 quid
2904 5174 2969 5213 ea:
3006 5158 3103 5212 illa
3146 5159 3464 5227 confessione
3502 5160 3582 5212 vi-

2018 5252 2229 5307 deretur
2256 5253 2357 5305 illis
2383 5252 2731 5320 impedimenti
2757 5266 3047 5314 occurrere,
3068 5250 3346 5320 quominus
3374 5250 3436 5302 ab
3466 5252 3571 5313 Itis,

2015 5346 2105 5414 qui
2153 5360 2290 5398 nunc
2337 5344 2697 5405 dominantur,
2726 5342 3120 5410 suscipiantur;
3168 5342 3577 5395 communionem

2018 5436 2164 5489 nobis
2197 5434 2581 5488 renuntiarunt.
2616 5417 2710 5486 His
2734 5446 2862 5501 ergo
2888 5433 3086 5498 verbis,
3109 5447 3224 5501 quae
3257 5447 3392 5485 nunc
3429 5440 3576 5502 gesta

2018 5540 2162 5598 sunt,
2192 5544 2296 5583 non
2328 5524 2614 5581 manifesta
2653 5540 2775 5578 cum
2815 5524 3030 5579 Arianis
3076 5522 3409 5592 conjunctio,
3443 5521 3573 5589 sed,

2212 5713 2308 5784 Ep.
2341 5713 2465 5812 2:24,
2497 5730 2547 5766 n.
2581 5706 2633 5765 3.

2154 5791 2174 5858 )
2214 5786 2311 5856 Ep.
2342 5784 2467 5851 22.5,
2498 5800 2551 5838 ιι.
2585 5782 2633 5837 5.

2154 5782 2174 5858 )
2214 5782 2311 5856 Ep.
2342 5784 2467 5851 225,
2498 5800 2551 5838 ιι.
2585 5782 2639 5837 5.
