4040 6216
455 345 692 397 exxxvni

1782 333 2309 390 PROLEGUMENA.

457 468 517 512 ut
571 456 728 511 initio
761 452 1020 524 epistolae,
1064 451 1188 505 novi
1235 452 1500 506 Eustathii
1554 452 1620 505 ad
1673 452 2011 522 amigendam
2040 460 2087 516 Α
2117 468 2180 506 ac
2209 459 2464 520 praeterea
2504 462 2691 503 renum
2733 446 3046 501 infirmitate
3076 445 3145 501 ob
3187 445 3464 501 collectum
3500 445 3672 515 frigus

456 549 639 603 Basilii
670 548 832 602 vitam
869 552 1094 600 conatus
1131 544 1462 608 indicantur,
1490 558 1554 598 ex
1587 545 1781 614 quibus
1816 545 2010 598 Eusta-

461 641 555 695 thii
598 639 878 693 consilium
912 636 1188 693 evidenter
1219 636 1466 706 cognosci
1504 635 1557 691 in
1594 636 1834 706 epistolae
1863 635 2010 691 clau-

460 729 577 786 aula
601 729 856 783 declarat.
886 732 890 737 ’

533 820 596 874 ΙΙ.
627 819 866 875 Providit
890 818 1035 872 velut
1061 833 1129 873 ex
1154 817 1384 889 quadam
1410 816 1628 888 specula
1654 817 1888 875 Basilius
1916 820 2012 873 im-

463 909 754 969 minentem
790 908 1139 979 Cappadocia:
1185 917 1240 963 et
1282 909 1475 963 vicinis
1521 909 1777 964 Ecclesiis
1808 919 2014 980 tempe-

461 1012 672 1056 statcm.
702 1000 834 1055 Nam
880 1000 933 1054 in
963 1000 1187 1070 epistola
1210 999 1341 1065 22f,
1375 1016 1535 1070 quam
1567 999 2011 1055 Chalcidensibus

457 1108 563 1146 non
595 1093 761 1147 multo
799 1101 917 1161 post
950 1092 1178 1146 reditum
1225 1105 1292 1145 ex
1338 1091 1506 1145 Ponto
1549 1090 1784 1159 scripsit,
1821 1091 2010 1144 incen-

455 1185 625 1248 dium,
660 1186 800 1253 quod
843 1185 1125 1253 plerasque
1150 1184 1386 1239 Orientis
1414 1183 1682 1237 Ecclesias
1728 1182 2010 1250 depastum

457 1274 653 1337 fuerat,
681 1273 791 1343 jam
824 1273 875 1328 in
910 1273 1298 1343 Cappadociam
1330 1287 1545 1340 serpere
1579 1271 1864 1342 signiﬁcat.
1890 1271 2011 1325 Pri-

456 1380 601 1417 mum
624 1364 700 1436 (a)
749 1375 805 1418 et
857 1365 1149 1419 maximum
1199 1365 1553 1435 Cappadociae
1596 1364 1860 1418 malorum
1911 1362 2012 1419 fuit

455 1455 694 1508 vicarius
722 1453 1130 1522 Demosthenes,
1163 1469 1269 1523 quo
1303 1463 1480 1508 tamen
1512 1453 1873 1524 gubernacula
1910 1468 2006 1509 ca-

457 1552 706 1614 pessente
750 1546 951 1615 gratias
1000 1547 1108 1615 egit
1157 1545 1265 1601 Deo
1306 1545 1555 1610 Basilius,
1583 1547 1724 1614 quod
1774 1546 2005 1614 patriam

456 1637 666 1691 videret
691 1637 1034 1692 commissam
1078 1637 1196 1691 viro
1228 1636 1324 1708 (b),
1355 1637 1581 1707 primum
1614 1636 1825 1706 quidem
1858 1633 2010 1691 Chri-

457 1730 650 1793 stiano,
681 1729 869 1783 deinde
895 1730 1125 1782 moribus
1150 1739 1308 1792 recto,
1341 1738 1393 1795 et
1421 1728 1591 1798 legum
1635 1738 1879 1782 accurato
1915 1744 2007 1781 cu-

2113 535 2447 596 labora‘ntem
2484 541 2836 597 inexorabiles
2874 539 3067 594 milites
3107 537 3432 602 detinerent,
3479 552 3670 591 eorum

2115 633 2359 686 manibus
2386 631 2618 700 elapsus,
2648 632 2702 685 in
2728 633 2970 700 quietum
2999 628 3228 697 aliquem
3255 627 3430 681 locum
3458 625 3667 697 eﬂ‘ugit.

2180 720 2495 777 Crediderat
2529 720 2755 775 Basilius
2786 721 3021 789 seipsum
3054 717 3378 772 accersitum
3421 718 3512 780 iri,
3562 732 3670 771 non

2112 829 2240 869 vero
2274 813 2515 867 fratrem.
2543 812 2648 866 Sed
2673 813 2762 866 ubi
2795 812 2927 865 vidit
2951 810 3002 863 iu
3042 809 3182 863 illius
3209 808 3547 878 potissimum
3580 823 3672 861 ca-

2110 917 2206 975 put
2236 906 2606 960 haereticorum
2643 903 2935 974 nequitiam
2963 901 3228 969 erupisse,
3255 901 3536 969 ipsumque
3570 916 3669 953 au-

2112 997 2343 1067 fugisse;
2370 1006 2480 1050 tum
2504 1011 2633 1050 vero
2660 1006 2903 1050 metuens
2931 1008 2997 1048 ne
3021 994 3161 1047 illius
3185 992 3305 1060 fuga
3331 992 3670 1047 stomachum

2113 1086 2454 1141 Demostheni
2493 1084 2723 1148 faceret,
2757 1084 2970 1155 placare
3000 1085 3254 1138 vicarium
3285 1095 3451 1139 tentat
3474 1086 3673 1155 perhn.

2112 1177 2345 1232 noriiicis
2402 1178 2593 1232 litteris
2643 1176 2733 1247 (ᾖ,
2789 1191 2853 1230 ac
2907 1175 3239 1231 demonstrat
3302 1176 3465 1230 dilato
3530 1177 3670 1231 Cre-

2112 1267 2245 1339 gorii
2272 1282 2500 1321 occursu
2532 1281 2630 1321 nec
2658 1266 2897 1336 publicas
2926 1280 3011 1320 res
3041 1266 3179 1329 lmdi,
3213 1280 3311 1320 nec
3343 1266 3672 1321 ecclesiasti-

2111 1373 2232 1425 cas;
2292 1369 2512 1428 paratos
2558 1359 2699 1412 enim
2752 1372 2873 1412 esse
2918 1357 3154 1427 pecuniae
3201 1372 3369 1411 sacrae
3416 1358 3673 1412 custodes

2113 1452 2375 1505 rationem
2405 1450 2629 1504 reddere
2661 1467 2674 1505 :
2703 1457 2758 1503 et
2789 1464 2855 1504 ex
2892 1449 3032 1503 beati
3072 1450 3307 1519 episcopi
3334 1449 3550 1519 scripth
3580 1464 3675 1503 ve—

2110 1543 2321 1597 ritatem
2360 1542 2700 1597 manifestam
2736 1542 2935 1596 facere.
2970 1540 3120 1608 Quod
3159 1551 3336 1596 autem
3367 1551 3576 1612 spectat
3603 1542 3675 1596 ad

2113 1633 2506 1688 ordinationem
2541 1632 2829 1702 Gregoriii,
2878 1633 2923 1687 si
2956 1641 3130 1685 tamen
3161 1631 3247 1690 his
3280 1632 3344 1686 de
3378 1634 3535 1687 rebus
3568 1632 3675 1688 De-

2114 1726 2421 1781 mosthenes
2442 1724 2699 1793 judicium
2726 1723 2826 1777 sibi
2851 1737 3106 1792 arrogare
3128 1722 3289 1789 velit,
3313 1738 3522 1792 aequum
3550 1737 3677 1778 esse

455 1818 613 1870 uadi.
656 1815 761 1871 Sed
796 1818 842 1872 si
888 1818 972 1872 his
1012 1816 1256 1873 laudibus
1299 1819 1490 1888 dignus
1536 1817 1688 1872 initio
1728 1818 2011 1872 videbatur
2039 1810 2081 1865 B
2113 1825 2169 1869 ut
2196 1830 2384 1869 omnes
2416 1814 2647 1884 episcopi
2679 1814 3021 1879 conveniant,
3052 1827 3171 1867 cum
3202 1828 3384 1869 eorum
3413 1812 3573 1882 culpa
3598 1817 3675 1868 sit

458 1906 864 1971 Demosthenes,
910 1923 973 1963 ac
1002 1924 1107 1963 non
1137 1910 1312 1977 potius
1360 1910 1562 1963 monita
1592 1916 1646 1962 et
1674 1908 1849 1962 honor
1888 1909 2010 1977 qui-

455 1994 579 2053 dam
616 1996 865 2066 po'testati
896 1998 1109 2053 debitus
1134 2000 1435 2055 exisﬁmari
1471 2000 1701 2065 debent;
1726 2007 1877 2054 certe
1903 2000 2010 2054 cito

460 2101 584 2142 sese
615 2089 829 2157 aperuit
857 2100 912 2143 et
950 2090 1173 2143 nudavit
1204 2105 1267 2145 ac
1296 2105 1418 2160 spes
1453 2106 1643 2145 omnes
1684 2092 1750 2145 de
1780 2106 1839 2145 se
1881 2105 2010 2146 con-

460 2188 642 2248 ceptas
666 2179 919 2233 mentitus
942 2188 1044 2234 est.
1069 2178 1261 2234 Utrum
1286 2181 1575 2236 haereticus
1599 2181 1868 2237 sententia
1894 2182 2009 2236 fue-

457 2269 549 2335 rit,
588 2284 694 2324 non
728 2282 1001 2326 asseverat
1031 2272 1260 2327 Basilius
1292 2272 1384 2343 (c).
1422 2273 1573 2327 llluin
1602 2274 1744 2328 enim
1778 2274 2012 2329 arbitra-

455 2361 615 2417 batur
658 2364 835 2418 omnis
886 2366 1144 2420 doctrina:
1188 2375 1461 2434 expertem
1509 2381 1648 2433 esse,
1695 2381 1795 2420 nec
1845 2366 2009 2421 ullum

457 2451 717 2521 ejusmodi
750 2467 925 2509 rerum
976 2456 1208 2511 studium
1235 2467 1328 2511 aut
1373 2471 1528 2513 usum
1569 2457 1786 2523 habere,
1815 2458 2011 2526 quippe

458 2557 579 2595 cum
619 2557 739 2598 cum
774 2545 826 2599 in
875 2546 995 2601 aliis
1039 2548 1199 2602 rebus
1231 2561 1394 2602 carne
1431 2555 1484 2601 et
1517 2547 1716 2608 animo,
1763 2557 1920 2601 noctu
1958 2555 2013 2601 et

460 2632 691 2687 interdiu
738 2646 1057 2706 occupatum
1111 2637 1334 2691 videret.
1388 2637 1493 2691 Sed
1545 2646 1694 2692 certe
1740 2636 2012 2693 haereticis

460 2726 689 2780 amicum
723 2725 910 2791 fuisse,
958 2742 1056 2781 nec
1088 2727 1256 2798 magis
1286 2727 1688 2794 cos-dilexisse,
1717 2743 1875 2796 quam
1906 2729 2011 2783 Ca-

459 2817 686 2873 tholicos
718 2819 917 2884 odisse,
948 2819 1245 2873 confirmat.
1284 2819 1440 2874 Hunc
1475 2820 1689 2874 videtur
1726 2821 2012 2891 designare

456 2907 708 2974 Basilius,
782 2926 904 2966 cum
967 2910 1292 2966 Doarensem
1360 2912 1659 2967 Ecclesiam
1722 2914 1791 2968 ab
1849 2912 2013 2967 obeso

467 3011 587 3056 ceto
618 3003 1025 3072 (d)pcrturbari
1071 3003 1165 3059 ait.
1212 3002 1352 3057 Alibi
1381 3001 1453 3073 (ε)
1500 3002 1747 3072 angelum
1799 3001 2012 3058 Satanae

456 3094 707 3163 appellat,
737 3101 792 3147 et
818 3094 1038 3149 haeresis
1061 3094 1395 3149 defensorem
1422 3109 1489 3149 ne
1515 3094 1762 3163 sanguini
1793 3094 2007 3169 quidem

459 3184 694 3239 ﬁdelium
728 3194 1058 3255 parcentem.
1107 3185 1220 3239 Non
1254 3184 1607 3253 improbabile
1636 3192 1719 3240 est
1760 3186 2006 3239 eumdem

456 3276 626 3331 fuisse
658 3275 1071 3331 Demosthenem
1095 3317 1109 3340 ,
1141 3275 1281 3331 sacri
1313 3274 1496 3344 palatii
1539 3285 1891 3340 castrensem,
1923 3275 2013 3344 qui

460 3381 580 3419 cum
624 3366 678 3420 in
704 3364 903 3420 Basilio
931 3381 1112 3421 coram
1139 3365 1362 3422 Valente
1397 3358 1730 3436 obiurgando
1765 3365 2015 3420 barbari-

458 3471 645 3512 smum
671 3455 977 3513 admisisset
1002 3456 1067 3529 (1)
1121 3458 1403 3512 subridens
1446 3457 1698 3523 Basilius,
1753 3455 2012 3525 Vidimus,

456 3549 652 3618 inquit,
685 3549 844 3603 etiam
878 3548 1268 3605 Demosthenem
1296 3549 1650 3603 illitteratum.

528 3641 616 3697 Bis
645 3640 719 3714 (g)
747 3644 892 3697 venit
920 3643 1223 3699 Caesaream
1254 3642 1354 3699 hoc
1396 3657 1539 3696 anno
1579 3642 2010 3696 Demosthenes:

461 3747 584 3787 nam
624 3733 851 3789 Basilius
891 3745 1169 3805 postquam
1217 3734 1373 3799 dixit,
1404 3733 1625 3788 Advenit
1677 3733 1825 3787 nobis
1874 3733 2015 3785 vica-

461 3840 590 3890 rius,
608 3833 736 3893 etc.,
761 3826 1029 3881 nonnullis
1054 3826 1348 3895 intenjectis
1370 3825 1435 3879 de
1459 3824 1645 3880 eodem
1671 3824 1744 3877 ait
1772 3843 1785 3877 :
1816 3822 2016 3876 Rursus

457 3923 525 3970 ad
557 3932 648 3969 nos
672 3916 908 3983 accessit,
939 3917 1072 3969 iram
1096 3916 1387 3984 eademque
1421 3917 1647 3982 spirans.
1675 3912 1827 3980 Quod
1856 3928 2017 3982 argu-

456 4013 636 4056 mento
667 4013 749 4057 est
784 4018 905 4057 eum
941 4003 1170 4070 primum
1203 4002 1422 4071 quidem
1459 4002 1692 4068 venisse,
1727 4009 1784 4055 ut
1816 4002 2015 4071 guber-

457 4088 646 4147 nacula
687 4094 937 4148 dimcesis
990 4108 1098 4147 suae
1141 4104 1466 4161 capesseret,
1518 4092 1712 4148 deinde
1746 4103 1805 4149 ut
1836 4094 1919 4147 sui
1960 4094 2015 4147 in

455 4184 762 4240 Catholicos
792 4185 900 4240 odii
924 4186 1193 4255 specimen
1225 4185 1429 4239 ederet.

525 4273 669 4329 Inter
691 4277 860 4344 prima
891 4275 1031 4330 illius
1057 4285 1204 4344 gesta
1236 4274 1505 4330 recenseri
1535 4273 1691 4330 debet
1730 4273 2013 4329 concilium

457 4367 768 4436 impiorum,
812 4383 945 4437 quos
971 4368 1142 4422 media
1174 4367 1351 4423 hieme
1378 4369 1645 4437 Ancyram
1676 4369 2011 4423 convocavit.

2115 1903 2203 1972 qui
2247 1901 2591 1966 ordinavere,
2636 1917 2741 1957 non
2782 1901 2925 1956 illius
2969 1902 3051 1956 cui
3088 1902 3336 1971 imposita
3374 1904 3673 1959 necessitas

2113 1993 2397 2047 ministerii
2441 1992 2785 2061 suscipiendi.
2832 1993 3006 2063 Rogat
3035 1993 3213 2066 itaque
3254 1991 3675 2048 Demosthenem

2113 2084 2362 2150 Basilius,
2396 2092 2456 2139 ut
2493 2084 2594 2139 sibi
2624 2084 2862 2138 auditum
2904 2094 3083 2138 servet
3109 2083 3160 2137 in
3190 2086 3383 2153 patria,
3419 2099 3516 2139 nec
3546 2100 3675 2152 per-

2114 2174 2292 2230 trahat
2334 2174 2388 2228 in
2428 2183 2666 2229 exteram
2702 2175 2995 2244 regionem,
3044 2190 3144 2230 nec
3191 2176 3483 2230 convenire
3514 2184 3676 2247 cogat

2112 2281 2233 2322 cum
2283 2265 2571 2336 episcOpis,
2606 2265 2927 2336 quibuscum
2976 2268 3044 2323 de
3087 2269 3248 2324 rebus
3290 2268 3676 2323 ecclesiasticis

2112 2357 2482 2413 dissentiehat.

2185 2449 2394 2517 Scripta
2421 2450 2534 2503 haec
2558 2448 2779 2519 epistola
2808 2449 3045 2504 omnium
3075 2448 3425 2519 Cappadociae
3455 2451 3673 2519 episco-

2112 2554 2300 2611 porum
2350 2540 2585 2595 nomine.
2644 2539 2888 2596 Venimus
2942 2558 3138 2608 omnes,
3187 2542 3361 2610 inquit
3406 2541 3669 2607 Basilius,

2113 2630 2450 2700 amplitudini
2512 2638 2616 2686 tuae
2661 2611 2941 2701 supplices.
3001 2632 3117 2699 Quo
3175 2648 3402 2687 numero
3459 2634 3680 2691 videtur

2113 2723 2390 2792 utriusque.
2452 2722 2799 2792 Cappadociae
2852 2724 3132 2792 episcopos
3183 2724 3668 2793 comprehendere.

2114 2811 2339 2879 Utrique
2370 2811 2516 2867 enim
2544 2813 2927 2867 ordinaverant
2954 2813 3295 2882 Gregorium,
3327 2815 3522 2885 quippe
3549 2829 3677 2873 cum

2111 2903 2388 2957 ordinatus
2428 2904 2501 2957 sit
2541 2912 2665 2958 ante
2707 2904 3023 2959 divisionem
3067 2905 3435 2974 Cappadociae.
3491 2905 3678 2973 Quare

2114 3003 2460 3062 utrorumque
2510 3010 2597 3049 res
2637 2995 2917 3064 agebatur.
2967 2994 3183 3050 Minime
3220 3010 3349 3066 ergo
3394 2996 3586 3050 mirum
3624 2997 3677 3051 si

2114 3097 2333 3152 operam
2362 3098 2514 3138 suam
2550 3083 2749 3139 Basilio
2779 3085 2883 3140 hac
2916 3084 2970 3138 in
3017 3101 3075 3140 re
3108 3095 3389 3141 navarunt.
3422 3087 3538 3143 Huc
3576 3103 3677 3141 ac—

2113 3173 2254 3228 cedit
2302 3175 2442 3242 quod
2480 3189 2606 3229 cum
2663 3189 2729 3230 eo
2773 3184 2898 3231 ante
2937 3175 3038 3231 hoc
3090 3186 3296 3247 tempus
3336 3178 3391 3231 in
3442 3178 3676 3249 gratiam

2115 3279 2240 3320 vere
2285 3273 2339 3319 et
2389 3280 2456 3320 ex
2510 3267 2690 3322 animo
2724 3267 3016 3322 redierant.
3061 3268 3256 3324 Eorum
3297 3270 3438 3326 enim
3473 3280 3677 3326 metro-

2114 3356 2405 3425 politanum
2452 3356 2761 3412 Anthimum
2824 3366 2977 3414 vocat
3036 3360 3338 3416 unanimem
3397 3375 3551 3416 suum
3615 3361 3676 3417 in

2114 3448 2268 3517 epist.
2300 3448 2426 3512 210,
2459 3464 2512 3501 n.
2545 3448 2596 3503 5.

2184 3538 2239 3591 In
2273 3540 2459 3593 eodem
2483 3538 2710 3595 concilio
2737 3539 3142 3607 Demosthenes,
3167 3541 3318 3610 cujus
3347 3551 3532 3597 nutum
3560 3544 3679 3612 epi-

2114 3627 2261 3695 scopi
2310 3628 2624 3693 horrebant,
2674 3628 2878 3700 Hypsin
2924 3628 3318 3686 Parnassenum
3367 3635 3676 3703 episcopum

2112 3716 2401 3787 ejecit(k),
2447 3718 2670 3790 ejusque
2711 3721 2826 3774 loco
2877 3720 3149 3779 Ecdicium
3193 3724 3496 3780 constituit.
3544 3725 3680 3779 Erat

2117 3807 2205 3860 ille
2229 3807 2476 3862 Ecdicius
2510 3807 2719 3878 Euippii
2746 3808 2993 3863 alumnus
3022 3809 3105 3880 (ί),
3138 3811 3187 3864 id
3210 3820 3312 3878 est,
3345 3813 3413 3866 ait
3442 3826 3507 3866 eo
3530 3812 3681 3867 ordi-

2116 3907 2297 3962 natus,
2339 3910 2572 3967 eumque
2615 3914 2736 3952 cum
2766 3899 2969 3969 Anysio
2997 3899 3207 3971 Euippii
3235 3902 3419 3957 itidem
3460 3902 3681 3957 alumno

2117 3988 2170 4042 in
2197 3987 2455 4042 vexandis
2476 3987 2736 4043 Ecclesiis
2764 3990 3067 4045 arctissime
3092 3992 3435 4061 conjunctum
3462 3993 3679 4049 videbi-

2118 4093 2254 4132 mus.
2305 4077 2498 4150 Hypsis
2547 4089 2726 4134 autem
2771 4080 2980 4136 videtur
3025 4080 3074 4136 ei
3117 4084 3466 4150 successisse,
3521 4084 3679 4154 cujus

2118 4179 2291 4224 morte
2325 4170 2572 4225 aillictam
2617 4171 2911 4228 Ecclesiam
2953 4173 3341 4232 Parnassenam
3374 4176 3684 4234 consolatur

2117 4262 2345 4321 Basilius
2374 4262 2426 4316 in
2454 4263 2677 4332 epistola
2699 4262 2787 4318 62.

2191 4353 2275 4409 ιιι.
2319 4352 2565 4408 interfuit
2597 4356 2721 4410 huic
2747 4356 2977 4411 concilio
3009 4353 3340 4425 Eustathius,
3370 4374 3434 4415 ac
3460 4360 3679 4415 tandem

457 4457 683 4515 Volebat,
714 4460 856 4514 enim
906 4470 963 4513 ut,
993 4462 1058 4515 ad
1106 4461 1343 4517 facinora
1391 4477 1484 4517 sua
1516 4462 1724 4533 species
1767 4462 2009 4531 quadam
2043 4469 2086 4524 D
2117 4464 2181 4505 ex
2209 4449 2651 4504 dissimulationis
2678 4449 2966 4504 involucris
3011 4450 3063 4503 in
3094 4460 3327 4520 apertam
3361 4468 3480 4506 cum
3514 4451 3681 4507 Aria-

456 4552 789 4608 auctoritatis
838 4553 1155 4624 episcopalis
1203 4552 1504 4610 accederet.
1562 4554 1618 4607 In
1664 4555 1766 4607 hac
1812 4553 2013 4623 synodo

459 4652 738 4699 accusatus
769 4643 1058 4713 Gregorius
1085 4644 1354 4715 Nyssenus
1386 4643 1460 4715 (Ιι)
1486 4660 1515 4698 a
1539 4644 1884 4708 Philochare,
1914 4643 2009 4696 ho-

460 4737 603 4790 mine
635 4737 847 4806 ignobili
875 4738 935 4807 (i)
966 4738 1106 4806 quod
1130 4752 1311 4792 sacras
1343 4738 1595 4806 pecunias
1621 4737 1688 4789 ab
1718 4735 1882 4804 ipsius
1917 4735 2010 4789 de-

460 4841 700 4894 cessore,
732 4838 792 4883 ut
833 4829 1119 4883 verisimile
1150 4839 1261 4894 est,
1307 4828 1524 4882 relictas
1552 4826 1887 4896 dissipasset.
1926 4824 2012 4878 Si-

460 4919 603 4972 milis
635 4919 897 4975 calumnia
924 4935 1155 4976 canones
1183 4922 1234 4973 in
1265 4920 1381 4987 ejus
1426 4919 1762 4975 ordinatione
1788 4917 2012 4973 violatos

460 5009 804 5078 querebatur.
840 5010 1018 5068 Missis
1050 5013 1229 5081 itaque
1263 5012 1521 5066 militibus
1560 5009 1876 5079 Gregorium
1912 5008 2010 5063 De-

461 5102 770 5155 mosthenes
837 5102 1005 5172 abripi
1058 5102 1239 5171 jussit.
1295 5103 1547 5155 Mandato
1612 5099 2008 5169 obtemperavit

459 5189 784 5261 Gregorius:
818 5193 911 5246 sed
937 5208 1057 5247 cum
1097 5177 1217 5249 eum
1245 5191 1428 5246 lateris
1464 5191 1645 5247 dolore
1686 5198 2010 5258 correptum,

531 5334 607 5396 (al
649 5328 744 5395 Ep.
777 5327 899 5391 257,
931 5345 985 5382 n.
1013 5330 1068 5395 2.

532 5399 607 5467 (bl
647 5400 811 5467 Epist.
840 5398 965 5452 2'25.

532 5466 601 5533 (c‘
644 5466 738 5532 Ep.
774 5468 897 5530 257,
932 5486 985 5522 ιι.
1020 5469 1075 5522 2.

534 5536 615 5605 (ιι)
645 5538 741 5605 Ep.
770 5538 896 5592 231.

557 5610 604 5672 e)
640 5606 739 5673 Ep.
766 5608 891 5661 9.48.

558 5676 600 5744 fi
642 5676 985 5751 ’[heodpretu
1023 5676 1161 5735 Hist.
1194 5678 1283 5737 lib.
1312 5694 1383 5744 tv,
1411 5696 1527 5751 cap.
1562 5681 1644 5741 19.α

537 5748 608 5815 im
654 5748 746 5821 Ep.
772 5749 869 5802 ‘25?
881 5786 899 5804 .

2120 4543 2203 4593 nis
2238 4540 2673 4610 conjunctionem
2701 4539 2896 4608 erupit.
2949 4538 3065 4594 Non
3108 4543 3252 4595 enim
3294 4541 3389 4613 (ηε)
3418 4545 3485 4596 ad
3524 4544 3677 4599 aliud

2118 4645 2330 4706 tempus
2377 4633 2567 4690 referri
2615 4642 2791 4702 potest
2838 4634 2980 4687 illius
3031 4650 3151 4688 cum
3198 4637 3412 4691 Ariauis
3451 4638 3683 4709 Ancyra:

2116 4728 2442 4793 comnmnio,
2473 4727 2539 4781 de
2569 4742 2672 4793 qua
2714 4724 2846 4778 nihil
2873 4726 3069 4779 habent
3098 4729 3402 4795 superiores
3438 4729 3682 4797 epistola:

2115 4820 2220 4879 2‘25
2252 4831 2306 4875 et
2334 4818 2460 4887 224,
2488 4821 2609 4889 quia
2637 4818 3099 4874 scilicetnondum
3128 4818 3230 4873 hoc
3260 4818 3462 4873 facinus
3490 4822 3679 4875 edide-

2119 4922 2202 4965 rat
2230 4913 2561 4967 Eustathius.
2587 4912 2702 4966 Non
2729 4923 2905 4967 tamen
2930 4927 3050 4965 cum
3076 4912 3155 4965 eis
3180 4911 3595 4966 communicavit
3625 4912 3681 4966 in

2116 5003 2365 5069 ecclesia,
2407 5004 2499 5058 sed
2529 5005 2579 5058 in
2610 5004 2876 5069 domibus,
2905 5004 3028 5072 quia
3058 5019 3125 5058 ne
3154 5005 3203 5058 id
3227 5003 3440 5072 quidem
3474 5005 3540 5058 ab
3568 5004 3677 5058 iiiis

2130 5095 2423 5164 impetrare
2449 5092 2651 5164 potuit,
2695 5103 2754 5146 ut
2780 5094 2991 5163 publice
3018 5094 3363 5162 reciperetur.
3402 5092 3680 5148 Vereban-

2120 5195 2209 5241 tur
2235 5187 2376 5240 enim
2395 5184 2469 5256 (n)
2498 5200 2584 5252 ne,
2608 5199 2736 5241 cum
2751 5183 3058 5241 Eustathius
3081 5200 3222 5241 anno
3238 5182 3344 5239 560
3367 5200 3394 5239 a
3419 5185 3688 5255 quingen-

2193 5327 2269 5397 (It)
2309 5327 2405 5396 Ep.
2436 5325 2561 5381 2‘25.

2196 5396 2258 5459 is)
2308 5398 2407 5466 Ep.
2433 5397 2559 5455 257.
2600 5412 2653 5449 η.
2682 5396 2734 5457 2.

2194 5467 2259 5537 (λ)
2298 5468 2394 5534 Ep.
2429 5466 2553 5537 2'25.

2193 5535 2265 5606 (ιε)
2307 5537 2401 5605 Ep.
2431 5535 2557 5588 257.

2194 5608 2254 5669 (ι)
2310 5607 2404 5672 Ep.
2434 5606 2560 5657 2:59.

2220 5677 2288 5745 οη)
2332 5676 2424 5741 Ep.

2220 5680 2288 5745 οη)
2332 5680 2424 5741 Ep.
2456 5680 2578 5728 22⁸5.

2196 5680 2273 5817 ὶη)
2318 5745 2411 5815 Ep.
2446 5743 2571 5813 ‘2“,
2605 5762 2655 5798 η.
2686 5745 2739 5803 ’1,
