4040 6216
1673 320 1833 375 VITA
1867 319 1924 380 S.
1956 323 2218 381 BASILII.

3373 351 3567 391 CXIXlX

328 434 405 490 tis
445 435 715 505 episcopis
762 436 1037 505 depositus
1085 437 1293 504 fuisset,
1349 452 1537 493 eorum
1598 442 1903 498 auctoritati
1936 450 1981 502 A
2010 446 2299 499 consilium
2328 446 2567 515 episcopi
2606 445 2807 516 Spiritu
2845 457 3033 505 sancto
3061 450 3357 522 inSpirante
3396 457 3569 522 cepisa

328 538 421 580 aut
449 542 674 580 numero
705 544 893 596 parum
928 530 1165 583 tribuere
1196 530 1529 596 viderentur,
1574 533 1617 585 si
1650 548 1771 587 eum
1804 550 1904 603 pu-

331 616 467 669 b'lice
501 617 814 685 episcopum
846 628 1223 684 agnoscerent.
1249 619 1461 689 Ambigi
1493 623 1658 691 possit
1681 638 1749 676 an
1778 638 1900 677 eum

331 707 473 774 passi
503 709 611 760 sint
634 708 686 761 iu
710 710 942 763 concilio
968 711 1175 763 sedere.
1203 709 1460 778 Equidem
1490 728 1593 767 non
1617 723 1744 781 puto
1762 714 1903 770 hunc

328 800 376 850 ei
428 800 692 852 honorem
741 800 1063 868 denegatum
1115 802 1302 859 fuisse.
1345 803 1598 868 Quamvis
1642 805 1783 858 enim
1836 822 1903 861 ne

332 886 593 941 Sebastia:
620 890 863 957 quidem,
892 890 981 943 ubi
1012 892 1263 946 maximis
1296 894 1363 945 ab
1391 908 1456 946 eo
1480 895 1772 949 honoribus
1805 912 1901 951 cu-

333 978 516 1032 mulati
546 988 695 1043 sunt,
735 991 975 1050 optatam
1007 985 1053 1036 ei
1086 986 1517 1040 communionem
1549 988 1901 1058 reddiderint,

329 1087 456 1125 mox
488 1081 669 1124 tamen
720 1088 842 1126 cum
870 1089 935 1127 eo
982 1075 1275 1145 Nicepolim
1319 1089 1695 1146 oppugnarunt
1740 1091 1799 1135 ut
1836 1083 1903 1137 ab

331 1162 448 1229 ipso
480 1162 767 1217 Eustathio
798 1168 1106 1232 episcopum
1134 1169 1421 1237 acciperet.
1451 1170 1600 1236 Quod
1638 1172 1681 1224 si
1712 1173 1904 1226 Eusta-

331 1256 477 1309 thius
518 1258 730 1311 concilii
760 1258 1026 1327 episcopis
1055 1261 1320 1329 ascriptus
1378 1261 1497 1327 fuit,
1527 1262 1740 1319 dillicile
1780 1282 1901 1320 cre-

329 1350 444 1401 ditu
485 1360 570 1405 est
607 1365 713 1403 non
746 1366 867 1403 eum
913 1368 1011 1421 pro
1041 1368 1135 1406 sua
1172 1355 1311 1422 apud
1355 1354 1612 1408 vicarium
1653 1358 1821 1424 gratia
1849 1368 1901 1412 et

329 1442 658 1495 auctoritate
707 1443 997 1496 maximam
1043 1456 1249 1513 partem
1298 1461 1483 1501 eorum
1534 1464 1653 1518 qua:
1697 1450 1902 1505 nefarie

334 1539 456 1583 acta
485 1541 614 1583 sunt
644 1533 990 1587 sustinuisse.

400 1618 679 1673 Eusmthii
716 1620 959 1676 facinore
1008 1639 1112 1677 non
1148 1624 1302 1680 valde
1330 1627 1605 1697 obstupuit
1650 1628 1899 1697 Basilius,

329 1711 421 1779 qui
455 1712 663 1766 dudum
720 1714 995 1768 hominem
1046 1732 1149 1770 non
1197 1733 1348 1773 naevo
1397 1720 1598 1788 aliquo,
1649 1725 1741 1777 sed
1791 1733 1901 1778 toto

330 1819 563 1871 corpore
607 1816 847 1861 noverat.
901 1808 969 1861 At
1025 1809 1349 1864 uberrimam
1390 1813 1575 1867 habuit
1615 1815 1896 1869 materiam

330 1896 471 1950 illius
496 1898 746 1965 nequitiae
776 1901 1014 1953 omnium
1044 1902 1212 1956 oculis
1238 1913 1291 1957 et.
1321 1905 1568 1960 manibus
1603 1908 1899 1977 subjicien-

330 1988 431 2040 dae.
467 1990 649 2059 Atque
697 1990 748 2042 id
796 1992 1014 2059 quidem
1064 1995 1277 2063 egregie
1331 1996 1538 2063 perficit
1588 1997 1639 2051 in
1675 2000 1898 2068 epistola

324 2076 433 2130 29.6
467 2079 535 2131 ad
567 2081 860 2136 monachus
898 2098 1047 2144 suos,
1076 2099 1209 2151 quos
1240 2101 1361 2138 cttm
1388 2086 1618 2141 invisere
1649 2104 1750 2142 non
1773 2105 1899 2159 pos-

326 2179 430 2234 set,
463 2171 612 2225 vices
650 2188 776 2227 suas
803 2177 1096 2229 committit
1148 2176 1361 2232 Meletio
1420 2179 1753 2247 presbytero.
1799 2182 1900 2237 De-

328 2272 600 2316 monstrat
634 2279 691 2317 se
720 2276 844 2333 post
883 2266 1043 2319 trium
1078 2282 1341 2321 annorum
1394 2271 1673 2325 silentium
1705 2273 1770 2327 ad
1801 2275 1897 2328 de-

327 2349 627 2406 fensionem
661 2370 812 2409 suam
865 2370 1110 2412 coactum
1148 2374 1263 2414 esse
1309 2375 1628 2431 assurgere;
1677 2366 1769 2420 sed
1827 2367 1897 2421 ita

326 2445 668 2512 perspicuam
693 2461 813 2499 esse
845 2449 1150 2511 veritatem,
1185 2459 1242 2503 ttt
1281 2452 1491 2506 etiamsi
1550 2455 1662 2523 ipse
1706 2465 1896 2524 taceat,

332 2550 493 2589 nemo
527 2553 646 2590 eam
673 2540 921 2607 ignorare
953 2544 1143 2609 possit,
1184 2548 1340 2599 modo
1384 2549 1690 2603 consideret
1731 2551 1900 2605 aetio-

333 2640 435 2680 nes
468 2625 766 2695 Eustathii,
797 2633 886 2699 qui
916 2648 1035 2685 cum
1068 2645 1221 2688 antea
1258 2630 1362 2689 tam
1397 2639 1684 2695 vehemens
1712 2640 1901 2697 fuisset

328 2715 383 2768 in
431 2720 806 2786 oppugnandis
854 2722 1093 2785 Arianis,
1132 2727 1490 2792 nuperanimi
1542 2730 1621 2782 sui
1682 2740 1900 2785 senten-

324 2806 457 2857 tiam
491 2809 733 2873 nudavit,
760 2825 880 2864 cum
918 2813 995 2865 eis
1040 2814 1268 2883 Ancyrae
1299 2816 1350 2870 in
1382 2818 1628 2872 domibus
1655 2835 1897 2873 commu-

327 2896 541 2959 nicaris,
576 2899 701 2967 quia
747 2902 978 2954 nondum
1022 2904 1229 2970 publice
1266 2908 1332 2959 ab
1368 2908 1445 2962 eis
1483 2919 1730 2978 receptus
1758 2919 1895 2966 erat.

328 2985 547 3056 Scripta
579 3005 711 3058 ergo
759 2990 873 3045 huic
924 2993 1147 3061 epistola
1180 3005 1300 3063 post
1350 2999 1629 3052 concilium
1658 3002 1899 3072 Ancyra-

330 3093 484 3141 num,
542 3082 637 3133 sed
690 3091 974 3149 antequam
1005 3085 1234 3141 Arianos
1288 3090 1691 3156 perhonoriﬁce
1727 3093 1895 3149 Seba-

326 3169 487 3222 stiam
520 3182 821 3225 accerseret
851 3173 1181 3230 Eustathius.
1236 3179 1375 3233 Nihil
1424 3183 1566 3237 enim
1618 3200 1680 3239 ea
1730 3191 1797 3241 de
1845 3203 1902 3243 re

328 3257 531 3327 legitur
565 3261 617 3313 in
651 3278 737 3331 ep.
770 3264 895 3325 226.
923 3282 976 3319 n.
1010 3267 1064 3319 5.
1094 3268 1251 3323 Aliud
1287 3270 1550 3329 Eustathii
1581 3276 1785 3332 facinus
1813 3295 1903 3332 nu-

329 3366 426 3419 per
454 3352 891 3424 deprehenderat
928 3357 1178 3427 Basilius,
1216 3366 1357 3431 quod
1397 3367 1613 3434 quidem
1647 3370 1725 3423 sic
1756 3385 1905 3425 com-

330 3459 643 3501 meruerat:
679 3448 752 3502 lli
811 3468 947 3505 nunc
986 3461 1033 3506 et
1083 3455 1146 3507 de
1188 3454 1410 3510 Nicama
1450 3460 1731 3513 detrahunt
1774 3461 1899 3529 ,‘ide,

330 3554 527 3604 nosque
557 3550 740 3593 vocant
791 3540 1248 3599 llomoousiastas.
1308 3546 1512 3613 Quibus
1553 3551 1727 3603 verbis
1766 3552 1903 3606 indi-

330 3638 488 3680 catur
512 3628 635 3684 fidei
667 3632 896 3685 formula
929 3633 1108 3703 Cyzici
1142 3636 1208 3689 ab
1242 3638 1520 3693 Eustathio
1552 3650 1762 3709 recepta
1802 3643 1900 3711 (α),

331 3719 383 3770 in
420 3735 525 3787 qua
578 3723 1038 3779 consubstantiale
1088 3728 1503 3784 condemnabat.
1538 3730 1758 3787 Videtur
1798 3735 1903 3804 Cy-

329 3814 452 3865 zico
488 3814 704 3867 rediens
731 3816 963 3887 Ancyra:
993 3832 1115 3872 cum
1144 3820 1363 3875 Arianis
1384 3837 1443 3875 se
1474 3823 1839 3891 conjunxisse.

398 3900 489 3955 IV.
521 3905 680 3959 Circa
713 3906 841 3961 illttd
875 3919 1108 3976 tempus,
1135 3926 1242 3979 quo
1281 3914 1473 3967 Ariani
1518 3916 1745 3987 Ancyra:
1774 3935 1903 3974 con-

330 3992 673 4055 siliabantur,
712 3999 848 4051 obiit
875 4015 1101 4069 magnus
1138 4003 1385 4057 veritatis
1416 4005 1687 4073 defensor,
1722 4010 1900 4067 Theo-

332 4083 493 4137 dotus
541 4084 972 4155 NicOpolitanus.
1011 4090 1143 4145 Cum
1192 4102 1374 4146 autem
1432 4095 1571 4151 hanc
1618 4100 1804 4153 urbem
1848 4111 1904 4158 et

332 4172 500 4241 ipsius
531 4177 669 4232 situs
706 4178 841 4246 (erat
888 4182 1032 4234 enim
1068 4182 1337 4237 Armeniae
1370 4188 1551 4255 caput)
1597 4198 1651 4241 et
1676 4192 1901 4247 Ariano-

332 4276 449 4315 rum
479 4275 719 4331 potestas
743 4269 842 4322 sub
874 4270 1207 4337 ncquissimo
1240 4271 1466 4337 vicario,
1506 4274 1556 4326 in
1604 4278 1899 4332 maximum

332 4355 627 4422 periculum
661 4359 1006 4424 adduxisset;
1065 4361 1341 4417 Pwmenio
1384 4364 1651 4420 Satalensi
1692 4369 1902 4437 episco-

2007 544 2146 596 sent,
2182 550 2283 591 nec
2312 537 2487 589 minus
2519 536 2685 604 ipsius
2735 535 2970 593 Coloniae
3000 541 3277 594 securitati
3309 544 3569 611 providis-

2005 636 2145 691 sent,
2165 642 2325 695 quant
2353 626 2645 696 Nicopolis,
2682 643 2801 697 qua:
2834 630 2876 683 si
2918 630 2971 684 in
3008 631 3328 686 Arianorum
3377 649 3568 688 manus

2004 720 2255 781 venisset,
2296 719 2435 773 idem
2479 719 2676 771 malum
2722 719 2825 772 alia
2881 723 3171 788 provinciae
3218 725 3409 791 oppida
3460 740 3565 779 non

2004 807 2340 878 effugissent;
2378 808 2508 862 nihil
2536 817 2709 863 tamen
2744 811 2873 864 tanti
2907 810 3010 865 fuit
3040 812 3465 877 Coloniensibus,
3508 824 3567 869 ut

2006 898 2236 967 pastoris
2261 899 2344 953 sui
2384 898 2771 952 discessionem
2809 906 3083 955 moderate
3117 901 3341 959 ferrent.
3372 904 3564 957 Clerici

2005 989 2077 1059 (c)
2114 989 2442 1043 iracundiam
2469 999 2521 1043 et
2546 990 2783 1044 dolorem
2816 1006 2879 1045 eo
2912 993 3297 1060 perduxerunt,
3326 1005 3382 1047 ut
3412 1009 3470 1049 se
3498 996 3563 1049 ad

2007 1079 2296 1132 tribunalia
2326 1079 2568 1148 judicum
2606 1080 2848 1134 abituros
2875 1081 3229 1145 minarentur,
3260 1097 3322 1136 ac
3353 1098 3439 1137 res
3470 1083 3564 1137 ho-

2007 1170 2246 1224 minibus
2276 1170 2680 1232 commissuros,
2712 1170 2907 1238 quibus
2957 1170 3311 1225 ecclesiarum
3358 1174 3565 1226 eversio

2004 1271 2164 1331 caput
2192 1272 2310 1316 erat
2345 1271 2617 1315 votorum.
2656 1264 2914 1317 Videntur
2948 1264 3060 1317 haec
3099 1263 3298 1319 dixisse
3328 1265 3380 1318 in
3426 1265 3563 1319 litte-

2006 1355 2080 1409 ris
2130 1356 2195 1409 ad
2251 1354 2505 1408 Basilium
2541 1356 2773 1423 scriptis.
2825 1355 3131 1411 Verisimile
3174 1357 3317 1411 enim
3362 1365 3442 1411 est
3470 1372 3564 1412 eos

2005 1448 2309 1517 scripsisse,
2344 1449 2594 1515 quamvis
2624 1457 2897 1515 acceptam
2924 1450 2991 1502 ab
3016 1450 3098 1502 eis
3141 1448 3421 1517 epistolam
3460 1465 3565 1501 ncu

2006 1547 2397 1594 commemoret
2425 1536 2674 1591 Basilius.
2710 1534 3033 1592 chortatur
3065 1552 3157 1591 eos
3182 1552 3209 1589 a
3238 1546 3344 1589 tam
3381 1537 3566 1590 insana

2006 1629 2356 1697 cogitatione,
2390 1643 2453 1681 ac
2485 1627 2705 1697 Spiritui
2754 1637 2941 1682 sancto
2970 1628 3311 1683 tribuendum
3337 1628 3557 1683 demon-

2004 1729 2141 1777 strat
2176 1721 2552 1790 episcoporum
2602 1719 2910 1785 consilium,
2944 1721 3028 1774 cui
3068 1721 3112 1775 si
3161 1722 3433 1784 resistant,
3470 1720 3565 1775 Dei

2006 1814 2263 1868 resistent
2293 1812 2639 1866 ordinationi.
2673 1809 2789 1867 Non
2820 1812 3010 1867 decere
3031 1822 3090 1867 ut
3126 1827 3245 1865 cum
3276 1821 3446 1865 matre
3474 1808 3569 1865 Ni-

2006 1904 2179 1973 copoli
2209 1904 2522 1973 delitigeut:
2555 1919 2743 1957 eorum
2797 1904 2937 1959 enlm
2973 1902 3249 1957 securitati
3294 1901 3564 1971 provisum

2005 2010 2143 2060 esse,
2171 1998 2294 2050 dum
2332 2005 2490 2064 caput
2533 1995 2772 2049 munitur
2800 1997 3069 2049 Armenia:
3107 2013 3120 2048 :
3153 2004 3409 2062 pneterea
3456 2007 3564 2047 non

2006 2089 2315 2158 repudiatos
2345 2088 2413 2142 ab
2460 2087 2769 2154 Euphronio
2795 2086 3163 2153 Colonienses,
3195 2086 3286 2139 sed
3318 2084 3449 2139 alios
3482 2099 3569 2138 as-

2005 2188 2286 2248 sumptos;
2318 2180 2622 2247 suscepisse
2654 2177 2798 2231 illum
2848 2174 3115 2243 Nicopolis
3147 2189 3353 2236 curam,
3397 2182 3452 2228 et
3500 2174 3567 2227 ad

2005 2270 2221 2325 futuras
2250 2270 2359 2326 illic
2391 2269 2781 2325 sollicitudines
2829 2266 3233 2323 Coloniensium
3265 2280 3448 2320 curam
3477 2279 3568 2319 ac-

2006 2374 2297 2415 cessuram.

2077 2494 2132 2548 ln
2166 2494 2409 2549 eamdem
2456 2492 2779 2547 sententiam
2809 2492 3027 2561 scripsit
3060 2490 3137 2561 (d)
3166 2486 3568 2559 magistratibus

2007 2586 2442 2649 Coloniensibus,
2474 2586 2561 2653 qui
2591 2586 2655 2638 ad
2699 2600 2819 2637 eum
2853 2584 3202 2652 scripserant.
3246 2582 3453 2636 Laudat
3477 2597 3570 2636 eos

2009 2680 2153 2748 quod
2178 2692 2354 2731 rerum
2387 2676 2718 2743 publicarum
2752 2675 2897 2729 curis
2944 2675 3187 2742 occupati
3244 2674 3571 2729 ecclesiasti-

2007 2783 2101 2822 cas
2134 2783 2237 2821 non
2273 2768 2566 2836 negligant,
2607 2766 2699 2820 sed
2738 2765 2805 2819 de
2854 2766 2933 2819 eis
2964 2765 3174 2819 solliciti
3225 2766 3355 2830 sint,
3393 2775 3451 2819 ut
3504 2768 3571 2821 de

2009 2860 2225 2928 proprio
2250 2859 2476 2928 quisque
2502 2858 2716 2927 negotio
2737 2866 2793 2911 et
2821 2872 2885 2910 ex
2924 2872 3033 2926 quo
3059 2858 3165 2910 vita
3200 2872 3293 2912 sua
3320 2858 3567 2927 pendeat.

2010 2949 2116 3005 Sed
2146 2950 2414 3014 hortatur,
2439 2956 2495 3001 ut
2522 2947 2781 3017 temporis
2796 2947 3158 3003 diﬂicultatem
3182 2957 3237 3002 et
3257 2949 3569 3003 oeconomia:

2011 3044 2389 3099 necessitatem
2422 3041 2831 3095 considerantes
2859 3039 3127 3109 episc0pis
3178 3039 3475 3110 ignoscant.
3510 3042 3567 3093 In

1932 3134 1972 3190 C
2009 3146 2236 3203 utraque
2262 3132 2484 3201 epistola
2512 3148 2661 3201 spem
2691 3130 2843 3185 aﬂ'ert
2867 3146 2925 3186 se
2959 3132 3023 3184 ad
3055 3146 3147 3185 eos
3179 3142 3481 3196 venturum,
3515 3140 3569 3184 et

2005 3223 2179 3290 majus
2205 3222 2471 3291 quoddam
2496 3234 2682 3274 eorum
2729 3235 2847 3289 qum
2880 3228 2996 3273 acta
3041 3218 3278 3284 fuerant,
3318 3218 3566 3273 solatium

2008 3313 2321 3378 allaturum,
2349 3314 2391 3366 si
2431 3313 2479 3366 id
2514 3314 2594 3367 eis
2630 3311 2991 3366 necessarium
3020 3311 3285 3365 videatur.

2079 3428 2310 3497 Scripsit
2338 3426 2501 3481 etiam
2530 3425 2761 3480 Basilius
2793 3424 2862 3494 (θ)
2892 3424 2956 3477 ad
2986 3423 3213 3478 clericos
3242 3422 3569 3492 Nicopolita-

2005 3535 2103 3574 nos
2131 3530 2186 3573 et
2220 3520 2377 3573 aliam
2435 3520 2500 3572 ad
2555 3518 2906 3587 magistratus
2960 3515 3265 3583 epistolam.
3316 3513 3569 3583 Utrisque

2004 3624 2155 3679 spem
2190 3608 2345 3663 alfert
2376 3622 2433 3661 se
2470 3621 2562 3662 eos
2598 3606 2919 3661 invisurum.
2954 3605 3194 3660 Clericos
3217 3605 3482 3665 hortatur,
3515 3614 3571 3657 ut

2006 3702 2202 3754 fratres
2232 3698 2584 3755 Colonienses
2615 3697 2901 3761 deliniant,
2943 3710 3010 3750 ne
3051 3695 3189 3749 forte
3235 3696 3567 3752 iracundiam

2004 3791 2211 3861 longius
2244 3792 2482 3852 tendant,
2505 3789 2547 3842 si
2584 3802 2643 3841 se
2669 3788 2736 3840 ob
2753 3788 3066 3841 tenuitatem
3097 3795 3435 3855 contemples
3474 3802 3569 3855 pu—

2006 3892 2142 3937 tent.
2177 3883 2379 3935 Auctor
2412 3888 2493 3933 est
2534 3878 2964 3948 magistratibus,
3005 3887 3064 3931 ttt
3098 3878 3281 3930 datum
3312 3878 3411 3932 sibi
3455 3880 3570 3947 cpi-

2002 3989 2223 4044 scopum
2274 3972 2720 4041 complectantur,
2770 3980 2825 4024 et
2870 3986 2991 4025 cum
3046 3971 3145 4040 ipsi
3206 3970 3273 4025 de
3317 3971 3568 4027 Ecclesia:

2003 4067 2236 4121 utilitate
2257 4066 2466 4133 optime
2500 4063 2754 4129 sentiant,
2787 4062 3022 4116 civitatis
3054 4076 3115 4115 ac
3142 4062 3282 4117 ruris
3313 4064 3566 4131 populum

2003 4156 2059 4211 in
2086 4155 2331 4211 eamdem
2358 4154 2682 4208 sententiam
2711 4154 2975 4208 adducere
3002 4163 3283 4209 conentur.

2074 4269 2198 4324 Haec
2228 4279 2406 4323 autem
2454 4267 2747 4336 contigisse
2795 4270 2939 4321 circa
2993 4266 3122 4321 illud
3172 4276 3383 4337 tempus
3421 4271 3565 4336 quod

2004 4362 2261 4424 diximus,
2297 4370 2531 4429 quatuor
2571 4359 2675 4413 illm
2714 4360 3089 4414 demonstrant
3120 4357 3377 4428 epistolae.
3414 4358 3565 4425 Quod

331 4459 400 4514 po
431 4444 505 4517 (b)
530 4448 792 4516 Optimum
819 4451 1101 4509 consilium
1143 4452 1194 4506 in
1232 4462 1466 4508 mentem
1492 4456 1658 4520 venit,
1691 4470 1746 4513 ut
1795 4461 1898 4515 Eu-
1930 4464 1972 4518 D
2000 4455 2146 4508 enim
2176 4452 2415 4521 episcOpi
2438 4450 2706 4515 fecerant,
2739 4450 2807 4520 (Γ)
2832 4460 3135 4519 temporum
3167 4451 3421 4505 tribuitur
3458 4449 3566 4501 dif~

332 4536 598 4605 phronius
621 4539 959 4597 Coloniensis
998 4543 1282 4612 episcopus
1311 4545 1375 4599 ad
1404 4551 1584 4600 sedem
1629 4549 1900 4622 Nicopoli-

334 4636 515 4681 tanam
544 4632 889 4687 eveheretur.
922 4635 1026 4687 lies
1064 4634 1266 4703 placuit
1293 4637 1560 4706 episcopis
1587 4645 1899 4711 provincim,

331 4728 383 4772 et
422 4719 569 4773 clero
590 4736 653 4774 ac
680 4721 876 4790 p0pulo
905 4721 1297 4791 Nicopolitano.
1333 4727 1516 4795 Itaque
1551 4730 1694 4783 nulla
1749 4749 1901 4799 pror-

332 4826 423 4865 sus
450 4813 769 4881 interposita
806 4829 954 4868 mora
983 4814 1291 4871 Poemenius
1327 4819 1376 4872 id
1420 4821 1563 4888 quod
1606 4825 1902 4891 prudenter

332 4907 758 4973 excogitaverat,
790 4922 1000 4963 summa
1049 4911 1214 4964 animi
1254 4912 1570 4969 fortitudine
1617 4929 1901 4972 exsecums

331 5005 438 5061 est,
462 5005 518 5050 et
550 5009 844 5067 antequam
881 5009 1089 5071 tempus
1110 5008 1329 5059 daretur
1350 5007 1569 5060 Arianis
1593 5007 1692 5060 sibi
1720 5010 1902 5077 provi-

330 5089 511 5154 dendi,
545 5090 895 5160 Euphronius
924 5096 1192 5150 communi
1218 5111 1485 5151 consensu
1523 5098 1575 5151 iu
1631 5098 1758 5153 sede
1804 5098 1898 5152 Ni-

329 5182 630 5251 copolitana
663 5185 957 5241 collocatus
988 5197 1091 5242 est.

398 5273 508 5327 Sed
537 5289 706 5342 quam
733 5284 951 5344 gratum
986 5278 1086 5331 hoc
1130 5275 1541 5346 Nicopolitanis,
1573 5288 1682 5332 tam
1730 5281 1897 5334 mole-

329 5374 472 5418 stum
519 5366 721 5420 accidit
776 5366 1209 5423 Coloniensibus.
1282 5370 1537 5435 Quamvis
1589 5369 1728 5423 enim
1797 5371 1900 5425 hoc

392 5541 467 5617 (ᾳ)
624 5543 755 5617 ἓμ,
786 5561 836 5601 n.
865 5548 898 5601 5
933 5558 986 5603 et
1016 5550 1076 5613 9;
1118 5565 1199 5617 ep.
1236 5547 1361 5613 255,
1392 5563 1441 5601 n.
1486 5546 1537 5599 4.

396 5616 467 5682 (b)
502 5614 600 5678 Ep.
628 5614 829 5678 229,".
862 5620 911 5673 l.

395 5692 462 5751 (ε)
498 5684 597 5750 Ep.
625 5685 757 5737 9.27.

392 5758 469 5827 (rt,
503 5755 602 5823 Ep.
635 5754 759 5807 2'28.

2006 4545 2258 4601 ficultati.
2292 4544 2544 4609 Quotidie
2588 4542 2661 4613 (g)
2696 4557 2856 4597 aures
2896 4544 3131 4611 undique
3160 4555 3376 4595 rumore
3418 4556 3567 4595 ever-

2005 4653 2189 4693 sarum
2224 4636 2578 4690 ecclesiarum
2607 4630 3069 4702 percutiebantur.
3104 4631 3290 4685 Ariani
3330 4641 3484 4684 erant
3509 4631 3563 4683 in

2005 4729 2217 4784 insidiis
2262 4724 2513 4781 collocati
2544 4723 2641 4795 (It),
2670 4734 2723 4778 et
2756 4725 2958 4779 idcirco
2988 4722 3197 4777 fortiter
3221 4722 3564 4777 antevenien-

2005 4820 2129 4874 dum
2164 4815 2383 4871 videbat
2418 4814 2745 4868 Pmtnenius.
2797 4812 2965 4867 Nemo
3004 4813 3136 4867 adeo
3181 4826 3377 4882 parvus
3424 4822 3561 4878 erat,

2004 4911 2093 4979 qui
2144 4924 2248 4963 non
2300 4917 2480 4978 posset
2527 4920 2841 4974 magnorum
2904 4904 3162 4958 malorum
3222 4904 3560 4958 occasionem

1999 5000 2420 5057 subministrare
2468 4999 2550 5053 his
2575 4999 2669 5066 qui
2696 4996 3034 5053 occasionem
3062 4994 3394 5064 quazrebant.
3450 4995 3561 5048 Ne—

1998 5111 2095 5164 que
2126 5094 2207 5156 id,
2236 5093 2413 5162 inquit
2445 5090 2699 5154 Basilius,
2733 5105 2795 5143 ea:
2838 5088 3152 5156 conjecturis
3186 5087 3429 5152 dicimus,
3470 5089 3560 5139 sed

1998 5185 2320 5254 experientia
2346 5184 2675 5251 propriorum
2719 5180 2979 5234 malorum
3029 5181 3218 5246 edocti,
3263 5196 3377 5247 qua‘
3422 5178 3559 5231 Deus

1999 5278 2183 5331 vestris
2216 5276 2458 5344 precibus
2490 5282 2710 5327 avertat.
2744 5272 2837 5327 His
2858 5272 3038 5327 verbis
3070 5272 3280 5327 videtur
3323 5272 3559 5325 indicare

1999 5368 2210 5422 facinus
2237 5368 2583 5420 commissum
2615 5366 2665 5417 in
2696 5363 3011 5433 Gregorium
3050 5362 3369 5434 Nyssenutn,
3400 5376 3557 5431 quem

2071 5547 2138 5612 (θ’)
2178 5546 2271 5611 Ep.
2306 5544 2408 5595 2-29
2442 5553 2495 5593 et
2524 5543 2647 5595 230.

2071 5616 2137 5681 (ﬂ
2168 5616 2264 5681 Ep.
2300 5614 2401 5664 29.7
2432 5623 2481 5664 et
2510 5613 2633 5669 29.3.

2072 5686 2144 5753 (ῃ)
2177 5686 2271 5747 Ep.
2295 5684 2418 5753 2‘28.

2076 5752 2151 5809 (hl
2192 5753 2289 5808 Et).
2320 5752 2435 5807 ⁸229.
