4040 6216
470 339 572 381 αι.

1805 320 2337 379 PROLEGOMENA.

473 437 546 516 ab
578 453 686 493 uno
711 438 950 502 homine,
987 451 1160 508 eoque
1212 437 1458 509 ignobili,
1493 453 1803 497 accusatum
1840 441 2029 496 Demo-
2055 447 2103 502 Α
2135 447 2326 493 ventus
2353 442 2568 490 decreta
2628 435 2896 490 attribuit.
2933 434 2995 489 lli
3031 435 3089 490 S.
3115 434 3447 505 Gregorium
3490 432 3660 505 Nysse

470 533 691 586 athenes
729 530 903 600 abripi
926 531 1188 598 Iusserat.

542 623 760 678 Electus
784 636 913 692 ergo
936 620 1278 689 Euphronius
1310 631 1432 693 post
1452 623 1743 678 concilium
1787 622 2036 692 Ancyra-‘

470 729 621 778 num,
650 717 742 770 sed
775 723 903 768 ante
945 712 1343 768 ordinationem
1390 713 1698 777 Frontonis,
1732 725 1859 768 ante
1909 729 2032 782 per-

469 804 824 868 secutionem,
900 818 1060 874 quam
1109 803 1254 873 passi
1307 812 1434 859 sunt
1493 803 1867 874 Nicopolitani.
1923 805 2031 860 Res

473 895 610 948 adeo
631 893 774 948 clara
811 902 867 950 et
906 895 1298 970 manifesta,ut
1324 896 1543 951 dubiam
1577 897 1920 952 Tillemontio
1948 900 2032 952 vi-

470 999 585 1039 sam
617 999 739 1039 esse
761 986 944 1041 mirer.
977 986 1289 1058 Tranquilla
1332 989 1476 1043 enim
1513 1000 1630 1044 erat
1653 990 1926 1053 Armenia,
1953 991 2027 1044 ita

466 1083 530 1129 ut
555 1073 904 1130 Colonienses
936 1077 1257 1133 Arianorum
1309 1090 1486 1135 motus
1532 1080 1864 1150 ignorarent.
1916 1079 2028 1134 Nos

465 1182 607 1232 vero,
635 1167 807 1236 inquit
833 1166 1066 1223 Basilius
1090 1167 1187 1239 (a),
1241 1171 1332 1240 qui
1371 1171 1424 1224 in
1453 1172 1636 1225 mediis
1668 1173 1818 1225 rebus
1856 1188 2030 1225 versa-

465 1273 607 1321 ntur,
635 1267 684 1310 et
720 1274 939 1327 quorum
999 1276 1151 1313 aures
1196 1261 1426 1332 undique
1456 1278 1762 1331 unoquoque
1806 1263 1892 1316 die
1939 1279 2030 1316 ru-

464 1362 610 1400 more
671 1362 971 1400 eversarum
1021 1349 1362 1402 ecclesiarum
1421 1340 1806 1418 percutiuntur;
1879 1353 2028 1406 valde

465 1438 616 1490 anxii
660 1453 864 1504 sumus,
907 1455 970 1492 ne
1015 1439 1152 1507 forte
1210 1445 1500 1496 communis
1545 1443 1709 1496 hostis
1763 1443 2030 1496 diuturna:

463 1528 584 1580 vitae
614 1537 795 1581 vestra:
822 1529 1198 1598 tranquillitati
1238 1532 1493 1595 invidens,
1522 1533 1581 1586 in
1621 1534 1801 1588 vestris
1826 1550 2028 1603 quoque

463 1617 592 1670 locis
622 1633 717 1670 sua
740 1618 904 1686 ipsius
936 1619 1141 1672 zizania
1175 1637 1342 1675 serere
1359 1623 1542 1691 possit,
1570 1625 1820 1694 cedatque
1842 1633 1891 1678 et
1925 1625 2029 1677 Ar-

463 1708 754 1761 meniorum
779 1709 918 1777 regio
945 1710 998 1762 in
1027 1725 1202 1764 eseam
1230 1713 1566 1768 adversariis.
1604 1714 1810 1770 Laudat
1838 1716 1890 1769 in
1915 1716 2028 1785 epi-

2133 540 2262 580 num
2295 525 2685 592 deposuerunt.
2738 522 3013 578 Hactenus
3058 524 3202 578 enim
3233 524 3515 593 judicium,
3551 526 3692 591 quod

2138 618 2203 672 de
2229 631 2292 670 eo
2315 615 2457 670 ferre
2490 614 2774 669 voluerant
2808 616 3056 684 Ancyra),
3091 614 3215 684 fuga
3247 623 3304 668 et
3335 614 3561 668 latebris
3594 615 3692 668 de-

2145 709 2464 762 clinaverat.
2530 706 2634 760 Sed
2677 715 2813 759 tunc
2865 707 3141 760 absentem
3175 705 3479 774 depositum
3528 704 3692 760 fuisse

2128 801 2484 868 perspicimus
2500 814 2564 852 ex
2602 799 2687 852 his
2707 797 2888 851 Basilii
2913 797 2980 850 de
3009 795 3112 852 hoc
3136 795 3362 851 concilio
3388 795 3567 850 verbis
3592 795 3691 865 (9):

2131 888 2204 942 Hi
2235 905 2369 942 nunc
2403 889 2616 957 fratrem
2643 903 2814 940 meum
2839 883 3015 956 Nyssa
3049 887 3376 952 expulerunt,
3422 888 3693 940 sententia

2129 995 2224 1033 sua
2250 979 2520 1036 videlicet.
2546 977 2680 1032 Nam
2714 978 2849 1032 nihil
2881 978 3023 1031 aliud
3061 987 3307 1045 poterant
3335 978 3387 1030 in
3416 978 3693 1030 absentem

2129 1085 2193 1127 ac
2222 1080 2338 1126 tuto
2361 1072 2790 1126 delitescentem.
2824 1069 2952 1138 Ejus
2979 1070 3097 1123 loco
3131 1070 3544 1124 introduxerunt
3589 1069 3693 1122 ho-

2130 1163 2358 1227 minem,
2389 1163 2474 1217 vel
2500 1163 2677 1232 potius
2708 1162 3036 1230 mancipium
3065 1162 3250 1230 paucis
3273 1160 3447 1214 obolis
3476 1161 3692 1226 venale,

2127 1255 2222 1309 sed
2252 1257 2398 1322 quod
2429 1256 2496 1309 ad
2531 1254 2655 1308 lidei
2687 1254 3046 1322 corruptelam
3076 1253 3285 1317 attinet,
3312 1253 3418 1319 his,
3447 1253 3539 1322 qui
3561 1267 3694 1308 con-

2127 1348 2374 1409 stituere,
2411 1360 2515 1399 non
2548 1343 2798 1398 inferius.

2205 1437 2292 1505 (It)
2330 1435 2587 1489 Miserunt
2622 1435 2781 1488 etiam
2814 1434 2866 1486 in
2916 1433 3167 1502 oppidum
3201 1433 3370 1486 Doara
3419 1434 3691 1488 hominem

2127 1525 2488 1594 pestilentem,
2525 1523 2849 1592 pupillorum
2891 1520 3147 1575 famulum
3196 1532 3250 1576 et
3302 1538 3332 1576 a
3382 1523 3494 1578 suis
3543 1524 3695 1580 heris

2126 1615 2431 1684 fugitivum,
2460 1629 2617 1682 quem
2643 1613 3382 1682 episcopumordinaverunt,
3411 1625 3470 1667 ut
3503 1628 3694 1669 assen-

2129 1715 2378 1760 tarentur
2408 1705 2960 1772 tnulierculmimpim,
2998 1719 3117 1773 quae
3164 1706 3318 1774 prius
3346 1705 3580 1776 Georgio
3623 1706 3692 1759 ad

463 1797 600 1851 stola
635 1801 880 1868 sequenti
929 1799 1005 1870 (ὁ)
1037 1817 1300 1856 summam
1332 1801 1602 1860 Pmmenii
1655 1805 2020 1861 fortitudinem

2130 1795 2416 1849 arbitrium
2451 1809 2610 1850 suum
2637 1807 2734 1849 usa
2783 1793 2980 1858 fuerat,
3017 1803 3070 1846 et
3119 1805 3307 1862 postea
3360 1796 3500 1849 hunc
3551 1796 3695 1851 illius

462 1884 650 1948 animi,
702 1887 845 1955 quod
890 1904 994 1942 non
1032 1889 1246 1946 dederit
1292 1901 1502 1962 tempus
1550 1896 1880 1952 adversariis
1922 1898 2023 1952 sibi

466 1975 812 2044 providendi,
844 1993 1020 2049 neque
1079 1995 1270 2036 eorum
1322 1984 1549 2040 insidias
1595 1988 2022 2042 exsuscitaverit.

461 2063 742 2131 Quomodo
763 2066 876 2121 haec
902 2067 1006 2121 dici
1037 2078 1280 2138 potuere,
1307 2073 1349 2127 si
1375 2073 1487 2143 jam
1514 2075 1701 2130 Ariani
1728 2075 2021 2146 Nicopolim

461 2157 868 2226 oppugnabant,
903 2167 956 2212 et
989 2159 1201 2216 intruso
1232 2159 1473 2230 pervirn
1519 2176 1573 2221 et
1609 2167 2020 2236 impressionem

464 2247 594 2317 lupo
623 2248 998 2318 gravissimam
1029 2255 1456 2321 persecutionem
1502 2259 1873 2315 exercebant?
1917 2260 2023 2316 De-

462 2341 626 2410 nique
660 2340 994 2396 Theodotum
1045 2345 1231 2412 paucis
1260 2347 1449 2402 diebus
1489 2349 1689 2405 obiisse
1729 2361 2019 2421 antequam

460 2432 577 2487 haec
599 2431 858 2486 scriberet
881 2431 1130 2499 Basilius,
1168 2451 1235 2491 ex
1259 2436 1346 2491 his
1379 2439 1557 2494 verbis
1580 2440 1849 2511 colligitur
1887 2461 1900 2496 :
1933 2442 2022 2497 Si-

457 2522 569 2576 mul
598 2533 772 2576 autem
794 2532 840 2576 et
866 2524 1012 2578 nobis
1050 2540 1355 2595 prosperum
1379 2527 1479 2582 iter
1507 2533 1800 2599 precemini,
1827 2542 1884 2586 ut
1929 2533 2021 2587 ad-

457 2613 720 2667 uenientes
757 2615 1019 2670 uobiscum
1060 2617 1385 2684 gaudeamus
1412 2621 1474 2674 de
1500 2625 1743 2686 prwsenti
1791 2637 2020 2693 pastore,

459 2720 653 2773 nosque
685 2715 866 2761 mutuo
893 2708 958 2762 de
987 2707 1130 2761 obitu
1162 2711 1450 2766 communis
1487 2713 1657 2782 patris
1692 2717 1856 2770 nostri
1897 2733 2022 2771 con-

457 2794 706 2851 solemur.

529 2883 660 2939 Tam
692 2887 1013 2955 praeclarum
1039 2893 1312 2952 Armenia:
1339 2895 1714 2965 episcoporum
1735 2899 2018 2953 consilium

456 2986 646 3047 optato
675 2980 826 3036 exitu
864 2985 1063 3038 caruit.
1094 2984 1215 3040 Cito
1237 2987 1384 3042 enim
1423 2989 1640 3043 videtur
1679 2989 2020 3058 Euphronius

455 3065 734 3125 Coloniam
778 3072 1038 3143 rediisse;
1089 3077 1238 3132 nulla
1282 3078 1431 3133 illius
1472 3079 1731 3150 deinceps
1769 3091 2022 3137 occurret

2128 1886 2394 1940 habuerat
2418 1899 2808 1940 successorem.
2837 1884 3013 1938 Alium
3039 1885 3308 1938 hominem
3327 1887 3694 1956 desperatum,

2127 1979 2180 2031 in
2216 1975 2490 2030 Ecclesias
2532 1975 2856 2038 immissum,
2891 1975 2944 2029 id
2975 1984 3082 2038 est,
3115 1976 3182 2028 ab
3213 1976 3413 2046 Anysio
3440 1990 3495 2032 et
3530 1978 3697 2033 Ecdi-

2125 2076 2212 2129 cio
2232 2075 2564 2138 ordinatum,
2601 2073 2834 2127 Basilius
2866 2074 2918 2126 in
2957 2075 3057 2126 hac
3087 2081 3141 2126 et
3169 2071 3445 2139 superiore
3470 2072 3535 2124 ad
3558 2086 3695 2123 san-

2124 2175 2270 2219 ctum
2299 2164 2594 2218 Eusebium
2619 2164 2846 2232 epistola
2876 2171 3130 2218 testatur.
3163 2161 3331 2228 Quem
3376 2169 3554 2214 autem
3587 2160 3696 2214 mi-

2124 2265 2312 2308 serunt
2337 2255 2536 2320 Doara,
2568 2255 2618 2308 is
2647 2264 2732 2308 est
2765 2255 2832 2309 de
2855 2269 2963 2322 quo
3001 2251 3231 2306 Basilius
3269 2253 3346 2306 ait
3369 2252 3421 2305 in
3460 2251 3691 2320 epistola

2121 2344 2247 2408 251,
2278 2344 2456 2400 Doara
2498 2347 2768 2413 antiquum
2810 2355 3109 2414 receperunt
3141 2343 3449 2398 Mulionem.
3482 2343 3694 2410 Quibus

2123 2451 2190 2492 ex
2206 2437 2385 2491 verbis
2401 2437 2599 2508 colligit
2616 2437 2986 2494 Tillemontius
3005 2440 3067 2508 (i)
3084 2438 3224 2490 hunc
3241 2436 3506 2489 hominem
3527 2447 3691 2489 antea

2125 2529 2450 2584 Doarensetn
2481 2530 2788 2598 episcopum
2818 2529 3006 2595 fuisse,
3030 2532 3121 2584 sed
3145 2546 3174 2583 a
3195 2529 3486 2583 Catholicis
3501 2527 3693 2594 expul-

2124 2636 2265 2686 sum,
2297 2621 2391 2690 qui
2451 2622 2503 2676 ei
2560 2621 2826 2675 Eulalium
2877 2620 3294 2685 substituerunl,
3351 2630 3539 2688 postea
3587 2619 3694 2673 sub

2127 2711 2518 2776 Demosthene,
2544 2714 2667 2766 data
2695 2713 3000 2774 occasione,
3051 2712 3233 2766 sedem
3275 2727 3424 2764 suam
3463 2724 3693 2778 recupe-

2130 2818 2301 2858 rasse.
2357 2802 2658 2858 Conﬁrmat
2690 2803 2829 2856 hanc
2858 2803 3135 2856 historiam
3168 2803 3511 2856 doctissimus
3538 2801 3679 2854 scri-

2123 2903 2249 2964 ptor
2268 2911 2332 2948 ex
2357 2895 2603 2950 oratione
2653 2897 2923 2949 tricesima
2955 2895 3129 2949 sancti
3159 2894 3403 2962 Gregorii
3445 2891 3695 2947 Nazian-

2125 2987 2268 3039 zeni.
2299 2986 2404 3040 Sed
2443 3001 2566 3040 cum
2617 3001 2779 3054 supra
2830 2987 3226 3040 ostenderimus
3254 2985 3573 3055 Gregorium
3627 2984 3689 3038 in

2125 3075 2228 3130 hac
2253 3076 2502 3131 oratione
2527 3091 2628 3130 nou
2657 3077 2723 3130 de
2744 3077 2971 3146 expulso
2999 3076 3277 3142 haeretico,
3300 3078 3393 3130 sed
3421 3075 3488 3128 de
3519 3073 3689 3128 Eula-

454 3163 697 3230 menlio;
735 3161 1034 3234 Nicopolim
1079 3181 1110 3221 a
1155 3169 1489 3240 presbyteris
1519 3145 1731 3240 vigente
1768 3188 2022 3243 persecu-
2047 3145 2089 3202 θ
2125 3168 2198 3221 lio
2228 3169 2281 3221 in
2307 3183 2502 3222 novum
2529 3145 2892 3237 episcopatum
2946 3179 3133 3224 evecto
3160 3182 3350 3236 agere,
3412 3175 3526 3220 l‘llll
3567 3176 3683 3220 tota

457 3251 602 3307 tione
626 3253 974 3323 gubernatam
1004 3256 1336 3338 videbimus,
1373 3274 1469 3314 nec
1503 3260 1760 3316 Frontoni
1789 3304 1805 3330 ,
1839 3263 1930 3332 qui
1967 3264 2019 3317 in

456 3341 601 3397 hanc
646 3344 831 3398 sedem
868 3345 1042 3402 instar
1078 3348 1306 3406 latronis
1363 3352 1584 3419 invasit,
1634 3353 1762 3409 illud
1815 3355 2020 3410 crimen

453 3432 737 3500 obiicitur,
766 3437 908 3506 quod
944 3437 1244 3509 legitimum
1267 3442 1576 3512 episcopum
1608 3444 1892 3514 expulerit.
1917 3445 2020 3502 Ve-

453 3519 691 3576 risimile
735 3533 820 3579 est
863 3527 1082 3584 coact‘os
1131 3529 1297 3611 fuisse
1353 3531 1634 3603 episcopos
1672 3534 1910 3602 querelis
1949 3549 2014 3591 ac

453 3611 616 3666 minis
646 3611 1021 3671 Colonensium
1055 3620 1269 3674 cedere.

525 3703 592 3758 ν.
617 3702 744 3758 Post
766 3707 1052 3763 concilium
1086 3710 1430 3781 Ancyranum
1467 3710 1857 3768 Demosthenes
1885 3729 2016 3783 pau-

453 3791 624 3862 lisper
667 3795 812 3851 circa
860 3812 950 3853 res
981 3798 1245 3856 militares
1285 3813 1599 3873 occupatus,
1649 3820 1839 3860 rursus
1870 3807 2016 3861 venit

453 3883 756 3941 Caesaream
787 3886 886 3959 (ε),
933 3904 998 3945 ac
1032 3892 1283 3960 protinus
1308 3908 1446 3950 voce
1490 3895 1647 3950 unica
1678 3909 1867 3951 omnes
1907 3897 2014 3952 Ec-

454 3975 634 4030 clesiat
664 3976 1023 4035 Caesariensis
1057 3982 1289 4039 clericos
1317 3985 1481 4040 curiae
1507 3987 1746 4041 tradidit.
1772 3985 1898 4043 lnde
1921 4004 2013 4045 ve-

451 4065 534 4118 nit
567 4064 895 4132 Sebastiam,
958 4069 1048 4124 ubi
1103 4071 1282 4140 plures
1329 4072 1446 4130 dies
1498 4074 1658 4142 sedit,
1712 4090 1778 4131 ac
1826 4090 2016 4132 omnes

454 4153 515 4211 S.
541 4154 724 4212 Basilii
751 4160 1243 4218 communicaturus
1275 4166 1444 4220 curia:
1482 4166 1718 4233 addixit,
1747 4167 2013 4224 Eustathii

452 4254 632 4300 autem
667 4248 872 4302 amicos
897 4251 1147 4309 maximis
1181 4253 1480 4312 honoribus
1510 4255 1662 4312 fovit.

525 4336 733 4393 Rursus
749 4337 1067 4395 Galatarum
1091 4351 1145 4395 et
1173 4341 1516 4400 Ponticorum
1544 4348 1804 4418 synodum
1830 4348 2015 4421 Nyssat

2121 3263 2367 3317 narratio
2395 3262 2749 3317 Tilletnoutii.
2773 3265 2953 3329 Quare
2975 3278 3096 3318 cum
3123 3262 3198 3315 ait
3227 3261 3480 3323 Basilius,
3506 3259 3691 3314 Doara

2121 3354 2395 3422 antiquum
2424 3352 2708 3407 Mulioncm
2743 3365 3063 3423 receperunt,
3093 3355 3354 3408 nefarium
3397 3354 3538 3406 hunc
3580 3353 3689 3406 ho-

2121 3443 2320 3496 minem
2348 3442 2477 3498 olim
2519 3442 2715 3499 Doaris
2751 3459 2948 3500 munus
2985 3443 3236 3499 Mulionis
3257 3443 3565 3497 exercuisse
3594 3444 3688 3496 in-

2119 3530 2284 3585 dicat.

2190 3621 2268 3693 (j)
2301 3619 2507 3677 Galatae
2538 3623 2724 3678 Ariani
2769 3631 2892 3678 cum
2938 3623 3238 3678 amicorum
3289 3622 3554 3676 Eustathii
3585 3634 3686 3675 co-

2117 3716 2331 3779 mitatu,
2365 3713 2535 3785 Nyssa
2558 3715 2761 3784 egressi
2805 3723 2954 3780 sunt,
3005 3723 3062 3768 et
3117 3713 3220 3767 hoc
3275 3713 3530 3767 satellitio
3580 3713 3688 3766 sti-

2115 3807 2249 3877 pati,
2270 3821 2483 3862 omnem
2506 3806 2764 3876 partecia:
2788 3805 3077 3859 Eustathio
3116 3803 3371 3872 subjecta:
3401 3805 3682 3872 regionem

2117 3906 2564 3966 peragraverunt,
2614 3899 2991 3968 episcoporum
3051 3899 3348 3951 honoribus
3389 3907 3444 3951 et
3489 3895 3687 3951 olliciis

2125 3991 2325 4046 ornati.
2365 3991 2666 4046 lntroducti
2699 4000 2877 4045 autem
2901 3999 3026 4045 sunt
3051 3991 3441 4060 perhonorifice
3466 3990 3516 4043 in
3547 3990 3688 4044 civi-

2130 4089 2320 4146 tatem,
2352 4083 2666 4137 concionem
2698 4081 2954 4136 habentes
2992 4097 3203 4136 summa
3228 4097 3348 4137 curn
3388 4091 3678 4152 potestate.

2114 4169 2373 4227 Traditus
2405 4181 2490 4227 est
2515 4173 2658 4227 enim
2690 4173 2802 4226 illis
2831 4176 3079 4242 populus,
3116 4174 3372 4227 traditum
3406 4173 3594 4236 altare,
3623 4175 3681 4228 in

2121 4277 2228 4332 quo
2250 4264 2392 4317 sacri
2415 4264 2829 4333 licaverunt(lt),
2863 4273 2918 4318 et
2957 4266 3230 4333 proprium
3261 4277 3455 4333 panem
3482 4265 3684 4334 populo

2117 4350 2270 4405 omni
2303 4351 2724 4406 distribuerunt.
2755 4351 2952 4417 Quales
2997 4363 3179 4407 essent
3215 4353 3474 4421 ejusmodi
3505 4353 3684 4406 homi-

447 4427 614 4540 j'pssit
645 4428 929 4486 celebrari.
960 4431 1017 4486 In
1045 4447 1153 4502 quo
1179 4435 1396 4504 quidem
1439 4453 1656 4508 operam
1709 4441 1761 4496 ei
1795 4444 2092 4540 navavitD
2118 4455 2216 4496 nes
2247 4439 2334 4510 (ι),
2361 4450 2418 4496 et
2446 4442 2716 4510 quomodo
2744 4458 2930 4498 eorum
2965 4444 3193 4513 quisque
3247 4445 3524 4498 ordinatus
3566 4459 3580 4496 :
3624 4453 3684 4497 et

456 4517 798 4587 Eustathius,
849 4535 915 4578 ac
949 4525 1137 4579 vicarii
1178 4527 1448 4583 mandatis
1484 4529 1730 4598 adjunxit
1781 4532 2008 4602 legatio-

446 4623 572 4663 nem
599 4609 920 4666 selectorum
963 4611 1041 4684 (tl)
1090 4628 1158 4668 ex
1198 4629 1294 4669 sua
1322 4615 1558 4674 Ecclesia
1589 4619 1886 4687 hominum,
1919 4623 2012 4692 qui

447 4698 663 4757 Galatas
717 4713 1058 4759 accerserent
1117 4720 1182 4761 ac
1233 4697 1622 4778 perhonorilice
1664 4709 2009 4768 deducerent.

448 4789 748 4847 Adfuerunt
782 4795 942 4849 etiam
987 4796 1202 4853 Pontici
1259 4798 1515 4870 episcopi.
1562 4801 1697 4856 Nam
1752 4813 2012 4874 utrosque

448 4879 677 4937 Basilius
710 4883 780 4954 (e)
810 4887 1074 4951 mandatis
1114 4889 1300 4944 vicarii
1348 4892 1595 4960 paruisse
1644 4900 1894 4948 testatur.
1951 4894 2006 4948 In

449 4969 554 5027 hoc
586 4975 815 5030 concilio
839 4979 1098 5035 dominati
1124 4990 1251 5037 sunt
1271 4982 1501 5052 Anysius
1531 4994 1584 5039 et
1600 4983 1848 5041 Ecdicius
1873 4985 2006 5040 Par-

453 5075 738 5132 nassenus,
771 5069 968 5138 quibus
1003 5072 1341 5143 potissimum
1363 5074 1590 5132 Basilius
1610 5077 1676 5149 (f)
1701 5077 1847 5147 impii
1875 5091 2008 5133 con-

541 5287 593 5346 al
621 5287 854 5356 Ep.228.

545 5358 595 5426 ὁ)
625 5358 721 5425 Ep.
751 5359 878 5415 229.

545 5435 590 5483 cl
631 5427 730 5483 En.
761 5429 878 5483 257.

543 5435 600 5634 ἐξ
619 5435 887 5634 ἓξὲξ)ξέ
908 5518 964 5558 n.
988 5501 1040 5572 7,
1062 5513 1116 5560 et
1143 5519 1228 5577 ep.
1262 5507 1368 5563 250
1394 5519 1446 5566 et
1475 5508 1603 5578 251,
1635 5527 1687 5565 n.
1711 5511 1765 5567 δ.

617 5633 752 5692 Ibid.

570 5703 597 5775 )
619 5703 752 5761 lbid.

2125 4531 2269 4600 quali
2309 4547 2375 4587 ex
2403 4533 2510 4586 vita
2544 4533 2609 4586 ad
2643 4535 2780 4588 hanc
2819 4544 3038 4588 evectus
3082 4543 3424 4603 potestatem,
3463 4535 3683 4589 silentio

2127 4622 2378 4688 Basilius,
2416 4633 2475 4678 ut
2501 4633 2684 4678 notum
2731 4626 2980 4680 omnibus
3014 4626 3128 4697 (m),
3159 4628 3249 4695 qui
3292 4643 3412 4680 cum
3442 4629 3520 4682 eis
3557 4637 3682 4683 tau-

2127 4713 2296 4782 tisper
2321 4717 2518 4770 versati
2549 4714 2786 4779 fuerant,
2813 4719 3331 4786 praetermittendum
3376 4719 3675 4775 existimat.

2115 4805 2224 4860 Sed
2255 4813 2436 4860 tamen
2471 4816 2593 4874 post
2624 4817 2732 4860 tam
2785 4809 3016 4876 insignia
3044 4809 3249 4863 venalis
3292 4793 3347 4864 et
3386 4809 3677 4879 turpificati

2113 4898 2280 4952 animi
2320 4898 2636 4967 specimina,
2669 4913 2857 4954 eorum
2893 4901 2961 4955 ad
3003 4916 3062 4956 se
3084 4903 3515 4957 communionem
3566 4903 3679 4956 Eu-

2114 4989 2348 5044 stathius
2369 5004 2474 5044 non
2502 4991 2730 5045 retraxit
2754 4991 2882 5062 (n).'
2905 4992 3056 5059 Quod
3102 4994 3180 5049 eis
3233 4994 3396 5049 dabat
3444 4995 3680 5064 accipie-

2114 5081 2275 5147 bant;
2308 5083 2402 5136 sed
2432 5082 2568 5137 nihil
2599 5084 2732 5138 tanti
2760 5085 2842 5140 eis
2883 5083 3004 5153 fuit,
3061 5097 3121 5142 ut
3157 5088 3225 5144 ab
3271 5088 3674 5158 episcoporum,

2174 5301 2250 5372 (1.)
2287 5300 2384 5372 Ep.
2404 5303 2532 5357 259.

2168 5374 2232 5444 (7t)
2263 5371 2416 5444 Tom.
2434 5373 2534 5444 lx,
2560 5392 2610 5444 p.
2636 5376 2761 5432 594.

2173 5443 2239 5512 (j)
2272 5443 2367 5508 Ep.
2391 5442 2516 5505 251,
2552 5442 2606 5502 n.
2635 5447 2688 5499 ’5.

2172 5513 2247 5586 (It)
2270 5512 2367 5586 Ep.
2395 5512 2520 5586 244,
2556 5532 2610 5572 u.
2641 5517 2762 5578 7,et
2783 5531 2868 5586 ep.
2898 5515 3021 5571 250.

2175 5584 2240 5648 (ι)
2273 5584 2366 5645 Ep.
2394 5582 2517 5646 ‘2“,
2542 5601 2598 5638 n.
2627 5586 2677 5638 7.

2172 5651 2395 5722 (nt)Ep.
2419 5653 2546 5722 251,
2580 5670 2633 5708 n.
2671 5655 2724 5708 5.

2171 5727 2248 5790 (tt)
2279 5721 2407 5774 Ibid.
2674 5761 2676 5764 μ
