4040 6216
1676 306 1836 363 VITA
1875 305 1932 363 S.
1968 306 2233 364 BASILII.

3465 325 3586 366 εκιι

335 428 431 499 qui
462 424 805 481 Eustathium
867 424 1255 491 deposuerant,
1310 424 1631 479 auctoritate
1674 427 1916 483 discede-
1942 431 1989 490 Α
2023 427 2389 497 Cappadocia,
2413 435 2467 481 et
2502 438 2624 497 post
2656 426 2863 482 Pascha
2908 425 3182 491 saeviebat,
3212 432 3281 478 ut'
3309 438 3449 479 anno
3482 425 3588 480 575

339 531 462 574 rent
494 519 599 588 (α).
622 516 759 571 Cum
794 517 900 569 hoc
926 517 1140 585 agmine
1162 516 1473 571 Eustathius
1498 518 1793 587 Nicopolim
1819 535 1916 574 ve-

340 614 445 676 nit,
468 622 530 665 ut
563 622 617 664 et
652 611 846 663 vicarii
899 618 954 663 et
1001 609 1327 661 Arianorum
1357 618 1625 677 potestate
1656 612 1915 676 munitus,

341 702 472 756 huic
523 699 803 763 Ecclesiae,
847 714 969 766 quae
1004 713 1174 765 nuper
1214 698 1531 766 episcopum
1584 697 1913 753 Theodotum

344 793 625 854 amiserat,
656 792 823 843 alium
866 790 1180 859 episcopum
1206 789 1378 844 daret.

417 884 504 937 Vl.
530 884 644 938 Non
683 883 910 937 multum
947 882 1235 936 habuimus
1269 881 1465 951 negotii
1498 881 1549 934 in
1582 880 1912 944 disponenda

339 975 609 1043 ejusmodi
638 984 933 1030 eventuum
967 974 1127 1029 serie.
1163 972 1254 1027 Sic
1282 976 1423 1027 enim
1455 976 1522 1027 ab
1566 975 1679 1043 ipso
1712 975 1914 1029 Basilio

339 1068 532 1122 ordine
560 1076 851 1121 narrantur
881 1067 935 1120 in
966 1066 1207 1134 epistolis
1255 1065 1361 1118 257
1386 1076 1440 1118 et
1461 1066 1587 1118 259.
1629 1067 1732 1120 Sed
1775 1064 1910 1118 ditii-

340 1161 501 1215 cilius
548 1171 635 1215 est
680 1172 942 1222 statuere,
976 1168 1155 1211 utrmn
1216 1173 1355 1210 anno
1399 1159 1501 1212 575
1545 1170 1811 1222 exeunte,
1845 1173 1910 1211 an

338 1256 562 1310 ineunte
590 1254 719 1316 576,
775 1254 1124 1322 contigerint.
1184 1254 1569 1309 Tillemontius
1618 1263 1671 1305 et
1724 1261 1913 1305 auctor

336 1345 679 1400 Bibliotheca
709 1346 1078 1400 ecclesiastica:
1107 1348 1173 1401 ad
1230 1346 1441 1400 initium
1468 1343 1594 1397 anni
1646 1343 1907 1410 referunt,

335 1447 566 1504 excepto
604 1448 782 1491 tamen
819 1438 1052 1492 concilio
1111 1440 1423 1509 Ancyrano,
1482 1438 1626 1505 quod
1673 1435 1911 1490 fatentur

336 1529 436 1583 sub
468 1528 635 1582 ﬁnem
668 1529 793 1583 anni
822 1530 929 1583 575
950 1539 1307 1583 convocatum
1349 1528 1539 1582 fuisse.
1576 1527 1707 1583 Cum
1745 1525 1910 1582 Tille-

334 1623 543 1675 moutio
585 1620 765 1674 facere
808 1622 1062 1676 videntur
1105 1621 1254 1689 plura
1302 1622 1565 1673 rationum
1603 1630 1906 1685 momenta;

337 1712 481 1779 quod
513 1714 755 1780 synodus
790 1715 1103 1784 Ancyrana,
1138 1731 1299 1783 quam
1342 1715 1430 1767 alii
1465 1726 1690 1768 eventus
1723 1730 1908 1768 conse-

2017 519 2445 572 observavimus.
2474 518 2583 574 Nec
2619 521 2812 573 mirum
2846 519 3072 588 proinde
3100 519 3145 573 si
3180 516 3447 572 interdum
3478 516 3588 571 cito

2015 611 2281 666 veniebat.

2088 701 2202 755 Non
2237 701 2453 755 adhibui
2490 710 2886 769 argumentum,
2912 700 3056 769 quod
3087 700 3189 754 sibi
3225 698 3386 765 objict
3419 712 3580 768 posse

2016 793 2185 845 sensit
2232 791 2627 845 Tillemontius.
2677 792 2732 845 ln
2785 793 3009 859 epistola
3043 792 3169 857 251,
3220 807 3338 860 qua?
3380 793 3582 859 scripta

2014 891 2095 936 est
2149 898 2289 935 anno
2331 882 2456 944 576,
2509 884 2585 936 ait
2639 882 2867 935 Basilius
2904 883 3134 937 Arianos
3184 883 3253 936 ab
3302 882 3586 937 Eustathio

2014 974 2307 1028 accersitos
2351 988 2381 1026 e
2412 973 2619 1028 Galatia
2675 988 2817 1024 anno
2873 975 3146 1042 praeterito
3200 973 3387 1029 fuisse.
3432 972 3585 1027 Unde

2015 1067 2187 1119 facilis
2232 1066 2506 1120 conclusio
2553 1066 2601 1118 id
2637 1067 2928 1135 contigisse
2976 1081 3118 1120 anno
3156 1067 3281 1120 575.
3333 1067 3423 1120 Sic
3469 1080 3581 1118 rem

2012 1159 2225 1224 expedit
2263 1158 2658 1211 Tillemontius.
2709 1158 2908 1210 Statuit
2968 1158 3108 1213 hanc
3151 1159 3430 1227 epistolam
3478 1157 3577 1212 251

2014 1262 2199 1301 mense
2234 1246 2473 1313 Octobri,
2507 1264 2648 1303 anno
2680 1248 2802 1315 576,
2833 1250 3085 1317 scriptam
3136 1265 3285 1315 esse;
3322 1250 3446 1303 anni
3489 1264 3584 1302 au-

2014 1348 2120 1393 tem
2164 1330 2375 1392 iniiium
2433 1340 2572 1408 apud
2623 1340 2927 1399 Orientales
2973 1358 3001 1394 a
3038 1356 3222 1397 mense
3276 1340 3583 1410 Septembri

2012 1428 2153 1482 duci.
2192 1428 2326 1484 Hinc
2361 1431 2563 1500 colligit
2604 1431 2884 1495 Basilium,
2935 1448 3055 1485 cum
3086 1433 3353 1487 scriberet
3382 1434 3583 1501 episto-

2011 1524 2113 1575 lam
2152 1522 2277 1587 251,
2306 1540 2490 1579 mense
2527 1524 2767 1589 Octobri,
2816 1527 2880 1578 ad
2913 1541 3110 1579 annmn
3148 1528 3476 1595 prmteritum
3517 1540 3582 1580 ea

2011 1613 2214 1668 referre
2240 1617 2475 1684 potuisse
2497 1633 2615 1686 quae
2637 1633 2819 1671 mense
2841 1618 3097 1672 Januario
3128 1620 3372 1687 proxime
3394 1620 3580 1688 elapso

2010 1709 2366 1777 contigerant.
2417 1709 2521 1763 Sed
2560 1712 2623 1763 de
2662 1711 2743 1764 his
2783 1726 3008 1779 agemus
3055 1710 3413 1780 conjecturis,
3456 1725 3581 1767 cum

337 1803 447 1856 cuti
480 1813 627 1867 sunt,
668 1806 841 1859 media
878 1806 1054 1859 hieme
1086 1806 1136 1859 in
1169 1808 1327 1876 epiSt.
1356 1807 1462 1860 257
1509 1807 1692 1860 habita
1740 1807 1907 1861 fuisse
1939 1780 1981 1836 Β
2013 1801 2078 1854 ad
2107 1801 2388 1871 epistolam
2419 1802 2515 1855 251
2554 1803 2879 1856 venerimus.

332 1895 576 1965 legitur:
631 1897 775 1965 quod
819 1897 1140 1951 Eustathius
1170 1900 1328 1952 annis
1368 1900 1554 1952 decem
1592 1910 1645 1950 ct
1701 1908 1904 1967 septem

328 1997 437 2034 non
467 1986 675 2039 exactis
706 1987 1132 2054 postconcilium
1164 1987 1218 2041 C.
1247 1986 1304 2040 P.
1343 1988 1468 2041 anni
1498 1987 1620 2051 560,
1651 2003 1767 2041 sese
1786 2003 1907 2040 cum

330 2070 573 2136 Arianis,
612 2085 672 2129 ut
720 2078 975 2145 opinatur
1019 2078 1422 2141 Tillemontius,
1456 2090 1642 2149 aperte
1681 2078 1906 2147 conjun-

328 2154 487 2217 xisse
516 2167 716 2219 dicitur
744 2168 794 2221 in
822 2169 1049 2237 epistola
1079 2168 1203 2236 251,
1236 2186 1290 2223 n.
1312 2169 1368 2223 2.

403 2252 513 2307 Sed
571 2256 654 2309 his
698 2258 1023 2326 conjecturis
1078 2260 1234 2329 longe
1292 2261 1627 2329 przefereuda
1671 2262 1909 2331 epistola:

325 2344 427 2399 251
472 2351 794 2413 auctoritas,
841 2367 961 2421 quae
989 2361 1113 2405 ante
1144 2352 1325 2407 natale
1355 2353 1587 2419 Domini,
1625 2363 1683 2407 ut
1718 2364 1907 2421 postea

331 2439 658 2503 videbimus,
695 2443 919 2511 scripta,
954 2443 1205 2497 Ecclesiae
1233 2443 1524 2499 Doarensis
1547 2447 1908 2515 perturbatio-

328 2544 451 2581 nem
489 2543 543 2583 et
569 2534 883 2601 episc0pum
923 2536 969 2587 ci
1008 2535 1318 2603 impositum
1362 2537 1737 2606 Amphilochia
1772 2554 1909 2592 nun-

329 2619 450 2673 tiat.
482 2618 600 2675 Jam
633 2638 763 2693 ergo
796 2626 1048 2679 accersiti
1083 2641 1113 2679 e
1151 2625 1361 2681 Galatia
1392 2629 1601 2695 Ariani,
1635 2628 1746 2696 jam
1774 2629 1907 2699 Nys-

333 2728 465 2766 sena
493 2715 731 2784 synodus
751 2718 1090 2785 pestilentem
1126 2723 1398 2775 hominem
1436 2722 1488 2773 in
1518 2722 1619 2775 hoc
1654 2723 1905 2791 Oppidum

336 2805 586 2860 miserat.
626 2808 817 2863 Utrum
846 2811 1009 2866 iidem
1034 2814 1218 2867 Ariani
1252 2813 1565 2868 Sebastiam
1614 2814 1908 2867 introducti

332 2893 561 2961 fuerint,
604 2911 728 2950 cum
792 2898 933 2954 hanc
986 2902 1269 2971 epistolam
1324 2902 1589 2957 scriberet
1651 2902 1907 2965 Basilius,

331 2985 586 3052 equidem
612 2996 854 3043 statuere
893 3007 998 3045 non
1033 3007 1275 3058 possum.
1329 2993 1434 3047 Res
1487 2992 1685 3046 dilferri
1734 3002 1909 3061 putest

330 3090 503 3143 usque
525 3078 831 3132 adinitium
866 3082 991 3135 anni
1028 3083 1149 3137 576.
1187 3082 1332 3136 Satis
1353 3090 1436 3137 est
1471 3084 1535 3136 ad
1568 3082 1905 3137 concilianda

2557 1917 2781 1973 CAPUT
2825 1916 3034 1971 XXXV.

2009 2008 2048 2062 I.
2092 2009 2453 2078 Amphilochia
2492 2011 2751 2078 signiﬁcat
2790 2008 3017 2062 Basilius
3049 2026 3108 2063 ea
3153 2024 3267 2075 qute
3308 2016 3577 2076 geruntur.

2084 2077 2371 2145 Respondet
2416 2082 2468 2132 in
2501 2081 2605 2131 alia
2631 2077 2862 2144 epistola
2915 2081 3055 2131 illius
3101 2078 3288 2129 litteris
3324 2089 3369 2129 et
3401 2092 3581 2128 mune-

2080 2151 2226 2202 ribus
2255 2151 2323 2201 ad
2357 2150 2550 2203 Natale
2582 2150 2791 2203 Domini
2834 2150 3023 2201 missis.
3064 2148 3228 2200 Mittit
3258 2156 3578 2200 commenta-

2082 2221 2219 2271 rium
2270 2222 2323 2271 in
2364 2236 2463 2289 quo
2516 2220 2667 2272 solvit
2714 2221 2854 2271 illius
2900 2222 3239 2289 quwsliones._
3270 2216 3350 2289 ll.”
3378 2214 3581 2289 Fronto

2079 2300 2343 2341 mercatur
2375 2285 2737 2353 'epist‘Opalum
2786 2292 2847 2341 ab
2896 2291 3126 2340 Arianis.
3181 2287 3263 2340 Ill.
3316 2285 3576 2337 Resistunt

2080 2360 2274 2411 acriter
2313 2359 2687 2425 Nicoiiolitani.
2728 2357 2815 2410 IV.
2858 2358 2932 2411 De
2971 2358 3199 2424 epistolis
3242 2354 3473 2425 257241
3511 2359 3579 2406 ad

2083 2428 2367 2480 Eusebium
2400 2423 2456 2481 et
2486 2431 2551 2479 ad
2588 2423 3006 2491 Nicanolitanos.
3043 2426 3102 2479 V.
3132 2425 3310 2493 Legati
3344 2428 3397 2477 in
3429 2423 3581 2493 Occi-

2080 2499 2282 2549 dentem
2325 2498 2614 2551 Dorotlteus
2659 2510 2706 2551 et
2743 2500 3117 2551 Sanctissimus
3151 2492 3453 2564 presbyteri.
3490 2492 3578 2548 Ἥ.

2080 2566 2346 2619 Probatur
2382 2586 2464 2619 eos
2512 2568 2607 2618 hoc
2639 2584 2775 2619 anno
2812 2569 2953 2620 circa
2992 2566 3235 2631 Pascha,
3286 2582 3389 2618 non
3424 2565 3578 2617 citius

2078 2638 2334 2705 profectos
2364 2638 2542 2705 fuisse.

2082 2731 2119 2783 Ι.
2152 2729 2298 2782 lntcr
2329 2730 2429 2783 bas
2477 2746 2764 2791 zerumnas.
2801 2740 2857 2783 ut
2889 2744 3113 2798 qumque
3150 2744 3234 2782 res
3270 2726 3579 2791 eveniebat,

2013 2821 2243 2875 libenter
2305 2821 2681 2889 Amphilochio
2742 2808 2986 2889 protinus
3070 2818 3369 2871 nuntiasset
3426 2817 3580 2869 Basi-

2012 2914 2115 2968 lius
2136 2914 2235 2983 (c),
2267 2923 2377 2965 tum
2412 2921 2468 2965 ut
2498 2914 2608 2982 ipse
2640 2913 2925 2965 narrandis
2952 2911 3128 2963 amico
3164 2910 3324 2963 rebus
3350 2910 3461 2961 suis
3491 2924 3581 2961 ac-

2012 3007 2349 3074 quiesceret,
2405 3013 2513 3058 tum
2570 3005 2693 3073 quia
2746 3006 3034 3057 maximam
3090 3017 3149 3056 se
3203 3016 3324 3055 esse
3374 3000 3582 3055 sciebat

2010 3092 2371 3162 Amphilochii
2415 3106 2622 3146 curam.
2658 3094 2763 3145 Sed
2802 3094 3023 3145 deerant
3070 3092 3160 3160 qui
3206 3091 3414 3144 litteras
3460 3105 3593 3160 per-

332 3163 518 3219 Basilii
554 3169 886 3233 testimonia,
919 3182 978 3225 ut
1011 3174 1245 3244 synodus
1290 3173 1532 3244 Nysseua
1583 3174 1649 3225 ad
1705 3189 1903 3225 almum
1934 3176 1975 3233 C
2016 3182 2255 3248 ferrent;
2289 3198 2537 3250 magnum
2568 3181 2709 3236 enim
2744 3197 2846 3234 non
2877 3192 2995 3234 erat
3019 3180 3410 3250 Cappadociam
3443 3180 3584 3233 inter

332 3258 438 3313 375
465 3271 754 3314 exeuntem
786 3262 1081 3318 referatur.
1110 3266 1345 3318 Arianos
1391 3266 1532 3319 enim
1582 3264 1814 3317 Basilius
1851 3264 1902 3316 iu

331 3349 561 3417 epistola
610 3350 738 3415 251,
781 3354 1075 3408 accersitos
1104 3369 1135 3408 e
1177 3354 1387 3408 Galatia
1431 3368 1573 3407 anno
1626 3354 1905 3423 praeterito

330 3439 499 3494 fuisse
547 3442 683 3496 dicit
741 3460 758 3499 :
805 3444 1142 3501 introductos
1193 3448 1245 3501 in
1301 3448 1490 3502 urbem
1526 3448 1717 3501 eodem
1764 3462 1907 3501 anno

328 3527 501 3583 fuisse
527 3548 633 3585 non
657 3534 810 3587 dicit.

398 3622 583 3678 Minus
624 3628 1009 3684 animadvertit
1051 3631 1450 3697 Tillemontius,
1481 3646 1603 3685 cum
1650 3630 1905 3686 Basiliam

328 3717 607 3770 existimat
632 3708 660 3771 a
686 3721 920 3775 concilio
953 3722 1561 3792 Constantinopolitano
1586 3722 1650 3775 ad
1680 3721 1905 3790 conjun-

282 3832 285 3835 ν
329 3808 569 3861 ctionem
605 3809 871 3865 Eustathii
898 3828 1020 3867 cum
1053 3814 1275 3867 Arianis
1304 3828 1474 3867 annos
1513 3814 1698 3866 decem
1738 3823 1793 3867 et
1823 3827 1905 3865 se-

329 3909 479 3968 ptem
508 3916 618 3954 non
645 3902 829 3969 plenos
866 3920 1173 3959 numerare.
1206 3904 1452 3959 Totidem
1486 3905 1628 3958 enim
1659 3910 1909 3956 numerat

330 4005 505 4060 usque
560 3994 628 4045 ad
690 3993 820 4048 illud
852 4004 1082 4066 tempus,
1120 4012 1226 4064 quo
1280 3997 1418 4050 hanc
1468 3996 1905 4066 conjunctionem

332 4084 621 4139 Eustathio
689 4090 1076 4155 exprobrabat,
1134 4090 1357 4143 minime
1424 4103 1553 4142 vero
1608 4102 1781 4156 usque
1841 4087 1908 4142 ad

332 4176 507 4246 ipsam
535 4179 999 4245 coniunctionem,
1032 4197 1152 4249 qua:
1201 4196 1305 4235 non
1363 4182 1523 4251 paulo
1562 4181 1803 4233 anterior
1828 4187 1921 4237 est.

330 4266 559 4332 epistola
593 4266 719 4321 251.
772 4266 907 4321 Tota
960 4286 1047 4324 res
1090 4270 1246 4325 facile
1301 4271 1628 4341 perspicitur
1659 4286 1723 4323 ex
1778 4271 1907 4338 ipsis

332 4353 522 4410 Basilii
562 4358 764 4414 verbis;
814 4358 947 4413 Hrec'
994 4369 1167 4413 autem
1206 4371 1504 4426 evenerunt,
1570 4361 1746 4428 inquit
1789 4362 1905 4429 (b),

332 4465 529 4520 nempe
569 4450 837 4505 Eustathii
863 4453 1128 4522 depositio
1164 4454 1216 4507 in
1241 4454 1472 4507 concilio
1512 4451 1909 4507 Constantino-

2007 3284 2060 3326 et
2088 3271 2339 3325 Pisidiam
2368 3274 2772 3325 commercium.
2805 3270 3005 3325 Nactus
3033 3274 3249 3323 tandem
3283 3270 3573 3339 Elpidium,

2008 3364 2099 3431 qui
2132 3362 2197 3414 ad
2234 3362 2424 3415 herum
2463 3377 2618 3414 sumn
2648 3365 2992 3429 properabat,
3023 3372 3079 3415 ut
3110 3370 3344 3415 structas
3378 3360 3477 3412 sibi
3514 3359 3582 3412 ab
3654 3348 3657 3357 ’

2010 3454 2239 3507 inimicis
2278 3451 2577 3505 calumnias
2619 3453 2849 3506 dilueret
2884 3492 2898 3515 ,
2936 3453 3103 3505 utitur
3154 3454 3255 3506 hac
3310 3452 3579 3506 scribendi

2006 3546 2310 3599 occasione.
2337 3544 2687 3598 Commendat
2726 3545 2993 3611 Elpidium
3025 3547 3420 3613 Amphilochio,
3462 3548 3584 3597 bre-

2008 3638 2146 3690 viter
2194 3645 2382 3688 narrat
2424 3634 2491 3687 de
2544 3633 2729 3689 fratris
2783 3636 2993 3699 exsilio,
3043 3646 3095 3689 et
3147 3634 3213 3688 de
3265 3645 3583 3705 tempestate

2009 3728 2199 3782 Doaris
2227 3727 2482 3790 excitata,
2511 3740 2575 3779 ac
2605 3726 2672 3780 de
2707 3727 2917 3780 insidiis
2956 3728 3054 3779 sibi
3102 3728 3152 3780 in
3183 3726 3301 3779 aula
3337 3731 3579 3792 structis,

2010 3834 2145 3888 quas
2198 3830 2375 3871 tamen
2426 3832 2485 3871 se
2541 3818 2631 3871 Dei
2682 3819 2881 3870 auxilio
2930 3827 3309 3887 superaturum
3372 3828 3576 3887 sperat.

2010 3910 2300 3962 Absolutus
2339 3914 2455 3961 erat
2496 3907 2633 3961 liber
2682 3907 2755 3960 De
2798 3908 3002 3973 Spiritu
3058 3919 3271 3971 sancto,
3316 3917 3375 3959 ut
3418 3922 3578 3975 supra

2011 3999 2266 4062 diximus,
2318 4011 2490 4066 neque
2522 3997 2573 4049 id
2607 3996 2806 4050 latebat
2832 3998 3287 4064 Amphilochium.
3316 3996 3421 4050 Sed
3456 4012 3577 4051 cum

2012 4092 2056 4144 is
2090 4090 2329 4143 librariis
2357 4088 2539 4142 Basilii
2575 4090 2937 4157 praecepisset,
2964 4097 3020 4139 ut
3052 4088 3151 4141 hoc
3177 4104 3309 4154 Opus
3338 4089 3389 4141 in
3421 4104 3583 4140 ment-

2013 4182 2199 4233 branis
2234 4179 2623 4241 describerent,
2656 4176 2887 4229 Basilius
2922 4176 3153 4244 cognitis
3180 4176 3325 4229 illius
3360 4177 3582 4228 manda-

2015 4273 2101 4336 tis,
2132 4272 2341 4341 Elpidio
2372 4269 2749 4339 perferendum
2782 4283 2888 4321 non
2923 4269 3089 4331 dedit,
3136 4270 3228 4321 sed
3274 4267 3420 4320 brevi
3459 4267 3583 4318 mis-

2011 4378 2197 4416 surum
2249 4379 2307 4416 se
2362 4362 2656 4430 promittit,
2715 4361 2873 4413 modo
2924 4361 3289 4425 nanciscatur,
3345 4358 3431 4413 cui
3472 4367 3585 4410 tuto

2014 4458 2182 4525 possit
2213 4454 2495 4508 committi.

334 4519 601 4609 politano,
637 4540 862 4611 ejusque
916 4519 1177 4596 adversus
1208 4544 1345 4597 hanc
1379 4544 1648 4612 synodum
1691 4541 1903 4602 litterre,
1939 4519 1984 4573 D
2016 4519 2029 4525 ’
2087 4547 2302 4615 Scripta
2334 4554 2419 4600 est.
2452 4547 2565 4601 haec
2600 4546 2821 4615 epistola
2846 4546 2973 4609 251,
3014 4559 3152 4596 anno
3183 4542 3286 4597 575
3319 4527 3582 4595 exeunte:

330 4642 455 4684 ante
478 4632 655 4685 decem
687 4644 737 4686 et
758 4643 948 4702 septem
981 4650 1081 4685 non
1112 4644 1322 4687 exactos
1338 4649 1525 4685 annos.
1576 4629 1906 4685 Numerandi

333 4736 465 4791 ergo
506 4723 587 4777 illi
615 4728 803 4779 decem
848 4734 903 4778 et
948 4735 1157 4794 septem
1202 4725 1328 4778 anni
1366 4737 1537 4793 usque
1570 4724 1638 4778 ad
1672 4733 1905 4793 tempus,

332 4829 441 4887 quo
469 4816 742 4870 scribebat
771 4815 1001 4869 Basilius
1038 4817 1315 4884 epistolam
1342 4815 1469 4869 251,

400 4905 744 4960 Probabilior
773 4918 917 4962 esset
960 4909 1120 4963 ducta
1158 4910 1293 4961 ratio
1332 4923 1396 4963 ex
1447 4909 1677 4964 concilio
1727 4906 1904 4963 media

331 4997 512 5052 hieme
542 5009 861 5062 convocato,
892 5001 935 5055 si
989 5001 1105 5054 haec
1136 5001 1296 5054 verba
1341 5000 1507 5055 latius
1559 4998 1905 5070 interpretari

334 5106 441 5145 non
492 5092 705 5147 liceret.
730 5095 800 5147 At
854 5095 1010 5150 facile
1056 5105 1138 5148 est
1191 5096 1293 5149 hoc
1351 5095 1468 5149 loco
1518 5110 1621 5149 non
1678 5093 1909 5148 mediam

335 5182 533 5237 hiemis
562 5195 797 5253 partem,
826 5189 919 5240 sed
949 5188 1204 5250 medium,
1240 5188 1291 5240 id
1318 5197 1424 5249 est,
1454 5186 1707 5241 acerbum
1742 5185 1912 5255 frigus

331 5271 659 5344 intelligere.
714 5276 902 5333 Hiems
950 5280 1092 5332 enim
1143 5279 1341 5333 dicitur
1386 5279 1637 5332 acerbum
1695 5275 1904 5345 frigus;

331 5368 485 5421 unde
502 5367 735 5422 Basilius
768 5367 1135 5438 longissimam
1163 5383 1285 5423 esse
1320 5368 1553 5423 hiemem
1580 5367 1824 5437 queritur
1854 5367 1907 5420 in

328 5459 491 5527 epist.
520 5462 643 5517 121.
697 5461 975 5518 Interdum
1010 5479 1132 5520 sero
1176 5464 1462 5519 admodum
1508 5462 1804 5517 decedebat
1854 5461 1907 5515 in

394 5639 474 5782 ἔα)
509 5640 608 5709 Bp.
636 5641 765 5694 257.

420 5711 472 5782 ὁ)
504 5712 606 5782 Ep.
636 5712 765 5779 Ξυι,

420 5711 472 5782 ὁ)
504 5712 606 5784 Ep.
636 5712 768 5779 ευι,
794 5727 827 5766 n
870 5714 926 5767 ‘2.

2014 4650 2097 4695 est
2130 4639 2275 4695 enim
2311 4640 2576 4693 vetustior
2605 4640 2971 4693 ducentesima
3013 4636 3283 4689 tricesima
3320 4633 3581 4695 secunda,

2014 4745 2132 4799 qua:
2174 4731 2354 4784 missis
2390 4731 2456 4783 ab
2500 4730 2875 4798 Amphilochio
2920 4728 2984 4781 ad
3028 4726 3214 4779 Natale
3248 4724 3453 4778 Domini
3500 4723 3586 4775 lit-

2016 4821 2149 4874 teris
2198 4821 2506 4889 respondet.
2559 4819 2654 4873 His
2695 4820 2892 4874 litteris
2935 4816 3343 4886 Amphilochius
3391 4813 3582 4880 adjun-

2015 4920 2169 4964 xerat
2214 4911 2549 4978 munuscula,
2593 4928 2784 4976 nempe
2816 4911 3088 4978 lampenas
3116 4918 3170 4962 et
3203 4907 3445 4960 bellaria.
3481 4906 3588 4958 Be-

2016 5001 2243 5069 spondet
2274 5000 2504 5056 Basilius
2543 5002 2643 5056 sibi
2694 5002 2834 5055 diem
2878 4999 3070 5054 festum
3102 5012 3246 5061 esse,
3278 4999 3587 5067 quicunque

2016 5092 2226 5149 litteras
2311 5094 2499 5149 afferat
2558 5094 2955 5164 Amphilochii;
3010 5094 3103 5147 sed
3156 5091 3424 5160 adiunctis
3479 5090 3586 5143 diei

2020 5183 2145 5239 festi
2178 5188 2435 5256 symbolis
2479 5188 2670 5241 festum
2725 5187 2983 5242 festorum
3015 5200 3153 5251 esse,
3196 5194 3256 5239 ut
3300 5183 3439 5254 apud
3488 5179 3585 5235 Ju-

2018 5277 2162 5331 daaos
2197 5278 2430 5333 Sabbata
2477 5276 2858 5334 Sabbatorum.
2900 5276 3077 5331 Etiam
3109 5287 3271 5347 atque
3300 5277 3462 5331 etiam
3498 5288 3584 5327 ro—

2016 5379 2107 5437 gat
2148 5376 2205 5422 ut
2246 5384 2305 5424 se
2340 5370 2573 5423 invisere
2603 5385 2709 5424 non
2741 5380 3014 5438 gravetur.
3053 5368 3198 5423 lllius
3240 5376 3414 5421 autem
3463 5381 3583 5417 nm-

2018 5477 2149 5517 nera
2203 5462 2283 5517 sic
2334 5463 2745 5533 interpretatur,
2806 5464 2961 5535 quasi
3012 5463 3239 5518 validam
3299 5457 3581 5529 Amphilo‘

2094 5644 2163 5715 (ς)
2204 5644 2299 5715 Ep.
2327 5644 2452 5700 23L
