  <div class='ocr_page' id='page_1' title='image "/cluster/home/n/w/nwhite01/storage/ocr_20150623/29/mdp.39015012934371/151.png"; bbox 0 0 4040 6216; ppageno 0'>
   <div class='ocr_carea' id='block_1_1' title="bbox 410 287 555 343">
    <p class='ocr_par' dir='ltr' id='par_1_1' title="bbox 410 287 555 343">
     <span class='ocr_line' id='line_1_1' title="bbox 410 287 555 343; baseline 0 -1"><span class='ocrx_word' id='word_1_1' title='bbox 410 287 555 343; x_wconf 72' lang='lat' dir='ltr'><strong>exui</strong></span> 
     </span>
    </p>
   </div>
   <div class='ocr_carea' id='block_1_2' title="bbox 1754 286 2275 344">
    <p class='ocr_par' dir='ltr' id='par_1_2' title="bbox 1754 286 2275 344">
     <span class='ocr_line' id='line_1_2' title="bbox 1754 286 2275 344; baseline -0.004 -1"><span class='ocrx_word' id='word_1_2' title='bbox 1754 286 2275 344; x_wconf 74' lang='lat' dir='ltr'><strong>PROLEGOMENA.</strong></span> 
     </span>
    </p>
   </div>
   <div class='ocr_carea' id='block_1_3' title="bbox 412 397 3650 476">
    <p class='ocr_par' dir='ltr' id='par_1_3' title="bbox 412 397 3650 476">
     <span class='ocr_line' id='line_1_3' title="bbox 412 397 3650 476; baseline -0.002 -12"><span class='ocrx_word' id='word_1_3' title='bbox 412 407 570 464; x_wconf 83' lang='lat' dir='ltr'><strong>chius</strong></span> <span class='ocrx_word' id='word_1_4' title='bbox 609 412 865 474; x_wconf 74' lang='lat' dir='ltr'><strong>precatus</strong></span> <span class='ocrx_word' id='word_1_5' title='bbox 894 413 1040 460; x_wconf 87' lang='lat' dir='ltr'><strong>esset</strong></span> <span class='ocrx_word' id='word_1_6' title='bbox 1081 413 1431 472; x_wconf 85' lang='lat' dir='ltr'><strong>senectutem,</strong></span> <span class='ocrx_word' id='word_1_7' title='bbox 1470 405 1731 473; x_wconf 81' lang='lat' dir='ltr'><strong>lampenis</strong></span> <span class='ocrx_word' id='word_1_8' title='bbox 1766 407 1981 476; x_wconf 87' lang='lat' dir='ltr'><strong>quidem</strong></span> <span class='ocrx_word' id='word_1_9' title='bbox 2011 413 2057 469; x_wconf 81' lang='grc' dir='ltr'>Α</span> <span class='ocrx_word' id='word_1_10' title='bbox 2090 407 2318 462; x_wconf 88' lang='lat' dir='ltr'><strong>tuendos</strong></span> <span class='ocrx_word' id='word_1_11' title='bbox 2347 404 2530 459; x_wconf 83' lang='lat' dir='ltr'><strong>vicarii</strong></span> <span class='ocrx_word' id='word_1_12' title='bbox 2559 413 2718 458; x_wconf 90' lang='lat' dir='ltr'><strong>nutus</strong></span> <span class='ocrx_word' id='word_1_13' title='bbox 2745 400 3118 455; x_wconf 90' lang='lat' dir='ltr'><strong>adducturum.</strong></span> <span class='ocrx_word' id='word_1_14' title='bbox 3148 399 3278 453; x_wconf 88' lang='lat' dir='ltr'><strong>Erat</strong></span> <span class='ocrx_word' id='word_1_15' title='bbox 3307 398 3420 453; x_wconf 71' lang='lat' dir='ltr'><strong>haec</strong></span> <span class='ocrx_word' id='word_1_16' title='bbox 3451 397 3650 456; x_wconf 75' lang='lat' dir='ltr'><strong>civitas</strong></span> 
     </span>
    </p>
   </div>
   <div class='ocr_carea' id='block_1_4' title="bbox 415 496 1973 561">
    <p class='ocr_par' dir='ltr' id='par_1_4' title="bbox 415 496 1973 561">
     <span class='ocr_line' id='line_1_4' title="bbox 415 496 1973 561; baseline 0 -10"><span class='ocrx_word' id='word_1_17' title='bbox 415 497 682 551; x_wconf 89' lang='lat' dir='ltr'><strong>hortando</strong></span> <span class='ocrx_word' id='word_1_18' title='bbox 725 496 792 549; x_wconf 93' lang='lat' dir='ltr'><strong>ad</strong></span> <span class='ocrx_word' id='word_1_19' title='bbox 855 505 1148 550; x_wconf 91' lang='lat' dir='ltr'><strong>nocturnos</strong></span> <span class='ocrx_word' id='word_1_20' title='bbox 1217 496 1461 561; x_wconf 83' lang='lat' dir='ltr'><strong>labores,</strong></span> <span class='ocrx_word' id='word_1_21' title='bbox 1515 496 1747 551; x_wconf 83' lang='lat' dir='ltr'><strong>bellariis</strong></span> <span class='ocrx_word' id='word_1_22' title='bbox 1794 510 1973 551; x_wconf 91' lang='lat' dir='ltr'><strong>autem</strong></span> 
     </span>
    </p>
   </div>
   <div class='ocr_carea' id='block_1_5' title="bbox 411 587 1974 657">
    <p class='ocr_par' dir='ltr' id='par_1_5' title="bbox 411 587 1974 657">
     <span class='ocr_line' id='line_1_5' title="bbox 411 587 1974 657; baseline 0.002 -19"><span class='ocrx_word' id='word_1_23' title='bbox 411 587 643 640; x_wconf 86' lang='lat' dir='ltr'><strong>validum</strong></span> <span class='ocrx_word' id='word_1_24' title='bbox 696 601 815 641; x_wconf 90' lang='lat' dir='ltr'><strong>esse</strong></span> <span class='ocrx_word' id='word_1_25' title='bbox 858 589 1106 641; x_wconf 87' lang='lat' dir='ltr'><strong>omnibus</strong></span> <span class='ocrx_word' id='word_1_26' title='bbox 1155 588 1411 642; x_wconf 87' lang='lat' dir='ltr'><strong>membris</strong></span> <span class='ocrx_word' id='word_1_27' title='bbox 1454 596 1508 643; x_wconf 85' lang='lat' dir='ltr'><strong>et</strong></span> <span class='ocrx_word' id='word_1_28' title='bbox 1558 590 1834 643; x_wconf 89' lang='lat' dir='ltr'><strong>robustum</strong></span> <span class='ocrx_word' id='word_1_29' title='bbox 1884 590 1974 657; x_wconf 87' lang='lat' dir='ltr'><strong>ju-</strong></span> 
     </span>
    </p>
   </div>
   <div class='ocr_carea' id='block_1_6' title="bbox 411 675 1976 745">
    <p class='ocr_par' dir='ltr' id='par_1_6' title="bbox 411 675 1976 745">
     <span class='ocr_line' id='line_1_6' title="bbox 411 675 1976 745; baseline 0.003 -16"><span class='ocrx_word' id='word_1_30' title='bbox 411 676 605 729; x_wconf 83' lang='lat' dir='ltr'><strong>b‘endo.</strong></span> <span class='ocrx_word' id='word_1_31' title='bbox 627 675 742 729; x_wconf 88' lang='lat' dir='ltr'><strong>Jam</strong></span> <span class='ocrx_word' id='word_1_32' title='bbox 766 675 908 729; x_wconf 91' lang='lat' dir='ltr'><strong>enim</strong></span> <span class='ocrx_word' id='word_1_33' title='bbox 937 677 1270 745; x_wconf 75' lang='lat' dir='ltr'><strong>praeterierat</strong></span> <span class='ocrx_word' id='word_1_34' title='bbox 1298 687 1425 732; x_wconf 66' lang='lat' dir='ltr'><strong>aetas</strong></span> <span class='ocrx_word' id='word_1_35' title='bbox 1453 679 1518 732; x_wconf 90' lang='lat' dir='ltr'><strong>ad</strong></span> <span class='ocrx_word' id='word_1_36' title='bbox 1551 679 1784 733; x_wconf 88' lang='lat' dir='ltr'><strong>rodenda</strong></span> <span class='ocrx_word' id='word_1_37' title='bbox 1814 679 1976 734; x_wconf 88' lang='lat' dir='ltr'><strong>bella-</strong></span> 
     </span>
    </p>
   </div>
   <div class='ocr_carea' id='block_1_7' title="bbox 413 766 1902 829">
    <p class='ocr_par' dir='ltr' id='par_1_7' title="bbox 413 766 1902 829">
     <span class='ocr_line' id='line_1_7' title="bbox 413 766 1902 829; baseline 0.004 -10"><span class='ocrx_word' id='word_1_38' title='bbox 413 766 514 829; x_wconf 89' lang='lat' dir='ltr'><strong>ria,</strong></span> <span class='ocrx_word' id='word_1_39' title='bbox 544 768 741 820; x_wconf 85' lang='lat' dir='ltr'><strong>dudum</strong></span> <span class='ocrx_word' id='word_1_40' title='bbox 774 768 1021 822; x_wconf 87' lang='lat' dir='ltr'><strong>contritis</strong></span> <span class='ocrx_word' id='word_1_41' title='bbox 1052 769 1236 823; x_wconf 91' lang='lat' dir='ltr'><strong>morbo</strong></span> <span class='ocrx_word' id='word_1_42' title='bbox 1264 777 1317 823; x_wconf 89' lang='lat' dir='ltr'><strong>et</strong></span> <span class='ocrx_word' id='word_1_43' title='bbox 1342 779 1606 825; x_wconf 90' lang='lat' dir='ltr'><strong>vetustate</strong></span> <span class='ocrx_word' id='word_1_44' title='bbox 1633 772 1902 826; x_wconf 85' lang='lat' dir='ltr'><strong>dentibus.</strong></span> 
     </span>
    </p>
   </div>
   <div class='ocr_carea' id='block_1_8' title="bbox 481 857 1976 928">
    <p class='ocr_par' dir='ltr' id='par_1_8' title="bbox 481 857 1976 928">
     <span class='ocr_line' id='line_1_8' title="bbox 481 857 1976 928; baseline 0.003 -16"><span class='ocrx_word' id='word_1_45' title='bbox 481 857 794 912; x_wconf 86' lang='lat' dir='ltr'><strong>Gratulatur</strong></span> <span class='ocrx_word' id='word_1_46' title='bbox 850 860 1108 924; x_wconf 77' lang='lat' dir='ltr'><strong>Basilius,</strong></span> <span class='ocrx_word' id='word_1_47' title='bbox 1164 861 1306 928; x_wconf 89' lang='lat' dir='ltr'><strong>quod</strong></span> <span class='ocrx_word' id='word_1_48' title='bbox 1360 870 1414 915; x_wconf 90' lang='lat' dir='ltr'><strong>et</strong></span> <span class='ocrx_word' id='word_1_49' title='bbox 1476 876 1605 915; x_wconf 89' lang='lat' dir='ltr'><strong>sano</strong></span> <span class='ocrx_word' id='word_1_50' title='bbox 1656 878 1881 928; x_wconf 87' lang='lat' dir='ltr'><strong>corpore</strong></span> <span class='ocrx_word' id='word_1_51' title='bbox 1922 871 1976 917; x_wconf 90' lang='lat' dir='ltr'><strong>et</strong></span> 
     </span>
    </p>
   </div>
   <div class='ocr_carea' id='block_1_9' title="bbox 410 947 1974 1016">
    <p class='ocr_par' dir='ltr' id='par_1_9' title="bbox 410 947 1974 1016">
     <span class='ocr_line' id='line_1_9' title="bbox 410 947 1974 1016; baseline 0.008 -22"><span class='ocrx_word' id='word_1_52' title='bbox 410 948 590 1013; x_wconf 88' lang='lat' dir='ltr'><strong>quieta</strong></span> <span class='ocrx_word' id='word_1_53' title='bbox 644 947 887 1001; x_wconf 77' lang='lat' dir='ltr'><strong>Ecclesia</strong></span> <span class='ocrx_word' id='word_1_54' title='bbox 948 948 1355 1016; x_wconf 77' lang='lat' dir='ltr'><strong>Amphilochius</strong></span> <span class='ocrx_word' id='word_1_55' title='bbox 1405 950 1659 1006; x_wconf 90' lang='lat' dir='ltr'><strong>salutaris</strong></span> <span class='ocrx_word' id='word_1_56' title='bbox 1716 952 1974 1006; x_wconf 83' lang='lat' dir='ltr'><strong>incarna-</strong></span> 
     </span>
    </p>
   </div>
   <div class='ocr_carea' id='block_1_10' title="bbox 411 1040 1978 1113">
    <p class='ocr_par' dir='ltr' id='par_1_10' title="bbox 411 1040 1978 1113">
     <span class='ocr_line' id='line_1_10' title="bbox 411 1040 1978 1113; baseline 0.003 -20"><span class='ocrx_word' id='word_1_57' title='bbox 411 1040 573 1093; x_wconf 80' lang='lat' dir='ltr'><strong>tionis</strong></span> <span class='ocrx_word' id='word_1_58' title='bbox 614 1043 926 1094; x_wconf 82' lang='lat' dir='ltr'><strong>memoriam</strong></span> <span class='ocrx_word' id='word_1_59' title='bbox 959 1042 1334 1095; x_wconf 86' lang='lat' dir='ltr'><strong>celebraverit.</strong></span> <span class='ocrx_word' id='word_1_60' title='bbox 1376 1042 1529 1097; x_wconf 90' lang='lat' dir='ltr'><strong>Unde</strong></span> <span class='ocrx_word' id='word_1_61' title='bbox 1562 1044 1757 1112; x_wconf 85' lang='lat' dir='ltr'><strong>conjici</strong></span> <span class='ocrx_word' id='word_1_62' title='bbox 1797 1053 1978 1113; x_wconf 81' lang='lat' dir='ltr'><strong>posset</strong></span> 
     </span>
    </p>
   </div>
   <div class='ocr_carea' id='block_1_11' title="bbox 409 1131 1972 1200">
    <p class='ocr_par' dir='ltr' id='par_1_11' title="bbox 409 1131 1972 1200">
     <span class='ocr_line' id='line_1_11' title="bbox 409 1131 1972 1200; baseline 0.003 -17"><span class='ocrx_word' id='word_1_63' title='bbox 409 1131 688 1198; x_wconf 86' lang='lat' dir='ltr'><strong>scripsisse</strong></span> <span class='ocrx_word' id='word_1_64' title='bbox 732 1131 1160 1198; x_wconf 83' lang='lat' dir='ltr'><strong>Amphilochium</strong></span> <span class='ocrx_word' id='word_1_65' title='bbox 1208 1140 1325 1200; x_wconf 92' lang='lat' dir='ltr'><strong>post</strong></span> <span class='ocrx_word' id='word_1_66' title='bbox 1361 1131 1545 1187; x_wconf 80' lang='lat' dir='ltr'><strong>Natale</strong></span> <span class='ocrx_word' id='word_1_67' title='bbox 1595 1132 1826 1187; x_wconf 87' lang='lat' dir='ltr'><strong>Domini.</strong></span> <span class='ocrx_word' id='word_1_68' title='bbox 1866 1132 1972 1188; x_wconf 85' lang='lat' dir='ltr'><strong>Sed</strong></span> 
     </span>
    </p>
   </div>
   <div class='ocr_carea' id='block_1_12' title="bbox 408 1220 1973 1292">
    <p class='ocr_par' dir='ltr' id='par_1_12' title="bbox 408 1220 1973 1292">
     <span class='ocr_line' id='line_1_12' title="bbox 408 1220 1973 1292; baseline 0.004 -20"><span class='ocrx_word' id='word_1_69' title='bbox 408 1220 564 1287; x_wconf 85' lang='lat' dir='ltr'><strong>longe</strong></span> <span class='ocrx_word' id='word_1_70' title='bbox 604 1222 926 1288; x_wconf 84' lang='lat' dir='ltr'><strong>probabilius</strong></span> <span class='ocrx_word' id='word_1_71' title='bbox 971 1232 1053 1277; x_wconf 86' lang='lat' dir='ltr'><strong>est</strong></span> <span class='ocrx_word' id='word_1_72' title='bbox 1090 1222 1340 1277; x_wconf 83' lang='lat' dir='ltr'><strong>Basiliam</strong></span> <span class='ocrx_word' id='word_1_73' title='bbox 1378 1223 1490 1277; x_wconf 73' lang='lat' dir='ltr'><strong>haec</strong></span> <span class='ocrx_word' id='word_1_74' title='bbox 1522 1223 1776 1292; x_wconf 87' lang='lat' dir='ltr'><strong>gratulari</strong></span> <span class='ocrx_word' id='word_1_75' title='bbox 1812 1224 1973 1278; x_wconf 88' lang='lat' dir='ltr'><strong>ducta</strong></span> 
     </span>
    </p>
   </div>
   <div class='ocr_carea' id='block_1_13' title="bbox 410 1312 1976 1382">
    <p class='ocr_par' dir='ltr' id='par_1_13' title="bbox 410 1312 1976 1382">
     <span class='ocr_line' id='line_1_13' title="bbox 410 1312 1976 1382; baseline 0.003 -17"><span class='ocrx_word' id='word_1_76' title='bbox 410 1328 476 1365; x_wconf 81' lang='lat' dir='ltr'><strong>ex</strong></span> <span class='ocrx_word' id='word_1_77' title='bbox 509 1312 703 1366; x_wconf 90' lang='lat' dir='ltr'><strong>litteris</strong></span> <span class='ocrx_word' id='word_1_78' title='bbox 745 1313 902 1382; x_wconf 90' lang='lat' dir='ltr'><strong>paulo</strong></span> <span class='ocrx_word' id='word_1_79' title='bbox 943 1324 1068 1367; x_wconf 88' lang='lat' dir='ltr'><strong>ante</strong></span> <span class='ocrx_word' id='word_1_80' title='bbox 1098 1313 1287 1367; x_wconf 84' lang='lat' dir='ltr'><strong>Natale</strong></span> <span class='ocrx_word' id='word_1_81' title='bbox 1328 1313 1539 1367; x_wconf 85' lang='lat' dir='ltr'><strong>Domini</strong></span> <span class='ocrx_word' id='word_1_82' title='bbox 1580 1315 1796 1381; x_wconf 81' lang='lat' dir='ltr'><strong>scriptis</strong></span> <span class='ocrx_word' id='word_1_83' title='bbox 1842 1331 1976 1369; x_wconf 89' lang='lat' dir='ltr'><strong>con-</strong></span> 
     </span>
    </p>
   </div>
   <div class='ocr_carea' id='block_1_14' title="bbox 409 1402 1975 1472">
    <p class='ocr_par' dir='ltr' id='par_1_14' title="bbox 409 1402 1975 1472">
     <span class='ocr_line' id='line_1_14' title="bbox 409 1402 1975 1472; baseline 0.003 -17"><span class='ocrx_word' id='word_1_84' title='bbox 409 1402 635 1456; x_wconf 79' lang='lat' dir='ltr'><strong>iectura.</strong></span> <span class='ocrx_word' id='word_1_85' title='bbox 665 1402 798 1457; x_wconf 83' lang='lat' dir='ltr'><strong>Nam</strong></span> <span class='ocrx_word' id='word_1_86' title='bbox 831 1405 946 1472; x_wconf 86' lang='lat' dir='ltr'><strong>ipsa</strong></span> <span class='ocrx_word' id='word_1_87' title='bbox 979 1404 1333 1472; x_wconf 82' lang='lat' dir='ltr'><strong>Amphilochii</strong></span> <span class='ocrx_word' id='word_1_88' title='bbox 1375 1418 1598 1458; x_wconf 86' lang='lat' dir='ltr'><strong>munera</strong></span> <span class='ocrx_word' id='word_1_89' title='bbox 1627 1405 1878 1458; x_wconf 86' lang='lat' dir='ltr'><strong>videntur</strong></span> <span class='ocrx_word' id='word_1_90' title='bbox 1907 1406 1975 1460; x_wconf 87' lang='lat' dir='ltr'><strong>ad</strong></span> 
     </span>
    </p>
   </div>
   <div class='ocr_carea' id='block_1_15' title="bbox 412 1493 1976 1565">
    <p class='ocr_par' dir='ltr' id='par_1_15' title="bbox 412 1493 1976 1565">
     <span class='ocr_line' id='line_1_15' title="bbox 412 1493 1976 1565; baseline 0.002 -18"><span class='ocrx_word' id='word_1_91' title='bbox 412 1493 587 1562; x_wconf 87' lang='lat' dir='ltr'><strong>ipsum</strong></span> <span class='ocrx_word' id='word_1_92' title='bbox 637 1494 778 1549; x_wconf 88' lang='lat' dir='ltr'><strong>diem</strong></span> <span class='ocrx_word' id='word_1_93' title='bbox 830 1495 1028 1559; x_wconf 88' lang='lat' dir='ltr'><strong>missa,</strong></span> <span class='ocrx_word' id='word_1_94' title='bbox 1064 1504 1117 1550; x_wconf 89' lang='lat' dir='ltr'><strong>et</strong></span> <span class='ocrx_word' id='word_1_95' title='bbox 1160 1496 1264 1550; x_wconf 91' lang='lat' dir='ltr'><strong>dici</strong></span> <span class='ocrx_word' id='word_1_96' title='bbox 1327 1495 1566 1549; x_wconf 85' lang='lat' dir='ltr'><strong>laetitiam</strong></span> <span class='ocrx_word' id='word_1_97' title='bbox 1630 1510 1733 1549; x_wconf 91' lang='lat' dir='ltr'><strong>non</strong></span> <span class='ocrx_word' id='word_1_98' title='bbox 1787 1512 1976 1565; x_wconf 88' lang='lat' dir='ltr'><strong>parum</strong></span> 
     </span>
    </p>
   </div>
   <div class='ocr_carea' id='block_1_16' title="bbox 410 1584 1974 1655">
    <p class='ocr_par' dir='ltr' id='par_1_16' title="bbox 410 1584 1974 1655">
     <span class='ocr_line' id='line_1_16' title="bbox 410 1584 1974 1655; baseline 0.003 -19"><span class='ocrx_word' id='word_1_99' title='bbox 410 1584 645 1647; x_wconf 79' lang='lat' dir='ltr'><strong>auxisse,</strong></span> <span class='ocrx_word' id='word_1_100' title='bbox 674 1592 731 1636; x_wconf 92' lang='lat' dir='ltr'><strong>ut</strong></span> <span class='ocrx_word' id='word_1_101' title='bbox 767 1585 1090 1653; x_wconf 84' lang='lat' dir='ltr'><strong>perspicitur</strong></span> <span class='ocrx_word' id='word_1_102' title='bbox 1119 1601 1184 1640; x_wconf 80' lang='lat' dir='ltr'><strong>ex</strong></span> <span class='ocrx_word' id='word_1_103' title='bbox 1217 1586 1302 1649; x_wconf 84' lang='lat' dir='ltr'><strong>his</strong></span> <span class='ocrx_word' id='word_1_104' title='bbox 1335 1601 1453 1655; x_wconf 72' lang='lat' dir='ltr'><strong>quae</strong></span> <span class='ocrx_word' id='word_1_105' title='bbox 1479 1602 1642 1654; x_wconf 86' lang='lat' dir='ltr'><strong>supra</strong></span> <span class='ocrx_word' id='word_1_106' title='bbox 1672 1588 1974 1642; x_wconf 87' lang='lat' dir='ltr'><strong>retulimus.</strong></span> 
     </span>
    </p>
   </div>
   <div class='ocr_carea' id='block_1_17' title="bbox 412 1674 1976 1745">
    <p class='ocr_par' dir='ltr' id='par_1_17' title="bbox 412 1674 1976 1745">
     <span class='ocr_line' id='line_1_17' title="bbox 412 1674 1976 1745; baseline 0.003 -18"><span class='ocrx_word' id='word_1_107' title='bbox 412 1674 624 1743; x_wconf 81' lang='lat' dir='ltr'><strong>Scripta</strong></span> <span class='ocrx_word' id='word_1_108' title='bbox 656 1690 784 1745; x_wconf 88' lang='lat' dir='ltr'><strong>ergo</strong></span> <span class='ocrx_word' id='word_1_109' title='bbox 817 1677 928 1730; x_wconf 69' lang='lat' dir='ltr'><strong>haec</strong></span> <span class='ocrx_word' id='word_1_110' title='bbox 955 1677 1178 1745; x_wconf 89' lang='lat' dir='ltr'><strong>epistola</strong></span> <span class='ocrx_word' id='word_1_111' title='bbox 1223 1677 1347 1742; x_wconf 83' lang='grc'>252,</span> <span class='ocrx_word' id='word_1_112' title='bbox 1379 1677 1463 1730; x_wconf 85' lang='lat' dir='ltr'><strong>vel</strong></span> <span class='ocrx_word' id='word_1_113' title='bbox 1506 1679 1605 1731; x_wconf 90' lang='lat' dir='ltr'><strong>sub</strong></span> <span class='ocrx_word' id='word_1_114' title='bbox 1649 1677 1806 1731; x_wconf 85' lang='lat' dir='ltr'><strong>linem</strong></span> <span class='ocrx_word' id='word_1_115' title='bbox 1849 1678 1976 1733; x_wconf 90' lang='lat' dir='ltr'><strong>anni</strong></span> 
     </span>
    </p>
   </div>
   <div class='ocr_carea' id='block_1_18' title="bbox 2083 491 3647 568">
    <p class='ocr_par' dir='ltr' id='par_1_18' title="bbox 2083 491 3647 568">
     <span class='ocr_line' id='line_1_18' title="bbox 2083 491 3647 568; baseline -0.006 -14"><span class='ocrx_word' id='word_1_116' title='bbox 2083 499 2259 568; x_wconf 84' lang='lat' dir='ltr'><strong>magni</strong></span> <span class='ocrx_word' id='word_1_117' title='bbox 2309 499 2379 551; x_wconf 88' lang='lat' dir='ltr'><strong>ad</strong></span> <span class='ocrx_word' id='word_1_118' title='bbox 2411 511 2523 551; x_wconf 88' lang='lat' dir='ltr'><strong>rem</strong></span> <span class='ocrx_word' id='word_1_119' title='bbox 2557 493 2973 550; x_wconf 87' lang='lat' dir='ltr'><strong>ecclesiasticam</strong></span> <span class='ocrx_word' id='word_1_120' title='bbox 3025 491 3308 554; x_wconf 90' lang='lat' dir='ltr'><strong>momenti,</strong></span> <span class='ocrx_word' id='word_1_121' title='bbox 3365 499 3474 543; x_wconf 93' lang='lat' dir='ltr'><strong>tum</strong></span> <span class='ocrx_word' id='word_1_122' title='bbox 3518 492 3647 559; x_wconf 76' lang='lat' dir='ltr'><strong>quia</strong></span> 
     </span>
    </p>
   </div>
   <div class='ocr_carea' id='block_1_19' title="bbox 2081 581 3649 658">
    <p class='ocr_par' dir='ltr' id='par_1_19' title="bbox 2081 581 3649 658">
     <span class='ocr_line' id='line_1_19' title="bbox 2081 581 3649 658; baseline -0.007 -14"><span class='ocrx_word' id='word_1_123' title='bbox 2081 600 2239 658; x_wconf 88' lang='lat' dir='ltr'><strong>caput</strong></span> <span class='ocrx_word' id='word_1_124' title='bbox 2270 595 2389 643; x_wconf 90' lang='lat' dir='ltr'><strong>erat</strong></span> <span class='ocrx_word' id='word_1_125' title='bbox 2415 586 2705 647; x_wconf 67' lang='lat' dir='ltr'><strong>Armeniae,</strong></span> <span class='ocrx_word' id='word_1_126' title='bbox 2736 594 2848 639; x_wconf 91' lang='lat' dir='ltr'><strong>tum</strong></span> <span class='ocrx_word' id='word_1_127' title='bbox 2882 583 3003 652; x_wconf 85' lang='lat' dir='ltr'><strong>quia</strong></span> <span class='ocrx_word' id='word_1_128' title='bbox 3036 592 3330 652; x_wconf 87' lang='lat' dir='ltr'><strong>martyrum</strong></span> <span class='ocrx_word' id='word_1_129' title='bbox 3364 581 3491 635; x_wconf 86' lang='lat' dir='ltr'><strong>olim</strong></span> <span class='ocrx_word' id='word_1_130' title='bbox 3525 596 3649 634; x_wconf 88' lang='lat' dir='ltr'><strong>san-</strong></span> 
     </span>
    </p>
   </div>
   <div class='ocr_carea' id='block_1_20' title="bbox 2081 671 3649 749">
    <p class='ocr_par' dir='ltr' id='par_1_20' title="bbox 2081 671 3649 749">
     <span class='ocr_line' id='line_1_20' title="bbox 2081 671 3649 749; baseline -0.006 -16"><span class='ocrx_word' id='word_1_131' title='bbox 2081 681 2242 749; x_wconf 88' lang='lat' dir='ltr'><strong>guine</strong></span> <span class='ocrx_word' id='word_1_132' title='bbox 2274 679 2564 742; x_wconf 85' lang='lat' dir='ltr'><strong>illustrata,</strong></span> <span class='ocrx_word' id='word_1_133' title='bbox 2599 686 2655 731; x_wconf 88' lang='lat' dir='ltr'><strong>et</strong></span> <span class='ocrx_word' id='word_1_134' title='bbox 2696 690 2724 728; x_wconf 92' lang='lat' dir='ltr'><strong>a</strong></span> <span class='ocrx_word' id='word_1_135' title='bbox 2771 671 3229 743; x_wconf 84' lang='lat' dir='ltr'><strong>praestantissimis</strong></span> <span class='ocrx_word' id='word_1_136' title='bbox 3254 672 3516 741; x_wconf 89' lang='lat' dir='ltr'><strong>episcopis</strong></span> <span class='ocrx_word' id='word_1_137' title='bbox 3548 672 3649 724; x_wconf 88' lang='lat' dir='ltr'><strong>ha-</strong></span> 
     </span>
    </p>
   </div>
   <div class='ocr_carea' id='block_1_21' title="bbox 2081 761 3648 838">
    <p class='ocr_par' dir='ltr' id='par_1_21' title="bbox 2081 761 3648 838">
     <span class='ocr_line' id='line_1_21' title="bbox 2081 761 3648 838; baseline -0.006 -15"><span class='ocrx_word' id='word_1_138' title='bbox 2081 779 2270 824; x_wconf 90' lang='lat' dir='ltr'><strong>ctenus</strong></span> <span class='ocrx_word' id='word_1_139' title='bbox 2300 769 2619 838; x_wconf 83' lang='lat' dir='ltr'><strong>gubernata,</strong></span> <span class='ocrx_word' id='word_1_140' title='bbox 2645 765 2826 818; x_wconf 80' lang='lat' dir='ltr'><strong>nutrix</strong></span> <span class='ocrx_word' id='word_1_141' title='bbox 2848 772 2964 817; x_wconf 89' lang='lat' dir='ltr'><strong>erat</strong></span> <span class='ocrx_word' id='word_1_142' title='bbox 2994 762 3209 830; x_wconf 90' lang='lat' dir='ltr'><strong>pietatis</strong></span> <span class='ocrx_word' id='word_1_143' title='bbox 3234 771 3287 815; x_wconf 92' lang='lat' dir='ltr'><strong>et</strong></span> <span class='ocrx_word' id='word_1_144' title='bbox 3309 761 3471 814; x_wconf 88' lang='lat' dir='ltr'><strong>veluti</strong></span> <span class='ocrx_word' id='word_1_145' title='bbox 3498 774 3648 814; x_wconf 81' lang='lat' dir='ltr'><strong>same</strong></span> 
     </span>
    </p>
   </div>
   <div class='ocr_carea' id='block_1_22' title="bbox 2082 851 3647 924">
    <p class='ocr_par' dir='ltr' id='par_1_22' title="bbox 2082 851 3647 924">
     <span class='ocr_line' id='line_1_22' title="bbox 2082 851 3647 924; baseline -0.008 -8"><span class='ocrx_word' id='word_1_146' title='bbox 2082 860 2344 916; x_wconf 86' lang='lat' dir='ltr'><strong>doctrinae</strong></span> <span class='ocrx_word' id='word_1_147' title='bbox 2381 855 2716 924; x_wconf 88' lang='lat' dir='ltr'><strong>metropolis,</strong></span> <span class='ocrx_word' id='word_1_148' title='bbox 2744 864 2804 909; x_wconf 91' lang='lat' dir='ltr'><strong>ut</strong></span> <span class='ocrx_word' id='word_1_149' title='bbox 2836 853 3072 924; x_wconf 90' lang='lat' dir='ltr'><strong>appellat</strong></span> <span class='ocrx_word' id='word_1_150' title='bbox 3099 852 3325 907; x_wconf 88' lang='lat' dir='ltr'><strong>Basilius</strong></span> <span class='ocrx_word' id='word_1_151' title='bbox 3348 852 3445 923; x_wconf 72' lang='grc' dir='ltr'><strong>(ὁ).</strong></span> <span class='ocrx_word' id='word_1_152' title='bbox 3476 851 3647 920; x_wconf 78' lang='lat' dir='ltr'><strong>Digna</strong></span> 
     </span>
    </p>
   </div>
   <div class='ocr_carea' id='block_1_23' title="bbox 2081 944 3646 1018">
    <p class='ocr_par' dir='ltr' id='par_1_23' title="bbox 2081 944 3646 1018">
     <span class='ocr_line' id='line_1_23' title="bbox 2081 944 3646 1018; baseline -0.006 -15"><span class='ocrx_word' id='word_1_153' title='bbox 2081 963 2209 1018; x_wconf 78' lang='lat' dir='ltr'><strong>ergo</strong></span> <span class='ocrx_word' id='word_1_154' title='bbox 2253 947 2368 1001; x_wconf 83' lang='lat' dir='ltr'><strong>visa</strong></span> <span class='ocrx_word' id='word_1_155' title='bbox 2404 954 2487 1000; x_wconf 89' lang='lat' dir='ltr'><strong>est</strong></span> <span class='ocrx_word' id='word_1_156' title='bbox 2527 945 2774 1008; x_wconf 87' lang='lat' dir='ltr'><strong>Arianis,</strong></span> <span class='ocrx_word' id='word_1_157' title='bbox 2824 958 2984 1012; x_wconf 85' lang='lat' dir='ltr'><strong>quam</strong></span> <span class='ocrx_word' id='word_1_158' title='bbox 3032 944 3085 998; x_wconf 93' lang='lat' dir='ltr'><strong>in</strong></span> <span class='ocrx_word' id='word_1_159' title='bbox 3119 952 3440 1013; x_wconf 90' lang='lat' dir='ltr'><strong>potestatem</strong></span> <span class='ocrx_word' id='word_1_160' title='bbox 3491 955 3646 996; x_wconf 87' lang='lat' dir='ltr'><strong>suam</strong></span> 
     </span>
    </p>
   </div>
   <div class='ocr_carea' id='block_1_24' title="bbox 2082 1033 3649 1110">
    <p class='ocr_par' dir='ltr' id='par_1_24' title="bbox 2082 1033 3649 1110">
     <span class='ocr_line' id='line_1_24' title="bbox 2082 1033 3649 1110; baseline -0.005 -14"><span class='ocrx_word' id='word_1_161' title='bbox 2082 1043 2406 1110; x_wconf 84' lang='lat' dir='ltr'><strong>redigerent,</strong></span> <span class='ocrx_word' id='word_1_162' title='bbox 2438 1048 2531 1092; x_wconf 85' lang='lat' dir='ltr'><strong>aut</strong></span> <span class='ocrx_word' id='word_1_163' title='bbox 2571 1038 2718 1092; x_wconf 85' lang='lat' dir='ltr'><strong>omni</strong></span> <span class='ocrx_word' id='word_1_164' title='bbox 2766 1037 2973 1092; x_wconf 87' lang='lat' dir='ltr'><strong>scelere</strong></span> <span class='ocrx_word' id='word_1_165' title='bbox 3019 1035 3409 1106; x_wconf 88' lang='lat' dir='ltr'><strong>perturbarent.</strong></span> <span class='ocrx_word' id='word_1_166' title='bbox 3443 1033 3649 1088; x_wconf 83' lang='lat' dir='ltr'><strong>Fronto</strong></span> 
     </span>
    </p>
   </div>
   <div class='ocr_carea' id='block_1_25' title="bbox 2087 1128 3648 1201">
    <p class='ocr_par' dir='ltr' id='par_1_25' title="bbox 2087 1128 3648 1201">
     <span class='ocr_line' id='line_1_25' title="bbox 2087 1128 3648 1201; baseline -0.004 -15"><span class='ocrx_word' id='word_1_167' title='bbox 2087 1148 2228 1186; x_wconf 90' lang='lat' dir='ltr'><strong>unus</strong></span> <span class='ocrx_word' id='word_1_168' title='bbox 2254 1147 2320 1186; x_wconf 82' lang='lat' dir='ltr'><strong>ex</strong></span> <span class='ocrx_word' id='word_1_169' title='bbox 2355 1130 2689 1201; x_wconf 84' lang='lat' dir='ltr'><strong>presbyteris</strong></span> <span class='ocrx_word' id='word_1_170' title='bbox 2721 1129 2976 1194; x_wconf 90' lang='lat' dir='ltr'><strong>civitatis,</strong></span> <span class='ocrx_word' id='word_1_171' title='bbox 3008 1130 3098 1197; x_wconf 88' lang='lat' dir='ltr'><strong>qui</strong></span> <span class='ocrx_word' id='word_1_172' title='bbox 3126 1128 3368 1183; x_wconf 87' lang='lat' dir='ltr'><strong>veritatis</strong></span> <span class='ocrx_word' id='word_1_173' title='bbox 3394 1128 3648 1181; x_wconf 89' lang='lat' dir='ltr'><strong>defensor</strong></span> 
     </span>
    </p>
   </div>
   <div class='ocr_carea' id='block_1_26' title="bbox 2081 1216 3645 1289">
    <p class='ocr_par' dir='ltr' id='par_1_26' title="bbox 2081 1216 3645 1289">
     <span class='ocr_line' id='line_1_26' title="bbox 2081 1216 3645 1289; baseline -0.004 -14"><span class='ocrx_word' id='word_1_174' title='bbox 2081 1223 2227 1276; x_wconf 86' lang='lat' dir='ltr'><strong>visus</strong></span> <span class='ocrx_word' id='word_1_175' title='bbox 2278 1222 2540 1275; x_wconf 88' lang='lat' dir='ltr'><strong>hactenus</strong></span> <span class='ocrx_word' id='word_1_176' title='bbox 2587 1221 2761 1273; x_wconf 87' lang='lat' dir='ltr'><strong>fuerat</strong></span> <span class='ocrx_word' id='word_1_177' title='bbox 2799 1219 2867 1289; x_wconf 87' lang='lat' dir='ltr'><strong>(c)</strong></span> <span class='ocrx_word' id='word_1_178' title='bbox 2896 1259 2912 1285; x_wconf 92' lang='lat'><strong>,</strong></span> <span class='ocrx_word' id='word_1_179' title='bbox 2955 1229 3236 1288; x_wconf 84' lang='lat' dir='ltr'><strong>postquam</strong></span> <span class='ocrx_word' id='word_1_180' title='bbox 3286 1217 3515 1271; x_wconf 81' lang='lat' dir='ltr'><strong>Arianos</strong></span> <span class='ocrx_word' id='word_1_181' title='bbox 3560 1216 3645 1269; x_wconf 86' lang='lat' dir='ltr'><strong>vi-</strong></span> 
     </span>
    </p>
   </div>
   <div class='ocr_carea' id='block_1_27' title="bbox 2082 1309 3646 1376">
    <p class='ocr_par' dir='ltr' id='par_1_27' title="bbox 2082 1309 3646 1376">
     <span class='ocr_line' id='line_1_27' title="bbox 2082 1309 3646 1376; baseline -0.005 -7"><span class='ocrx_word' id='word_1_182' title='bbox 2082 1314 2213 1369; x_wconf 89' lang='lat' dir='ltr'><strong>carii</strong></span> <span class='ocrx_word' id='word_1_183' title='bbox 2250 1313 2570 1368; x_wconf 88' lang='lat' dir='ltr'><strong>auctoritate</strong></span> <span class='ocrx_word' id='word_1_184' title='bbox 2606 1312 2768 1365; x_wconf 90' lang='lat' dir='ltr'><strong>fretos</strong></span> <span class='ocrx_word' id='word_1_185' title='bbox 2799 1312 2866 1364; x_wconf 90' lang='lat' dir='ltr'><strong>ad</strong></span> <span class='ocrx_word' id='word_1_186' title='bbox 2898 1311 3129 1365; x_wconf 89' lang='lat' dir='ltr'><strong>dandum</strong></span> <span class='ocrx_word' id='word_1_187' title='bbox 3165 1311 3281 1364; x_wconf 91' lang='lat' dir='ltr'><strong>urbi</strong></span> <span class='ocrx_word' id='word_1_188' title='bbox 3332 1309 3646 1376; x_wconf 87' lang='lat' dir='ltr'><strong>episc0pum</strong></span> 
     </span>
    </p>
   </div>
   <div class='ocr_carea' id='block_1_28' title="bbox 2081 1400 3648 1476">
    <p class='ocr_par' dir='ltr' id='par_1_28' title="bbox 2081 1400 3648 1476">
     <span class='ocr_line' id='line_1_28' title="bbox 2081 1400 3648 1476; baseline -0.006 -16"><span class='ocrx_word' id='word_1_189' title='bbox 2081 1407 2292 1462; x_wconf 90' lang='lat' dir='ltr'><strong>venisse</strong></span> <span class='ocrx_word' id='word_1_190' title='bbox 2331 1404 2598 1476; x_wconf 79' lang='lat' dir='ltr'><strong>cognovit,</strong></span> <span class='ocrx_word' id='word_1_191' title='bbox 2636 1403 2806 1456; x_wconf 85' lang='lat' dir='ltr'><strong>victus</strong></span> <span class='ocrx_word' id='word_1_192' title='bbox 2861 1401 3156 1455; x_wconf 88' lang='lat' dir='ltr'><strong>ambitione</strong></span> <span class='ocrx_word' id='word_1_193' title='bbox 3202 1401 3418 1454; x_wconf 83' lang='lat' dir='ltr'><strong>tradidit</strong></span> <span class='ocrx_word' id='word_1_194' title='bbox 3450 1415 3510 1454; x_wconf 90' lang='lat' dir='ltr'><strong>se</strong></span> <span class='ocrx_word' id='word_1_195' title='bbox 3544 1400 3648 1453; x_wconf 87' lang='lat' dir='ltr'><strong>ini-</strong></span> 
     </span>
    </p>
   </div>
   <div class='ocr_carea' id='block_1_29' title="bbox 2083 1493 3638 1565">
    <p class='ocr_par' dir='ltr' id='par_1_29' title="bbox 2083 1493 3638 1565">
     <span class='ocr_line' id='line_1_29' title="bbox 2083 1493 3638 1565; baseline -0.003 -12"><span class='ocrx_word' id='word_1_196' title='bbox 2083 1500 2237 1553; x_wconf 87' lang='lat' dir='ltr'><strong>micis</strong></span> <span class='ocrx_word' id='word_1_197' title='bbox 2268 1498 2487 1563; x_wconf 87' lang='lat' dir='ltr'><strong>Christi,</strong></span> <span class='ocrx_word' id='word_1_198' title='bbox 2518 1507 2573 1551; x_wconf 93' lang='lat' dir='ltr'><strong>et</strong></span> <span class='ocrx_word' id='word_1_199' title='bbox 2602 1497 2811 1565; x_wconf 88' lang='lat' dir='ltr'><strong>ejurata</strong></span> <span class='ocrx_word' id='word_1_200' title='bbox 2838 1495 2941 1550; x_wconf 80' lang='lat' dir='ltr'><strong>fide</strong></span> <span class='ocrx_word' id='word_1_201' title='bbox 2981 1493 3241 1550; x_wconf 88' lang='lat' dir='ltr'><strong>catholica</strong></span> <span class='ocrx_word' id='word_1_202' title='bbox 3269 1494 3638 1563; x_wconf 87' lang='lat' dir='ltr'><strong>episcopatum</strong></span> 
     </span>
    </p>
   </div>
   <div class='ocr_carea' id='block_1_30' title="bbox 2082 1590 2711 1644">
    <p class='ocr_par' dir='ltr' id='par_1_30' title="bbox 2082 1590 2711 1644">
     <span class='ocr_line' id='line_1_30' title="bbox 2082 1590 2711 1644; baseline -0.006 0"><span class='ocrx_word' id='word_1_203' title='bbox 2082 1592 2150 1644; x_wconf 89' lang='lat' dir='ltr'><strong>ab</strong></span> <span class='ocrx_word' id='word_1_204' title='bbox 2182 1590 2285 1644; x_wconf 90' lang='lat' dir='ltr'><strong>illis</strong></span> <span class='ocrx_word' id='word_1_205' title='bbox 2319 1597 2585 1643; x_wconf 91' lang='lat' dir='ltr'><strong>mercatus</strong></span> <span class='ocrx_word' id='word_1_206' title='bbox 2610 1595 2711 1641; x_wconf 89' lang='lat' dir='ltr'><strong>est.</strong></span> 
     </span>
    </p>
   </div>
   <div class='ocr_carea' id='block_1_31' title="bbox 2156 1676 3646 1749">
    <p class='ocr_par' dir='ltr' id='par_1_31' title="bbox 2156 1676 3646 1749">
     <span class='ocr_line' id='line_1_31' title="bbox 2156 1676 3646 1749; baseline 0 -14"><span class='ocrx_word' id='word_1_207' title='bbox 2156 1680 2266 1735; x_wconf 89' lang='lat' dir='ltr'><strong>Hoc</strong></span> <span class='ocrx_word' id='word_1_208' title='bbox 2304 1682 2446 1735; x_wconf 90' lang='lat' dir='ltr'><strong>enim</strong></span> <span class='ocrx_word' id='word_1_209' title='bbox 2492 1679 2663 1749; x_wconf 89' lang='lat' dir='ltr'><strong>pretio</strong></span> <span class='ocrx_word' id='word_1_210' title='bbox 2703 1678 3073 1747; x_wconf 82' lang='lat' dir='ltr'><strong>episcopatum</strong></span> <span class='ocrx_word' id='word_1_211' title='bbox 3118 1676 3190 1731; x_wconf 94' lang='lat' dir='ltr'><strong>illi</strong></span> <span class='ocrx_word' id='word_1_212' title='bbox 3225 1678 3533 1734; x_wconf 91' lang='lat' dir='ltr'><strong>constitisse</strong></span> <span class='ocrx_word' id='word_1_213' title='bbox 3577 1695 3646 1735; x_wconf 84' lang='lat' dir='ltr'><strong>ex</strong></span> 
     </span>
    </p>
   </div>
   <div class='ocr_carea' id='block_1_32' title="bbox 410 1764 3650 1841">
    <p class='ocr_par' dir='ltr' id='par_1_32' title="bbox 410 1764 3650 1841">
     <span class='ocr_line' id='line_1_32' title="bbox 410 1764 3650 1841; baseline 0.001 -21"><span class='ocrx_word' id='word_1_214' title='bbox 410 1764 536 1828; x_wconf 78' lang='grc'>575,</span> <span class='ocrx_word' id='word_1_215' title='bbox 576 1768 623 1820; x_wconf 89' lang='lat' dir='ltr'><strong>si</strong></span> <span class='ocrx_word' id='word_1_216' title='bbox 659 1776 784 1820; x_wconf 92' lang='lat' dir='ltr'><strong>tunc</strong></span> <span class='ocrx_word' id='word_1_217' title='bbox 815 1767 999 1821; x_wconf 87' lang='lat' dir='ltr'><strong>Natale</strong></span> <span class='ocrx_word' id='word_1_218' title='bbox 1038 1767 1247 1822; x_wconf 87' lang='lat' dir='ltr'><strong>Domini</strong></span> <span class='ocrx_word' id='word_1_219' title='bbox 1280 1769 1364 1821; x_wconf 92' lang='lat' dir='ltr'><strong>die</strong></span> <span class='ocrx_word' id='word_1_220' title='bbox 1401 1769 1708 1823; x_wconf 81' lang='lat' dir='ltr'><strong>Decembris</strong></span> <span class='ocrx_word' id='word_1_221' title='bbox 1736 1768 1807 1823; x_wconf 81' lang='grc'><strong>25</strong></span> <span class='ocrx_word' id='word_1_222' title='bbox 1836 1768 1976 1824; x_wconf 92' lang='lat' dir='ltr'><strong>cele-</strong></span> <span class='ocrx_word' id='word_1_223' title='bbox 2008 1768 2051 1824; x_wconf 91' lang='grc' dir='ltr'>Β</span> <span class='ocrx_word' id='word_1_224' title='bbox 2080 1772 2319 1841; x_wconf 88' lang='lat' dir='ltr'><strong>pluribus</strong></span> <span class='ocrx_word' id='word_1_225' title='bbox 2356 1771 2537 1825; x_wconf 89' lang='lat' dir='ltr'><strong>Basilii</strong></span> <span class='ocrx_word' id='word_1_226' title='bbox 2583 1770 2899 1825; x_wconf 88' lang='lat' dir='ltr'><strong>testimoniis</strong></span> <span class='ocrx_word' id='word_1_227' title='bbox 2944 1770 3287 1839; x_wconf 88' lang='lat' dir='ltr'><strong>perspicitur.</strong></span> <span class='ocrx_word' id='word_1_228' title='bbox 3345 1770 3512 1825; x_wconf 79' lang='lat' dir='ltr'><strong>Miser</strong></span> <span class='ocrx_word' id='word_1_229' title='bbox 3554 1772 3650 1826; x_wconf 83' lang='lat' dir='ltr'><strong>ille</strong></span> 
     </span>
    </p>
   </div>
   <div class='ocr_carea' id='block_1_33' title="bbox 410 1853 1979 1921">
    <p class='ocr_par' dir='ltr' id='par_1_33' title="bbox 410 1853 1979 1921">
     <span class='ocr_line' id='line_1_33' title="bbox 410 1853 1979 1921; baseline 0.003 -13"><span class='ocrx_word' id='word_1_230' title='bbox 410 1853 706 1920; x_wconf 85' lang='lat' dir='ltr'><strong>brabatur;</strong></span> <span class='ocrx_word' id='word_1_231' title='bbox 739 1856 820 1910; x_wconf 88' lang='lat' dir='ltr'><strong>vel</strong></span> <span class='ocrx_word' id='word_1_232' title='bbox 864 1857 1080 1911; x_wconf 91' lang='lat' dir='ltr'><strong>ineunte</strong></span> <span class='ocrx_word' id='word_1_233' title='bbox 1118 1872 1262 1911; x_wconf 91' lang='lat' dir='ltr'><strong>anno</strong></span> <span class='ocrx_word' id='word_1_234' title='bbox 1290 1856 1415 1921; x_wconf 77' lang='lat'><strong>376,</strong></span> <span class='ocrx_word' id='word_1_235' title='bbox 1446 1858 1489 1911; x_wconf 89' lang='lat' dir='ltr'><strong>si</strong></span> <span class='ocrx_word' id='word_1_236' title='bbox 1519 1856 1636 1912; x_wconf 91' lang='lat' dir='ltr'><strong>dies</strong></span> <span class='ocrx_word' id='word_1_237' title='bbox 1688 1858 1775 1912; x_wconf 91' lang='lat' dir='ltr'><strong>ille</strong></span> <span class='ocrx_word' id='word_1_238' title='bbox 1807 1858 1979 1912; x_wconf 88' lang='lat' dir='ltr'><strong>festus</strong></span> 
     </span>
    </p>
   </div>
   <div class='ocr_carea' id='block_1_34' title="bbox 411 1946 1981 2018">
    <p class='ocr_par' dir='ltr' id='par_1_34' title="bbox 411 1946 1981 2018">
     <span class='ocr_line' id='line_1_34' title="bbox 411 1946 1981 2018; baseline 0.001 -17"><span class='ocrx_word' id='word_1_239' title='bbox 411 1959 532 2001; x_wconf 89' lang='lat' dir='ltr'><strong>cum</strong></span> <span class='ocrx_word' id='word_1_240' title='bbox 563 1946 856 2017; x_wconf 86' lang='lat' dir='ltr'><strong>Epiphania</strong></span> <span class='ocrx_word' id='word_1_241' title='bbox 901 1948 1348 2017; x_wconf 88' lang='lat' dir='ltr'><strong>conjungebatur.</strong></span> <span class='ocrx_word' id='word_1_242' title='bbox 1378 1947 1539 2003; x_wconf 87' lang='lat' dir='ltr'><strong>Certe</strong></span> <span class='ocrx_word' id='word_1_243' title='bbox 1583 1950 1849 2018; x_wconf 83' lang='lat' dir='ltr'><strong>posterior</strong></span> <span class='ocrx_word' id='word_1_244' title='bbox 1898 1959 1981 2009; x_wconf 85' lang='lat' dir='ltr'><strong>est</strong></span> 
     </span>
    </p>
   </div>
   <div class='ocr_carea' id='block_1_35' title="bbox 411 2036 1982 2109">
    <p class='ocr_par' dir='ltr' id='par_1_35' title="bbox 411 2036 1982 2109">
     <span class='ocr_line' id='line_1_35' title="bbox 411 2036 1982 2109; baseline 0.003 -19"><span class='ocrx_word' id='word_1_245' title='bbox 411 2036 606 2091; x_wconf 90' lang='lat' dir='ltr'><strong>litteris</strong></span> <span class='ocrx_word' id='word_1_246' title='bbox 637 2053 732 2107; x_wconf 91' lang='lat' dir='ltr'><strong>per</strong></span> <span class='ocrx_word' id='word_1_247' title='bbox 776 2038 1038 2107; x_wconf 80' lang='lat' dir='ltr'><strong>Elpidium</strong></span> <span class='ocrx_word' id='word_1_248' title='bbox 1077 2040 1276 2103; x_wconf 87' lang='lat' dir='ltr'><strong>missis,</strong></span> <span class='ocrx_word' id='word_1_249' title='bbox 1323 2040 1374 2093; x_wconf 91' lang='lat' dir='ltr'><strong>in</strong></span> <span class='ocrx_word' id='word_1_250' title='bbox 1420 2039 1613 2109; x_wconf 86' lang='lat' dir='ltr'><strong>quibus</strong></span> <span class='ocrx_word' id='word_1_251' title='bbox 1658 2039 1888 2094; x_wconf 87' lang='lat' dir='ltr'><strong>Basilius</strong></span> <span class='ocrx_word' id='word_1_252' title='bbox 1926 2048 1982 2094; x_wconf 88' lang='lat' dir='ltr'><strong>et</strong></span> 
     </span>
    </p>
   </div>
   <div class='ocr_carea' id='block_1_36' title="bbox 410 2130 1981 2200">
    <p class='ocr_par' dir='ltr' id='par_1_36' title="bbox 410 2130 1981 2200">
     <span class='ocr_line' id='line_1_36' title="bbox 410 2130 1981 2200; baseline 0.003 -18"><span class='ocrx_word' id='word_1_253' title='bbox 410 2130 620 2182; x_wconf 84' lang='lat' dir='ltr'><strong>veniam</strong></span> <span class='ocrx_word' id='word_1_254' title='bbox 651 2131 802 2197; x_wconf 91' lang='lat' dir='ltr'><strong>petit,</strong></span> <span class='ocrx_word' id='word_1_255' title='bbox 852 2131 995 2199; x_wconf 91' lang='lat' dir='ltr'><strong>quod</strong></span> <span class='ocrx_word' id='word_1_256' title='bbox 1038 2130 1244 2200; x_wconf 84' lang='lat' dir='ltr'><strong>jamdiu</strong></span> <span class='ocrx_word' id='word_1_257' title='bbox 1289 2146 1392 2185; x_wconf 91' lang='lat' dir='ltr'><strong>non</strong></span> <span class='ocrx_word' id='word_1_258' title='bbox 1440 2132 1768 2200; x_wconf 85' lang='lat' dir='ltr'><strong>scripsisset,</strong></span> <span class='ocrx_word' id='word_1_259' title='bbox 1810 2141 1868 2187; x_wconf 90' lang='lat' dir='ltr'><strong>et</strong></span> <span class='ocrx_word' id='word_1_260' title='bbox 1915 2133 1981 2187; x_wconf 90' lang='lat' dir='ltr'><strong>dc</strong></span> 
     </span>
    </p>
   </div>
   <div class='ocr_carea' id='block_1_37' title="bbox 412 2220 1980 2290">
    <p class='ocr_par' dir='ltr' id='par_1_37' title="bbox 412 2220 1980 2290">
     <span class='ocr_line' id='line_1_37' title="bbox 412 2220 1980 2290; baseline 0.005 -20"><span class='ocrx_word' id='word_1_261' title='bbox 412 2221 791 2289; x_wconf 87' lang='lat' dir='ltr'><strong>persecutione</strong></span> <span class='ocrx_word' id='word_1_262' title='bbox 835 2220 1092 2290; x_wconf 88' lang='lat' dir='ltr'><strong>loquitur,</strong></span> <span class='ocrx_word' id='word_1_263' title='bbox 1141 2230 1199 2274; x_wconf 94' lang='lat' dir='ltr'><strong>ut</strong></span> <span class='ocrx_word' id='word_1_264' title='bbox 1244 2222 1311 2275; x_wconf 91' lang='lat' dir='ltr'><strong>de</strong></span> <span class='ocrx_word' id='word_1_265' title='bbox 1354 2237 1413 2276; x_wconf 92' lang='lat' dir='ltr'><strong>re</strong></span> <span class='ocrx_word' id='word_1_266' title='bbox 1462 2223 1787 2277; x_wconf 87' lang='lat' dir='ltr'><strong>uberrimam</strong></span> <span class='ocrx_word' id='word_1_267' title='bbox 1840 2224 1980 2277; x_wconf 84' lang='lat' dir='ltr'><strong>scri-</strong></span> 
     </span>
    </p>
   </div>
   <div class='ocr_carea' id='block_1_38' title="bbox 410 2310 1974 2383">
    <p class='ocr_par' dir='ltr' id='par_1_38' title="bbox 410 2310 1974 2383">
     <span class='ocr_line' id='line_1_38' title="bbox 410 2310 1974 2383; baseline 0.003 -19"><span class='ocrx_word' id='word_1_268' title='bbox 410 2310 571 2364; x_wconf 89' lang='lat' dir='ltr'><strong>bendi</strong></span> <span class='ocrx_word' id='word_1_269' title='bbox 603 2311 881 2365; x_wconf 90' lang='lat' dir='ltr'><strong>materiam</strong></span> <span class='ocrx_word' id='word_1_270' title='bbox 920 2312 1316 2381; x_wconf 85' lang='lat' dir='ltr'><strong>suppeditante,</strong></span> <span class='ocrx_word' id='word_1_271' title='bbox 1349 2313 1441 2367; x_wconf 90' lang='lat' dir='ltr'><strong>sed</strong></span> <span class='ocrx_word' id='word_1_272' title='bbox 1477 2322 1649 2368; x_wconf 91' lang='lat' dir='ltr'><strong>tamen</strong></span> <span class='ocrx_word' id='word_1_273' title='bbox 1696 2314 1974 2383; x_wconf 83' lang='lat' dir='ltr'><strong>Amphilo-</strong></span> 
     </span>
    </p>
   </div>
   <div class='ocr_carea' id='block_1_39' title="bbox 412 2402 1981 2476">
    <p class='ocr_par' dir='ltr' id='par_1_39' title="bbox 412 2402 1981 2476">
     <span class='ocr_line' id='line_1_39' title="bbox 412 2402 1981 2476; baseline 0.003 -19"><span class='ocrx_word' id='word_1_274' title='bbox 412 2402 536 2457; x_wconf 86' lang='lat' dir='ltr'><strong>chio</strong></span> <span class='ocrx_word' id='word_1_275' title='bbox 578 2404 815 2457; x_wconf 86' lang='lat' dir='ltr'><strong>nondum</strong></span> <span class='ocrx_word' id='word_1_276' title='bbox 851 2404 1118 2471; x_wconf 88' lang='lat' dir='ltr'><strong>nuntiata,</strong></span> <span class='ocrx_word' id='word_1_277' title='bbox 1162 2419 1226 2461; x_wconf 90' lang='lat' dir='ltr'><strong>eo</strong></span> <span class='ocrx_word' id='word_1_278' title='bbox 1269 2407 1412 2475; x_wconf 88' lang='lat' dir='ltr'><strong>quod</strong></span> <span class='ocrx_word' id='word_1_279' title='bbox 1456 2407 1708 2462; x_wconf 86' lang='lat' dir='ltr'><strong>deessent</strong></span> <span class='ocrx_word' id='word_1_280' title='bbox 1748 2407 1841 2476; x_wconf 86' lang='lat' dir='ltr'><strong>qui</strong></span> <span class='ocrx_word' id='word_1_281' title='bbox 1887 2406 1981 2461; x_wconf 89' lang='lat' dir='ltr'><strong>lit-</strong></span> 
     </span>
    </p>
   </div>
   <div class='ocr_carea' id='block_1_40' title="bbox 415 2495 907 2562">
    <p class='ocr_par' dir='ltr' id='par_1_40' title="bbox 415 2495 907 2562">
     <span class='ocr_line' id='line_1_40' title="bbox 415 2495 907 2562; baseline 0.006 -15"><span class='ocrx_word' id='word_1_282' title='bbox 415 2502 560 2547; x_wconf 90' lang='lat' dir='ltr'><strong>teras</strong></span> <span class='ocrx_word' id='word_1_283' title='bbox 587 2495 907 2562; x_wconf 80' lang='lat' dir='ltr'><strong>perferrent.</strong></span> 
     </span>
    </p>
   </div>
   <div class='ocr_carea' id='block_1_41' title="bbox 485 2582 1979 2656">
    <p class='ocr_par' dir='ltr' id='par_1_41' title="bbox 485 2582 1979 2656">
     <span class='ocr_line' id='line_1_41' title="bbox 485 2582 1979 2656; baseline 0.006 -18"><span class='ocrx_word' id='word_1_284' title='bbox 485 2582 657 2638; x_wconf 86' lang='lat' dir='ltr'><strong>Simul</strong></span> <span class='ocrx_word' id='word_1_285' title='bbox 696 2602 817 2639; x_wconf 92' lang='lat' dir='ltr'><strong>cum</strong></span> <span class='ocrx_word' id='word_1_286' title='bbox 863 2587 1089 2656; x_wconf 89' lang='lat' dir='ltr'><strong>epistola</strong></span> <span class='ocrx_word' id='word_1_287' title='bbox 1133 2589 1239 2644; x_wconf 83' lang='grc'><strong>252</strong></span> <span class='ocrx_word' id='word_1_288' title='bbox 1271 2589 1412 2643; x_wconf 89' lang='lat' dir='ltr'><strong>misit</strong></span> <span class='ocrx_word' id='word_1_289' title='bbox 1445 2588 1676 2646; x_wconf 86' lang='lat' dir='ltr'><strong>Basilius</strong></span> <span class='ocrx_word' id='word_1_290' title='bbox 1706 2606 1979 2647; x_wconf 90' lang='lat' dir='ltr'><strong>commen-</strong></span> 
     </span>
    </p>
   </div>
   <div class='ocr_carea' id='block_1_42' title="bbox 415 2676 1979 2753">
    <p class='ocr_par' dir='ltr' id='par_1_42' title="bbox 415 2676 1979 2753">
     <span class='ocr_line' id='line_1_42' title="bbox 415 2676 1979 2753; baseline 0.008 -25"><span class='ocrx_word' id='word_1_291' title='bbox 415 2676 632 2741; x_wconf 84' lang='lat' dir='ltr'><strong>tarium,</strong></span> <span class='ocrx_word' id='word_1_292' title='bbox 660 2677 714 2731; x_wconf 88' lang='lat' dir='ltr'><strong>in</strong></span> <span class='ocrx_word' id='word_1_293' title='bbox 752 2693 859 2747; x_wconf 89' lang='lat' dir='ltr'><strong>quo</strong></span> <span class='ocrx_word' id='word_1_294' title='bbox 891 2680 1051 2734; x_wconf 80' lang='lat' dir='ltr'><strong>variis</strong></span> <span class='ocrx_word' id='word_1_295' title='bbox 1080 2680 1437 2749; x_wconf 85' lang='lat' dir='ltr'><strong>Amphilochii</strong></span> <span class='ocrx_word' id='word_1_296' title='bbox 1481 2684 1865 2753; x_wconf 64' lang='lat' dir='ltr'><strong>quaestionibus</strong></span> <span class='ocrx_word' id='word_1_297' title='bbox 1891 2701 1979 2740; x_wconf 84' lang='lat' dir='ltr'><strong>sa-</strong></span> 
     </span>
    </p>
   </div>
   <div class='ocr_carea' id='block_1_43' title="bbox 415 2767 1971 2845">
    <p class='ocr_par' dir='ltr' id='par_1_43' title="bbox 415 2767 1971 2845">
     <span class='ocr_line' id='line_1_43' title="bbox 415 2767 1971 2845; baseline 0.007 -25"><span class='ocrx_word' id='word_1_298' title='bbox 415 2767 662 2823; x_wconf 86' lang='lat' dir='ltr'><strong>tisfacere</strong></span> <span class='ocrx_word' id='word_1_299' title='bbox 693 2781 916 2824; x_wconf 87' lang='lat' dir='ltr'><strong>conatus</strong></span> <span class='ocrx_word' id='word_1_300' title='bbox 952 2770 1156 2836; x_wconf 79' lang='lat' dir='ltr'><strong>fuerat,</strong></span> <span class='ocrx_word' id='word_1_301' title='bbox 1198 2785 1456 2841; x_wconf 89' lang='lat' dir='ltr'><strong>quantum</strong></span> <span class='ocrx_word' id='word_1_302' title='bbox 1502 2792 1598 2845; x_wconf 85' lang='lat' dir='ltr'><strong>per</strong></span> <span class='ocrx_word' id='word_1_303' title='bbox 1646 2785 1855 2845; x_wconf 84' lang='lat' dir='ltr'><strong>tempus</strong></span> <span class='ocrx_word' id='word_1_304' title='bbox 1907 2777 1971 2831; x_wconf 90' lang='lat' dir='ltr'><strong>li-</strong></span> 
     </span>
    </p>
   </div>
   <div class='ocr_carea' id='block_1_44' title="bbox 413 2860 1977 2937">
    <p class='ocr_par' dir='ltr' id='par_1_44' title="bbox 413 2860 1977 2937">
     <span class='ocr_line' id='line_1_44' title="bbox 413 2860 1977 2937; baseline 0.007 -25"><span class='ocrx_word' id='word_1_305' title='bbox 413 2870 616 2913; x_wconf 83' lang='lat' dir='ltr'><strong>cuerat.</strong></span> <span class='ocrx_word' id='word_1_306' title='bbox 647 2860 797 2925; x_wconf 85' lang='lat' dir='ltr'><strong>Quod</strong></span> <span class='ocrx_word' id='word_1_307' title='bbox 822 2863 1054 2928; x_wconf 82' lang='lat' dir='ltr'><strong>quidem,</strong></span> <span class='ocrx_word' id='word_1_308' title='bbox 1091 2864 1288 2930; x_wconf 87' lang='lat' dir='ltr'><strong>inquit,</strong></span> <span class='ocrx_word' id='word_1_309' title='bbox 1312 2868 1379 2917; x_wconf 90' lang='lat' dir='ltr'><strong>ad</strong></span> <span class='ocrx_word' id='word_1_310' title='bbox 1406 2866 1726 2937; x_wconf 84' lang='lat' dir='ltr'><strong>interrogata</strong></span> <span class='ocrx_word' id='word_1_311' title='bbox 1752 2870 1977 2923; x_wconf 90' lang='lat' dir='ltr'><strong>attinet:</strong></span> 
     </span>
    </p>
   </div>
   <div class='ocr_carea' id='block_1_45' title="bbox 417 2951 1975 3029">
    <p class='ocr_par' dir='ltr' id='par_1_45' title="bbox 417 2951 1975 3029">
     <span class='ocr_line' id='line_1_45' title="bbox 417 2951 1975 3029; baseline 0.004 -24"><span class='ocrx_word' id='word_1_312' title='bbox 417 2951 572 3020; x_wconf 71' lang='lat' dir='ltr'><strong>facta:</strong></span> <span class='ocrx_word' id='word_1_313' title='bbox 609 2962 729 3005; x_wconf 88' lang='lat' dir='ltr'><strong>sunt</strong></span> <span class='ocrx_word' id='word_1_314' title='bbox 780 2953 835 3007; x_wconf 83' lang='lat' dir='ltr'><strong>in</strong></span> <span class='ocrx_word' id='word_1_315' title='bbox 887 2955 1259 3008; x_wconf 74' lang='lat' dir='ltr'><strong>eorumentario</strong></span> <span class='ocrx_word' id='word_1_316' title='bbox 1311 2958 1666 3024; x_wconf 77' lang='lat' dir='ltr'><strong>responsiones</strong></span> <span class='ocrx_word' id='word_1_317' title='bbox 1705 2961 1975 3029; x_wconf 67' lang='lat' dir='ltr'><strong>quaedam,</strong></span> 
     </span>
    </p>
   </div>
   <div class='ocr_carea' id='block_1_46' title="bbox 415 3044 1980 3113">
    <p class='ocr_par' dir='ltr' id='par_1_46' title="bbox 415 3044 1980 3113">
     <span class='ocr_line' id='line_1_46' title="bbox 415 3044 1980 3113; baseline 0.006 -18"><span class='ocrx_word' id='word_1_318' title='bbox 415 3044 598 3113; x_wconf 78' lang='lat' dir='ltr'><strong>quales</strong></span> <span class='ocrx_word' id='word_1_319' title='bbox 630 3044 796 3109; x_wconf 80' lang='lat' dir='ltr'><strong>potui,</strong></span> <span class='ocrx_word' id='word_1_320' title='bbox 821 3052 869 3096; x_wconf 93' lang='lat' dir='ltr'><strong>et</strong></span> <span class='ocrx_word' id='word_1_321' title='bbox 906 3054 962 3096; x_wconf 90' lang='lat' dir='ltr'><strong>ut</strong></span> <span class='ocrx_word' id='word_1_322' title='bbox 1000 3061 1090 3112; x_wconf 88' lang='lat' dir='ltr'><strong>per</strong></span> <span class='ocrx_word' id='word_1_323' title='bbox 1118 3054 1315 3112; x_wconf 83' lang='lat' dir='ltr'><strong>tempus</strong></span> <span class='ocrx_word' id='word_1_324' title='bbox 1347 3046 1515 3100; x_wconf 87' lang='lat' dir='ltr'><strong>licuit.</strong></span> <span class='ocrx_word' id='word_1_325' title='bbox 1560 3048 1638 3101; x_wconf 86' lang='lat' dir='ltr'><strong>Ex</strong></span> <span class='ocrx_word' id='word_1_326' title='bbox 1676 3050 1758 3103; x_wconf 87' lang='lat' dir='ltr'><strong>his</strong></span> <span class='ocrx_word' id='word_1_327' title='bbox 1802 3052 1980 3106; x_wconf 83' lang='lat' dir='ltr'><strong>verbis</strong></span> 
     </span>
    </p>
   </div>
   <div class='ocr_carea' id='block_1_47' title="bbox 2082 1861 3649 1933">
    <p class='ocr_par' dir='ltr' id='par_1_47' title="bbox 2082 1861 3649 1933">
     <span class='ocr_line' id='line_1_47' title="bbox 2082 1861 3649 1933; baseline 0 -17"><span class='ocrx_word' id='word_1_328' title='bbox 2082 1862 2305 1928; x_wconf 81' lang='lat' dir='ltr'><strong>Fronto,</strong></span> <span class='ocrx_word' id='word_1_329' title='bbox 2346 1862 2518 1933; x_wconf 91' lang='lat' dir='ltr'><strong>inquit</strong></span> <span class='ocrx_word' id='word_1_330' title='bbox 2558 1862 2609 1915; x_wconf 91' lang='lat' dir='ltr'><strong>in</strong></span> <span class='ocrx_word' id='word_1_331' title='bbox 2667 1862 2826 1931; x_wconf 89' lang='lat' dir='ltr'><strong>epist.</strong></span> <span class='ocrx_word' id='word_1_332' title='bbox 2855 1861 2980 1924; x_wconf 78' lang='grc'>259,</span> <span class='ocrx_word' id='word_1_333' title='bbox 3012 1864 3100 1931; x_wconf 87' lang='lat' dir='ltr'><strong>qui</strong></span> <span class='ocrx_word' id='word_1_334' title='bbox 3136 1862 3284 1928; x_wconf 86' lang='lat' dir='ltr'><strong>prius</strong></span> <span class='ocrx_word' id='word_1_335' title='bbox 3310 1864 3517 1929; x_wconf 80' lang='lat' dir='ltr'><strong>quidem</strong></span> <span class='ocrx_word' id='word_1_336' title='bbox 3554 1865 3649 1916; x_wconf 85' lang='lat' dir='ltr'><strong>de-</strong></span> 
     </span>
    </p>
   </div>
   <div class='ocr_carea' id='block_1_48' title="bbox 2080 1953 3653 2026">
    <p class='ocr_par' dir='ltr' id='par_1_48' title="bbox 2080 1953 3653 2026">
     <span class='ocr_line' id='line_1_48' title="bbox 2080 1953 3653 2026; baseline -0.002 -17"><span class='ocrx_word' id='word_1_337' title='bbox 2080 1956 2365 2026; x_wconf 73' lang='lat' dir='ltr'><strong>fensionem</strong></span> <span class='ocrx_word' id='word_1_338' title='bbox 2392 1954 2726 2008; x_wconf 86' lang='lat' dir='ltr'><strong>simulaverat</strong></span> <span class='ocrx_word' id='word_1_339' title='bbox 2757 1953 3006 2019; x_wconf 83' lang='lat' dir='ltr'><strong>veritatis,</strong></span> <span class='ocrx_word' id='word_1_340' title='bbox 3038 1955 3249 2007; x_wconf 86' lang='lat' dir='ltr'><strong>tandem</strong></span> <span class='ocrx_word' id='word_1_341' title='bbox 3280 1956 3500 2019; x_wconf 82' lang='lat' dir='ltr'><strong>turpiter</strong></span> <span class='ocrx_word' id='word_1_342' title='bbox 3532 1971 3653 2022; x_wconf 81' lang='lat' dir='ltr'><strong>pro-</strong></span> 
     </span>
    </p>
   </div>
   <div class='ocr_carea' id='block_1_49' title="bbox 2079 2042 3651 2113">
    <p class='ocr_par' dir='ltr' id='par_1_49' title="bbox 2079 2042 3651 2113">
     <span class='ocr_line' id='line_1_49' title="bbox 2079 2042 3651 2113; baseline 0.001 -14"><span class='ocrx_word' id='word_1_343' title='bbox 2079 2048 2240 2110; x_wconf 84' lang='lat' dir='ltr'><strong>didit,</strong></span> <span class='ocrx_word' id='word_1_344' title='bbox 2265 2054 2315 2099; x_wconf 87' lang='lat' dir='ltr'><strong>et</strong></span> <span class='ocrx_word' id='word_1_345' title='bbox 2355 2045 2511 2113; x_wconf 85' lang='lat' dir='ltr'><strong>ﬁdem</strong></span> <span class='ocrx_word' id='word_1_346' title='bbox 2555 2054 2604 2097; x_wconf 89' lang='lat' dir='ltr'><strong>et</strong></span> <span class='ocrx_word' id='word_1_347' title='bbox 2641 2045 2892 2110; x_wconf 86' lang='lat' dir='ltr'><strong>seipsum.</strong></span> <span class='ocrx_word' id='word_1_348' title='bbox 2922 2042 2987 2096; x_wconf 91' lang='lat' dir='ltr'><strong>Et</strong></span> <span class='ocrx_word' id='word_1_349' title='bbox 3034 2045 3084 2097; x_wconf 93' lang='lat' dir='ltr'><strong>in</strong></span> <span class='ocrx_word' id='word_1_350' title='bbox 3119 2045 3276 2111; x_wconf 87' lang='lat' dir='ltr'><strong>epist.</strong></span> <span class='ocrx_word' id='word_1_351' title='bbox 3304 2044 3428 2109; x_wconf 69' lang='grc'>240,</span> <span class='ocrx_word' id='word_1_352' title='bbox 3474 2061 3531 2099; x_wconf 90' lang='lat' dir='ltr'><strong>n.</strong></span> <span class='ocrx_word' id='word_1_353' title='bbox 3557 2046 3592 2099; x_wconf 78' lang='grc'><strong>5</strong></span> <span class='ocrx_word' id='word_1_354' title='bbox 3630 2057 3651 2100; x_wconf 86' lang='lat'><strong>:</strong></span> 
     </span>
    </p>
   </div>
   <div class='ocr_carea' id='block_1_50' title="bbox 2081 2135 3648 2204">
    <p class='ocr_par' dir='ltr' id='par_1_50' title="bbox 2081 2135 3648 2204">
     <span class='ocr_line' id='line_1_50' title="bbox 2081 2135 3648 2204; baseline -0.001 -15"><span class='ocrx_word' id='word_1_355' title='bbox 2081 2137 2215 2191; x_wconf 80' lang='lat' dir='ltr'><strong>Cum</strong></span> <span class='ocrx_word' id='word_1_356' title='bbox 2256 2146 2591 2204; x_wconf 83' lang='lat' dir='ltr'><strong>speraverant</strong></span> <span class='ocrx_word' id='word_1_357' title='bbox 2635 2137 2913 2204; x_wconf 81' lang='lat' dir='ltr'><strong>adepturus</strong></span> <span class='ocrx_word' id='word_1_358' title='bbox 2951 2150 3005 2188; x_wconf 88' lang='lat' dir='ltr'><strong>se</strong></span> <span class='ocrx_word' id='word_1_359' title='bbox 3056 2136 3259 2188; x_wconf 87' lang='lat' dir='ltr'><strong>inanem</strong></span> <span class='ocrx_word' id='word_1_360' title='bbox 3304 2135 3453 2189; x_wconf 87' lang='lat' dir='ltr'><strong>illum</strong></span> <span class='ocrx_word' id='word_1_361' title='bbox 3497 2138 3648 2203; x_wconf 83' lang='lat' dir='ltr'><strong>prin-</strong></span> 
     </span>
    </p>
   </div>
   <div class='ocr_carea' id='block_1_51' title="bbox 2081 2222 3645 2294">
    <p class='ocr_par' dir='ltr' id='par_1_51' title="bbox 2081 2222 3645 2294">
     <span class='ocr_line' id='line_1_51' title="bbox 2081 2222 3645 2294; baseline -0.001 -15"><span class='ocrx_word' id='word_1_362' title='bbox 2081 2226 2331 2294; x_wconf 84' lang='lat' dir='ltr'><strong>cipatum,</strong></span> <span class='ocrx_word' id='word_1_363' title='bbox 2362 2224 2716 2294; x_wconf 76' lang='lat' dir='ltr'><strong>adjunxerunt</strong></span> <span class='ocrx_word' id='word_1_364' title='bbox 2749 2241 2802 2278; x_wconf 90' lang='lat' dir='ltr'><strong>se</strong></span> <span class='ocrx_word' id='word_1_365' title='bbox 2838 2225 3067 2278; x_wconf 83' lang='lat' dir='ltr'><strong>inimicis</strong></span> <span class='ocrx_word' id='word_1_366' title='bbox 3097 2222 3312 2279; x_wconf 83' lang='lat' dir='ltr'><strong>Christi.</strong></span> <span class='ocrx_word' id='word_1_367' title='bbox 3338 2224 3441 2279; x_wconf 90' lang='lat' dir='ltr'><strong>Ubi</strong></span> <span class='ocrx_word' id='word_1_368' title='bbox 3464 2227 3645 2285; x_wconf 81' lang='lat' dir='ltr'><strong>vident</strong></span> 
     </span>
    </p>
   </div>
   <div class='ocr_carea' id='block_1_52' title="bbox 2079 2315 3649 2385">
    <p class='ocr_par' dir='ltr' id='par_1_52' title="bbox 2079 2315 3649 2385">
     <span class='ocr_line' id='line_1_52' title="bbox 2079 2315 3649 2385; baseline -0.001 -15"><span class='ocrx_word' id='word_1_369' title='bbox 2079 2317 2295 2385; x_wconf 80' lang='lat' dir='ltr'><strong>papulas</strong></span> <span class='ocrx_word' id='word_1_370' title='bbox 2324 2316 2404 2369; x_wconf 88' lang='lat' dir='ltr'><strong>ira</strong></span> <span class='ocrx_word' id='word_1_371' title='bbox 2434 2316 2704 2384; x_wconf 74' lang='lat' dir='ltr'><strong>efferatos,</strong></span> <span class='ocrx_word' id='word_1_372' title='bbox 2747 2332 2931 2368; x_wconf 83' lang='lat' dir='ltr'><strong>rursus</strong></span> <span class='ocrx_word' id='word_1_373' title='bbox 2966 2315 3213 2368; x_wconf 84' lang='lat' dir='ltr'><strong>simulant</strong></span> <span class='ocrx_word' id='word_1_374' title='bbox 3251 2328 3438 2369; x_wconf 86' lang='lat' dir='ltr'><strong>rectam</strong></span> <span class='ocrx_word' id='word_1_375' title='bbox 3468 2316 3649 2384; x_wconf 73' lang='lat' dir='ltr'><strong>ﬁdem.</strong></span> 
     </span>
    </p>
   </div>
   <div class='ocr_carea' id='block_1_53' title="bbox 2080 2407 3655 2477">
    <p class='ocr_par' dir='ltr' id='par_1_53' title="bbox 2080 2407 3655 2477">
     <span class='ocr_line' id='line_1_53' title="bbox 2080 2407 3655 2477; baseline -0.002 -13"><span class='ocrx_word' id='word_1_376' title='bbox 2080 2408 2207 2464; x_wconf 65' lang='lat' dir='ltr'><strong>Haec</strong></span> <span class='ocrx_word' id='word_1_377' title='bbox 2236 2424 2373 2463; x_wconf 89' lang='lat' dir='ltr'><strong>nova</strong></span> <span class='ocrx_word' id='word_1_378' title='bbox 2411 2408 2532 2462; x_wconf 87' lang='lat' dir='ltr'><strong>[idei</strong></span> <span class='ocrx_word' id='word_1_379' title='bbox 2567 2417 2726 2461; x_wconf 83' lang='lat' dir='ltr'><strong>rectae</strong></span> <span class='ocrx_word' id='word_1_380' title='bbox 2753 2407 3027 2461; x_wconf 87' lang='lat' dir='ltr'><strong>simulatio</strong></span> <span class='ocrx_word' id='word_1_381' title='bbox 3062 2407 3127 2461; x_wconf 89' lang='lat' dir='ltr'><strong>ad</strong></span> <span class='ocrx_word' id='word_1_382' title='bbox 3153 2407 3402 2475; x_wconf 90' lang='lat' dir='ltr'><strong>populum</strong></span> <span class='ocrx_word' id='word_1_383' title='bbox 3431 2408 3655 2477; x_wconf 89' lang='lat' dir='ltr'><strong>placan-</strong></span> 
     </span>
    </p>
   </div>
   <div class='ocr_carea' id='block_1_54' title="bbox 2080 2498 3654 2569">
    <p class='ocr_par' dir='ltr' id='par_1_54' title="bbox 2080 2498 3654 2569">
     <span class='ocr_line' id='line_1_54' title="bbox 2080 2498 3654 2569; baseline 0 -16"><span class='ocrx_word' id='word_1_384' title='bbox 2080 2500 2226 2562; x_wconf 90' lang='lat' dir='ltr'><strong>dum,</strong></span> <span class='ocrx_word' id='word_1_385' title='bbox 2252 2509 2566 2569; x_wconf 82' lang='lat' dir='ltr'><strong>argumento</strong></span> <span class='ocrx_word' id='word_1_386' title='bbox 2596 2509 2677 2553; x_wconf 86' lang='lat' dir='ltr'><strong>est</strong></span> <span class='ocrx_word' id='word_1_387' title='bbox 2706 2506 2862 2552; x_wconf 89' lang='lat' dir='ltr'><strong>antea</strong></span> <span class='ocrx_word' id='word_1_388' title='bbox 2904 2498 3230 2553; x_wconf 82' lang='lat' dir='ltr'><strong>Frontonem</strong></span> <span class='ocrx_word' id='word_1_389' title='bbox 3278 2500 3494 2568; x_wconf 86' lang='lat' dir='ltr'><strong>impiam</strong></span> <span class='ocrx_word' id='word_1_390' title='bbox 3539 2501 3654 2554; x_wconf 73' lang='lat' dir='ltr'><strong>hae-</strong></span> 
     </span>
    </p>
   </div>
   <div class='ocr_carea' id='block_1_55' title="bbox 2080 2588 3648 2657">
    <p class='ocr_par' dir='ltr' id='par_1_55' title="bbox 2080 2588 3648 2657">
     <span class='ocr_line' id='line_1_55' title="bbox 2080 2588 3648 2657; baseline -0.003 -14"><span class='ocrx_word' id='word_1_391' title='bbox 2080 2590 2240 2643; x_wconf 87' lang='lat' dir='ltr'><strong>resim</strong></span> <span class='ocrx_word' id='word_1_392' title='bbox 2269 2588 2567 2657; x_wconf 88' lang='lat' dir='ltr'><strong>professum</strong></span> <span class='ocrx_word' id='word_1_393' title='bbox 2615 2588 2811 2653; x_wconf 86' lang='lat' dir='ltr'><strong>fuisse;</strong></span> <span class='ocrx_word' id='word_1_394' title='bbox 2846 2590 2985 2642; x_wconf 88' lang='lat' dir='ltr'><strong>unde</strong></span> <span class='ocrx_word' id='word_1_395' title='bbox 3030 2589 3222 2642; x_wconf 90' lang='lat' dir='ltr'><strong>merito</strong></span> <span class='ocrx_word' id='word_1_396' title='bbox 3263 2588 3492 2644; x_wconf 88' lang='lat' dir='ltr'><strong>Basilius</strong></span> <span class='ocrx_word' id='word_1_397' title='bbox 3538 2591 3648 2644; x_wconf 72' lang='lat' dir='ltr'><strong>ibi-</strong></span> 
     </span>
    </p>
   </div>
   <div class='ocr_carea' id='block_1_56' title="bbox 2080 2678 3649 2746">
    <p class='ocr_par' dir='ltr' id='par_1_56' title="bbox 2080 2678 3649 2746">
     <span class='ocr_line' id='line_1_56' title="bbox 2080 2678 3649 2746; baseline 0 -12"><span class='ocrx_word' id='word_1_398' title='bbox 2080 2679 2198 2734; x_wconf 89' lang='lat' dir='ltr'><strong>dem</strong></span> <span class='ocrx_word' id='word_1_399' title='bbox 2232 2680 2308 2733; x_wconf 92' lang='lat' dir='ltr'><strong>ait</strong></span> <span class='ocrx_word' id='word_1_400' title='bbox 2335 2680 2483 2733; x_wconf 91' lang='lat' dir='ltr'><strong>illum</strong></span> <span class='ocrx_word' id='word_1_401' title='bbox 2511 2678 2749 2746; x_wconf 83' lang='lat' dir='ltr'><strong>profanis</strong></span> <span class='ocrx_word' id='word_1_402' title='bbox 2778 2679 3027 2733; x_wconf 90' lang='lat' dir='ltr'><strong>manibus</strong></span> <span class='ocrx_word' id='word_1_403' title='bbox 3053 2680 3118 2730; x_wconf 90' lang='lat' dir='ltr'><strong>ad</strong></span> <span class='ocrx_word' id='word_1_404' title='bbox 3147 2680 3480 2733; x_wconf 87' lang='lat' dir='ltr'><strong>eversionem</strong></span> <span class='ocrx_word' id='word_1_405' title='bbox 3523 2679 3649 2734; x_wconf 85' lang='lat' dir='ltr'><strong>fidei</strong></span> 
     </span>
    </p>
   </div>
   <div class='ocr_carea' id='block_1_57' title="bbox 2081 2769 3655 2837">
    <p class='ocr_par' dir='ltr' id='par_1_57' title="bbox 2081 2769 3655 2837">
     <span class='ocr_line' id='line_1_57' title="bbox 2081 2769 3655 2837; baseline 0 -12"><span class='ocrx_word' id='word_1_406' title='bbox 2081 2771 2384 2825; x_wconf 90' lang='lat' dir='ltr'><strong>ordinatum</strong></span> <span class='ocrx_word' id='word_1_407' title='bbox 2412 2770 2596 2826; x_wconf 87' lang='lat' dir='ltr'><strong>fuisse.</strong></span> <span class='ocrx_word' id='word_1_408' title='bbox 2617 2770 2934 2837; x_wconf 84' lang='lat' dir='ltr'><strong>Quinetiam</strong></span> <span class='ocrx_word' id='word_1_409' title='bbox 2960 2785 3080 2826; x_wconf 90' lang='lat' dir='ltr'><strong>eum</strong></span> <span class='ocrx_word' id='word_1_410' title='bbox 3112 2769 3170 2827; x_wconf 93' lang='lat' dir='ltr'><strong>S.</strong></span> <span class='ocrx_word' id='word_1_411' title='bbox 3194 2770 3356 2825; x_wconf 90' lang='lat' dir='ltr'><strong>Pater</strong></span> <span class='ocrx_word' id='word_1_412' title='bbox 3374 2773 3655 2826; x_wconf 83' lang='lat' dir='ltr'><strong>existimat</strong></span> 
     </span>
    </p>
   </div>
   <div class='ocr_carea' id='block_1_58' title="bbox 2081 2863 3647 2931">
    <p class='ocr_par' dir='ltr' id='par_1_58' title="bbox 2081 2863 3647 2931">
     <span class='ocr_line' id='line_1_58' title="bbox 2081 2863 3647 2931; baseline 0.002 -16"><span class='ocrx_word' id='word_1_413' title='bbox 2081 2877 2355 2931; x_wconf 87' lang='lat' dir='ltr'><strong>nunquam</strong></span> <span class='ocrx_word' id='word_1_414' title='bbox 2392 2878 2517 2917; x_wconf 81' lang='lat' dir='ltr'><strong>vere</strong></span> <span class='ocrx_word' id='word_1_415' title='bbox 2558 2873 2613 2918; x_wconf 91' lang='lat' dir='ltr'><strong>et</strong></span> <span class='ocrx_word' id='word_1_416' title='bbox 2661 2877 2727 2916; x_wconf 89' lang='lat' dir='ltr'><strong>ex</strong></span> <span class='ocrx_word' id='word_1_417' title='bbox 2772 2863 2956 2917; x_wconf 91' lang='lat' dir='ltr'><strong>animo</strong></span> <span class='ocrx_word' id='word_1_418' title='bbox 2991 2864 3271 2918; x_wconf 89' lang='lat' dir='ltr'><strong>veritatem</strong></span> <span class='ocrx_word' id='word_1_419' title='bbox 3312 2864 3647 2929; x_wconf 85' lang='lat' dir='ltr'><strong>defendisse,</strong></span> 
     </span>
    </p>
   </div>
   <div class='ocr_carea' id='block_1_59' title="bbox 2081 2952 3653 3024">
    <p class='ocr_par' dir='ltr' id='par_1_59' title="bbox 2081 2952 3653 3024">
     <span class='ocr_line' id='line_1_59' title="bbox 2081 2952 3653 3024; baseline -0.001 -16"><span class='ocrx_word' id='word_1_420' title='bbox 2081 2955 2174 3008; x_wconf 89' lang='lat' dir='ltr'><strong>sed</strong></span> <span class='ocrx_word' id='word_1_421' title='bbox 2214 2952 2479 3008; x_wconf 91' lang='lat' dir='ltr'><strong>commodi</strong></span> <span class='ocrx_word' id='word_1_422' title='bbox 2520 2955 2602 3008; x_wconf 93' lang='lat' dir='ltr'><strong>sui</strong></span> <span class='ocrx_word' id='word_1_423' title='bbox 2636 2970 2835 3021; x_wconf 88' lang='lat' dir='ltr'><strong>causa;</strong></span> <span class='ocrx_word' id='word_1_424' title='bbox 2868 2970 2933 3010; x_wconf 89' lang='lat' dir='ltr'><strong>ac</strong></span> <span class='ocrx_word' id='word_1_425' title='bbox 2966 2966 3077 3009; x_wconf 92' lang='lat' dir='ltr'><strong>tum</strong></span> <span class='ocrx_word' id='word_1_426' title='bbox 3107 2956 3322 3009; x_wconf 91' lang='lat' dir='ltr'><strong>demum</strong></span> <span class='ocrx_word' id='word_1_427' title='bbox 3366 2969 3485 3010; x_wconf 88' lang='lat' dir='ltr'><strong>sese</strong></span> <span class='ocrx_word' id='word_1_428' title='bbox 3519 2971 3653 3024; x_wconf 88' lang='lat' dir='ltr'><strong>ape-</strong></span> 
     </span>
    </p>
   </div>
   <div class='ocr_carea' id='block_1_60' title="bbox 2088 3043 3653 3109">
    <p class='ocr_par' dir='ltr' id='par_1_60' title="bbox 2088 3043 3653 3109">
     <span class='ocr_line' id='line_1_60' title="bbox 2088 3043 3653 3109; baseline 0.002 -12"><span class='ocrx_word' id='word_1_429' title='bbox 2088 3044 2281 3109; x_wconf 88' lang='lat' dir='ltr'><strong>ruisse,</strong></span> <span class='ocrx_word' id='word_1_430' title='bbox 2310 3043 2399 3098; x_wconf 90' lang='lat' dir='ltr'><strong>ubi</strong></span> <span class='ocrx_word' id='word_1_431' title='bbox 2435 3044 2571 3099; x_wconf 90' lang='lat' dir='ltr'><strong>vidit</strong></span> <span class='ocrx_word' id='word_1_432' title='bbox 2603 3060 2661 3100; x_wconf 90' lang='lat' dir='ltr'><strong>se</strong></span> <span class='ocrx_word' id='word_1_433' title='bbox 2706 3046 2958 3100; x_wconf 89' lang='lat' dir='ltr'><strong>secundis</strong></span> <span class='ocrx_word' id='word_1_434' title='bbox 3008 3046 3318 3100; x_wconf 61' lang='lat' dir='ltr'><strong>Arianorum</strong></span> <span class='ocrx_word' id='word_1_435' title='bbox 3365 3046 3541 3101; x_wconf 74' lang='lat' dir='ltr'><strong>ventis</strong></span> <span class='ocrx_word' id='word_1_436' title='bbox 3584 3047 3653 3100; x_wconf 89' lang='lat' dir='ltr'><strong>ad</strong></span> 
     </span>
    </p>
   </div>
   <div class='ocr_carea' id='block_1_61' title="bbox 419 3114 3652 3205">
    <p class='ocr_par' dir='ltr' id='par_1_61' title="bbox 419 3114 3652 3205">
     <span class='ocr_line' id='line_1_61' title="bbox 419 3114 3652 3205; baseline 0.001 -18"><span class='ocrx_word' id='word_1_437' title='bbox 419 3134 794 3203; x_wconf 83' lang='lat' dir='ltr'><strong>cognoscimus</strong></span> <span class='ocrx_word' id='word_1_438' title='bbox 840 3142 1049 3201; x_wconf 90' lang='lat' dir='ltr'><strong>tempus</strong></span> <span class='ocrx_word' id='word_1_439' title='bbox 1086 3142 1317 3202; x_wconf 89' lang='lat' dir='ltr'><strong>quatuor</strong></span> <span class='ocrx_word' id='word_1_440' title='bbox 1369 3133 1555 3189; x_wconf 83' lang='lat' dir='ltr'><strong>Basilii</strong></span> <span class='ocrx_word' id='word_1_441' title='bbox 1599 3138 1943 3204; x_wconf 89' lang='lat' dir='ltr'><strong>epistolarum</strong></span> <span class='ocrx_word' id='word_1_442' title='bbox 1964 3180 1979 3203; x_wconf 89' lang='lat'><strong>,</strong></span> <span class='ocrx_word' id='word_1_443' title='bbox 2011 3114 2054 3173; x_wconf 63' lang='grc' dir='ltr'><strong>(ἶ</strong></span> <span class='ocrx_word' id='word_1_444' title='bbox 2089 3133 2323 3189; x_wconf 84' lang='lat' dir='ltr'><strong>honores</strong></span> <span class='ocrx_word' id='word_1_445' title='bbox 2350 3135 2566 3204; x_wconf 91' lang='lat' dir='ltr'><strong>pervehi</strong></span> <span class='ocrx_word' id='word_1_446' title='bbox 2598 3151 2778 3205; x_wconf 91' lang='lat' dir='ltr'><strong>posse.</strong></span> <span class='ocrx_word' id='word_1_447' title='bbox 2807 3137 2961 3192; x_wconf 88' lang='lat' dir='ltr'><strong>Patet</strong></span> <span class='ocrx_word' id='word_1_448' title='bbox 2990 3138 3042 3191; x_wconf 88' lang='lat' dir='ltr'><strong>id</strong></span> <span class='ocrx_word' id='word_1_449' title='bbox 3077 3152 3198 3191; x_wconf 90' lang='lat' dir='ltr'><strong>cum</strong></span> <span class='ocrx_word' id='word_1_450' title='bbox 3227 3152 3292 3191; x_wconf 76' lang='lat' dir='ltr'><strong>ex</strong></span> <span class='ocrx_word' id='word_1_451' title='bbox 3323 3138 3652 3191; x_wconf 89' lang='lat' dir='ltr'><strong>testimoniis</strong></span> 
     </span>
    </p>
   </div>
   <div class='ocr_carea' id='block_1_62' title="bbox 417 3222 1984 3293">
    <p class='ocr_par' dir='ltr' id='par_1_62' title="bbox 417 3222 1984 3293">
     <span class='ocr_line' id='line_1_62' title="bbox 417 3222 1984 3293; baseline 0.003 -16"><span class='ocrx_word' id='word_1_452' title='bbox 417 3238 609 3293; x_wconf 87' lang='lat' dir='ltr'><strong>nempe</strong></span> <span class='ocrx_word' id='word_1_453' title='bbox 636 3224 761 3286; x_wconf 85' lang='grc'>255,</span> <span class='ocrx_word' id='word_1_454' title='bbox 793 3222 919 3289; x_wconf 74' lang='grc'>254,</span> <span class='ocrx_word' id='word_1_455' title='bbox 950 3222 1052 3276; x_wconf 81' lang='grc'><strong>255</strong></span> <span class='ocrx_word' id='word_1_456' title='bbox 1077 3235 1130 3277; x_wconf 92' lang='lat' dir='ltr'><strong>et</strong></span> <span class='ocrx_word' id='word_1_457' title='bbox 1165 3223 1291 3277; x_wconf 87' lang='grc'>256.</span> <span class='ocrx_word' id='word_1_458' title='bbox 1320 3224 1455 3277; x_wconf 84' lang='lat' dir='ltr'><strong>Nam</strong></span> <span class='ocrx_word' id='word_1_459' title='bbox 1485 3241 1604 3279; x_wconf 89' lang='lat' dir='ltr'><strong>cum</strong></span> <span class='ocrx_word' id='word_1_460' title='bbox 1634 3241 1731 3281; x_wconf 92' lang='lat' dir='ltr'><strong>nec</strong></span> <span class='ocrx_word' id='word_1_461' title='bbox 1775 3227 1984 3281; x_wconf 89' lang='lat' dir='ltr'><strong>initium</strong></span> 
     </span>
    </p>
   </div>
   <div class='ocr_carea' id='block_1_63' title="bbox 418 3315 1982 3385">
    <p class='ocr_par' dir='ltr' id='par_1_63' title="bbox 418 3315 1982 3385">
     <span class='ocr_line' id='line_1_63' title="bbox 418 3315 1982 3385; baseline 0 -16"><span class='ocrx_word' id='word_1_462' title='bbox 418 3331 519 3370; x_wconf 91' lang='lat' dir='ltr'><strong>nec</strong></span> <span class='ocrx_word' id='word_1_463' title='bbox 565 3315 857 3369; x_wconf 90' lang='lat' dir='ltr'><strong>clausulam</strong></span> <span class='ocrx_word' id='word_1_464' title='bbox 897 3316 1165 3379; x_wconf 90' lang='lat' dir='ltr'><strong>habeant,</strong></span> <span class='ocrx_word' id='word_1_465' title='bbox 1212 3331 1331 3385; x_wconf 85' lang='lat' dir='ltr'><strong>quae</strong></span> <span class='ocrx_word' id='word_1_466' title='bbox 1363 3316 1608 3385; x_wconf 87' lang='lat' dir='ltr'><strong>epistolis</strong></span> <span class='ocrx_word' id='word_1_467' title='bbox 1637 3318 1982 3383; x_wconf 89' lang='lat' dir='ltr'><strong>conveniant,</strong></span> 
     </span>
    </p>
   </div>
   <div class='ocr_carea' id='block_1_64' title="bbox 419 3406 1988 3476">
    <p class='ocr_par' dir='ltr' id='par_1_64' title="bbox 419 3406 1988 3476">
     <span class='ocr_line' id='line_1_64' title="bbox 419 3406 1988 3476; baseline 0.001 -15"><span class='ocrx_word' id='word_1_468' title='bbox 419 3423 516 3462; x_wconf 87' lang='lat' dir='ltr'><strong>nec</strong></span> <span class='ocrx_word' id='word_1_469' title='bbox 549 3408 839 3476; x_wconf 83' lang='lat' dir='ltr'><strong>quidquam</strong></span> <span class='ocrx_word' id='word_1_470' title='bbox 871 3408 936 3461; x_wconf 91' lang='lat' dir='ltr'><strong>de</strong></span> <span class='ocrx_word' id='word_1_471' title='bbox 969 3406 1151 3461; x_wconf 87' lang='lat' dir='ltr'><strong>Basilii</strong></span> <span class='ocrx_word' id='word_1_472' title='bbox 1188 3417 1281 3461; x_wconf 87' lang='lat' dir='ltr'><strong>aut</strong></span> <span class='ocrx_word' id='word_1_473' title='bbox 1307 3407 1667 3475; x_wconf 79' lang='lat' dir='ltr'><strong>Amphilochii</strong></span> <span class='ocrx_word' id='word_1_474' title='bbox 1718 3409 1876 3464; x_wconf 87' lang='lat' dir='ltr'><strong>rebus</strong></span> <span class='ocrx_word' id='word_1_475' title='bbox 1916 3410 1988 3463; x_wconf 93' lang='lat' dir='ltr'><strong>lo-</strong></span> 
     </span>
    </p>
   </div>
   <div class='ocr_carea' id='block_1_65' title="bbox 418 3500 1985 3572">
    <p class='ocr_par' dir='ltr' id='par_1_65' title="bbox 418 3500 1985 3572">
     <span class='ocr_line' id='line_1_65' title="bbox 418 3500 1985 3572; baseline 0.002 -19"><span class='ocrx_word' id='word_1_476' title='bbox 418 3509 674 3571; x_wconf 88' lang='lat' dir='ltr'><strong>quantur,</strong></span> <span class='ocrx_word' id='word_1_477' title='bbox 714 3500 808 3555; x_wconf 84' lang='lat' dir='ltr'><strong>sed</strong></span> <span class='ocrx_word' id='word_1_478' title='bbox 856 3510 1061 3553; x_wconf 87' lang='lat' dir='ltr'><strong>tantum</strong></span> <span class='ocrx_word' id='word_1_479' title='bbox 1101 3500 1458 3568; x_wconf 82' lang='lat' dir='ltr'><strong>Amphilochii</strong></span> <span class='ocrx_word' id='word_1_480' title='bbox 1509 3500 1848 3572; x_wconf 81' lang='lat' dir='ltr'><strong>interrogatis</strong></span> <span class='ocrx_word' id='word_1_481' title='bbox 1896 3516 1985 3556; x_wconf 86' lang='lat' dir='ltr'><strong>re-</strong></span> 
     </span>
    </p>
   </div>
   <div class='ocr_carea' id='block_1_66' title="bbox 420 3591 1983 3662">
    <p class='ocr_par' dir='ltr' id='par_1_66' title="bbox 420 3591 1983 3662">
     <span class='ocr_line' id='line_1_66' title="bbox 420 3591 1983 3662; baseline 0 -16"><span class='ocrx_word' id='word_1_482' title='bbox 420 3592 747 3661; x_wconf 88' lang='lat' dir='ltr'><strong>spondeant;</strong></span> <span class='ocrx_word' id='word_1_483' title='bbox 787 3592 876 3645; x_wconf 86' lang='lat' dir='ltr'><strong>vix</strong></span> <span class='ocrx_word' id='word_1_484' title='bbox 918 3591 1135 3645; x_wconf 91' lang='lat' dir='ltr'><strong>dubium</strong></span> <span class='ocrx_word' id='word_1_485' title='bbox 1167 3592 1296 3660; x_wconf 88' lang='lat' dir='ltr'><strong>quin</strong></span> <span class='ocrx_word' id='word_1_486' title='bbox 1327 3607 1393 3646; x_wconf 81' lang='lat' dir='ltr'><strong>ex</strong></span> <span class='ocrx_word' id='word_1_487' title='bbox 1428 3606 1512 3659; x_wconf 91' lang='lat' dir='ltr'><strong>eo,</strong></span> <span class='ocrx_word' id='word_1_488' title='bbox 1553 3595 1695 3662; x_wconf 91' lang='lat' dir='ltr'><strong>quod</strong></span> <span class='ocrx_word' id='word_1_489' title='bbox 1734 3594 1983 3657; x_wconf 80' lang='lat' dir='ltr'><strong>diximus,</strong></span> 
     </span>
    </p>
   </div>
   <div class='ocr_carea' id='block_1_67' title="bbox 420 3682 1987 3752">
    <p class='ocr_par' dir='ltr' id='par_1_67' title="bbox 420 3682 1987 3752">
     <span class='ocr_line' id='line_1_67' title="bbox 420 3682 1987 3752; baseline -0.001 -15"><span class='ocrx_word' id='word_1_490' title='bbox 420 3685 833 3747; x_wconf 89' lang='lat' dir='ltr'><strong>commentario,</strong></span> <span class='ocrx_word' id='word_1_491' title='bbox 883 3683 937 3737; x_wconf 90' lang='lat' dir='ltr'><strong>in</strong></span> <span class='ocrx_word' id='word_1_492' title='bbox 986 3697 1094 3752; x_wconf 92' lang='lat' dir='ltr'><strong>quo</strong></span> <span class='ocrx_word' id='word_1_493' title='bbox 1138 3682 1367 3738; x_wconf 86' lang='lat' dir='ltr'><strong>Basilius</strong></span> <span class='ocrx_word' id='word_1_494' title='bbox 1410 3683 1774 3751; x_wconf 85' lang='lat' dir='ltr'><strong>Amphilochii</strong></span> <span class='ocrx_word' id='word_1_495' title='bbox 1822 3683 1987 3737; x_wconf 83' lang='lat' dir='ltr'><strong>inter-</strong></span> 
     </span>
    </p>
   </div>
   <div class='ocr_carea' id='block_1_68' title="bbox 419 3774 1987 3845">
    <p class='ocr_par' dir='ltr' id='par_1_68' title="bbox 419 3774 1987 3845">
     <span class='ocr_line' id='line_1_68' title="bbox 419 3774 1987 3845; baseline 0 -15"><span class='ocrx_word' id='word_1_496' title='bbox 419 3784 603 3845; x_wconf 77' lang='lat' dir='ltr'><strong>rogata</strong></span> <span class='ocrx_word' id='word_1_497' title='bbox 636 3775 981 3842; x_wconf 79' lang='lat' dir='ltr'><strong>explanabat,</strong></span> <span class='ocrx_word' id='word_1_498' title='bbox 1025 3775 1178 3829; x_wconf 76' lang='lat' dir='ltr'><strong>facta:</strong></span> <span class='ocrx_word' id='word_1_499' title='bbox 1208 3776 1316 3828; x_wconf 91' lang='lat' dir='ltr'><strong>sint</strong></span> <span class='ocrx_word' id='word_1_500' title='bbox 1366 3774 1710 3828; x_wconf 87' lang='lat' dir='ltr'><strong>librariorum</strong></span> <span class='ocrx_word' id='word_1_501' title='bbox 1760 3774 1987 3830; x_wconf 89' lang='lat' dir='ltr'><strong>arbitrio</strong></span> 
     </span>
    </p>
   </div>
   <div class='ocr_carea' id='block_1_69' title="bbox 419 3864 1988 3936">
    <p class='ocr_par' dir='ltr' id='par_1_69' title="bbox 419 3864 1988 3936">
     <span class='ocr_line' id='line_1_69' title="bbox 419 3864 1988 3936; baseline 0.001 -18"><span class='ocrx_word' id='word_1_502' title='bbox 419 3877 648 3936; x_wconf 90' lang='lat' dir='ltr'><strong>quatuor</strong></span> <span class='ocrx_word' id='word_1_503' title='bbox 679 3866 939 3934; x_wconf 71' lang='lat' dir='ltr'><strong>epistolae.</strong></span> <span class='ocrx_word' id='word_1_504' title='bbox 970 3864 1026 3921; x_wconf 90' lang='lat' dir='ltr'><strong>ln</strong></span> <span class='ocrx_word' id='word_1_505' title='bbox 1060 3867 1230 3935; x_wconf 91' lang='lat' dir='ltr'><strong>prima</strong></span> <span class='ocrx_word' id='word_1_506' title='bbox 1266 3868 1605 3919; x_wconf 88' lang='lat' dir='ltr'><strong>demonstrat</strong></span> <span class='ocrx_word' id='word_1_507' title='bbox 1634 3866 1834 3919; x_wconf 89' lang='lat' dir='ltr'><strong>bonum</strong></span> <span class='ocrx_word' id='word_1_508' title='bbox 1867 3866 1988 3935; x_wconf 83' lang='lat' dir='ltr'><strong>qui-</strong></span> 
     </span>
    </p>
   </div>
   <div class='ocr_carea' id='block_1_70' title="bbox 420 3956 1981 4025">
    <p class='ocr_par' dir='ltr' id='par_1_70' title="bbox 420 3956 1981 4025">
     <span class='ocr_line' id='line_1_70' title="bbox 420 3956 1981 4025; baseline 0 -13"><span class='ocrx_word' id='word_1_509' title='bbox 420 3960 540 4012; x_wconf 91' lang='lat' dir='ltr'><strong>dem</strong></span> <span class='ocrx_word' id='word_1_510' title='bbox 577 3973 696 4012; x_wconf 87' lang='lat' dir='ltr'><strong>esse</strong></span> <span class='ocrx_word' id='word_1_511' title='bbox 721 3968 955 4012; x_wconf 87' lang='lat' dir='ltr'><strong>mentem</strong></span> <span class='ocrx_word' id='word_1_512' title='bbox 987 3966 1042 4011; x_wconf 91' lang='lat' dir='ltr'><strong>et</strong></span> <span class='ocrx_word' id='word_1_513' title='bbox 1072 3958 1269 4012; x_wconf 89' lang='lat' dir='ltr'><strong>mentis</strong></span> <span class='ocrx_word' id='word_1_514' title='bbox 1308 3956 1699 4025; x_wconf 86' lang='lat' dir='ltr'><strong>operationem,</strong></span> <span class='ocrx_word' id='word_1_515' title='bbox 1733 3971 1981 4024; x_wconf 87' lang='lat' dir='ltr'><strong>eamque,</strong></span> 
     </span>
    </p>
   </div>
   <div class='ocr_carea' id='block_1_71' title="bbox 418 4044 1983 4115">
    <p class='ocr_par' dir='ltr' id='par_1_71' title="bbox 418 4044 1983 4115">
     <span class='ocr_line' id='line_1_71' title="bbox 418 4044 1983 4115; baseline 0.002 -16"><span class='ocrx_word' id='word_1_516' title='bbox 418 4045 465 4099; x_wconf 83' lang='lat' dir='ltr'><strong>si</strong></span> <span class='ocrx_word' id='word_1_517' title='bbox 515 4044 717 4113; x_wconf 91' lang='lat' dir='ltr'><strong>Spiritu</strong></span> <span class='ocrx_word' id='word_1_518' title='bbox 767 4054 953 4100; x_wconf 91' lang='lat' dir='ltr'><strong>sancto</strong></span> <span class='ocrx_word' id='word_1_519' title='bbox 998 4060 1055 4099; x_wconf 92' lang='lat' dir='ltr'><strong>se</strong></span> <span class='ocrx_word' id='word_1_520' title='bbox 1107 4046 1314 4109; x_wconf 88' lang='lat' dir='ltr'><strong>tradat,</strong></span> <span class='ocrx_word' id='word_1_521' title='bbox 1357 4044 1425 4098; x_wconf 89' lang='lat' dir='ltr'><strong>ad</strong></span> <span class='ocrx_word' id='word_1_522' title='bbox 1482 4044 1575 4098; x_wconf 89' lang='lat' dir='ltr'><strong>Dei</strong></span> <span class='ocrx_word' id='word_1_523' title='bbox 1622 4047 1983 4115; x_wconf 85' lang='lat' dir='ltr'><strong>cognitionem</strong></span> 
     </span>
    </p>
   </div>
   <div class='ocr_carea' id='block_1_72' title="bbox 419 4136 1987 4206">
    <p class='ocr_par' dir='ltr' id='par_1_72' title="bbox 419 4136 1987 4206">
     <span class='ocr_line' id='line_1_72' title="bbox 419 4136 1987 4206; baseline 0.001 -16"><span class='ocrx_word' id='word_1_524' title='bbox 419 4136 594 4199; x_wconf 86' lang='lat' dir='ltr'><strong>evehi,</strong></span> <span class='ocrx_word' id='word_1_525' title='bbox 623 4137 713 4190; x_wconf 88' lang='lat' dir='ltr'><strong>sed</strong></span> <span class='ocrx_word' id='word_1_526' title='bbox 750 4145 926 4190; x_wconf 91' lang='lat' dir='ltr'><strong>tamen</strong></span> <span class='ocrx_word' id='word_1_527' title='bbox 974 4145 1178 4189; x_wconf 89' lang='lat' dir='ltr'><strong>tantum</strong></span> <span class='ocrx_word' id='word_1_528' title='bbox 1225 4150 1571 4206; x_wconf 84' lang='lat' dir='ltr'><strong>cognoscere,</strong></span> <span class='ocrx_word' id='word_1_529' title='bbox 1613 4147 1873 4205; x_wconf 88' lang='lat' dir='ltr'><strong>quantum</strong></span> <span class='ocrx_word' id='word_1_530' title='bbox 1906 4138 1987 4193; x_wconf 88' lang='lat' dir='ltr'><strong>fas</strong></span> 
     </span>
    </p>
   </div>
   <div class='ocr_carea' id='block_1_73' title="bbox 418 4227 1983 4297">
    <p class='ocr_par' dir='ltr' id='par_1_73' title="bbox 418 4227 1983 4297">
     <span class='ocr_line' id='line_1_73' title="bbox 418 4227 1983 4297; baseline 0.003 -16"><span class='ocrx_word' id='word_1_531' title='bbox 418 4237 503 4281; x_wconf 83' lang='lat' dir='ltr'><strong>est</strong></span> <span class='ocrx_word' id='word_1_532' title='bbox 549 4227 810 4280; x_wconf 77' lang='lat' dir='ltr'><strong>infinitam</strong></span> <span class='ocrx_word' id='word_1_533' title='bbox 862 4229 1197 4295; x_wconf 87' lang='lat' dir='ltr'><strong>majestalem</strong></span> <span class='ocrx_word' id='word_1_534' title='bbox 1253 4246 1283 4284; x_wconf 93' lang='lat' dir='ltr'><strong>a</strong></span> <span class='ocrx_word' id='word_1_535' title='bbox 1342 4231 1656 4285; x_wconf 89' lang='lat' dir='ltr'><strong>tenuissimo</strong></span> <span class='ocrx_word' id='word_1_536' title='bbox 1712 4231 1983 4297; x_wconf 81' lang='lat' dir='ltr'><strong>cognosci.</strong></span> 
     </span>
    </p>
   </div>
   <div class='ocr_carea' id='block_1_74' title="bbox 418 4312 1985 4374">
    <p class='ocr_par' dir='ltr' id='par_1_74' title="bbox 418 4312 1985 4374">
     <span class='ocr_line' id='line_1_74' title="bbox 418 4312 1985 4374; baseline 0.005 -9"><span class='ocrx_word' id='word_1_537' title='bbox 418 4312 477 4366; x_wconf 92' lang='lat' dir='ltr'><strong>ln</strong></span> <span class='ocrx_word' id='word_1_538' title='bbox 517 4314 748 4367; x_wconf 85' lang='lat' dir='ltr'><strong>secunda</strong></span> <span class='ocrx_word' id='word_1_539' title='bbox 794 4313 988 4368; x_wconf 86' lang='lat' dir='ltr'><strong>refellit</strong></span> <span class='ocrx_word' id='word_1_540' title='bbox 1017 4316 1155 4370; x_wconf 86' lang='lat' dir='ltr'><strong>hanc</strong></span> <span class='ocrx_word' id='word_1_541' title='bbox 1190 4316 1586 4374; x_wconf 86' lang='lat' dir='ltr'><strong>cavillationem</strong></span> <span class='ocrx_word' id='word_1_542' title='bbox 1621 4318 1985 4373; x_wconf 83' lang='lat' dir='ltr'><strong>Eunomiano-</strong></span> 
     </span>
    </p>
   </div>
   <div class='ocr_carea' id='block_1_75' title="bbox 419 4405 1986 4480">
    <p class='ocr_par' dir='ltr' id='par_1_75' title="bbox 419 4405 1986 4480">
     <span class='ocr_line' id='line_1_75' title="bbox 419 4405 1986 4480; baseline 0.001 -20"><span class='ocrx_word' id='word_1_543' title='bbox 419 4420 561 4470; x_wconf 81' lang='lat' dir='ltr'><strong>rum,</strong></span> <span class='ocrx_word' id='word_1_544' title='bbox 604 4405 799 4459; x_wconf 88' lang='lat' dir='ltr'><strong>colisne</strong></span> <span class='ocrx_word' id='word_1_545' title='bbox 829 4408 969 4477; x_wconf 89' lang='lat' dir='ltr'><strong>quod</strong></span> <span class='ocrx_word' id='word_1_546' title='bbox 1020 4409 1177 4473; x_wconf 84' lang='lat' dir='ltr'><strong>nosti,</strong></span> <span class='ocrx_word' id='word_1_547' title='bbox 1221 4426 1290 4462; x_wconf 90' lang='lat' dir='ltr'><strong>an</strong></span> <span class='ocrx_word' id='word_1_548' title='bbox 1334 4411 1471 4479; x_wconf 82' lang='lat' dir='ltr'><strong>quod</strong></span> <span class='ocrx_word' id='word_1_549' title='bbox 1505 4410 1759 4480; x_wconf 85' lang='lat' dir='ltr'><strong>ignoras?</strong></span> <span class='ocrx_word' id='word_1_550' title='bbox 1807 4410 1986 4464; x_wconf 81' lang='lat' dir='ltr'><strong>Refel-</strong></span> 
     </span>
    </p>
   </div>
   <div class='ocr_carea' id='block_1_76' title="bbox 419 4496 1985 4568">
    <p class='ocr_par' dir='ltr' id='par_1_76' title="bbox 419 4496 1985 4568">
     <span class='ocr_line' id='line_1_76' title="bbox 419 4496 1985 4568; baseline 0.005 -18"><span class='ocrx_word' id='word_1_551' title='bbox 419 4496 605 4552; x_wconf 89' lang='lat' dir='ltr'><strong>luntur</strong></span> <span class='ocrx_word' id='word_1_552' title='bbox 653 4498 812 4552; x_wconf 87' lang='lat' dir='ltr'><strong>iidem</strong></span> <span class='ocrx_word' id='word_1_553' title='bbox 863 4500 915 4553; x_wconf 90' lang='lat' dir='ltr'><strong>in</strong></span> <span class='ocrx_word' id='word_1_554' title='bbox 961 4499 1118 4554; x_wconf 90' lang='lat' dir='ltr'><strong>tertia</strong></span> <span class='ocrx_word' id='word_1_555' title='bbox 1167 4500 1503 4556; x_wconf 86' lang='lat' dir='ltr'><strong>Eunomiani.</strong></span> <span class='ocrx_word' id='word_1_556' title='bbox 1552 4502 1752 4568; x_wconf 88' lang='lat' dir='ltr'><strong>Quarta</strong></span> <span class='ocrx_word' id='word_1_557' title='bbox 1807 4503 1985 4558; x_wconf 81' lang='lat' dir='ltr'><strong>varias</strong></span> 
     </span>
    </p>
   </div>
   <div class='ocr_carea' id='block_1_77' title="bbox 419 4591 1980 4665">
    <p class='ocr_par' dir='ltr' id='par_1_77' title="bbox 419 4591 1980 4665">
     <span class='ocr_line' id='line_1_77' title="bbox 419 4591 1980 4665; baseline 0.004 -21"><span class='ocrx_word' id='word_1_558' title='bbox 419 4591 635 4657; x_wconf 83' lang='lat' dir='ltr'><strong>expedit</strong></span> <span class='ocrx_word' id='word_1_559' title='bbox 686 4592 1033 4660; x_wconf 64' lang='lat' dir='ltr'><strong>quaestiones.</strong></span> <span class='ocrx_word' id='word_1_560' title='bbox 1087 4591 1234 4647; x_wconf 81' lang='lat' dir='ltr'><strong>lianc</strong></span> <span class='ocrx_word' id='word_1_561' title='bbox 1288 4594 1475 4647; x_wconf 91' lang='lat' dir='ltr'><strong>ultimo</strong></span> <span class='ocrx_word' id='word_1_562' title='bbox 1515 4593 1633 4649; x_wconf 90' lang='lat' dir='ltr'><strong>loco</strong></span> <span class='ocrx_word' id='word_1_563' title='bbox 1687 4595 1980 4665; x_wconf 87' lang='lat' dir='ltr'><strong>posuimus,</strong></span> 
     </span>
    </p>
   </div>
   <div class='ocr_carea' id='block_1_78' title="bbox 419 4683 1984 4752">
    <p class='ocr_par' dir='ltr' id='par_1_78' title="bbox 419 4683 1984 4752">
     <span class='ocr_line' id='line_1_78' title="bbox 419 4683 1984 4752; baseline 0.001 -15"><span class='ocrx_word' id='word_1_564' title='bbox 419 4684 545 4752; x_wconf 89' lang='lat' dir='ltr'><strong>quia</strong></span> <span class='ocrx_word' id='word_1_565' title='bbox 596 4683 683 4738; x_wconf 90' lang='lat' dir='ltr'><strong>ubi</strong></span> <span class='ocrx_word' id='word_1_566' title='bbox 733 4684 880 4736; x_wconf 88' lang='lat' dir='ltr'><strong>venit</strong></span> <span class='ocrx_word' id='word_1_567' title='bbox 912 4683 977 4737; x_wconf 88' lang='lat' dir='ltr'><strong>ad</strong></span> <span class='ocrx_word' id='word_1_568' title='bbox 1017 4684 1365 4752; x_wconf 77' lang='lat' dir='ltr'><strong>quaestionem</strong></span> <span class='ocrx_word' id='word_1_569' title='bbox 1421 4685 1487 4738; x_wconf 91' lang='lat' dir='ltr'><strong>de</strong></span> <span class='ocrx_word' id='word_1_570' title='bbox 1536 4684 1666 4749; x_wconf 88' lang='lat' dir='ltr'><strong>fato,</strong></span> <span class='ocrx_word' id='word_1_571' title='bbox 1714 4685 1984 4739; x_wconf 84' lang='lat' dir='ltr'><strong>defessum</strong></span> 
     </span>
    </p>
   </div>
   <div class='ocr_carea' id='block_1_79' title="bbox 419 4773 1985 4845">
    <p class='ocr_par' dir='ltr' id='par_1_79' title="bbox 419 4773 1985 4845">
     <span class='ocr_line' id='line_1_79' title="bbox 419 4773 1985 4845; baseline 0.001 -16"><span class='ocrx_word' id='word_1_572' title='bbox 419 4788 478 4829; x_wconf 85' lang='lat' dir='ltr'><strong>se</strong></span> <span class='ocrx_word' id='word_1_573' title='bbox 511 4790 629 4829; x_wconf 89' lang='lat' dir='ltr'><strong>esse</strong></span> <span class='ocrx_word' id='word_1_574' title='bbox 674 4774 943 4840; x_wconf 83' lang='lat' dir='ltr'><strong>significat</strong></span> <span class='ocrx_word' id='word_1_575' title='bbox 990 4773 1067 4845; x_wconf 85' lang='grc' dir='ltr'><strong>(ιι.</strong></span> <span class='ocrx_word' id='word_1_576' title='bbox 1094 4773 1173 4844; x_wconf 80' lang='lat'><strong>5),</strong></span> <span class='ocrx_word' id='word_1_577' title='bbox 1216 4789 1442 4843; x_wconf 90' lang='lat' dir='ltr'><strong>eamque</strong></span> <span class='ocrx_word' id='word_1_578' title='bbox 1474 4776 1875 4844; x_wconf 65' lang='lat' dir='ltr'><strong>praetermittit,</strong></span> <span class='ocrx_word' id='word_1_579' title='bbox 1925 4785 1985 4830; x_wconf 92' lang='lat' dir='ltr'><strong>ut</strong></span> 
     </span>
    </p>
   </div>
   <div class='ocr_carea' id='block_1_80' title="bbox 422 4864 1983 4936">
    <p class='ocr_par' dir='ltr' id='par_1_80' title="bbox 422 4864 1983 4936">
     <span class='ocr_line' id='line_1_80' title="bbox 422 4864 1983 4936; baseline 0.003 -20"><span class='ocrx_word' id='word_1_580' title='bbox 422 4879 519 4933; x_wconf 89' lang='lat' dir='ltr'><strong>pro</strong></span> <span class='ocrx_word' id='word_1_581' title='bbox 571 4868 818 4932; x_wconf 65' lang='lat' dir='ltr'><strong>praesenti</strong></span> <span class='ocrx_word' id='word_1_582' title='bbox 871 4880 966 4919; x_wconf 90' lang='lat' dir='ltr'><strong>sua</strong></span> <span class='ocrx_word' id='word_1_583' title='bbox 1021 4865 1298 4920; x_wconf 88' lang='lat' dir='ltr'><strong>debilitate</strong></span> <span class='ocrx_word' id='word_1_584' title='bbox 1351 4864 1644 4936; x_wconf 86' lang='lat' dir='ltr'><strong>longiorem</strong></span> <span class='ocrx_word' id='word_1_585' title='bbox 1690 4885 1704 4921; x_wconf 94' lang='lat'><strong>:</strong></span> <span class='ocrx_word' id='word_1_586' title='bbox 1754 4881 1822 4922; x_wconf 82' lang='lat' dir='ltr'><strong>ex</strong></span> <span class='ocrx_word' id='word_1_587' title='bbox 1877 4880 1983 4935; x_wconf 90' lang='lat' dir='ltr'><strong>quo</strong></span> 
     </span>
    </p>
   </div>
   <div class='ocr_carea' id='block_1_81' title="bbox 420 4955 1981 5026">
    <p class='ocr_par' dir='ltr' id='par_1_81' title="bbox 420 4955 1981 5026">
     <span class='ocr_line' id='line_1_81' title="bbox 420 4955 1981 5026; baseline 0.003 -20"><span class='ocrx_word' id='word_1_588' title='bbox 420 4962 570 5024; x_wconf 85' lang='lat' dir='ltr'><strong>patet</strong></span> <span class='ocrx_word' id='word_1_589' title='bbox 616 4955 712 5009; x_wconf 90' lang='lat' dir='ltr'><strong>has</strong></span> <span class='ocrx_word' id='word_1_590' title='bbox 750 4957 1096 5024; x_wconf 67' lang='lat' dir='ltr'><strong>quaestiones,</strong></span> <span class='ocrx_word' id='word_1_591' title='bbox 1127 4972 1247 5026; x_wconf 66' lang='lat' dir='ltr'><strong>quae</strong></span> <span class='ocrx_word' id='word_1_592' title='bbox 1294 4957 1346 5011; x_wconf 89' lang='lat' dir='ltr'><strong>in</strong></span> <span class='ocrx_word' id='word_1_593' title='bbox 1383 4965 1572 5026; x_wconf 89' lang='lat' dir='ltr'><strong>quarta</strong></span> <span class='ocrx_word' id='word_1_594' title='bbox 1606 4956 1832 5026; x_wconf 89' lang='lat' dir='ltr'><strong>epistola</strong></span> <span class='ocrx_word' id='word_1_595' title='bbox 1871 4967 1981 5010; x_wconf 88' lang='lat' dir='ltr'><strong>tra-</strong></span> 
     </span>
    </p>
   </div>
   <div class='ocr_carea' id='block_1_82' title="bbox 417 5047 1983 5118">
    <p class='ocr_par' dir='ltr' id='par_1_82' title="bbox 417 5047 1983 5118">
     <span class='ocr_line' id='line_1_82' title="bbox 417 5047 1983 5118; baseline 0.001 -19"><span class='ocrx_word' id='word_1_596' title='bbox 417 5053 652 5111; x_wconf 89' lang='lat' dir='ltr'><strong>ctantur,</strong></span> <span class='ocrx_word' id='word_1_597' title='bbox 704 5049 946 5102; x_wconf 90' lang='lat' dir='ltr'><strong>omnium</strong></span> <span class='ocrx_word' id='word_1_598' title='bbox 996 5058 1294 5118; x_wconf 86' lang='lat' dir='ltr'><strong>postremas</strong></span> <span class='ocrx_word' id='word_1_599' title='bbox 1329 5049 1382 5102; x_wconf 91' lang='lat' dir='ltr'><strong>in</strong></span> <span class='ocrx_word' id='word_1_600' title='bbox 1435 5047 1821 5103; x_wconf 87' lang='lat' dir='ltr'><strong>commentario</strong></span> <span class='ocrx_word' id='word_1_601' title='bbox 1867 5057 1983 5101; x_wconf 89' lang='lat' dir='ltr'><strong>tra-</strong></span> 
     </span>
    </p>
   </div>
   <div class='ocr_carea' id='block_1_83' title="bbox 416 5138 789 5193">
    <p class='ocr_par' dir='ltr' id='par_1_83' title="bbox 416 5138 789 5193">
     <span class='ocr_line' id='line_1_83' title="bbox 416 5138 789 5193; baseline -0.003 0"><span class='ocrx_word' id='word_1_602' title='bbox 416 5145 587 5193; x_wconf 83' lang='lat' dir='ltr'><strong>ctatas</strong></span> <span class='ocrx_word' id='word_1_603' title='bbox 607 5138 789 5192; x_wconf 89' lang='lat' dir='ltr'><strong>fuisse.</strong></span> 
     </span>
    </p>
   </div>
   <div class='ocr_carea' id='block_1_84' title="bbox 489 5227 1976 5300">
    <p class='ocr_par' dir='ltr' id='par_1_84' title="bbox 489 5227 1976 5300">
     <span class='ocr_line' id='line_1_84' title="bbox 489 5227 1976 5300; baseline -0.003 -17"><span class='ocrx_word' id='word_1_604' title='bbox 489 5228 554 5283; x_wconf 89' lang='lat' dir='ltr'><strong>ll.</strong></span> <span class='ocrx_word' id='word_1_605' title='bbox 591 5231 796 5300; x_wconf 86' lang='lat' dir='ltr'><strong>Agmen</strong></span> <span class='ocrx_word' id='word_1_606' title='bbox 830 5230 957 5285; x_wconf 89' lang='lat' dir='ltr'><strong>illud</strong></span> <span class='ocrx_word' id='word_1_607' title='bbox 988 5230 1331 5294; x_wconf 81' lang='lat' dir='ltr'><strong>Arianorum,</strong></span> <span class='ocrx_word' id='word_1_608' title='bbox 1359 5231 1498 5300; x_wconf 90' lang='lat' dir='ltr'><strong>quod</strong></span> <span class='ocrx_word' id='word_1_609' title='bbox 1541 5243 1663 5284; x_wconf 92' lang='lat' dir='ltr'><strong>cum</strong></span> <span class='ocrx_word' id='word_1_610' title='bbox 1693 5227 1976 5281; x_wconf 89' lang='lat' dir='ltr'><strong>Eustathio</strong></span> 
     </span>
    </p>
   </div>
   <div class='ocr_carea' id='block_1_85' title="bbox 392 5317 1983 5388">
    <p class='ocr_par' dir='ltr' id='par_1_85' title="bbox 392 5317 1983 5388">
     <span class='ocr_line' id='line_1_85' title="bbox 392 5317 1983 5388; baseline -0.004 -11"><span class='ocrx_word' id='word_1_611' title='bbox 392 5318 715 5388; x_wconf 79' lang='lat' dir='ltr'><strong>.Nicopolim</strong></span> <span class='ocrx_word' id='word_1_612' title='bbox 771 5323 984 5377; x_wconf 87' lang='lat' dir='ltr'><strong>venisse</strong></span> <span class='ocrx_word' id='word_1_613' title='bbox 1048 5323 1283 5377; x_wconf 81' lang='lat' dir='ltr'><strong>diximus</strong></span> <span class='ocrx_word' id='word_1_614' title='bbox 1337 5323 1492 5376; x_wconf 90' lang='lat' dir='ltr'><strong>initio</strong></span> <span class='ocrx_word' id='word_1_615' title='bbox 1551 5320 1676 5374; x_wconf 89' lang='lat' dir='ltr'><strong>anni</strong></span> <span class='ocrx_word' id='word_1_616' title='bbox 1722 5317 1848 5382; x_wconf 79' lang='grc'>576,</span> <span class='ocrx_word' id='word_1_617' title='bbox 1899 5317 1983 5372; x_wconf 86' lang='lat' dir='ltr'><strong>vel</strong></span> 
     </span>
    </p>
   </div>
   <div class='ocr_carea' id='block_1_86' title="bbox 419 5409 1983 5484">
    <p class='ocr_par' dir='ltr' id='par_1_86' title="bbox 419 5409 1983 5484">
     <span class='ocr_line' id='line_1_86' title="bbox 419 5409 1983 5484; baseline -0.001 -20"><span class='ocrx_word' id='word_1_618' title='bbox 419 5418 651 5465; x_wconf 81' lang='lat' dir='ltr'><strong>exeunte</strong></span> <span class='ocrx_word' id='word_1_619' title='bbox 674 5411 801 5477; x_wconf 80' lang='grc'>575,</span> <span class='ocrx_word' id='word_1_620' title='bbox 831 5411 1150 5481; x_wconf 87' lang='lat' dir='ltr'><strong>promiserat</strong></span> <span class='ocrx_word' id='word_1_621' title='bbox 1190 5415 1268 5484; x_wconf 86' lang='grc' dir='ltr'><strong>(α)</strong></span> <span class='ocrx_word' id='word_1_622' title='bbox 1314 5429 1374 5469; x_wconf 92' lang='lat' dir='ltr'><strong>se</strong></span> <span class='ocrx_word' id='word_1_623' title='bbox 1402 5414 1539 5467; x_wconf 88' lang='lat' dir='ltr'><strong>hanc</strong></span> <span class='ocrx_word' id='word_1_624' title='bbox 1586 5409 1768 5467; x_wconf 89' lang='lat' dir='ltr'><strong>urbem</strong></span> <span class='ocrx_word' id='word_1_625' title='bbox 1800 5409 1866 5463; x_wconf 87' lang='lat' dir='ltr'><strong>ad</strong></span> <span class='ocrx_word' id='word_1_626' title='bbox 1898 5410 1983 5463; x_wconf 89' lang='lat' dir='ltr'><strong>in-</strong></span> 
     </span>
    </p>
   </div>
   <div class='ocr_carea' id='block_1_87' title="bbox 492 5628 1019 5699">
    <p class='ocr_par' dir='ltr' id='par_1_87' title="bbox 492 5628 1019 5699">
     <span class='ocr_line' id='line_1_87' title="bbox 492 5628 1019 5699; baseline 0 -11"><span class='ocrx_word' id='word_1_627' title='bbox 492 5628 568 5699; x_wconf 60' lang='lat' dir='ltr'><strong>lit)</strong></span> <span class='ocrx_word' id='word_1_628' title='bbox 610 5629 704 5699; x_wconf 86' lang='lat' dir='ltr'><strong>Ep.</strong></span> <span class='ocrx_word' id='word_1_629' title='bbox 725 5631 847 5695; x_wconf 74' lang='grc'>251,</span> <span class='ocrx_word' id='word_1_630' title='bbox 888 5648 940 5687; x_wconf 94' lang='lat' dir='ltr'><strong>n.</strong></span> <span class='ocrx_word' id='word_1_631' title='bbox 968 5632 1019 5689; x_wconf 83' lang='lat'><strong>3.</strong></span> 
     </span>
    </p>
   </div>
   <div class='ocr_carea' id='block_1_88' title="bbox 495 5698 854 5770">
    <p class='ocr_par' dir='ltr' id='par_1_88' title="bbox 495 5698 854 5770">
     <span class='ocr_line' id='line_1_88' title="bbox 495 5698 854 5770; baseline 0.006 -19"><span class='ocrx_word' id='word_1_632' title='bbox 495 5698 568 5768; x_wconf 75' lang='grc' dir='ltr'><strong>(ὅ)</strong></span> <span class='ocrx_word' id='word_1_633' title='bbox 610 5698 705 5770; x_wconf 72' lang='lat' dir='ltr'><strong>sp.</strong></span> <span class='ocrx_word' id='word_1_634' title='bbox 731 5701 854 5755; x_wconf 62' lang='lat' dir='ltr'><strong>eis.</strong></span> 
     </span>
    </p>
   </div>
   <div class='ocr_carea' id='block_1_89' title="bbox 2014 4455 2063 4513">
    <p class='ocr_par' dir='ltr' id='par_1_89' title="bbox 2014 4455 2063 4513">
     <span class='ocr_line' id='line_1_89' title="bbox 2014 4455 2063 4513; baseline 0 0"><span class='ocrx_word' id='word_1_635' title='bbox 2014 4455 2063 4513; x_wconf 90' lang='lat' dir='ltr'><strong>D</strong></span> 
     </span>
    </p>
   </div>
   <div class='ocr_carea' id='block_1_90' title="bbox 2086 3225 3651 3296">
    <p class='ocr_par' dir='ltr' id='par_1_90' title="bbox 2086 3225 3651 3296">
     <span class='ocr_line' id='line_1_90' title="bbox 2086 3225 3651 3296; baseline 0.002 -17"><span class='ocrx_word' id='word_1_636' title='bbox 2086 3227 2243 3279; x_wconf 90' lang='lat' dir='ltr'><strong>modo</strong></span> <span class='ocrx_word' id='word_1_637' title='bbox 2274 3225 2471 3291; x_wconf 86' lang='lat' dir='ltr'><strong>allatis,</strong></span> <span class='ocrx_word' id='word_1_638' title='bbox 2497 3234 2609 3279; x_wconf 90' lang='lat' dir='ltr'><strong>tum</strong></span> <span class='ocrx_word' id='word_1_639' title='bbox 2633 3228 2863 3282; x_wconf 81' lang='lat' dir='ltr'><strong>maxime</strong></span> <span class='ocrx_word' id='word_1_640' title='bbox 2888 3243 2955 3283; x_wconf 86' lang='lat' dir='ltr'><strong>ex</strong></span> <span class='ocrx_word' id='word_1_641' title='bbox 2997 3229 3079 3283; x_wconf 89' lang='lat' dir='ltr'><strong>his</strong></span> <span class='ocrx_word' id='word_1_642' title='bbox 3111 3227 3287 3283; x_wconf 90' lang='lat' dir='ltr'><strong>verbis</strong></span> <span class='ocrx_word' id='word_1_643' title='bbox 3309 3228 3466 3296; x_wconf 90' lang='lat' dir='ltr'><strong>epist.</strong></span> <span class='ocrx_word' id='word_1_644' title='bbox 3490 3228 3600 3282; x_wconf 73' lang='lat'><strong>9.58</strong></span> <span class='ocrx_word' id='word_1_645' title='bbox 3635 3247 3651 3282; x_wconf 89' lang='lat'><strong>:</strong></span> 
     </span>
    </p>
   </div>
   <div class='ocr_carea' id='block_1_91' title="bbox 2083 3318 3655 3390">
    <p class='ocr_par' dir='ltr' id='par_1_91' title="bbox 2083 3318 3655 3390">
     <span class='ocr_line' id='line_1_91' title="bbox 2083 3318 3655 3390; baseline -0.001 -19"><span class='ocrx_word' id='word_1_646' title='bbox 2083 3319 2158 3371; x_wconf 85' lang='lat' dir='ltr'><strong>Ac</strong></span> <span class='ocrx_word' id='word_1_647' title='bbox 2195 3319 2286 3377; x_wconf 80' lang='lat' dir='ltr'><strong>ille</strong></span> <span class='ocrx_word' id='word_1_648' title='bbox 2313 3320 2522 3385; x_wconf 86' lang='lat' dir='ltr'><strong>quidem</strong></span> <span class='ocrx_word' id='word_1_649' title='bbox 2555 3319 2713 3372; x_wconf 87' lang='lat' dir='ltr'><strong>totius</strong></span> <span class='ocrx_word' id='word_1_650' title='bbox 2745 3335 2856 3372; x_wconf 64' lang='lat' dir='ltr'><strong>sua?</strong></span> <span class='ocrx_word' id='word_1_651' title='bbox 2900 3320 3017 3373; x_wconf 69' lang='lat' dir='ltr'><strong>vitm</strong></span> <span class='ocrx_word' id='word_1_652' title='bbox 3059 3318 3391 3386; x_wconf 79' lang='lat' dir='ltr'><strong>manifestum</strong></span> <span class='ocrx_word' id='word_1_653' title='bbox 3434 3320 3655 3390; x_wconf 84' lang='lat' dir='ltr'><strong>protulit</strong></span> 
     </span>
    </p>
   </div>
   <div class='ocr_carea' id='block_1_92' title="bbox 2087 3409 3657 3478">
    <p class='ocr_par' dir='ltr' id='par_1_92' title="bbox 2087 3409 3657 3478">
     <span class='ocr_line' id='line_1_92' title="bbox 2087 3409 3657 3478; baseline 0.001 -16"><span class='ocrx_word' id='word_1_654' title='bbox 2087 3409 2343 3462; x_wconf 86' lang='lat' dir='ltr'><strong>indicium</strong></span> <span class='ocrx_word' id='word_1_655' title='bbox 2372 3426 2436 3463; x_wconf 82' lang='lat' dir='ltr'><strong>ea:</strong></span> <span class='ocrx_word' id='word_1_656' title='bbox 2463 3413 2706 3478; x_wconf 40' lang='lat' dir='ltr'><strong>praesenti</strong></span> <span class='ocrx_word' id='word_1_657' title='bbox 2736 3411 2976 3475; x_wconf 81' lang='lat' dir='ltr'><strong>consilio,</strong></span> <span class='ocrx_word' id='word_1_658' title='bbox 3014 3425 3278 3478; x_wconf 87' lang='lat' dir='ltr'><strong>nunquam</strong></span> <span class='ocrx_word' id='word_1_659' title='bbox 3323 3410 3565 3463; x_wconf 84' lang='lat' dir='ltr'><strong>videlicet</strong></span> <span class='ocrx_word' id='word_1_660' title='bbox 3599 3426 3657 3463; x_wconf 87' lang='lat' dir='ltr'><strong>se</strong></span> 
     </span>
    </p>
   </div>
   <div class='ocr_carea' id='block_1_93' title="bbox 2086 3501 3657 3571">
    <p class='ocr_par' dir='ltr' id='par_1_93' title="bbox 2086 3501 3657 3571">
     <span class='ocr_line' id='line_1_93' title="bbox 2086 3501 3657 3571; baseline -0.002 -17"><span class='ocrx_word' id='word_1_661' title='bbox 2086 3502 2285 3554; x_wconf 73' lang='lat' dir='ltr'><strong>vixisse</strong></span> <span class='ocrx_word' id='word_1_662' title='bbox 2313 3502 2367 3554; x_wconf 87' lang='lat' dir='ltr'><strong>in</strong></span> <span class='ocrx_word' id='word_1_663' title='bbox 2410 3519 2497 3570; x_wconf 86' lang='lat' dir='ltr'><strong>spe</strong></span> <span class='ocrx_word' id='word_1_664' title='bbox 2526 3505 2870 3570; x_wconf 79' lang='lat' dir='ltr'><strong>repositarum</strong></span> <span class='ocrx_word' id='word_1_665' title='bbox 2900 3503 3046 3556; x_wconf 85' lang='lat' dir='ltr'><strong>nobis</strong></span> <span class='ocrx_word' id='word_1_666' title='bbox 3080 3502 3479 3571; x_wconf 83' lang='lat' dir='ltr'><strong>promissionum</strong></span> <span class='ocrx_word' id='word_1_667' title='bbox 3511 3501 3657 3567; x_wconf 82' lang='lat' dir='ltr'><strong>apud</strong></span> 
     </span>
    </p>
   </div>
   <div class='ocr_carea' id='block_1_94' title="bbox 2086 3591 3656 3661">
    <p class='ocr_par' dir='ltr' id='par_1_94' title="bbox 2086 3591 3656 3661">
     <span class='ocr_line' id='line_1_94' title="bbox 2086 3591 3656 3661; baseline -0.001 -16"><span class='ocrx_word' id='word_1_668' title='bbox 2086 3591 2400 3656; x_wconf 88' lang='lat' dir='ltr'><strong>Dominum;</strong></span> <span class='ocrx_word' id='word_1_669' title='bbox 2429 3594 2518 3645; x_wconf 84' lang='lat' dir='ltr'><strong>sed</strong></span> <span class='ocrx_word' id='word_1_670' title='bbox 2539 3594 2585 3647; x_wconf 85' lang='lat' dir='ltr'><strong>si</strong></span> <span class='ocrx_word' id='word_1_671' title='bbox 2622 3594 2748 3661; x_wconf 84' lang='lat' dir='ltr'><strong>quid</strong></span> <span class='ocrx_word' id='word_1_672' title='bbox 2785 3593 2885 3646; x_wconf 81' lang='lat' dir='ltr'><strong>sibi</strong></span> <span class='ocrx_word' id='word_1_673' title='bbox 2911 3602 3263 3659; x_wconf 79' lang='lat' dir='ltr'><strong>aucuparctur</strong></span> <span class='ocrx_word' id='word_1_674' title='bbox 3301 3591 3656 3644; x_wconf 82' lang='lat' dir='ltr'><strong>humanarum</strong></span> 
     </span>
    </p>
   </div>
   <div class='ocr_carea' id='block_1_95' title="bbox 2085 3676 3656 3752">
    <p class='ocr_par' dir='ltr' id='par_1_95' title="bbox 2085 3676 3656 3752">
     <span class='ocr_line' id='line_1_95' title="bbox 2085 3676 3656 3752; baseline -0.001 -18"><span class='ocrx_word' id='word_1_675' title='bbox 2085 3699 2280 3746; x_wconf 86' lang='lat' dir='ltr'><strong>rerum,</strong></span> <span class='ocrx_word' id='word_1_676' title='bbox 2307 3694 2353 3736; x_wconf 88' lang='lat' dir='ltr'><strong>et</strong></span> <span class='ocrx_word' id='word_1_677' title='bbox 2386 3687 2536 3738; x_wconf 80' lang='lat' dir='ltr'><strong>verba</strong></span> <span class='ocrx_word' id='word_1_678' title='bbox 2574 3685 2698 3752; x_wconf 84' lang='lat' dir='ltr'><strong>ﬁdei</strong></span> <span class='ocrx_word' id='word_1_679' title='bbox 2739 3693 2786 3737; x_wconf 89' lang='lat' dir='ltr'><strong>et</strong></span> <span class='ocrx_word' id='word_1_680' title='bbox 2822 3693 3166 3736; x_wconf 86' lang='lat' dir='ltr'><strong>commentum</strong></span> <span class='ocrx_word' id='word_1_681' title='bbox 3199 3676 3431 3751; x_wconf 71' lang='lat' dir='ltr'><strong>pietatis,</strong></span> <span class='ocrx_word' id='word_1_682' title='bbox 3476 3682 3656 3735; x_wconf 88' lang='lat' dir='ltr'><strong>omnia</strong></span> 
     </span>
    </p>
   </div>
   <div class='ocr_carea' id='block_1_96' title="bbox 2086 3773 3652 3844">
    <p class='ocr_par' dir='ltr' id='par_1_96' title="bbox 2086 3773 3652 3844">
     <span class='ocr_line' id='line_1_96' title="bbox 2086 3773 3652 3844; baseline -0.001 -18"><span class='ocrx_word' id='word_1_683' title='bbox 2086 3774 2307 3844; x_wconf 86' lang='lat' dir='ltr'><strong>denique</strong></span> <span class='ocrx_word' id='word_1_684' title='bbox 2351 3779 2420 3828; x_wconf 85' lang='lat' dir='ltr'><strong>ad</strong></span> <span class='ocrx_word' id='word_1_685' title='bbox 2466 3775 2639 3828; x_wconf 86' lang='lat' dir='ltr'><strong>obvios</strong></span> <span class='ocrx_word' id='word_1_686' title='bbox 2684 3790 2911 3843; x_wconf 84' lang='lat' dir='ltr'><strong>quosque</strong></span> <span class='ocrx_word' id='word_1_687' title='bbox 2959 3774 3290 3842; x_wconf 83' lang='lat' dir='ltr'><strong>decipiendos</strong></span> <span class='ocrx_word' id='word_1_688' title='bbox 3333 3773 3652 3826; x_wconf 83' lang='lat' dir='ltr'><strong>elaborasse.</strong></span> 
     </span>
    </p>
   </div>
   <div class='ocr_carea' id='block_1_97' title="bbox 2086 3860 3651 3917">
    <p class='ocr_par' dir='ltr' id='par_1_97' title="bbox 2086 3860 3651 3917">
     <span class='ocr_line' id='line_1_97' title="bbox 2086 3860 3651 3917; baseline 0.001 -4"><span class='ocrx_word' id='word_1_689' title='bbox 2086 3860 2201 3914; x_wconf 83' lang='lat' dir='ltr'><strong>Non</strong></span> <span class='ocrx_word' id='word_1_690' title='bbox 2272 3864 2573 3917; x_wconf 91' lang='lat' dir='ltr'><strong>certissima</strong></span> <span class='ocrx_word' id='word_1_691' title='bbox 2631 3863 2848 3917; x_wconf 90' lang='lat' dir='ltr'><strong>videtur</strong></span> <span class='ocrx_word' id='word_1_692' title='bbox 2896 3863 3012 3916; x_wconf 63' lang='lat' dir='ltr'><strong>haec</strong></span> <span class='ocrx_word' id='word_1_693' title='bbox 3067 3862 3295 3916; x_wconf 87' lang='lat' dir='ltr'><strong>rationis</strong></span> <span class='ocrx_word' id='word_1_694' title='bbox 3351 3863 3651 3917; x_wconf 88' lang='lat' dir='ltr'><strong>conclusio.</strong></span> 
     </span>
    </p>
   </div>
   <div class='ocr_carea' id='block_1_98' title="bbox 2086 3951 3650 4022">
    <p class='ocr_par' dir='ltr' id='par_1_98' title="bbox 2086 3951 3650 4022">
     <span class='ocr_line' id='line_1_98' title="bbox 2086 3951 3650 4022; baseline 0 -17"><span class='ocrx_word' id='word_1_695' title='bbox 2086 3951 2227 4006; x_wconf 87' lang='lat' dir='ltr'><strong>Fieri</strong></span> <span class='ocrx_word' id='word_1_696' title='bbox 2269 3954 2409 4006; x_wconf 89' lang='lat' dir='ltr'><strong>enim</strong></span> <span class='ocrx_word' id='word_1_697' title='bbox 2446 3963 2640 4022; x_wconf 88' lang='lat' dir='ltr'><strong>potest,</strong></span> <span class='ocrx_word' id='word_1_698' title='bbox 2682 3965 2738 4008; x_wconf 92' lang='lat' dir='ltr'><strong>ut</strong></span> <span class='ocrx_word' id='word_1_699' title='bbox 2777 3955 2866 4021; x_wconf 88' lang='lat' dir='ltr'><strong>qui</strong></span> <span class='ocrx_word' id='word_1_700' title='bbox 2908 3955 3191 4007; x_wconf 86' lang='lat' dir='ltr'><strong>veritatem</strong></span> <span class='ocrx_word' id='word_1_701' title='bbox 3223 3954 3437 4007; x_wconf 89' lang='lat' dir='ltr'><strong>sincero</strong></span> <span class='ocrx_word' id='word_1_702' title='bbox 3464 3955 3650 4006; x_wconf 87' lang='lat' dir='ltr'><strong>animo</strong></span> 
     </span>
    </p>
   </div>
   <div class='ocr_carea' id='block_1_99' title="bbox 2087 4044 3654 4114">
    <p class='ocr_par' dir='ltr' id='par_1_99' title="bbox 2087 4044 3654 4114">
     <span class='ocr_line' id='line_1_99' title="bbox 2087 4044 3654 4114; baseline -0.001 -18"><span class='ocrx_word' id='word_1_703' title='bbox 2087 4044 2176 4098; x_wconf 94' lang='lat' dir='ltr'><strong>diu</strong></span> <span class='ocrx_word' id='word_1_704' title='bbox 2209 4044 2467 4109; x_wconf 90' lang='lat' dir='ltr'><strong>defendit,</strong></span> <span class='ocrx_word' id='word_1_705' title='bbox 2512 4044 2696 4099; x_wconf 91' lang='lat' dir='ltr'><strong>oblato</strong></span> <span class='ocrx_word' id='word_1_706' title='bbox 2727 4047 2948 4114; x_wconf 84' lang='lat' dir='ltr'><strong>praemio</strong></span> <span class='ocrx_word' id='word_1_707' title='bbox 2980 4046 3227 4100; x_wconf 79' lang='lat' dir='ltr'><strong>lueresim</strong></span> <span class='ocrx_word' id='word_1_708' title='bbox 3273 4044 3654 4112; x_wconf 88' lang='lat' dir='ltr'><strong>amplectatur.</strong></span> 
     </span>
    </p>
   </div>
   <div class='ocr_carea' id='block_1_100' title="bbox 2087 4134 3658 4203">
    <p class='ocr_par' dir='ltr' id='par_1_100' title="bbox 2087 4134 3658 4203">
     <span class='ocr_line' id='line_1_100' title="bbox 2087 4134 3658 4203; baseline -0.001 -12"><span class='ocrx_word' id='word_1_709' title='bbox 2087 4135 2192 4191; x_wconf 87' lang='lat' dir='ltr'><strong>Sed</strong></span> <span class='ocrx_word' id='word_1_710' title='bbox 2238 4135 2376 4191; x_wconf 92' lang='lat' dir='ltr'><strong>forte</strong></span> <span class='ocrx_word' id='word_1_711' title='bbox 2403 4137 2522 4190; x_wconf 68' lang='lat' dir='ltr'><strong>aliae</strong></span> <span class='ocrx_word' id='word_1_712' title='bbox 2566 4139 2825 4193; x_wconf 90' lang='lat' dir='ltr'><strong>suberant</strong></span> <span class='ocrx_word' id='word_1_713' title='bbox 2872 4152 3084 4203; x_wconf 75' lang='lat' dir='ltr'><strong>causae,</strong></span> <span class='ocrx_word' id='word_1_714' title='bbox 3128 4153 3224 4190; x_wconf 90' lang='lat' dir='ltr'><strong>cur</strong></span> <span class='ocrx_word' id='word_1_715' title='bbox 3269 4137 3337 4191; x_wconf 93' lang='lat' dir='ltr'><strong>de</strong></span> <span class='ocrx_word' id='word_1_716' title='bbox 3382 4134 3658 4190; x_wconf 83' lang='lat' dir='ltr'><strong>Frontone</strong></span> 
     </span>
    </p>
   </div>
   <div class='ocr_carea' id='block_1_101' title="bbox 2087 4226 3655 4298">
    <p class='ocr_par' dir='ltr' id='par_1_101' title="bbox 2087 4226 3655 4298">
     <span class='ocr_line' id='line_1_101' title="bbox 2087 4226 3655 4298; baseline -0.003 -16"><span class='ocrx_word' id='word_1_717' title='bbox 2087 4228 2317 4282; x_wconf 90' lang='lat' dir='ltr'><strong>Basilius</strong></span> <span class='ocrx_word' id='word_1_718' title='bbox 2364 4229 2466 4283; x_wconf 88' lang='lat' dir='ltr'><strong>hoc</strong></span> <span class='ocrx_word' id='word_1_719' title='bbox 2498 4228 2762 4298; x_wconf 84' lang='lat' dir='ltr'><strong>judicium</strong></span> <span class='ocrx_word' id='word_1_720' title='bbox 2812 4228 2997 4291; x_wconf 86' lang='lat' dir='ltr'><strong>ferret,</strong></span> <span class='ocrx_word' id='word_1_721' title='bbox 3041 4228 3305 4296; x_wconf 90' lang='lat' dir='ltr'><strong>imprimis</strong></span> <span class='ocrx_word' id='word_1_722' title='bbox 3349 4226 3655 4279; x_wconf 89' lang='lat' dir='ltr'><strong>arctissima</strong></span> 
     </span>
    </p>
   </div>
   <div class='ocr_carea' id='block_1_102' title="bbox 2089 4316 3645 4382">
    <p class='ocr_par' dir='ltr' id='par_1_102' title="bbox 2089 4316 3645 4382">
     <span class='ocr_line' id='line_1_102' title="bbox 2089 4316 3645 4382; baseline -0.001 -10"><span class='ocrx_word' id='word_1_723' title='bbox 2089 4320 2319 4374; x_wconf 79' lang='lat' dir='ltr'><strong>hominis</strong></span> <span class='ocrx_word' id='word_1_724' title='bbox 2358 4335 2480 4374; x_wconf 90' lang='lat' dir='ltr'><strong>cum</strong></span> <span class='ocrx_word' id='word_1_725' title='bbox 2524 4320 2801 4375; x_wconf 81' lang='lat' dir='ltr'><strong>Eustathio</strong></span> <span class='ocrx_word' id='word_1_726' title='bbox 2832 4320 3129 4373; x_wconf 86' lang='lat' dir='ltr'><strong>Sebasteno</strong></span> <span class='ocrx_word' id='word_1_727' title='bbox 3157 4318 3414 4372; x_wconf 89' lang='lat' dir='ltr'><strong>amicitia.</strong></span> <span class='ocrx_word' id='word_1_728' title='bbox 3444 4316 3645 4382; x_wconf 84' lang='lat' dir='ltr'><strong>Quanti</strong></span> 
     </span>
    </p>
   </div>
   <div class='ocr_carea' id='block_1_103' title="bbox 2088 4407 3651 4473">
    <p class='ocr_par' dir='ltr' id='par_1_103' title="bbox 2088 4407 3651 4473">
     <span class='ocr_line' id='line_1_103' title="bbox 2088 4407 3651 4473; baseline -0.003 -9"><span class='ocrx_word' id='word_1_729' title='bbox 2088 4410 2231 4464; x_wconf 92' lang='lat' dir='ltr'><strong>enim</strong></span> <span class='ocrx_word' id='word_1_730' title='bbox 2290 4410 2614 4464; x_wconf 88' lang='lat' dir='ltr'><strong>Frontonem</strong></span> <span class='ocrx_word' id='word_1_731' title='bbox 2668 4411 2869 4465; x_wconf 89' lang='lat' dir='ltr'><strong>faceret</strong></span> <span class='ocrx_word' id='word_1_732' title='bbox 2922 4409 3266 4473; x_wconf 85' lang='lat' dir='ltr'><strong>Eustathius,</strong></span> <span class='ocrx_word' id='word_1_733' title='bbox 3317 4424 3421 4463; x_wconf 92' lang='lat' dir='ltr'><strong>non</strong></span> <span class='ocrx_word' id='word_1_734' title='bbox 3473 4407 3651 4462; x_wconf 89' lang='lat' dir='ltr'><strong>solum</strong></span> 
     </span>
    </p>
   </div>
   <div class='ocr_carea' id='block_1_104' title="bbox 2098 4494 3660 4566">
    <p class='ocr_par' dir='ltr' id='par_1_104' title="bbox 2098 4494 3660 4566">
     <span class='ocr_line' id='line_1_104' title="bbox 2098 4494 3660 4566; baseline 0.001 -19"><span class='ocrx_word' id='word_1_735' title='bbox 2098 4494 2322 4550; x_wconf 87' lang='lat' dir='ltr'><strong>nefariis</strong></span> <span class='ocrx_word' id='word_1_736' title='bbox 2359 4496 2848 4551; x_wconf 87' lang='lat' dir='ltr'><strong>machinationibus</strong></span> <span class='ocrx_word' id='word_1_737' title='bbox 2892 4496 2941 4550; x_wconf 94' lang='lat' dir='ltr'><strong>in</strong></span> <span class='ocrx_word' id='word_1_738' title='bbox 2978 4512 3042 4550; x_wconf 92' lang='lat' dir='ltr'><strong>eo</strong></span> <span class='ocrx_word' id='word_1_739' title='bbox 3068 4499 3133 4551; x_wconf 89' lang='lat' dir='ltr'><strong>ad</strong></span> <span class='ocrx_word' id='word_1_740' title='bbox 3165 4498 3529 4566; x_wconf 87' lang='lat' dir='ltr'><strong>episcopatum</strong></span> <span class='ocrx_word' id='word_1_741' title='bbox 3559 4512 3660 4565; x_wconf 84' lang='lat' dir='ltr'><strong>per</strong></span> 
     </span>
    </p>
   </div>
   <div class='ocr_carea' id='block_1_105' title="bbox 2092 4585 3658 4652">
    <p class='ocr_par' dir='ltr' id='par_1_105' title="bbox 2092 4585 3658 4652">
     <span class='ocr_line' id='line_1_105' title="bbox 2092 4585 3658 4652; baseline 0.001 -12"><span class='ocrx_word' id='word_1_742' title='bbox 2092 4585 2174 4648; x_wconf 76' lang='lat' dir='ltr'><strong>fas</strong></span> <span class='ocrx_word' id='word_1_743' title='bbox 2200 4595 2256 4640; x_wconf 92' lang='lat' dir='ltr'><strong>et</strong></span> <span class='ocrx_word' id='word_1_744' title='bbox 2287 4587 2437 4641; x_wconf 87' lang='lat' dir='ltr'><strong>nefas</strong></span> <span class='ocrx_word' id='word_1_745' title='bbox 2478 4588 2738 4643; x_wconf 89' lang='lat' dir='ltr'><strong>trudendo</strong></span> <span class='ocrx_word' id='word_1_746' title='bbox 2772 4588 3088 4652; x_wconf 89' lang='lat' dir='ltr'><strong>declaravit,</strong></span> <span class='ocrx_word' id='word_1_747' title='bbox 3116 4588 3209 4641; x_wconf 88' lang='lat' dir='ltr'><strong>sed</strong></span> <span class='ocrx_word' id='word_1_748' title='bbox 3249 4588 3409 4642; x_wconf 88' lang='lat' dir='ltr'><strong>etiam</strong></span> <span class='ocrx_word' id='word_1_749' title='bbox 3452 4587 3658 4641; x_wconf 77' lang='lat' dir='ltr'><strong>eximio</strong></span> 
     </span>
    </p>
   </div>
   <div class='ocr_carea' id='block_1_106' title="bbox 2093 4677 3657 4747">
    <p class='ocr_par' dir='ltr' id='par_1_106' title="bbox 2093 4677 3657 4747">
     <span class='ocr_line' id='line_1_106' title="bbox 2093 4677 3657 4747; baseline 0.001 -18"><span class='ocrx_word' id='word_1_750' title='bbox 2093 4678 2291 4732; x_wconf 89' lang='lat' dir='ltr'><strong>amoris</strong></span> <span class='ocrx_word' id='word_1_751' title='bbox 2340 4678 2669 4743; x_wconf 90' lang='lat' dir='ltr'><strong>testimonio,</strong></span> <span class='ocrx_word' id='word_1_752' title='bbox 2719 4681 2858 4747; x_wconf 90' lang='lat' dir='ltr'><strong>quod</strong></span> <span class='ocrx_word' id='word_1_753' title='bbox 2912 4679 2959 4733; x_wconf 90' lang='lat' dir='ltr'><strong>ei</strong></span> <span class='ocrx_word' id='word_1_754' title='bbox 2998 4690 3119 4747; x_wconf 90' lang='lat' dir='ltr'><strong>post</strong></span> <span class='ocrx_word' id='word_1_755' title='bbox 3172 4678 3453 4731; x_wconf 86' lang='lat' dir='ltr'><strong>formulam</strong></span> <span class='ocrx_word' id='word_1_756' title='bbox 3498 4677 3657 4741; x_wconf 89' lang='lat' dir='ltr'><strong>fidei,</strong></span> 
     </span>
    </p>
   </div>
   <div class='ocr_carea' id='block_1_107' title="bbox 2092 4769 3660 4839">
    <p class='ocr_par' dir='ltr' id='par_1_107' title="bbox 2092 4769 3660 4839">
     <span class='ocr_line' id='line_1_107' title="bbox 2092 4769 3660 4839; baseline 0 -18"><span class='ocrx_word' id='word_1_757' title='bbox 2092 4784 2212 4838; x_wconf 70' lang='lat' dir='ltr'><strong>qua:</strong></span> <span class='ocrx_word' id='word_1_758' title='bbox 2238 4780 2319 4824; x_wconf 87' lang='lat' dir='ltr'><strong>est</strong></span> <span class='ocrx_word' id='word_1_759' title='bbox 2358 4770 2541 4824; x_wconf 87' lang='lat' dir='ltr'><strong>Basilii</strong></span> <span class='ocrx_word' id='word_1_760' title='bbox 2574 4770 2798 4839; x_wconf 90' lang='lat' dir='ltr'><strong>epistola</strong></span> <span class='ocrx_word' id='word_1_761' title='bbox 2852 4770 2972 4835; x_wconf 78' lang='grc'>125,</span> <span class='ocrx_word' id='word_1_762' title='bbox 3005 4770 3268 4824; x_wconf 82' lang='lat' dir='ltr'><strong>exhibuit.</strong></span> <span class='ocrx_word' id='word_1_763' title='bbox 3304 4769 3354 4824; x_wconf 91' lang='lat' dir='ltr'><strong>ls</strong></span> <span class='ocrx_word' id='word_1_764' title='bbox 3389 4770 3533 4824; x_wconf 88' lang='lat' dir='ltr'><strong>enim</strong></span> <span class='ocrx_word' id='word_1_765' title='bbox 3573 4770 3660 4822; x_wconf 87' lang='lat' dir='ltr'><strong>vi-</strong></span> 
     </span>
    </p>
   </div>
   <div class='ocr_carea' id='block_1_108' title="bbox 2089 4859 3656 4929">
    <p class='ocr_par' dir='ltr' id='par_1_108' title="bbox 2089 4859 3656 4929">
     <span class='ocr_line' id='line_1_108' title="bbox 2089 4859 3656 4929; baseline -0.003 -14"><span class='ocrx_word' id='word_1_766' title='bbox 2089 4861 2249 4915; x_wconf 83' lang='lat' dir='ltr'><strong>detur</strong></span> <span class='ocrx_word' id='word_1_767' title='bbox 2285 4876 2423 4923; x_wconf 86' lang='lat' dir='ltr'><strong>esse,</strong></span> <span class='ocrx_word' id='word_1_768' title='bbox 2469 4876 2629 4929; x_wconf 87' lang='lat' dir='ltr'><strong>quem</strong></span> <span class='ocrx_word' id='word_1_769' title='bbox 2677 4859 2991 4914; x_wconf 90' lang='lat' dir='ltr'><strong>Eustathius</strong></span> <span class='ocrx_word' id='word_1_770' title='bbox 3044 4860 3367 4914; x_wconf 79' lang='lat' dir='ltr'><strong>Frontonem</strong></span> <span class='ocrx_word' id='word_1_771' title='bbox 3412 4868 3656 4913; x_wconf 88' lang='lat' dir='ltr'><strong>nostrum</strong></span> 
     </span>
    </p>
   </div>
   <div class='ocr_carea' id='block_1_109' title="bbox 2091 4950 3658 5023">
    <p class='ocr_par' dir='ltr' id='par_1_109' title="bbox 2091 4950 3658 5023">
     <span class='ocr_line' id='line_1_109' title="bbox 2091 4950 3658 5023; baseline -0.001 -17"><span class='ocrx_word' id='word_1_772' title='bbox 2091 4953 2342 5023; x_wconf 89' lang='lat' dir='ltr'><strong>appellat.</strong></span> <span class='ocrx_word' id='word_1_773' title='bbox 2372 4953 2547 5019; x_wconf 87' lang='lat' dir='ltr'><strong>Quare</strong></span> <span class='ocrx_word' id='word_1_774' title='bbox 2589 4953 2824 5020; x_wconf 85' lang='lat' dir='ltr'><strong>suspicio</strong></span> <span class='ocrx_word' id='word_1_775' title='bbox 2857 4960 2976 5007; x_wconf 89' lang='lat' dir='ltr'><strong>erat</strong></span> <span class='ocrx_word' id='word_1_776' title='bbox 3008 4966 3151 5015; x_wconf 90' lang='lat' dir='ltr'><strong>eum,</strong></span> <span class='ocrx_word' id='word_1_777' title='bbox 3192 4967 3314 5005; x_wconf 89' lang='lat' dir='ltr'><strong>cum</strong></span> <span class='ocrx_word' id='word_1_778' title='bbox 3350 4952 3401 5004; x_wconf 91' lang='lat' dir='ltr'><strong>in</strong></span> <span class='ocrx_word' id='word_1_779' title='bbox 3447 4950 3658 5005; x_wconf 83' lang='lat' dir='ltr'><strong>intimis</strong></span> 
     </span>
    </p>
   </div>
   <div class='ocr_carea' id='block_1_110' title="bbox 2089 5040 3656 5110">
    <p class='ocr_par' dir='ltr' id='par_1_110' title="bbox 2089 5040 3656 5110">
     <span class='ocr_line' id='line_1_110' title="bbox 2089 5040 3656 5110; baseline -0.004 -13"><span class='ocrx_word' id='word_1_780' title='bbox 2089 5055 2232 5098; x_wconf 87' lang='lat' dir='ltr'><strong>esset</strong></span> <span class='ocrx_word' id='word_1_781' title='bbox 2283 5045 2577 5107; x_wconf 81' lang='lat' dir='ltr'><strong>Eustathii,</strong></span> <span class='ocrx_word' id='word_1_782' title='bbox 2628 5044 2767 5097; x_wconf 88' lang='lat' dir='ltr'><strong>illius</strong></span> <span class='ocrx_word' id='word_1_783' title='bbox 2803 5043 2964 5098; x_wconf 87' lang='lat' dir='ltr'><strong>etiam</strong></span> <span class='ocrx_word' id='word_1_784' title='bbox 3014 5056 3290 5105; x_wconf 90' lang='lat' dir='ltr'><strong>errorum,</strong></span> <span class='ocrx_word' id='word_1_785' title='bbox 3339 5055 3476 5110; x_wconf 71' lang='lat' dir='ltr'><strong>quos</strong></span> <span class='ocrx_word' id='word_1_786' title='bbox 3529 5040 3656 5093; x_wconf 84' lang='lat' dir='ltr'><strong>lidis</strong></span> 
     </span>
    </p>
   </div>
   <div class='ocr_carea' id='block_1_111' title="bbox 2092 5131 3656 5203">
    <p class='ocr_par' dir='ltr' id='par_1_111' title="bbox 2092 5131 3656 5203">
     <span class='ocr_line' id='line_1_111' title="bbox 2092 5131 3656 5203; baseline -0.002 -15"><span class='ocrx_word' id='word_1_787' title='bbox 2092 5137 2284 5190; x_wconf 90' lang='lat' dir='ltr'><strong>amicis</strong></span> <span class='ocrx_word' id='word_1_788' title='bbox 2316 5136 2591 5200; x_wconf 85' lang='lat' dir='ltr'><strong>credebat,</strong></span> <span class='ocrx_word' id='word_1_789' title='bbox 2620 5135 2896 5189; x_wconf 90' lang='lat' dir='ltr'><strong>conscium</strong></span> <span class='ocrx_word' id='word_1_790' title='bbox 2946 5134 3128 5199; x_wconf 88' lang='lat' dir='ltr'><strong>fuisse,</strong></span> <span class='ocrx_word' id='word_1_791' title='bbox 3160 5133 3382 5203; x_wconf 87' lang='lat' dir='ltr'><strong>ejusque</strong></span> <span class='ocrx_word' id='word_1_792' title='bbox 3408 5131 3656 5200; x_wconf 83' lang='lat' dir='ltr'><strong>exemplo</strong></span> 
     </span>
    </p>
   </div>
   <div class='ocr_carea' id='block_1_112' title="bbox 2090 5227 3652 5296">
    <p class='ocr_par' dir='ltr' id='par_1_112' title="bbox 2090 5227 3652 5296">
     <span class='ocr_line' id='line_1_112' title="bbox 2090 5227 3652 5296; baseline -0.003 -16"><span class='ocrx_word' id='word_1_793' title='bbox 2090 5242 2235 5282; x_wconf 91' lang='lat' dir='ltr'><strong>nunc</strong></span> <span class='ocrx_word' id='word_1_794' title='bbox 2262 5228 2539 5282; x_wconf 80' lang='lat' dir='ltr'><strong>veritatem</strong></span> <span class='ocrx_word' id='word_1_795' title='bbox 2572 5227 2871 5296; x_wconf 90' lang='lat' dir='ltr'><strong>compendii</strong></span> <span class='ocrx_word' id='word_1_796' title='bbox 2904 5227 2987 5281; x_wconf 91' lang='lat' dir='ltr'><strong>sui</strong></span> <span class='ocrx_word' id='word_1_797' title='bbox 3016 5240 3201 5292; x_wconf 89' lang='lat' dir='ltr'><strong>causa,</strong></span> <span class='ocrx_word' id='word_1_798' title='bbox 3235 5238 3377 5279; x_wconf 88' lang='lat' dir='ltr'><strong>nunc</strong></span> <span class='ocrx_word' id='word_1_799' title='bbox 3410 5237 3652 5277; x_wconf 88' lang='lat' dir='ltr'><strong>errorem</strong></span> 
     </span>
    </p>
   </div>
   <div class='ocr_carea' id='block_1_113' title="bbox 2090 5317 2411 5373">
    <p class='ocr_par' dir='ltr' id='par_1_113' title="bbox 2090 5317 2411 5373">
     <span class='ocr_line' id='line_1_113' title="bbox 2090 5317 2411 5373; baseline -0.009 -1"><span class='ocrx_word' id='word_1_800' title='bbox 2090 5317 2411 5373; x_wconf 91' lang='lat' dir='ltr'><strong>defendisse.</strong></span> 
     </span>
    </p>
   </div>
   <div class='ocr_carea' id='block_1_114' title="bbox 2160 5399 3656 5477">
    <p class='ocr_par' dir='ltr' id='par_1_114' title="bbox 2160 5399 3656 5477">
     <span class='ocr_line' id='line_1_114' title="bbox 2160 5399 3656 5477; baseline -0.007 -14"><span class='ocrx_word' id='word_1_801' title='bbox 2160 5408 2247 5465; x_wconf 93' lang='lat' dir='ltr'><strong>lll.</strong></span> <span class='ocrx_word' id='word_1_802' title='bbox 2289 5408 2434 5463; x_wconf 87' lang='lat' dir='ltr'><strong>Nihil</strong></span> <span class='ocrx_word' id='word_1_803' title='bbox 2478 5408 2662 5464; x_wconf 90' lang='lat' dir='ltr'><strong>nocuit</strong></span> <span class='ocrx_word' id='word_1_804' title='bbox 2691 5405 3078 5477; x_wconf 85' lang='lat' dir='ltr'><strong>Nicopolitanis</strong></span> <span class='ocrx_word' id='word_1_805' title='bbox 3114 5400 3380 5460; x_wconf 82' lang='lat' dir='ltr'><strong>Eustathii</strong></span> <span class='ocrx_word' id='word_1_806' title='bbox 3408 5407 3463 5457; x_wconf 90' lang='lat' dir='ltr'><strong>et</strong></span> <span class='ocrx_word' id='word_1_807' title='bbox 3497 5399 3656 5455; x_wconf 82' lang='lat' dir='ltr'><strong>Aria-</strong></span> 
     </span>
    </p>
   </div>
   <div class='ocr_carea' id='block_1_115' title="bbox 2162 5626 2511 5697">
    <p class='ocr_par' dir='ltr' id='par_1_115' title="bbox 2162 5626 2511 5697">
     <span class='ocr_line' id='line_1_115' title="bbox 2162 5626 2511 5697; baseline 0.003 -17"><span class='ocrx_word' id='word_1_808' title='bbox 2162 5626 2230 5697; x_wconf 75' lang='grc' dir='ltr'><strong>(ε)</strong></span> <span class='ocrx_word' id='word_1_809' title='bbox 2271 5627 2366 5695; x_wconf 83' lang='lat' dir='ltr'><strong>Ep.</strong></span> <span class='ocrx_word' id='word_1_810' title='bbox 2390 5626 2511 5681; x_wconf 73' lang='lat'><strong>259.</strong></span> 
     </span>
    </p>
   </div>
  </div>
