4040 6216
1680 303 1835 358 νιΤΑ
1877 303 1935 358 S.
1973 301 2239 359 BASILII.

3403 306 3570 352 CXLI"

333 431 530 472 norum
563 417 898 488 improbitas,
929 419 1024 474 sed
1060 417 1238 488 potius
1270 433 1466 474 novum
1498 420 1624 475 huic
1655 419 1908 476 Ecclesiae
1937 431 1978 480 Α
2009 435 2163 474 suum
2219 417 2451 472 levasset
2502 415 2750 471 Basilius.
2786 412 3015 484 Scripsit
3061 413 3270 467 tandem
3323 411 3388 464 ad
3451 425 3573 466 eum

332 511 500 564 decus
547 510 753 573 attulit,
804 511 989 564 oblata
1039 511 1160 566 ﬁdei
1209 510 1555 567 defendendae
1602 514 1901 568 occasione.

333 597 662 654 Frontonem
687 601 871 654 Ariani
900 601 1113 671 quidem
1139 603 1442 670 episcopum
1465 603 1782 657 ordinarunt
1806 605 1903 673 (α),

334 692 427 747 sed
458 692 508 744 in
543 706 606 746 eo
646 692 939 760 rejieicndo
985 692 1176 747 enituit
1207 694 1334 748 cleri
1367 709 1431 748 ac
1455 694 1632 763 populi
1675 709 1904 749 consen-

333 798 444 836 sus.
481 783 578 836 Vix
613 799 752 837 unus
778 793 872 838 aut
907 785 1045 838 alter
1074 786 1301 839 clericus
1326 800 1446 839 cum
1483 801 1548 838 eo
1592 785 1811 839 abiere:
1850 796 1905 840 at

333 873 508 928 factus
546 884 628 928 est
673 877 974 929 communis
1027 878 1326 932 exsecratio
1399 877 1560 930 totius
1614 879 1903 931 Armeniae.

333 965 519 1032 Itaque
558 966 746 1018 Ariani
777 981 836 1020 re
880 967 1075 1021 infecta
1103 968 1408 1030 redierunt,
1441 977 1494 1020 et
1537 969 1589 1021 in
1635 969 1906 1023 redeundo

333 1057 510 1124 aliqua
547 1058 840 1123 impietatis
877 1073 987 1112 sua:
1026 1059 1247 1127 veSIigia
1287 1059 1640 1128 reliquerunt,
1681 1060 1745 1113 de
1785 1061 1906 1130 qui-

331 1149 437 1203 bus
479 1150 559 1203 sic
607 1150 836 1205 Basilius
882 1152 934 1204 in
982 1167 1067 1220 ep.
1112 1152 1238 1217 25!,
1277 1169 1331 1206 n.
1372 1154 1445 1206 5:
1484 1152 1551 1204 lli
1605 1153 1905 1221 Nicopolim

333 1259 496 1310 usque
545 1243 833 1312 progressi,
869 1260 987 1296 cum
1040 1245 1168 1298 nihil
1217 1246 1503 1313 potuissent
1545 1262 1752 1309 eorum,
1788 1262 1906 1315 qua:

330 1335 714 1401 promiserant,
741 1336 1021 1404 perﬁcere;
1043 1339 1298 1405 quomodo
1332 1338 1598 1401 redierint,
1631 1338 1907 1407 qualesque

331 1427 388 1478 in
429 1429 688 1481 redeundo
714 1429 811 1481 visi
836 1430 962 1496 sint,
990 1438 1180 1482 narunt
1207 1432 1296 1499 qui
1324 1431 1626 1499 adfuerunt.

403 1516 797 1572 Demosthenes
822 1519 911 1573 ubi
948 1521 1076 1574 vidit
1115 1519 1514 1589 Nicopolitanos
1549 1539 1652 1578 non
1692 1526 1903 1590 cedere,

329 1607 382 1662 vi
412 1618 466 1662 et
501 1609 859 1678 impressione
889 1611 1195 1666 ordinatum
1231 1614 1336 1668 illis
1372 1614 1680 1683 episcopum
1735 1616 1906 1683 impo-

330 1715 459 1754 nere
484 1715 774 1772 aggressus
797 1711 902 1766 est,
935 1717 999 1758 ac
1031 1703 1324 1759 Ecclesiam
1360 1707 1598 1761 civitatis
1635 1706 1901 1760 Frontoni

2009 508 2284 578 epistolam
2311 506 2436 571 257,
2470 506 2623 559 initio
2653 505 2808 572 hujus
2847 503 2974 556 anni
3008 502 3137 567 576,
3181 512 3299 570 post
3342 500 3573 554 reditum

2009 602 2328 655 Arianorum
2376 613 2442 652 ex
2490 601 2620 651 urbe
2667 596 2939 664 Nicopoli,
2995 605 3104 649 tum
3153 609 3274 648 cum
3342 592 3578 645 vicarius

2008 693 2254 762 graviora
2284 690 2605 750 minaretur,
2633 703 2693 740 ac
2725 687 2861 741 forte
2895 697 3179 756 antequam
3211 683 3403 737 tradita
3435 691 3579 736 esset

2009 782 2246 836 Ecclesia
2287 780 2570 833 Frontoni.
2598 778 2651 830 ln
2691 778 2793 831 hac
2821 775 3045 845 epistola
3079 776 3344 828 rationem
3379 772 3573 833 reddit,

2007 890 2104 929 cur
2151 883 2299 926 tanto
2333 871 2620 925 intervallo
2663 869 2885 934 scribat,
2935 884 2997 923 ac
3043 869 3487 938 persecutionem,
3520 872 3577 916 ut

2007 967 2256 1029 vidimus,
2284 966 2469 1019 ordine
2501 962 2773 1018 describit.

2079 1057 2425 1126 Scripserunt
2468 1053 2762 1123 presbyteri
2802 1051 3170 1120 ’Nicopolitani
3225 1050 3290 1102 ad
3324 1048 3577 1102 Basilium

2006 1155 2072 1209 de
2099 1151 2352 1206 acrumnis
2383 1149 2634 1204 Ecclesia:
2675 1163 2802 1201 suae.
2837 1145 2941 1200 Sed
2978 1161 3162 1198 eorum
3197 1144 3404 1196 litteras
3437 1142 3579 1193 fama

2007 1262 2102 1301 sua
2138 1244 2414 1299 celeritate
2463 1247 2846 1308 superaverat,
2887 1245 2941 1290 et
2989 1236 3040 1288 in
3091 1234 3322 1288 vicinam
3367 1245 3578 1284 onmem

2009 1339 2279 1406 regionem
2318 1333 2490 1388 scelus
2539 1331 2825 1385 Frontonis
2868 1337 2920 1380 et
2955 1325 3086 1381 cleri
3134 1339 3197 1378 ac
3232 1322 3398 1392 plebis
3427 1322 3480 1373 in
3516 1335 3582 1374 eo

2007 1428 2321 1482 detestando
2381 1438 2705 1478 consensum
2765 1419 3053 1474 detulerat.
3119 1415 3302 1483 Itaque
3351 1413 3582 1466 Basilius

2008 1519 2137 1573 nihil
2187 1519 2306 1571 novi
2351 1531 2416 1569 ex
2447 1529 2632 1568 eorum
2666 1511 2860 1565 litteris
2905 1509 3111 1563 didicit.
3145 1505 3450 1574 Respondet
3489 1518 3584 1571 per

2007 1609 2284 1678 epistolam
2308 1606 2434 1670 2'58,
2461 1621 2524 1659 ac
2559 1605 2806 1656 hortatur
2837 1617 2902 1654 ne
2934 1602 3172 1652 animum
3204 1595 3580 1664 despondeant

2007 1701 2076 1752 ob
2107 1697 2311 1766 lapsum
2355 1697 2512 1749 unius
2556 1704 2649 1746 aut
2693 1691 2914 1744 alterius
2945 1689 3032 1758 qui
3071 1705 3129 1741 se
3181 1683 3444 1740 Frontoni
3487 1684 3583 1734 ad-

332 1793 576 1847 tradidit.
609 1793 716 1848 Sed
771 1804 950 1849 tamen
988 1794 1120 1848 nihil
1154 1797 1440 1865 promovit,
1488 1797 1798 1851 maluerunt
1832 1799 1903 1867 pii
1937 1764 2332 1858 Biunxerant,
2381 1801 2503 1840 cum
2562 1785 2691 1838 clcri
2743 1797 2937 1850 corpus
2999 1781 3265 1846 integrum
3318 1783 3574 1832 maneat;

327 1883 580 1938 homines
622 1884 723 1939 sub
755 1886 844 1939 dio
876 1896 1172 1940 conventus
1201 1901 1329 1941 suos
1372 1902 1548 1956 agere,
1581 1903 1742 1956 quam
1785 1903 1906 1942 cum

329 1972 611 2031 Frontone
659 1977 1084 2032 communicare.
1133 1978 1316 2047 Itaque
1362 1978 1415 2032 in
1460 1980 1646 2033 vacuis
1707 1980 1909 2035 aedibus

327 2067 572 2136 quotidie
600 2083 722 2121 cum
753 2083 920 2135 parva
964 2077 1291 2123 sectatorum
1324 2084 1484 2122 manu
1535 2071 1904 2137 recumbebat,

328 2173 426 2227 pro
471 2160 816 2228 episcopatus
849 2161 1042 2231 gloria,
1074 2178 1232 2231 quam
1280 2172 1559 2230 tantopere
1589 2165 1910 2234 concupive-

330 2259 436 2312 rat,
467 2250 762 2318 ignominia
788 2263 842 2305 et
874 2253 1178 2322 opprobriis
1213 2263 1526 2322 coopertus.

404 2342 528 2396 llzec
559 2344 722 2412 paulo
765 2344 923 2398 aliter
976 2361 1040 2400 ac
1071 2345 1448 2400 Tillemoatius
1500 2345 1905 2414 descripsimus.

332 2435 620 2492 Existimat
646 2436 790 2490 enim
833 2437 1176 2493 doctissimus
1205 2439 1437 2508 scriptor
1467 2438 1904 2502 Demosthenem,

332 2545 454 2583 cum
516 2527 1018 2598 Nicopolitanorum
1093 2531 1301 2585 animos
1361 2531 1651 2584 levioribus
1731 2540 1908 2583 tenta-

333 2622 528 2673 mentis
557 2632 950 2691 Oppugnasset,
992 2631 1051 2676 ut
1093 2623 1361 2676 Eustathii
1394 2638 1552 2676 manu
1597 2623 1907 2690 epiSi-Oputn

333 2722 671 2779 aenipereiit,
718 2713 804 2765 ubi
852 2713 988 2766 vidit
1025 2727 1116 2767 eos
1170 2729 1275 2767 non
1325 2715 1552 2778 cedere,
1615 2715 1906 2767 violentum

335 2805 464 2857 illud
501 2821 695 2873 agmen
742 2805 1066 2857 Arianorum
1104 2806 1412 2862 immisisse.
1443 2806 1496 2859 In
1538 2823 1656 2860 eam
1691 2817 1904 2861 senten-

335 2897 460 2946 tiam
497 2896 885 2964 interpretatur
919 2897 1044 2951 illud
1075 2913 1140 2951 ex
1175 2899 1333 2966 epist.
1365 2898 1493 2961 257,
1528 2897 1625 2950 Ubi
1663 2900 1794 2951 videt
1824 2916 1910 2952 eos

338 2983 556 3038 libenter
580 3004 683 3039 non
713 2991 915 3054 cedere,
941 3003 1076 3040 nunc
1098 2988 1400 3056 aggreditur
1426 2988 1726 3042 violentiore
1753 3005 1911 3042 manu

336 3079 516 3129 datum
559 3077 670 3128 illis
720 3079 1016 3145 episconum
1051 3079 1385 3132 constituere.
1433 3077 1538 3132 Sed
1585 3081 1698 3132 haec
1741 3081 1911 3132 inter-

339 3172 569 3239 pretatio
602 3181 749 3226 stare
782 3188 888 3225 nou
923 3182 1128 3240 potest;
1169 3181 1382 3225 constat
1413 3173 1555 3225 enim
1588 3173 1913 3227 Frontonem

338 3265 405 3316 ab
450 3265 671 3318 Ariauis
723 3266 1092 3333 episcopatum
1144 3263 1438 3332 accepisse.
1484 3263 1663 3329 Quare
1707 3264 1914 3317 violen-

341 3357 466 3409 tiam
521 3356 704 3420 illam,
752 3373 912 3425 quam
967 3357 1350 3412 Demosthenes
1399 3356 1656 3410 adhibere
1689 3357 1913 3420 statuit,

339 3457 396 3498 ut
427 3448 614 3499 datum
655 3447 953 3513 episcopum
985 3445 1368 3512 constitueret,
1421 3460 1528 3499 non
1569 3445 1918 3499 immittendis

339 3540 556 3594 Arianis
600 3538 866 3600 adhibuit,
910 3539 999 3606 qui
1037 3536 1149 3605 jam
1197 3539 1536 3608 perfecerant
1578 3538 1719 3606 quod
1753 3539 1915 3590 situm

343 3633 393 3684 in
438 3630 568 3698 ipsis
600 3629 795 3689 fuerat,
826 3629 919 3681 sed
951 3627 1120 3682 sacris
1157 3628 1360 3682 aedibus
1399 3628 1655 3684 Frontoni
1687 3643 1780 3694 per
1811 3627 1917 3679 vim

347 3723 642 3776 tradendis.
699 3721 833 3775 Vide
884 3735 1006 3789 quae
1059 3701 1474 3775 observavimus
1515 3721 1580 3774 ad
1640 3719 1918 3789 epistolam

342 3817 467 3876 257.

414 3908 506 3960 ιν.
548 3905 691 3960 Tum
735 3921 854 3960 cum
905 3905 1293 3976 Nicopolitanis
1326 3906 1572 3975 graviora
1623 3905 1922 3958 minaretur

349 4003 764 4064 Demosthenes,
799 4014 982 4052 rumor
1017 4007 1132 4053 erat
1161 3997 1412 4063 Arianos,
1461 3996 1551 4064 qui
1594 3997 1730 4064 forte
1777 4011 1918 4048 non-

349 4096 473 4148 dum
525 4094 578 4146 in
610 4091 876 4144 Galatiam
911 4091 1203 4155 redierant,
1235 4089 1376 4142 aliud
1419 4088 1704 4142 concilium
1753 4087 1922 4140 rnedi—

348 4191 472 4247 tari,
504 4187 571 4238 ad
602 4184 743 4252 quod
775 4183 1093 4237 accersitum
1124 4182 1397 4246 Basiliam,
1432 4191 1524 4234 aut
1559 4195 1739 4234 secum
1775 4195 1922 4232 com-

349 4280 631 4332 monii-are
654 4285 934 4344 cogerent,
960 4281 1053 4328 aut
1083 4289 1176 4327 sua
1205 4274 1594 4327 consuetudine
1622 4279 1919 4325 uterentur.

348 4371 490 4424 lnter
524 4369 622 4422 has
666 4365 940 4419 molestias
981 4364 1206 4418 Basilius
1240 4363 1374 4417 nihil
1401 4365 1465 4416 de
1495 4362 1798 4416 valetudine
1827 4375 1921 4412 sua

2010 1891 2183 1947 neque
2240 1878 2402 1930 etiam
2462 1876 2623 1929 nimis
2690 1873 2944 1936 doleant,
2997 1869 3140 1938 quod
3192 1878 3342 1920 extra
3402 1878 3584 1916 muros

2009 1970 2165 2042 ejecti
2205 1970 2344 2032 sint,
2383 1969 2476 2022 sed
2510 1967 2555 2020 si
2586 1980 2689 2035 qua
2733 1965 2802 2018 sit
2837 1963 2940 2016 hac
2988 1963 3039 2014 in
3074 1975 3129 2013 re
3177 1956 3441 2019 molestia,
3487 1970 3584 2022 spe

2010 2062 2275 2117 mercedis
2315 2069 2370 2114 et
2421 2056 2658 2112 adluturi
2706 2055 2814 2108 cito
2860 2051 3048 2106 auxilii
3099 2056 3411 2104 constanter
3455 2059 3580 2111 per-

2011 2157 2206 2210 ferant.

2079 2245 2196 2299 Non
2225 2243 2390 2298 multo
2419 2249 2540 2310 post
2568 2240 2825 2306 scriptam
2854 2234 3088 2289 Eusebio
3128 2231 3410 2300 epistolam
3440 2227 3568 2291 2257,

2010 2338 2308 2392 Antiochus
2342 2351 2406 2388 ex
2435 2333 2656 2388 Oriente
2691 2331 2744 2383 in
2781 2327 3066 2381 Thraciam
3104 2322 3437 2378 contendens
3465 2321 3584 2373 Cae-

2012 2444 2168 2484 sarea
2207 2427 2444 2491 transiit,
2477 2441 2538 2479 ac
2569 2439 2722 2477 novae
2751 2419 2993 2490 cpistola:
3015 2417 3354 2471 occasionem
3389 2409 3586 2464 Basilio

2013 2522 2210 2576 attulit.
2265 2521 2414 2574 lianc
2456 2517 2769 2587 epistolam,
2817 2526 2936 2582 qua:
2980 2520 3063 2565 est
3103 2508 3207 2563 259
3233 2548 3248 2573 ,
3283 2523 3386 2559 non
3421 2503 3586 2556 multo

2011 2624 2133 2684 post
2153 2628 2271 2666 eam
2309 2626 2430 2680 qua:
2457 2619 2541 2662 est
2569 2609 2698 2671 257,
2734 2608 2988 2673 scriptam
3026 2618 3146 2657 esse
3177 2598 3499 2669 perspicitur
3521 2609 3588 2647 ex

2014 2708 2127 2774 ipso
2163 2703 2314 2757 initio
2349 2719 2364 2756 :
2396 2701 2552 2754 Dedit
2577 2699 2721 2751 nobis
2748 2695 2998 2749 Dominus
3027 2693 3184 2746 etiam
3221 2705 3423 2743 mino...
3445 2688 3590 2741 saltt-

2013 2808 2122 2851 tare
2181 2797 2513 2850 sanctitatem
2563 2805 2750 2855 tuam,
2802 2799 2904 2843 etc.
2963 2787 3170 2841 Statum
3225 2784 3586 2838 Ecclesiarum

2013 2889 2296 2956 deplorat,
2341 2902 2404 2940 ac
2435 2887 2501 2939 de
2554 2883 2742 2952 legatis
2771 2881 2996 2934 Romam
3029 2878 3306 2930 mittendis
3337 2874 3592 2928 nonnulla

2015 2980 2270 3044 disserit,
2304 2992 2422 3046 quae
2453 2979 2612 3029 modo
2651 2971 3105 3028 examinabimus.
3144 2967 3248 3021 Sed
3297 2975 3589 3031 antequam

2015 3073 2082 3126 ad
2116 3073 2254 3124 hanc
2303 3067 2626 3138 legationem
2655 3064 2940 3118 veniamus
2961 3102 2976 3126 ,
3006 3075 3125 3128 quae
3153 3056 3336 3110 multis
3365 3053 3594 3107 dillicul-

2023 3163 2220 3215 tatibus
2260 3160 2540 3228 implicata
2596 3165 2713 3221 est,
2767 3155 2870 3207 alia
2901 3151 3084 3206 Basilii
3119 3145 3592 3203 commemoranda

2020 3257 2087 3309 ad
2121 3227 2522 3321 Nicopolitanos
2567 3248 2913 3319 presbyteros
2943 3241 3188 3313 epistola.
3231 3240 3366 3293 Cum
3401 3251 3590 3306 parum
3636 3227 3642 3234 ”

2020 3347 2212 3402 beatus
2239 3343 2340 3398 sibi
2366 3343 2643 3396 videretur
2663 3340 2864 3394 Fronto
2889 3352 3073 3392 vacuae
3099 3332 3357 3388 Ecclesiae
3383 3343 3596 3401 posses-

2020 3439 2193 3502 sione,
2232 3451 2346 3489 rem
2383 3445 2505 3489 astu
2536 3442 2773 3486 tractare
2807 3440 2862 3484 et
2893 3430 3049 3483 ﬁdem
3082 3425 3400 3482 catholicam
3436 3421 3599 3492 proli-

2022 3533 2121 3585 teri
2166 3528 2332 3597 coepit
2366 3545 2381 3583 :
2411 3542 2586 3596 neque
2617 3542 2739 3580 eum
2786 3525 2898 3578 haec
2956 3523 3078 3576 alea
3114 3519 3336 3574 omnino
3374 3513 3594 3576 fefellit;

2022 3639 2146 3677 nam
2177 3621 2421 3676 nonnulli
2449 3619 2697 3673 dubitare
2730 3633 2794 3671 ac
2823 3617 3086 3670 ﬂuctuare
3119 3619 3420 3682 cmpernnt.
3453 3606 3598 3661 Inte-

2024 3717 2125 3770 rim
2161 3715 2296 3767 varii
2331 3725 2385 3768 et
2416 3713 2608 3766 incerti
2645 3725 2890 3766 rumores
2927 3707 3183 3761 Basiliuut
3225 3701 3592 3758 sollicitudine

2020 3807 2438 3875 distringebant,
2489 3812 2543 3857 et
2579 3813 2729 3856 certo
2781 3802 2924 3855 scire
2972 3798 3236 3865 majorem
3279 3794 3331 3846 in
3379 3791 3595 3843 modmn

2022 3901 2236 3961 avebat,
2274 3897 2403 3966 quid
2446 3895 2687 3962 Nicopoli
2726 3901 3011 3961 ageretur;
3043 3903 3162 3940 cum
3200 3891 3598 3952 per0pportune

2024 3996 2090 4049 ad
2117 4009 2238 4046 eum
2264 3989 2566 4060 presbyteri
2588 3984 2946 4056 Nic0politani
2975 3983 3237 4034 miserunt
3260 3991 3381 4030 cum
3407 3971 3598 4025 litteris

2024 4084 2385 4144 Theodosium
2419 4081 2940 4149 comprcsbyterum,
2972 4089 3038 4126 ex
3074 4085 3180 4140 quo
3207 4065 3417 4136 singula
3439 4078 3595 4115 accu-

2025 4187 2139 4231 rate
2187 4176 2463 4244 cognovit.
2503 4171 2594 4225 Sic
2643 4166 2934 4236 respondet
2955 4163 3184 4218 Basilius
3207 4200 3222 4224 ,
3253 4168 3310 4210 ut
3337 4172 3454 4224 qua:
3483 4156 3599 4220 ipse

2024 4269 2127 4322 sibi
2178 4265 2464 4328 suadebat,
2515 4263 2701 4316 eadem
2748 4259 2856 4313 illis
2892 4264 3198 4327 proponat:
3241 4263 3432 4316 nempe
3461 4248 3599 4299 hanc

2024 4359 2454 4430 persecutionem
2507 4357 2752 4409 eumdem
2809 4354 3010 4404 exitum
3058 4346 3400 4404 habituram,
3441 4354 3599 4406 quem

351 4462 593 4516 scribere
643 4459 876 4512 audebat
928 4457 1177 4518 Eusebio,
1223 4471 1290 4510 ne
1331 4470 1456 4509 vera
1503 4455 1728 4508 dicendo
1784 4453 1920 4506 allli-
1955 4489 2000 4544 0
2028 4451 2206 4503 multa:
2246 4451 2365 4502 alia:
2399 4446 2708 4516 superiores
2763 4443 3103 4502 habuerant;
3159 4434 3509 4504 (ptainobrelll
3553 4429 3600 4480 Si

2166 4543 2170 4544 ,
2278 4543 2281 4544 ,
2854 4533 2874 4544 ι-
3027 4532 3036 4544 ι
3201 4527 3238 4544 _!
3289 4523 3415 4544 leni.
3495 4533 3596 4544 ..Λ-ι

355 4566 525 4625 geret.
573 4551 895 4606 Iamdudum
943 4549 1115 4602 nullas
1157 4548 1386 4602 Eusebio
1426 4547 1633 4601 litteras
1677 4547 1920 4611 miserat,

349 4666 458 4704 non
502 4646 826 4716 negligentia
870 4652 964 4695 aut
997 4642 1294 4704 oblivione,
1341 4641 1432 4695 sed
1473 4643 1597 4710 quia
1629 4656 1747 4692 cum
1792 4639 1930 4692 scri-

349 4744 547 4810 psisset
593 4752 688 4805 per
728 4731 971 4786 Thracia:
1011 4733 1307 4794 vicarium,
1347 4741 1403 4783 et
1443 4745 1538 4798 per
1581 4729 1924 4798 pra-positum

352 4829 744 4901 Philippoliolis
804 4828 1215 4891 thesaurorum,
1277 4824 1469 4876 litterae
1534 4820 1754 4873 redditae
1819 4834 1924 4872 non

349 4925 592 4982 luerunt.
641 4921 970 4984 Peragrante
1021 4917 1160 4968 enim
1211 4913 1502 4981 parmciam
1564 4911 1783 4974 Basilio,
1829 4911 1925 4963 ad-

349 5021 500 5073 venit
544 5029 771 5084 vespere
803 5013 857 5066 in
905 5011 1093 5064 urbem
1131 5007 1386 5069 vicarius,
1419 5016 1473 5059 et
1518 5020 1728 5058 summo
1764 5018 1921 5058 mane

351 5115 504 5174 abiit,
534 5111 762 5179 ejusque
806 5105 1067 5159 adventus
1105 5115 1416 5154 teconomos
1462 5099 1702 5153 ecclesite
1739 5097 1914 5150 latuit.

352 5202 679 5270 Praapositus
744 5211 899 5258 vero,
943 5209 1102 5262 quem
1138 5192 1364 5246 Basilius
1412 5199 1688 5260 regaverat
1733 5199 1790 5241 ut
1832 5188 1922 5241 lit-

349 5310 496 5355 teras
550 5301 826 5355 sumeret,
879 5297 1102 5357 urgente
1155 5287 1386 5340 fortasse
1443 5285 1620 5353 aliquo
1683 5284 1920 5352 negotio,

349 5394 621 5466 profectus
651 5397 735 5442 est
769 5399 869 5438 nec
897 5381 1161 5448 susceptis
1194 5378 1386 5433 litteris
1417 5393 1516 5431 nec
1559 5375 1789 5431 salutato
1824 5372 1926 5428 Ba-

350 5488 487 5544 silio.
517 5484 591 5538 Eo
635 5479 948 5534 molestiora
983 5476 1098 5529 haec
1139 5483 1324 5538 erant,
1367 5471 1504 5540 quod
1553 5469 1790 5539 quotidie
1837 5483 1924 5523 res

349 5591 500 5632 nova:
527 5575 837 5634 evenirent,
865 5569 1059 5637 quibus
1090 5565 1322 5622 Eusebio
1352 5563 1650 5620 scribendis
1683 5561 1919 5617 dolorem

416 5769 490 5843 (ιι)
529 5771 624 5841 Ep.
652 5767 778 5832 253,
806 5762 930 5822 240.

2026 4543 2206 4612 gravis
2241 4543 2335 4602 sit,
2376 4554 2472 4608 spe
2503 4548 2718 4592 coronae
2753 4532 3127 4603 perferendam
3158 4545 3169 4579 :
3196 4527 3241 4578 si
3287 4523 3418 4576 levis
3442 4561 3456 4584 ,
3494 4533 3599 4570 non

2025 4635 2182 4686 valde
2229 4634 2280 4685 in
2341 4647 2510 4700 parvo
2549 4626 2892 4681 incommodo
2924 4621 3230 4690 lugendum.
3259 4615 3512 4667 llortatur
3544 4616 3602 4660 ut

2027 4723 2379 4776 meminerint
2403 4736 2461 4774 se
2492 4727 2788 4788 martyrum
2821 4723 2876 4766 et
2901 4711 3270 4766 coulessorum
3299 4701 3435 4754 lilios
3459 4711 3598 4760 esse,

2026 4829 2092 4868 ac
2123 4811 2437 4866 domesticis
2467 4808 2730 4876 exemplis
2761 4814 3002 4858 utantur.
3038 4799 3171 4852 lllud
3216 4805 3397 4847 autem
3437 4791 3599 4843 etiam

2035 4916 2196 4971 atque
2220 4903 2384 4958 etiam
2421 4909 2625 4963 monet,
2657 4914 2723 4952 ne
2753 4907 2912 4950 rectte
2945 4892 3067 4946 fidei
3092 4887 3431 4944 simulatione
3454 4881 3602 4935 delu-

2032 4996 2248 5048 dantur.
2296 4993 2469 5062 Negat
2524 5007 2584 5046 se
2638 4987 3076 5049 commissurum,
3154 4988 3213 5033 ut
3276 4977 3600 5030 Frontonem

2029 5087 2344 5157 episcopum
2376 5094 2656 5154 agnoscat;
2685 5085 2842 5150 idque
2864 5092 3049 5133 eorum
3080 5069 3415 5144 potissimum
3441 5076 3602 5118 causa

2036 5180 2295 5241 declarat,
2333 5194 2468 5247 quos
2517 5176 2766 5230 audierat
2795 5172 3096 5226 fluctuare:
3136 5179 3201 5218 ne
3244 5163 3364 5231 quis
3393 5173 3461 5211 cx
3492 5154 3598 5206 illis

2033 5271 2413 5326 communione
2439 5268 2730 5322 Frontonis
2751 5268 3244 5335 praaoccuparetur,
3268 5263 3362 5308 aut
3384 5257 3600 5317 accepta

2033 5367 2101 5422 ab
2129 5383 2194 5422 eo
2223 5367 2562 5421 ordinatione
2582 5402 2599 5430 ,
2633 5373 2817 5433 postea
2848 5360 3054 5414 reddita
3084 5368 3215 5426 pace
3251 5351 3360 5404 vim
3399 5345 3604 5399 faceret

2032 5464 2232 5534 gradus
2262 5460 2528 5517 retinendi
2559 5473 2741 5513 causa.
2771 5454 3120 5524 Perspicuum
3151 5456 3235 5501 est
3263 5448 3376 5498 haec
3403 5438 3604 5504 scripta

2032 5573 2187 5624 esse.
2244 5564 2533 5627 antequam
2582 5548 2972 5624 persecutionis
3005 5537 3603 5618 ,violentia'cresceret.
