4040 6216
435 391 439 399 γ
462 331 624 376 ωιν

1808 331 2339 397 PROLEGOMENA.

466 428 715 484 Nondum
748 428 891 484 enim
922 429 1140 486 inﬂictae
1166 440 1323 488 erant
1348 431 1539 506 plagte,
1559 440 1795 497 nondum
1823 448 2036 515 exsilia,
2065 450 2111 507 Α
2140 447 2347 504 duabus
2412 451 2623 519 litteris,
2688 469 2808 524 qua-
2862 472 2891 511 a
2940 463 3273 534 presbyteris
3326 466 3595 530 Dorotbeo
3644 481 3709 534 α

466 518 706 575 nondum
740 534 1010 575 carceres.

537 631 620 687 Ad
641 631 742 686 hoc
782 640 991 701 tempus
1019 634 1251 703 pertinet
1283 638 1600 701 brevissima
1638 649 1705 705 ad
1742 651 2032 711 Eusebium

464 722 713 790 epistola,
742 736 862 790 qua:
892 731 977 778 est
1006 725 1370 784 ducentesima
1399 738 2031 813 quadragesima;prima.

464 810 689 865 Videtur
744 823 968 881 questus
1020 829 1141 870 esse
1186 818 1490 893 Eusebius,
1541 832 1683 896 quod
1734 833 1786 887 in
1818 810 2033 894 litteris

462 900 646 956 Basilii
682 904 816 957 nihil
851 906 953 961 uisi
988 923 1223 966 maerore
1256 922 1309 967 et
1348 915 1604 990 lacrymis
1639 924 1855 993 dignum
1891 929 2035 999 lege-

463 1003 546 1047 ret
582 1012 596 1048 :
632 997 774 1064 quod
831 998 1048 1065 quidem
1089 1005 1458 1071 superioribus
1491 1012 1702 1069 duabus
1742 1020 1807 1069 ad
1859 997 2030 1075 Euse-

467 1081 617 1135 bium
659 1084 900 1152 epistolis
932 1090 1132 1154 optime
1162 1095 1430 1164 congruit.
1463 1097 1771 1169 Respondet
1802 1103 2030 1164 Basilius

458 1185 519 1226 se
571 1172 638 1227 de
671 1175 913 1231 molestis
959 1179 1121 1233 rebus
1167 1197 1308 1254 saepe
1350 1191 1619 1257 scribere,
1650 1209 1753 1248 nou
1804 1206 1862 1249 ut
1891 1198 2031 1254 illius

457 1262 696 1319 dolorem
734 1277 960 1335 augeat,
989 1272 1081 1325 sed
1112 1282 1168 1326 ut
1191 1289 1345 1330 suum
1379 1279 1493 1348 ipse
1538 1282 1724 1348 leniat,
1763 1300 1827 1340 ac
1861 1288 2029 1343 Euse-

456 1351 606 1408 bium
640 1355 704 1408 ad
734 1356 1054 1415 intentiores
1079 1376 1177 1430 pro
1198 1364 1437 1423 Ecclesia
1468 1386 1655 1439 preces
1677 1378 1896 1434 excitet.

534 1463 597 1521 ν.
652 1466 770 1524 Duo
793 1473 1225 1538 praestantissimi
1257 1477 1512 1536 Ecclesia:
1537 1484 1884 1542 Antiochense
1909 1503 2029 1557 pre-

457 1556 685 1628 sbyteri,
713 1561 1015 1625 Dorotheus
1039 1576 1094 1622 et
1124 1568 1529 1635 Sanctissimus,
1560 1591 1754 1646 magno
1774 1556 2027 1636 Ecclesiae

457 1651 804 1718 paciﬁcanda:
833 1658 1010 1712 studio
1038 1657 1374 1729 ﬂagrabant;
1423 1678 1655 1734 cumque
1683 1669 1935 1735 precibus
1970 1681 2025 1727 et

460 1738 768 1847 Ihortatibus
810 1742 1051 1816 egissent
1079 1750 1221 1818 apud
1261 1752 1544 1822 episcopos
1584 1753 1919 1825 Orientales,
1966 1769 2025 1815 ut
2053 1791 2097 1847 Β

455 1824 652 1894 legatio
681 1830 734 1885 in
764 1831 1108 1892 Occidentem
1142 1840 1473 1907 mitteretur,
1502 1844 1789 1899 commissa
1810 1824 2022 1917 utrique

454 1917 570 1972 base
595 1923 868 1989 provincia
896 1928 1041 1983 circa
1067 1929 1271 1985 Pascha
1299 1931 1459 1999 huius
1486 1936 1613 1989 anni
1644 1936 1768 1994 576.
1800 1938 2023 1994 Videtur

454 2009 760 2071 Dorotheus
793 2019 1069 2085 superiore
1097 2034 1357 2081 autumno
1379 2025 1604 2081 Romam
1633 2031 1898 2099 cogitasse
1920 2032 2018 2104 (α),

452 2102 539 2156 vel
564 2105 752 2162 saltem
785 2107 1045 2167 Basilium
1090 2115 1338 2172 hortatus
1377 2116 1568 2188 fuisse,
1604 2129 1662 2174 ut
1699 2102 2016 2192 Gregorium

450 2190 753 2266 Nyssenum
788 2200 842 2255 in
877 2202 1222 2261 Occidentem
1257 2208 1491 2279 legatum
1534 2212 1791 2269 mitteret.
1813 2190 2019 2272 —Caruit

449 2286 600 2340 exitu
634 2288 737 2345 hoc
758 2294 1066 2363 consilium,
1092 2299 1207 2354 sive
1235 2302 1361 2370 quia
1395 2301 1710 2375 Gregorius,
1739 2317 1797 2360 ut
1827 2311 2019 2377 praevi-

449 2374 605 2430 derat
648 2378 912 2452 Basilius,
957 2385 1058 2442 hoc
1089 2404 1284 2446 munus
1327 2374 1603 2463 suscipere
1634 2374 1843 2463 noluit,
1874 2402 2018 2470 quod

449 2463 598 2521 illius
640 2475 901 2529 stomachi
937 2492 1042 2532 non
1082 2492 1232 2544 erat,
1281 2484 1396 2538 sive
1424 2485 1531 2540 alia
1571 2487 1640 2542 de
1683 2504 1867 2543 causa.
1901 2490 2009 2547 Sed

450 2564 630 2612 tamen
685 2561 1012 2622 Dorotheum
1059 2569 1113 2624 in
1166 2571 1452 2630 Thraciam
1497 2578 1743 2646 venisse,
1787 2590 1843 2634 et
1891 2596 2012 2636 cum

446 2648 679 2708 Eusebio
709 2656 1071 2716 Samosatensi
1116 2662 1285 2721 fuisse
1330 2683 1468 2724 anno
1511 2671 1618 2726 575
1646 2684 1879 2730 exeunte
1927 2676 2011 2730 vel

443 2741 551 2798 576
573 2746 788 2804 ineunte
809 2790 824 2815 ,
868 2753 1127 2811 discimus
1157 2772 1224 2812 ex
1253 2760 1477 2828 epistola
1503 2761 1639 2830 259,
1669 2778 1790 2833 quae
1811 2767 2011 2835 scripta

445 2845 532 2890 est
566 2853 670 2893 non
710 2842 879 2911 multo
902 2856 1024 2914 post
1055 2848 1266 2904 initium
1293 2853 1418 2906 anni
1448 2852 1574 2908 576.
1606 2854 1736 2912 Erat
1757 2872 1878 2912 cum
1908 2856 2013 2913 Ba-

444 2926 566 2982 silio
593 2931 680 2985 vel
728 2932 784 2987 in
815 2935 1061 2993 ﬁnitimis
1113 2940 1285 3006 locis,
1332 2958 1455 2998 cum
1487 2943 1715 3001 Basilius
1765 2950 2009 3005 eamdem

441 3019 730 3087 epistolam
780 3028 1019 3097 scripsit.
1080 3031 1253 3102 Rogat
1296 3035 1442 3088 enim
1491 3035 1780 3092 Eusebium
1823 3041 2009 3109 quales

442 3115 684 3168 redeunti
719 3115 991 3176 Dorotheo
1019 3122 1206 3179 dandae
1248 3124 1358 3180 sint
1400 3127 1593 3181 littera:
1632 3146 1647 3183 :
1694 3127 1833 3185 forte
1870 3132 2011 3186 enim
2040 3129 2082 3187 C

440 3206 692 3261 comitem
742 3207 891 3262 illum
942 3210 1184 3267 futurum
1233 3216 1438 3284 Optimo
1491 3217 1869 3289 Sanctissimo,
1913 3226 2007 3292 qui

442 3306 642 3362 magno
675 3297 840 3352 animi
883 3300 1076 3357 ardore
1120 3304 1397 3361 Orientem
1452 3312 1809 3380 peragrabat,
1849 3323 1904 3369 et
1941 3316 2010 3371 ab

442 3380 746 3451 insignibus
813 3389 1115 3461 quibusque
1166 3396 1433 3466 episcopis
1481 3399 1908 3472 subscriptiones
1954 3412 2010 3460 et

438 3475 700 3544 epistolas
720 3479 1031 3553 colligebat.

503 3607 736 3679 Legatos
766 3613 819 3668 in
844 3614 1188 3675 Occidentem
1239 3623 1379 3679 mitti
1413 3624 1520 3680 non
1554 3628 1777 3684 multum
1809 3633 2007 3700 proba-

437 3698 530 3755 bat
570 3701 845 3761 Basilius:
876 3710 925 3764 si
967 3712 1112 3766 enim
1157 3713 1421 3772 Dominus
1465 3720 1733 3789 propitius
1761 3698 1874 3790 ﬁat,
1901 3725 2006 3781 alio

435 3804 570 3860 Opus
603 3810 708 3850 non
756 3797 870 3855 fore
898 3804 1101 3860 auxilio
1134 3823 1148 3860 :
1190 3808 1234 3861 si
1267 3808 1361 3863 Dei
1396 3811 1475 3863 ira
1505 3827 1854 3882 perseveret,
1895 3833 2000 3871 non

435 3897 629 3953 magno
674 3890 923 3957 prmsidio
972 3892 1213 3949 futurum
1255 3896 1603 3957 Occidentale
1637 3906 2002 3974 supercilium.

434 3971 657 4030 Frustra
685 3980 946 4049 ejusmodi
980 3987 1224 4042 homines
1255 3993 1398 4044 orari
1428 3971 1798 4064 demonstrat,
1844 3997 2003 4053 allato

434 4063 488 4119 in
512 4080 630 4121 eam
676 4076 995 4128 sententiam
1022 4092 1176 4133 versu
1230 4080 1534 4138 Homerico.
1566 4085 1809 4142 Nondum
1855 4091 1999 4145 enim

433 4157 607 4215 callus
638 4161 906 4221 obductus
952 4178 1070 4223 erat
1095 4172 1266 4226 dolori
1292 4214 1307 4239 ,
1346 4190 1504 4245 quem
1538 4194 1603 4232 ex
1652 4179 1825 4234 inutili
1861 4181 2003 4237 litte-

434 4264 615 4303 rarum
647 4254 774 4306 anni
801 4255 904 4310 Z72
947 4258 1118 4326 exitu,
1150 4270 1204 4315 et
1235 4280 1301 4317 ex
1332 4269 1604 4336 responsis
1626 4285 1811 4339 parum
1834 4274 2002 4342 ecquis

430 4356 528 4412 per
574 4342 861 4414 Evagrium
922 4364 1065 4404 anno
1099 4352 1203 4408 575
1237 4355 1411 4412 allatis
1455 4373 1796 4429 conceperat.
1859 4365 1997 4431 Quin

2141 534 2500 595 Sanctissimo
2543 542 2762 611 perlatae
2785 554 2997 613 Optatos
3023 551 3199 605 exitus
3225 554 3540 615 habuerunt.

2214 627 2353 683 Sunt
2382 628 2466 685 hae
2494 630 2686 687 littera:
2724 632 2832 688 242
2873 648 2928 691 et
2972 637 3096 694 245.
3135 640 3313 699 Prima
3349 644 3703 711 Orientalium

2136 718 2357 776 nomine
2423 720 2859 781 Occidentalibus
2915 730 3133 799 scripta.
3190 735 3425 793 Alteram
3471 740 3705 805 Basilius

2133 811 2387 878 privatim
2426 815 2643 884 scripsit
2677 818 2743 871 ad
2784 818 2949 874 Italiae
2993 830 3045 875 et
3079 822 3265 881 Galliae
3309 830 3607 903 episcopos.
3640 839 3703 894 In

2132 902 2307 969 prima
2373 903 2676 974 signiﬁcant
2734 907 3036 968 Orientales
3075 929 3135 969 se
3169 915 3310 972 inter
3352 902 3701 990 gravissimas

2134 989 2395 1064 procellas
2428 993 2492 1046 ab
2526 993 2886 1051 Ecclesiarum
2925 999 3243 1063 defensioue
3277 989 3381 1062 non
3412 1012 3696 1083 dimoveri,

2132 1095 2234 1135 nec
2286 1089 2524 1137 animum
2577 1086 2954 1157 despondere,
3003 1102 3057 1146 ct
3095 1095 3293 1153 idcirco
3326 1102 3581 1157 auxilium
3626 1109 3698 1163 ab

2133 1170 2420 1230 Occidente
2462 1174 2577 1243 jam
2625 1193 2768 1248 saepe
2813 1193 3181 1252 exspectatum
3223 1202 3459 1256 poscere.
3491 1192 3696 1251 Nume-

2139 1274 2261 1318 rant
2285 1266 2550 1320 decimum
2590 1270 2810 1325 tertium
2841 1278 3231 1342 persecutionis
3259 1296 3478 1350 annum,
3506 1286 3559 1339 in
3586 1305 3695 1357 qua

2127 1355 2308 1423 plures
2358 1357 2618 1416 Ecclesiis
2672 1365 2917 1421 evenisse
2965 1366 3284 1425 aﬂlictioues
3343 1388 3694 1447 asseverant,

2127 1457 2287 1510 quam
2334 1447 2578 1503 evenisse
2621 1463 3012 1522 memorantur,
3056 1472 3121 1511 ex
3174 1473 3283 1529 quo
3341 1461 3690 1534 Evangelium

2125 1533 2325 1589 Christi
2374 1541 2743 1597 annuntiatur.
2792 1543 3000 1615 Rogant
3048 1564 3181 1617 ergo
3224 1561 3281 1605 ut
3332 1533 3549 1610 tandem
3581 1559 3688 1614 ali-

2125 1628 2338 1694 quando
2368 1630 2648 1685 mittantur
2673 1648 2737 1687 ex
2767 1633 3074 1704 Occidente,
3097 1641 3188 1710 qui
3219 1640 3475 1702 Orientali
3500 1646 3691 1707 Eccle-

2127 1717 2219 1770 siae
2245 1732 2400 1786 opem
2434 1720 2628 1777 ferant.

2198 1808 2408 1878 Scripta
2454 1822 2539 1867 est
2570 1813 2622 1867 in
2652 1816 2894 1871 eamdem
2933 1821 3256 1877 sententiam
3304 1826 3525 1907 epistola
3556 1831 3687 1888 245.

2126 1898 2298 1970 Rogat
2322 1901 2554 1960 Basilius
2591 1916 2649 1960 ut
2675 1907 3049 1978 imperatorem
3074 1898 3378 1972 Occidentis
3398 1922 3686 1979 certiorem

2123 1990 2324 2046 faciant
2354 1995 2420 2050 de
2467 1997 2533 2051 iis
2570 2013 2691 2068 quae
2725 2012 2986 2070 geruntur
3020 2004 3072 2058 in
3122 2006 3377 2077 Oriente;
3424 2015 3506 2066 vel
3546 2016 3590 2071 si
3633 2017 3689 2072 id

2123 2080 2334 2137 dilllcile
2365 2083 2547 2156 fuerit,
2585 2089 2776 2145 saltem
2811 2091 2911 2162 ipsi
2957 2096 3172 2151 mittant
3203 2100 3296 2168 qui
3339 2104 3686 2163 consolentur

2122 2169 2365 2229 aﬁlictos.
2414 2172 2726 2233 Persecutio
2776 2182 2995 2237 uberius
3039 2184 3383 2254 describitur,
3413 2206 3573 2256 quam
3630 2195 3685 2248 in

2120 2264 2385 2329 superiori
2412 2266 2661 2335 epistola.
2691 2267 2887 2325 Narrat
2924 2271 3151 2327 Basilius
3181 2278 3457 2349 episcopos
3481 2282 3683 2338 indicta

2119 2366 2280 2408 causa
2322 2356 2603 2427 damnari;
2639 2359 2748 2413 imo
2777 2362 3061 2418 nonnullus
3091 2365 3208 2421 sine
3236 2371 3640 2428 accusatoribus
3664 2413 3681 2436 .

2118 2445 2235 2499 sine
2264 2447 2638 2513 tribunalibus,
2674 2453 2993 2523 intempesta
3028 2465 3182 2510 nocte
3221 2467 3439 2528 raptos,
3470 2462 3522 2516 in
3560 2463 3681 2518 lon-

2117 2535 2346 2606 ginquas
2393 2538 2637 2608 regiones
2671 2540 2882 2611 fugatos
2907 2543 3087 2599 fuisse.
3120 2545 3252 2600 Hinc
3287 2547 3421 2618 fugae
3453 2552 3684 2624 presby-

2120 2637 2355 2682 terorum
2382 2637 2436 2685 et
2466 2630 2817 2687 diaconorum
2842 2675 2859 2702 ,
2888 2635 3015 2690 cleri
3044 2638 3384 2707 depopulatio
3404 2681 3421 2706 ,
3456 2645 3679 2713 populo-

2115 2732 2234 2771 rum
2261 2721 2517 2788 gemitus,
2544 2722 2733 2777 altaria
2770 2726 3032 2794 spirituali
3063 2729 3206 2781 cultu
3234 2734 3499 2800 vacantia,
3537 2737 3677 2793 mdes

2115 2809 2445 2877 precationis
2470 2811 2669 2869 clausae
2710 2815 2828 2870 sine
2855 2819 3208 2875 concionibus
3246 2836 3311 2878 ac
3338 2826 3632 2896 synaxihus
3661 2850 3677 2886 :

2114 2903 2240 2957 dum
2271 2902 2526 2959 Ecclesiae
2573 2907 2837 2964 columnae
2869 2909 3126 2980 dispersae
3168 2924 3328 2978 sunt,
3364 2918 3584 2973 haeresis
3613 2917 3679 2974 li-

2114 2993 2378 3049 bertatem
2424 3006 2619 3063 nacta,
2660 2999 3058 3057 multitudinem
3101 3004 3305 3061 inducit
3330 3008 3587 3073 deorum,
3622 3021 3679 3065 et

2117 3079 2377 3151 Spiritum
2401 3096 2651 3141 sanctum
2685 3088 2878 3156 rejicit,
2910 3106 2974 3146 ac
3002 3094 3124 3147 dum
3166 3096 3345 3150 omnia
3374 3096 3478 3151 sibi
3503 3099 3677 3154 eccle-

2115 3172 2332 3227 siastica
2380 3174 2563 3229 munia
2608 3187 2867 3247 arrogat,
2922 3180 3282 3249 haptismata,
3328 3186 3677 3244 deductiones

2108 3262 2562 3331 proﬁciscentium
2587 3305 2603 3330 ,
2632 3269 3034 3326 consolationes
3070 3276 3481 3342 aegrotantium,
3521 3293 3674 3331 com-

2110 3355 2392 3410 muniones
2456 3360 2857 3426 mysteriorum,
2892 3361 3147 3418 Ecclesia:
3192 3364 3329 3421 tilios
3361 3368 3536 3436 impiae
3573 3371 3674 3423 do-

2105 3446 2296 3501 ctrina:
2332 3448 2644 3505 assuefacit.
2682 3450 2809 3513 Haec
2832 3468 2897 3508 eo
2923 3454 3227 3510 molestiora
3247 3467 3401 3512 erant
3427 3456 3675 3515 Orienta-

2108 3536 2289 3602 libus,
2342 3541 2484 3607 quod
2534 3552 2833 3619 metuerent
2878 3562 2947 3601 ne
3003 3547 3309 3603 incendium
3353 3562 3674 3622 consumpto

2105 3627 2326 3684 Oriente
2348 3631 2695 3687 Occidentem
2718 3635 2880 3690 etiam
2909 3639 3244 3707 pervaderet.

2176 3720 2264 3777 Vl.
2307 3721 2450 3778 Duos
2504 3723 2624 3780 illos
2666 3730 3013 3799 presbyteros
3079 3731 3236 3801 paulo
3284 3737 3405 3802 post
3454 3733 3661 3790 Pascha

2103 3812 2261 3883 hujus
2290 3815 2414 3871 anni
2456 3815 2560 3870 576
2613 3816 2667 3871 in
2720 3817 3063 3875 Occidentem
3127 3838 3229 3876 non
3261 3826 3433 3880 serius
3487 3826 3673 3896 profe-

2103 3914 2219 3959 ctos
2251 3919 2372 3960 esse
2392 3947 2409 3972 ,
2443 3908 2543 3963 hoc
2585 3909 3162 3982 maximeargumento
3211 3909 3366 3971 nixus
3396 3920 3669 3985 existimo,

2102 3997 2245 4064 quod
2277 3998 2417 4051 idem
2452 3997 2749 4068 legatorum
2783 4017 2978 4057 munus
3002 4005 3196 4060 iterum
3225 4007 3476 4076 obierint,
3502 4022 3558 4064 et
3594 4012 3668 4067 ab

2102 4101 2289 4142 eorum
2313 4102 2379 4141 ex
2411 4089 2647 4143 secunda
2672 4091 2939 4163 legatione
2969 4095 3143 4150 reditu
3171 4111 3342 4166 usque
3365 4100 3428 4152 ad
3453 4100 3667 4156 initium

2104 4177 2235 4231 anni
2264 4176 2389 4242 578,
2418 4180 2675 4246 nonnulla
2703 4184 3003 4250 evenerint,
3029 4200 3147 4254 quae
3171 4198 3296 4255 apte
3325 4187 3531 4258 disponi
3557 4207 3667 4247 non

2100 4279 2344 4337 possent,
2374 4270 2419 4325 si
2455 4271 2630 4339 prima
2658 4270 2853 4342 legatio
2883 4273 3061 4327 serius
3089 4275 3420 4343 contigisset.

2170 4357 2356 4428 Neque
2385 4360 2549 4414 etiam
2590 4360 2748 4414 citius
2778 4360 2890 4416 haec
2937 4361 3131 4431 legatio
3161 4365 3329 4432 possit
3371 4366 3663 4437 collocari,

430 4435 591 4489 etiam
610 4439 806 4495 vulnus
836 4440 1198 4499 refricuerant
1224 4448 1526 4504 novissimae
1552 4451 1761 4507 Damasi
1787 4454 1998 4519 litterae,

2114 4447 2158 4500 in
2192 4465 2301 4518 quo
2336 4465 2463 4504 sane
2489 4450 2866 4505 aTillemontii
2895 4455 3157 4507 sententia
3198 4454 3353 4526 longe
3385 4435 3666 4515 distamus.

428 4542 548 4594 qua:
579 4529 803 4585 Paulino
831 4534 1207 4604 episcopatum.
1234 4540 1600 4596 attribuebant
1621 4553 1641 4607 ',
1677 4543 2001 4601 defraudato

428 4616 666 4675 Meletio.
731 4619 932 4678 Narrat
993 4626 1048 4679 in
1108 4630 1296 4682 eadem
1353 4632 1575 4699 epistola
1629 4632 1734 4689 259
1788 4636 1888 4691 sibi
1943 4637 2000 4693 in

427 4698 664 4767 mentem
695 4715 914 4771 venisse
951 4718 1207 4786 privatim
1244 4720 1311 4774 ad
1357 4724 1700 4793 coryphaeum
1731 4724 1998 4783 Occiden-

429 4800 615 4855 talium
642 4805 903 4871 scribere,
924 4806 994 4863 de
1014 4808 1174 4863 rebus
1196 4811 1411 4877 quidem
1435 4814 1820 4871 ecclesiasticis
1843 4818 1995 4886 nihil,

428 4891 534 4945 nisi
556 4896 697 4961 quod
723 4895 1076 4966 insinuasset,
1111 4915 1287 4971 neque
1310 4902 1429 4957 illos
1458 4904 1522 4959 de
1561 4906 1722 4963 rebus
1755 4907 1994 4968 Orientis

428 4994 555 5036 vera
586 4999 766 5053 nosse,
813 5003 988 5059 neque
1021 4993 1187 5059 viam,
1227 5008 1332 5064 qua
1360 4998 1566 5065 possint
1608 4999 1814 5056 discere
1836 5041 1851 5066 ,
1880 5017 1999 5056 am-

427 5073 589 5144 plecti
616 5092 630 5140 ;
658 5092 722 5131 ac
750 5083 1046 5149 generatim
1072 5123 1089 5147 ,
1121 5085 1431 5142 hominibus
1454 5128 1469 5153 ,
1499 5104 1636 5159 quos
1675 5095 1997 5150 tentatioues

429 5163 697 5237 alﬂigunt,
730 5168 1094 5228 insultandum
1127 5170 1232 5230 non
1280 5193 1401 5233 esse
1425 5219 1440 5245 ,
1471 5195 1646 5251 neque
1680 5184 1997 5255 dignitatem

428 5257 845 5315 exiStimandam
892 5276 1011 5320 esse
1038 5269 1364 5337 superbiam.
1406 5269 1523 5325 Non
1570 5281 1749 5329 tamen
1791 5275 1999 5333 obstitit

432 5349 685 5420 legationi
716 5353 985 5424 Basilius;
1017 5375 1192 5431 neque
1217 5364 1361 5418 enim
1398 5364 1444 5419 is
1471 5378 1613 5431 erat,
1645 5369 1736 5438 qui
1769 5369 1860 5423 ulli
1891 5369 1995 5426 Ec-

431 5443 611 5499 clesiae
638 5450 921 5504 commodo
946 5465 1150 5507 moram
1168 5453 1416 5510 aﬁ'erret:
1442 5459 1535 5512 sed
1563 5459 1741 5528 potius
1766 5459 2000 5515 libenter

2105 4540 2153 4595 Is
2199 4542 2342 4596 enim
2379 4541 2607 4611 legatum
2657 4559 2799 4598 anno
2842 4545 2948 4599 575
2980 4556 3071 4599 aut
3122 4546 3227 4601 574
3281 4547 3501 4601 missum
3541 4564 3670 4606 esse

2103 4632 2438 4689 Dorotheum
2468 4634 2763 4700 existimat,
2794 4646 2851 4690 et
2888 4652 3030 4690 anno
3060 4638 3198 4704 575,
3246 4640 3345 4693 sub
3372 4639 3530 4695 linem
3565 4656 3669 4696 au-

2100 4725 2269 4778 tumni
2321 4725 2566 4780 rediisse.
2631 4727 2685 4781 l°
2741 4727 3015 4782 Neminem
3067 4742 3213 4783 anno
3280 4728 3385 4784 575
3443 4732 3668 4788 missum

2102 4811 2272 4867 fuisse
2298 4814 2410 4883 jam
2440 4828 2600 4884 supra
2629 4817 2760 4871 satis
2792 4819 3101 4886 probatum.
3134 4817 3343 4873 Nullum
3384 4821 3668 4891 legationis

2098 4905 2382 4975 vestigium
2421 4905 2622 4961 habent
2679 4910 2806 4963 anni
2860 4909 2964 4964 575
3004 4919 3097 4963 aut
3142 4909 3246 4964 574
3293 4911 3494 4967 Fucum
3541 4914 3668 4971 fecit

2101 5000 2329 5055 eruditis
2352 5002 2483 5059 viris
2506 5004 2759 5075 opinatus
2784 5005 3035 5061 Dorothei
3059 5021 3122 5061 ex
3149 5007 3437 5063 Occidente
3462 5010 3668 5066 reditus

2102 5106 2246 5146 anno
2293 5092 2422 5157 575,
2474 5110 2635 5164 quem
2689 5095 2949 5166 colligunt
2977 5111 3044 5151 ex
3091 5098 3175 5153 his
3201 5101 3381 5155 verbis
3426 5101 3666 5169 epistolas

2100 5185 2242 5242 259:
2281 5187 2359 5243 De
2389 5193 2541 5245 rebus
2581 5201 2753 5244 autem
2779 5190 3202 5247 Occidentalibus
3226 5192 3371 5258 prius
3390 5193 3499 5259 ipss
3520 5194 3666 5247 didi-

2102 5280 2220 5332 cisti
2247 5316 2263 5344 ,
2302 5292 2551 5336 narrante
2596 5284 2773 5337 omnia
2819 5283 2986 5351 fratre
3029 5281 3328 5351 Dorotheo,
3372 5285 3457 5338 cui
3482 5285 3662 5355 quales

2101 5370 2294 5427 danda
2339 5389 2522 5427 rursus
2544 5412 2560 5438 ,
2607 5373 2794 5429 litterae
2821 5374 3033 5428 abeunti
3054 5375 3081 5428 1’
3119 5373 3197 5428 Ex
3231 5374 3313 5429 his
3340 5375 3665 5430 concludunt

2104 5463 2435 5521 Dorotheum
2455 5466 2624 5522 Roma
2650 5468 2983 5534 redeuntem,
3003 5465 3144 5539 apud
3169 5467 3453 5521 Eusebium
3470 5466 3659 5535 fuisse,

433 5537 705 5592 communi
734 5552 909 5597 causae
928 5542 1117 5600 stilum
1157 5559 1313 5602 suum
1345 5548 1606 5619 impendit
1638 5551 1689 5606 in
1716 5552 2003 5608 exarandis
2090 5558 2252 5629 eique
2291 5560 2357 5616 de
2414 5559 2576 5617 rebus
2613 5561 2666 5618 in
2702 5561 2997 5619 Occidente
3038 5537 3342 5633 perspectis
3384 5572 3655 5621 narrasse.

498 5709 577 5785 (α)
616 5712 712 5785 Ep,
740 5714 865 5771 215.
