4040 6216
1691 375 1852 430 νιτΑ
1893 376 1953 432 S.
1995 374 2258 431 BASILII.

3453 379 3588 420 εχιγ

345 494 449 552 Sed
489 492 766 563 quomodo
805 491 1145 556 Dorotheus,
1183 487 1272 558 qui
1320 488 1420 542 snb
1463 488 1673 542 initium
1725 489 1916 543 hiemis
1947 494 1994 550 Α
2022 487 2235 551 rabant,
2281 501 2442 557 quam
2473 501 2594 540 cum
2628 485 2852 554 imperio
2881 482 3117 538 Valentis
3151 481 3393 536 sciebant
3437 481 3587 538 ince-

348 602 488 643 anno
525 584 632 638 575
677 584 908 637 Romam
949 583 1166 652 quidem
1199 580 1465 649 cogitabat
1496 577 1598 648 (a),
1623 579 1714 632 sed
1742 587 1920 631 tamen

349 681 587 736 nondum
627 676 830 732 litteris
852 676 1229 744 episcOporum
1269 673 1566 726 instructus
1595 679 1713 724 erat
1739 711 1755 736 ,
1785 685 1922 724 non-

350 774 478 828 dum
523 771 812 841 episcopos
870 777 1064 822 nactus
1120 777 1278 830 erat,
1313 765 1507 834 quibus
1559 763 1808 818 comitem
1866 777 1926 816 se

349 863 561 921 itineris
590 875 713 915 esse
746 859 1001 929 optabat;
1048 857 1314 926 quomodo
1338 895 1352 920 ,
1398 854 1641 923 inquam,
1679 863 1786 906 tam
1813 853 1925 907 cito

353 955 531 1009 redire
563 952 737 1021 potuit
765 990 779 1013 ,
832 958 892 1002 ut
924 949 975 1002 in
1007 948 1238 1002 Thracia
1283 947 1420 1015 apud
1459 945 1744 999 Eusebium
1782 953 1927 997 esset

350 1045 507 1098 initio
545 1043 672 1096 anni
705 1041 851 1096 576?
883 1038 1001 1095 Non
1054 1041 1194 1093 enim
1245 1038 1462 1092 dubium
1509 1044 1591 1092 est
1619 1038 1771 1106 quin,
1802 1051 1924 1090 cum

360 1135 601 1190 Basilius
671 1132 934 1187 scriberet
980 1129 1258 1200 epistolam
1325 1128 1431 1182 2'59
1477 1127 1714 1200 (scripsit
1748 1137 1926 1179 autem

352 1244 460 1282 non
495 1227 668 1280 multo
707 1233 830 1294 post
865 1223 1079 1277 initium
1111 1223 1236 1275 anni
1270 1221 1397 1289 576)
1427 1261 1441 1283 ,
1470 1220 1581 1289 jam
1615 1229 1725 1272 tum
1757 1219 1928 1272 Doro-

355 1320 518 1375 theus
556 1319 623 1372 ab
659 1315 893 1370 Eusebio
930 1314 1268 1367 discessisset
1294 1322 1348 1366 et
1384 1311 1436 1364 in
1465 1308 1805 1378 Cappadocia
1837 1314 1928 1360 aut

357 1410 607 1466 ﬁnitimis
641 1408 776 1462 locis
811 1415 1146 1460 versaretur.
1186 1403 1339 1460 Unde
1380 1404 1654 1473 quaerebat
1698 1400 1928 1455 Basilius

353 1519 604 1576 quaenam
630 1502 679 1556 ei
703 1501 890 1555 dandae
916 1508 1100 1554 essent
1121 1497 1336 1552 abeunti
1362 1495 1571 1549 litterae.
1597 1493 1729 1547 IIIud
1749 1502 1926 1545 autem

356 1612 463 1650 non
488 1595 671 1648 minus
701 1593 1038 1661 exploratum
1080 1600 1135 1644 et
1166 1600 1372 1643 certum
1404 1597 1506 1650 est,
1540 1585 1792 1639 Dorothei
1822 1582 1929 1636 Ro-

354 1699 500 1738 mam
544 1683 836 1746 cogitantis
890 1683 996 1735 iter
1050 1681 1286 1735 nondum
1325 1681 1424 1733 sub
1475 1679 1687 1731 initium
1736 1676 1928 1730 hiemis

353 1777 575 1832 omnino
604 1785 873 1828 statutum
918 1773 1120 1839 fuisse;
1152 1772 1414 1841 siquidem
1449 1770 1677 1826 Basilius
1707 1770 1760 1822 in
1807 1769 1924 1836 epi-

351 1869 492 1924 stola
524 1867 633 1921 2l5
663 1876 819 1936 negat
851 1879 974 1919 eum
1001 1865 1102 1919 hoc
1127 1866 1225 1919 iter
1255 1865 1432 1918 hieme
1455 1862 1723 1918 coniicere
1747 1876 1920 1930 posse,

352 1961 458 2014 nisi
514 1963 654 2015 mari
706 1970 906 2023 utatur,
953 1971 1010 2015 et
1053 1976 1172 2016 Cll"!
1217 1960 1517 2015 Dorotheus
1565 1958 1816 2011 comitem
1869 1971 1927 2010 se

352 2053 620 2123 Gregorio
643 2052 886 2125 Nysseno
908 2053 1148 2108 futurum
1178 2061 1442 2123 speraret,
1477 2061 1586 2105 tota
1613 2067 1698 2105 res
1731 2049 1928 2104 Basilio

353 2145 608 2215 plurimis
665 2148 946 2201 obstructa
998 2145 1402 2200 dillicultatibus
1463 2145 1697 2202 videtur.
1752 2141 1930 2208 Quare

355 2239 501 2307 quod
535 2239 612 2292 ait
643 2238 872 2293 Basilius
903 2238 1197 2293 Eusebium
1236 2239 1302 2292 de
1338 2237 1496 2292 rebus
1529 2235 1835 2292 Occidentis
1863 2248 1928 2288 ex

357 2330 633 2385 DorOIheo
663 2332 937 2397 didicisse,
961 2332 1015 2386 id
1042 2332 1107 2386 de
1139 2332 1297 2386 rebus
1327 2332 1380 2383 in
1405 2329 1696 2384 Occidente
1732 2327 1930 2382 auditis

354 2431 448 2475 aut
478 2421 780 2491 perspectis
805 2423 979 2492 accipi
1008 2437 1112 2476 non
1140 2421 1319 2486 debet,
1350 2420 1442 2474 sed
1469 2421 1536 2475 de
1570 2418 1636 2472 iis
1665 2434 1785 2482 quae
1819 2416 1928 2469 Do-

355 2511 579 2565 rotheus
609 2525 674 2564 ex
707 2510 918 2565 Damasi
947 2511 1144 2564 litteris
1184 2509 1285 2564 sub
1328 2509 1533 2563 aestatis
1564 2508 1722 2561 linem
1753 2506 1931 2560 allatis

354 2609 701 2672 cognoverat.
753 2601 895 2656 Petit
950 2617 1130 2656 autem
1191 2601 1420 2655 Basilius
1482 2599 1668 2669 quales
1743 2613 1932 2652 rursus

359 2692 550 2746 dandae
591 2693 700 2747 sint
742 2693 937 2748 littera:
969 2693 1239 2748 Dorotheo
1287 2692 1504 2746 abeunti
1549 2692 1602 2745 in
1628 2691 1926 2746 Orientem.

359 2782 680 2838 Meminerat
730 2785 874 2836 enim
914 2783 1199 2838 consilium
1247 2782 1515 2836 scribendi
1558 2784 1626 2836 ad
1672 2779 1934 2836 Occiden-

359 2873 490 2929 tales
523 2889 668 2928 anno
713 2875 838 2939 575,
899 2875 1040 2943 quod
1096 2889 1163 2928 ex
1220 2885 1408 2928 sancto
1462 2873 1694 2928 Eusebio
1755 2881 1933 2927 Ortum

356 2961 532 3016 fuerat
553 3001 570 3027 ,
599 2972 678 3016 tot
711 2963 1050 3016 obstructum
1092 2960 1493 3017 dilIicuItatibus
1531 2961 1700 3016 fuisse
1724 3000 1739 3026 ,
1771 2971 1830 3015 ut
1872 2961 1926 3014 in

359 3069 471 3108 rem
503 3054 728 3107 minime
758 3053 1014 3108 collatum
1045 3053 1230 3106 fuerit.

422 3148 483 3199 2°
523 3147 651 3200 Duae
686 3148 1019 3200 exstiterunt
1048 3146 1297 3199 Dorothei
1331 3145 1383 3198 in
1419 3144 1771 3198 Occidentem
1795 3144 1938 3212 Iega-
1961 3175 2006 3234 Ω

360 3238 553 3299 tiones,
582 3237 757 3306 prima
800 3237 1018 3305 quidem
1046 3275 1061 3300 ,
1092 3252 1213 3290 cum
1243 3235 1450 3289 litteras
1472 3235 1580 3288 242
1610 3243 1664 3288 et
1692 3235 1798 3288 245
1840 3237 1928 3289 de-

360 3327 502 3393 tulit,
543 3327 712 3379 altera
747 3331 878 3380 'cum
928 3327 1212 3395 epistolam
1251 3327 1376 3380 265.
1429 3324 1623 3380 Prinne
1651 3325 1937 3396 legationis

359 3417 737 3489 optatissimus
759 3419 937 3472 exitus
968 3419 1088 3485 I'uit,
1117 3434 1219 3473 non
1249 3420 1391 3488 quod
1420 3417 1678 3472 auxilium
1704 3417 1936 3471 Romani

365 3527 421 3564 re
452 3526 578 3566 vera
613 3509 821 3566 Orienti
852 3510 1108 3578 tulerint,
1133 3512 1226 3566 sed
1264 3512 1387 3580 quia
1420 3511 1686 3565 sinceram
1725 3508 1936 3564 ferendi

361 3605 693 3658 voluntatem
757 3604 1148 3675 signiﬁcarunt.
1209 3603 1359 3658 Unde
1414 3602 1753 3666 Orientales,
1809 3603 1935 3655 dum

361 3696 688 3752 Dorotheum
739 3697 932 3752 iterum
982 3696 1201 3750 mittunt
1236 3695 1335 3767 (b),
1373 3696 1574 3765 gratias
1618 3702 1784 3764 agunt
1822 3709 1938 3748 am-

361 3790 636 3858 plissimas
687 3789 1145 3846 Occidentalibus.
1208 3787 1346 3842 Hinc
1409 3789 1570 3842 etiam
1620 3787 1847 3842 Basilius
1881 3787 1935 3840 in

365 3884 538 3937 tribus
568 3884 834 3952 epistolis,
867 3898 1000 3952 quas
1028 3892 1335 3938 revertente
1366 3897 1433 3938 ex
1462 3884 1636 3952 prima
1668 3883 1937 3951 legatiOne

367 3975 643 4028 Dorotheo
692 3975 945 4046 scripsit,
994 3974 1178 4029 Iaztitia
1211 3975 1489 4040 exsultat,
1518 3983 1575 4028 ut
1605 3974 1657 4028 in
1688 3974 1846 4030 rebus
1868 3989 1934 4028 ex

362 4068 633 4120 sententia
664 4066 948 4121 confectis.
971 4067 1052 4121 Ex
1090 4067 1175 4121 bis
1200 4067 1478 4122 evidenter
1505 4067 1762 4136 probatur
1795 4068 1936 4120 hanc

363 4156 686 4226 legationem
724 4173 835 4224 non
855 4159 1014 4211 citius
1045 4169 1348 4227 susceptam
1380 4173 1536 4223 esse,
1579 4172 1737 4226 quam
1776 4159 1933 4211 modo

361 4247 620 4311 diximus,
653 4262 844 4316 nempe
871 4247 1016 4302 circa
1046 4248 1249 4302 Pascha
1299 4246 1460 4314 hujus
1491 4248 1617 4301 anni
1645 4247 1770 4301 576.
1799 4245 1932 4300 Nam

361 4334 598 4391 Basilius
620 4377 636 4402 ,
673 4352 792 4391 cum
834 4337 1097 4393 scriberet
1139 4337 1419 4406 epistolam
1446 4337 1552 4392 259
1576 4377 1591 4401 ,
1621 4351 1804 4390 mense
1835 4335 1934 4392 Fe—

370 4427 592 4480 bruario
623 4436 713 4480 aut
737 4426 930 4481 Martio
952 4427 1190 4496 ejusdem
1214 4427 1338 4482 anni
1357 4467 1370 4492 ,
1405 4442 1510 4482 non
1539 4427 1696 4482 valde
1732 4427 1933 4496 proba—

2027 579 2188 648 pisse.
2237 577 2310 631 At
2351 575 2720 631 Tillemontius
2764 576 2973 630 initium
3023 571 3277 627 tredecim
3325 586 3589 626 annorum

2026 672 2220 741 repetit
2251 671 2319 724 ab
2349 686 2490 724 anno
2528 669 2654 734 561,
2679 670 2766 723 alii
2791 669 2858 723 ab
2890 682 3030 723 anno
3055 666 3179 721 560.
3210 665 3313 720 Sed
3347 675 3590 720 extrema

2027 763 2420 830 persecutionis
2474 761 2772 816 Constantii
2830 761 3010 814 minus
3064 768 3211 814 recte
3243 771 3364 811 cum
3421 756 3591 812 initiis

2025 852 2266 908 Valentis
2323 851 2738 921 conjungnntur.
2785 851 2925 905 Inter
2952 859 3236 918 utramque
3263 849 3593 918 persecutio-

2026 958 2146 998 nem
2180 944 2385 1012 aliquot
2411 944 2536 996 anni
2596 941 2863 1008 interjecti
2919 949 3084 1005 sunt,
3148 936 3442 993 Catholicis
3489 933 3594 990 sub

2025 1035 2239 1092 Juliano
2264 1039 2316 1090 in
2352 1037 2506 1092 sedes
2536 1050 2663 1089 suas
2688 1031 2976 1087 restitutis.
3012 1030 3276 1083 Przeterea
3299 1028 3344 1082 si
3379 1027 3446 1082 de
3467 1042 3592 1096 per-

2028 1132 2304 1186 secutione
2331 1129 2630 1183 Constantii
2663 1125 2963 1180 Orientales
2995 1121 3158 1178 locuti
3191 1121 3438 1187 fuissent,
3486 1134 3593 1173 non

2023 1220 2134 1291 jam
2165 1222 2420 1276 tredecim
2447 1235 2618 1274 annos
2645 1225 3045 1282 numerassent,
3071 1215 3163 1270 sed
3187 1214 3400 1284 longius
3426 1213 3594 1268 multo

2031 1315 2179 1370 initia
2217 1311 2606 1381 persecutionis
2637 1310 2999 1380 repetiissent.

2098 1408 2157 1460 4ο
2193 1406 2246 1460 ln
2286 1405 2538 1475 Opinione
2580 1401 2904 1456 Tillemontii
2945 1399 3190 1454 turbatur
3219 1405 3274 1451 et
3310 1395 3597 1451 confundi-

2029 1506 2116 1552 tur
2156 1513 2334 1550 rerum
2369 1505 2639 1566 gestarum
2673 1492 2861 1546 series.
2895 1490 3263 1544 Proﬁciscitnr
3295 1488 3598 1542 Dorotheus

2030 1603 2172 1641 anno
2198 1587 2300 1640 575
2325 1596 2417 1638 aut
2451 1582 2591 1647 374;
2630 1596 2733 1635 non
2761 1580 2899 1636 redit
2919 1580 3015 1632 nisi
3038 1593 3178 1631 anno
3202 1577 3308 1630 575
3349 1586 3595 1630 exeunte.

2028 1677 2262 1732 Nimium
2287 1689 2420 1728 sane
2448 1675 2550 1729 hoc
2593 1671 2935 1727 intervallum
2970 1671 3020 1722 in
3070 1684 3126 1722 re
3159 1682 3260 1720 non
3295 1665 3493 1718 ditIicili
3529 1664 3598 1718 ad

2029 1767 2428 1821 deliberandum
2463 1775 2514 1818 et
2543 1765 2961 1832 dijudicandum,
3000 1777 3099 1814 nec
3129 1759 3354 1812 multum
3385 1766 3595 1825 tempo-

2029 1861 2102 1913 ris
2158 1860 2487 1927 requirente.
2553 1857 2695 1909 Idem
2759 1857 3064 1909 Dorotheus
3124 1852 3318 1904 iterum
3368 1849 3596 1901 mittitur

2027 1966 2166 2002 anno
2187 1949 2310 2002 577.
2341 1950 2412 2002 At
2446 1949 2585 2000 inter
2609 1956 2892 2014 utramque
2915 1944 3229 2013 legationem
3255 1954 3356 1992 non
3386 1947 3593 1990 tantum

2028 2041 2186 2108 spatii
2243 2041 2452 2092 videtur
2512 2037 2806 2092 efﬂuxisse.
2865 2033 2997 2086 Nam
3049 2047 3168 2084 cum
3224 2028 3596 2098 promisissent

2027 2132 2399 2186 Occidentales
2427 2146 2483 2183 se
2504 2129 2738 2184 Orientis
2758 2126 2956 2180 auxilio
2983 2132 3268 2186 venturos,
3298 2120 3343 2173 si
3371 2121 3436 2173 ab
3455 2130 3601 2173 anno

2027 2224 2131 2278 575
2174 2238 2343 2292 usque
2381 2223 2447 2276 ad
2479 2221 2581 2276 577
2618 2220 2750 2274 nihil
2775 2217 3171 2288 praestitissent,
3203 2210 3396 2266 merito
3423 2208 3598 2277 questi

2029 2319 2210 2364 essent
2247 2308 2547 2363 Orientales
2573 2349 2588 2372 ,
2621 2307 2711 2374 qui
2747 2314 2925 2360 tamen
2976 2301 3028 2356 in
3070 2301 3226 2368 epist.
3259 2297 3364 2351 263
3388 2337 3401 2359 ,
3433 2310 3595 2362 quam

2030 2398 2330 2452 Dorotheus
2364 2402 2561 2451 iterum
2601 2399 2796 2450 missus
2831 2394 3055 2457 detulit,
3095 2391 3296 2461 gratias
3325 2395 3488 2458 agunt
3526 2387 3596 2441 ob

2029 2491 2249 2561 prolixze
2279 2491 2570 2544 voluntatis
2594 2487 3063 2558 signiﬁcationem,
3099 2499 3164 2537 ac
3199 2484 3460 2552 promissa
3492 2477 3601 2536 Oo-

2035 2583 2381 2636 cidentalium
2423 2589 2728 2651 reposcunt,
2755 2589 2810 2632 ut
2842 2592 3062 2644 prorsus
3099 2573 3357 2630 recentia.

2557 2669 2784 2724 CAPUT
2822 2665 3064 2721 XXXVI.

2032 2755 2074 2811 l.
2119 2755 2468 2823 Reprehensns
2497 2771 2527 2806 a
2559 2752 2866 2817 Patronhilo
2885 2750 3144 2823 Basilina
3163 2743 3599 2823 obubelinmmcnm

2106 2812 2407 2888 Eustatliio,
2433 2840 2605 2876 causa’
2628 2812 2737 2875 suae
2761 2820 3026 2890 justitiam
3051 2817 3306 2886 defendit.
3340 2812 3598 2890 Il.‘1_‘/ieo-

2104 2897 2247 2966 philo
2276 2882 2500 2964 injurias
2533 2882 2783 2966 redonat;
2798 2893 2885 2943 sed
2932 2882 3134 2966 roganti
3163 2895 3236 2966 _n_t
3267 2899 3383 2966 enin
3412 2882 3602 2962 Eusto-

2107 2951 2218 3020 ihio
2252 2951 2588 3018 coriununicet
2614 3003 2628 3026 ,
2656 2951 2866 3014 minime
2913 2951 3117 3012 annuit.
3162 2956 3244 3009 III.
3298 2951 3601 3026 Persecutio

2109 3036 2601 3102 Nicopolitanornm
2633 3031 2962 3098 ingravescit.
3019 3025 3344 3102 Deepistot-a
3378 3026 3445 3102 ad
3473 3026 3600 3102 Αῃιτ

2107 3091 2456 3173 philoa/tium,
2491 3113 2539 3156 et
2587 3091 2710 3173 aliav
2738 3091 3237 3173 sineinsfriptione.
3280 3092 3365 3173 IV:
3404 3091 3599 3173 §cribit

2105 3161 2294 3229 iterum
2316 3161 2548 3226 Basilius
2594 3169 2918 3233 ΡαιτομΙιὶΙο.
2955 3161 3251 3220 υεᾙιιετὶδ
3296 3165 3362 3216 ad
3397 3161 3601 3233 Erme-

2107 3263 2201 3299 nos
2245 3255 2292 3296 et
2332 3246 2486 3296 initio
2518 3243 2642 3294 anni
2687 3240 2825 3307 apud
2864 3238 3213 3307 Cappadoces.
3250 3235 3324 3286 De
3355 3250 3456 3307 ep._
3472 3232 3600 3284 252.

2113 3314 2176 3369 ν.
2233 3313 2461 3366 Redeunt
2518 3301 2804 3364 Dorotheus
2861 3301 3355 3360 et'Sanctissimua.
3419 3301 3603 3353 Ptuies

2113 3383 2298 3436 Basilii
2332 3383 2523 3436 litteris
2552 3398 2646 3446 per
2679 3379 3084 3432 Sanctissimum
3109 3377 3370 3441 feruntur.
3403 3371 3603 3446 C_onsa-_

2111 3456 2253 3507 tatur
2293 3440 2590 3505 Berwenaes
2636 3450 2950 3507 monachos,
2976 3440 3196 3513 quorum
3237 3448 3373 3513 a'des
3419 3440 3604 3493 Ariani

2106 3525 2468 3578 incenderant.
2501 3521 2632 3572 Item
2657 3519 2790 3570 alios
2821 3512 3100 3569 monacnos
3127 3515 3190 3564 ab
3218 3512 3426 3563 Arionis
3450 3525 3604 3563 vexa-

2108 3604 2207 3647 tos.
2244 3592 2328 3646 VI.
2361 3590 2681 3655 Epistolaad
2718 3586 3066 3655 l'Ipiphaniunt
3099 3585 3161 3655 de
3193 3579 3522 3655 Apiillinario
3549 3587 3601 3629 et

2111 3665 2175 3716 de
2207 3665 2357 3716 rebus
2385 3649 2738 3712 Antiochenis.
2763 3649 2962 3709 'Scribit
2998 3652 3228 3705 Basilius
3265 3649 3513 3702 Palladio
3551 3655 3603 3699 et

2106 3733 2436 3786 Innocentio.
2504 3729 2613 3781 'Vll.
2670 3726 2952 3779 Consultus
3013 3724 3076 3773 ab
3124 3719 3330 3785 Optimo
3379 3719 3602 3786 explicat

2109 3785 2400 3868 Scriptura:
2431 3799 2603 3852 locum
2646 3796 2925 3868 dificilem.
2955 3791 3083 3868 V_:"III_.
3125 3788 3480 3868 Epistolaavnad
3504 3785 3600 3864 S_o_-

2109 3854 2436 3941 aopo'titanos
2468 3880 2514 3920 et
2543 3868 2610 3920 ad
2645 3854 2917 3918 U'r'bicium
2948 3863 3010 3914 de
3053 3854 3236 3914 hwresi
3262 3854 3603 3925 Apot'lmarii.

2107 3962 2151 4017 l.
2194 3960 2531 4031 PatrOphiIus
2560 3957 2850 4027 Egearum
2891 3955 2942 4008 in
2983 3953 3164 4007 Cilicia
3182 3951 3462 4020 episcopus
3499 3945 3605 4001 Ba-

2036 4056 2160 4112 silio
2185 4056 2390 4108 amicus
2415 4059 2551 4118 erat,
2574 4061 2630 4105 et
2657 4047 2777 4102 tidei
2809 4045 3086 4101 catholicae
3116 4044 3394 4106 addictus;
3425 4043 3516 4095 sed
3549 4040 3607 4093 in

2035 4149 2378 4204 Eustathium
2423 4145 2540 4216 plus
2576 4156 2729 4209 aequo
2762 4139 3096 4210 pr0pensior.
3138 4136 3184 4190 Is
3219 4135 3305 4188 ubi
3342 4133 3475 4186 vidit
3507 4131 3607 4184 Ba-

2035 4245 2214 4299 silium
2251 4243 2301 4294 iu
2340 4247 2556 4306 apertas
2601 4246 2786 4290 contra
2829 4229 3170 4285 Eustathium
3201 4225 3448 4295 querelas
3479 4238 3605 4277 eru-

2035 4336 2197 4404 pisse,
2230 4334 2364 4386 satis
2396 4332 2485 4384 diu
2526 4329 2692 4384 siluit.
2737 4325 2842 4379 Sed
2887 4323 3102 4377 tandem
3147 4321 3292 4374 misit
3331 4317 3609 4388 presbyte-

2039 4441 2154 4479 rum
2208 4421 2535 4492 Strategium
2581 4435 2701 4473 cum
2758 4417 2970 4479 litteris,
3013 4415 3066 4467 iu
3101 4410 3295 4480 quibus
3339 4423 3441 4461 non
3491 4407 3608 4460 sine

367 4518 463 4572 bat
510 4518 717 4588 legatos
767 4521 818 4573 in
869 4519 1215 4581 Occidentem
1264 4520 1427 4584 mitti,
1487 4535 1586 4575 nec
1640 4521 1934 4589 quidquam
1966 4505 2012 4561 D
2042 4516 2457 4586 reprehensione
2502 4521 2555 4566 et
2599 4512 2916 4582 quibusdam
2948 4506 3149 4562 aculeis
3179 4511 3450 4571 stuporem
3487 4497 3604 4550 ani-

363 4610 618 4676 sperabat
655 4624 684 4663 a
708 4611 1020 4680 supercilio,
1049 4622 1112 4664 ut
1140 4613 1252 4680 ipse
1285 4612 1538 4682 appellat,
1571 4611 1936 4668 Occidentali:

364 4701 607 4755 nondum
639 4703 784 4758 enim
816 4703 1146 4771 deposuerat
1177 4705 1446 4769 dolorem,
1483 4720 1645 4774 quem
1690 4705 1737 4759 ei
1791 4705 1942 4760 inus-

363 4802 555 4846 serant
607 4803 662 4846 et
702 4793 1004 4849 litterarum
1056 4796 1181 4849 anni
1216 4796 1322 4849 572
1385 4796 1591 4850 inutilis
1635 4796 1835 4860 exitus,
1884 4805 1942 4851 et

363 4898 626 4951 responsa
656 4900 750 4954 per
770 4886 1057 4956 Evagrium
1097 4903 1239 4942 anno
1271 4889 1375 4942 575
1412 4889 1573 4942 allata
1599 4927 1615 4953 ,
1667 4898 1722 4944 et
1754 4891 1936 4946 novis-

363 4977 517 5031 simae
550 4978 757 5033 Damasi
787 4979 982 5033 litterae
1007 4994 1149 5034 anno
1178 4979 1304 5034 575.

438 5067 494 5121 5ο
527 5069 600 5137 (ε)
637 5066 932 5123 Numerant
968 5067 1269 5125 Orientales
1301 5085 1473 5125 annos
1521 5070 1779 5126 tredecim
1812 5087 1935 5142 per-

366 5159 698 5223 secutionis;
735 5162 877 5228 quod
905 5160 1119 5229 quidem
1151 5160 1350 5229 Optime
1382 5162 1611 5230 quadrat
1639 5179 1761 5216 cum
1791 5178 1935 5219 anno

365 5249 492 5305 576.
520 5252 742 5319 Inctepit
767 5252 911 5306 enim
941 5250 1134 5306 Valens
1171 5252 1440 5308 decimum
1471 5255 1686 5307 tertium
1717 5255 1928 5323 imperii

369 5357 569 5396 annum
612 5357 798 5397 mense
833 5343 1023 5399 Martio
1058 5343 1215 5413 hujus
1243 5345 1390 5396 anni.
1426 5342 1607 5410 Quare
1645 5359 1766 5401 eum
1797 5346 1937 5399 scri-

367 5444 472 5502 pta:
505 5434 612 5488 sint
636 5435 754 5488 duae
788 5435 891 5490 illa:
919 5435 1157 5503 epistola:
1184 5444 1303 5504 post
1331 5433 1538 5489 Pascha
1560 5474 1577 5499 ,
1612 5450 1718 5489 non
1748 5436 1938 5490 imme-

367 5523 475 5580 rito
512 5523 812 5580 Orientales
839 5525 1063 5580 totidem
1108 5540 1280 5580 annos
1315 5525 1712 5596 persecutionis
1745 5541 1937 5581 nume-

463 5727 517 5793 a)
551 5726 646 5793 Ep.
680 5726 807 5780 215.

463 5746 493 5781 a
551 5727 646 5793 Ep.
680 5727 807 5780 2l5.

437 5727 518 5869 ω
554 5796 653 5865 Ep.
681 5796 806 5864 265,
838 5812 893 5851 n.
930 5795 983 5851 Ι.

2042 4610 2114 4662 mi
2163 4607 2243 4661 sui
2290 4604 2644 4674 signiﬁcabat,
2669 4602 2809 4671 quod
2846 4599 3102 4659 Basilius,
3134 4595 3220 4663 qui
3251 4610 3278 4646 a
3313 4603 3477 4661 puero
3516 4589 3610 4642 de-

2041 4699 2195 4754 derat
2227 4713 2283 4751 se
2313 4696 2612 4761 Eustalbio,
2643 4703 2696 4748 et
2725 4693 2864 4747 illius
2892 4705 3053 4745 causa
3093 4697 3170 4740 tot
3201 4701 3264 4740 ac
3298 4694 3438 4738 tanta
3469 4680 3610 4734 fece-

2044 4803 2149 4857 rat,
2181 4798 2260 4843 tot
2296 4788 2432 4843 bella
2461 4803 2580 4841 cum
2610 4783 2908 4838 innumeris
2936 4782 3054 4834 aliis
3085 4778 3434 4840 sustinuerat,
3467 4786 3611 4826 nunc

2040 4899 2158 4939 cum
2207 4884 2321 4950 ipso
2359 4880 2554 4935 bellum
2604 4885 2835 4948 gereret.
2875 4875 3017 4928 Nihil
3064 4874 3316 4925 laaserunt
3348 4867 3606 4921 Basilium

2035 4974 2302 5043 ejusmodi
2334 4971 2778 5041 reprehensiones
2813 4987 2828 5022 :
2863 4968 2989 5036 quin
3023 4965 3183 5018 etiam
3216 4961 3392 5014 ridere
3423 4957 3608 5016 subiit,

2041 5068 2182 5136 quod
2222 5065 2582 5133 Patropbilus,
2618 5075 2850 5132 quocum
2903 5057 3004 5112 sibi
3048 5054 3338 5109 amicitiam
3381 5059 3458 5105 tot
3498 5050 3614 5102 vin-

2040 5161 2176 5215 culis
2207 5158 2515 5213 adstrictam
2549 5155 2789 5223 putabat,
2821 5151 3028 5204 Ievibus
3067 5148 3132 5202 de
3167 5146 3349 5200 causis
3392 5145 3443 5197 in
3487 5150 3612 5195 tan-

2039 5261 2150 5307 tum
2191 5261 2460 5319 stuporem
2498 5247 2752 5301 incidisse
2798 5259 2857 5300 se
2897 5244 3123 5296 diceret.
3158 5239 3264 5293 Sed
3290 5237 3412 5308 quia
3455 5248 3613 5289 nemo

2041 5359 2260 5412 prorsus
2285 5351 2418 5406 erat,
2448 5338 2600 5406 cujus
2631 5352 2734 5392 non
2761 5334 3190 5390 communionem
3235 5338 3286 5383 et
3321 5325 3613 5381 amicitiam

2039 5431 2338 5504 perinvitus
2393 5429 2666 5483 amitteret
2712 5424 2975 5488 Basilius;
3036 5418 3258 5489 exponit
3304 5412 3617 5483 PatrophiIo

2040 5539 2253 5582 Omnem
2301 5539 2452 5580 suam
2499 5523 2568 5581 ab
2604 5522 2812 5594 origine
2851 5518 3239 5577 dissensionem
3273 5529 3395 5570 cum
3428 5511 3617 5565 Eusta—

2121 5725 2192 5799 (ε)
2233 5727 2331 5798 Ep.
2361 5726 2488 5782 242.
