4040 6216
494 419 654 462 CXLVI

1844 406 2373 475 PBOLEGOMENA.

487 520 604 574 thio
635 537 649 574 :
686 520 1019 573 demonstrat
1058 530 1217 589 quam
1266 521 1474 591 iniusta:
1504 525 1762 582 Eustatbii
1794 528 2044 598 querelae,
2077 535 2123 590 Α
2153 547 2255 585 non
2289 533 2533 603 dignatus
2572 545 2668 603 est,
2700 552 2800 590 non
2829 547 2934 591 tam
2963 544 3191 592 metuens
3229 538 3293 591 ne
3317 553 3383 593 ea:
3408 538 3600 594 litteris
3627 554 3719 592 are

484 625 644 679 quant
675 625 863 679 graves
897 610 1103 678 injuria:
1136 622 1189 666 et
1216 614 1516 686 calumnia:,
1547 634 1706 688 quam
1743 620 2051 675 inconstans

482 718 624 757 nunc
661 703 760 758 hac
814 721 955 759 nunc
998 707 1083 761 illa
1130 708 1233 764 fide
1277 711 1503 764 tenenda
1543 722 1597 765 et
1640 711 2047 778 subscribenda,

2151 633 2411 691 gueretur,
2454 642 2608 695 quam
2648 629 2903 681 sollicitus
2934 646 2995 683 ne
3040 646 3132 683 nos
3175 646 3376 684 necesse
3412 631 3620 684 haberet
3658 641 3714 684 stt

2147 716 2411 787 episcopos
2443 719 2707 783 salutare;
2737 722 2826 775 sed
2855 732 2991 775 certe
3016 722 3169 775 verba
3197 733 3345 776 erant
3373 725 3713 790 vehementia,

482 808 625 847 nunc
653 793 736 848 his
763 811 904 849 nunc
934 797 1037 852 illis
1069 800 1307 867 partibus
1334 802 1544 855 tuendis
1571 801 1808 868 animus;
1834 817 1897 857 ac
1929 813 2050 856 tan-
2146 817 2195 861 et
2242 823 2306 862 ea:
2347 819 2549 877 pectore
2591 812 2814 880 fervente
2852 813 3098 880 prolata;
3143 814 3195 866 in
3237 814 3316 867 nis
3354 815 3705 869 discessimus.

479 883 601 937 dem
636 896 786 955 rogat
823 897 878 941 ut
923 887 1020 943 sibi
1051 906 1147 959 per
1171 892 1416 945 eumdem
1448 889 1777 964 Strategium
1808 895 2044 963 perscri-

476 972 587 1039 hat,
636 987 815 1031 utrum
868 979 1009 1034 idem
1049 996 1174 1051 erga
1221 996 1281 1037 se
1330 995 1658 1050 permaneat,
1695 1002 1763 1039 an
1805 1001 1870 1041 ex
1916 1002 2046 1041 con-

472 1080 661 1134 gressu
702 1083 820 1123 cum
854 1070 1135 1129 Eustathio
1171 1078 1483 1131 immutatus
1510 1080 1599 1132 sit.

545 1156 907 1215 Novissimum
964 1164 1244 1220 Eustathio
1296 1169 1506 1224 facinus
1561 1170 1612 1222 in
1669 1169 1771 1224 hac
1818 1169 2040 1239 epistola

473 1250 551 1315 (η.
597 1252 651 1321 5)
683 1256 1056 1322 exprobratur.
1100 1257 1354 1314 Viderunt
1387 1263 1518 1314 enim
1555 1259 1827 1330 Cyzicum,
1866 1263 2042 1331 inquit

470 1341 549 1411 (η.
594 1342 672 1414 9),
722 1355 768 1397 et
817 1362 934 1399 cum
974 1348 1079 1401 alia
1120 1349 1223 1416 fide
1268 1353 1457 1404 reversi
1495 1363 1634 1408 sunt.
1679 1352 1794 1407 Non
1835 1355 2041 1409 viderat

468 1434 605 1489 hanc
641 1435 794 1489 fidem
819 1435 1066 1503 Basilius,
1098 1441 1188 1494 sed
1222 1442 1321 1494 hoc
1358 1451 1561 1496 tantum
1591 1444 1833 1498 audierat
1861 1442 2039 1499 silen—

466 1527 598 1579 tium
644 1529 1083 1582 consubstantiali
1135 1531 1467 1598 impositura,
1517 1535 1693 1588 simile
1741 1536 2036 1590 secundum

463 1616 752 1669 essentiam
789 1618 1060 1671 inductum
1105 1618 1288 1672 fuisse.
1321 1616 1448 1674 "me
1493 1620 1721 1676 fortnula
1768 1622 1907 1676 inter
1940 1638 2036 1677 va-

462 1707 574 1759 rias
626 1705 917 1773 formulas,
971 1710 1166 1778 quibus
1211 1712 1532 1782 subscripsit
1577 1712 1929 1779 Eustathius,
1976 1725 2035 1769 ut

462 1800 827 1854 recentissima
874 1802 1074 1869 pariter
1119 1816 1428 1859 recensctur
1480 1806 1532 1859 in
1576 1820 1660 1875 ep.
1705 1806 1830 1870 251,
1875 1822 1930 1861 n.
1974 1806 2030 1862 4.

2145 898 2315 952 Antea
2344 914 2450 952 non
2482 909 2588 953 tam
2631 898 2821 954 leuiter
2841 915 2983 955 'cum
3038 915 3107 956 eo
3141 902 3332 972 agebat
3361 901 3588 957 Basilius
3610 903 3708 976 (ὁ),

2146 1005 2266 1044 cum
2299 1000 2638 1057 quereretur,
2661 991 2801 1059 quod
2834 1005 2893 1044 se
2916 991 3228 1047 Eustathius
3254 1010 3360 1046 una
3394 1010 3509 1048 cum
3544 990 3713 1049 Theo-

2141 1077 2279 1147 phila
2322 1077 2482 1133 Cilice
2520 1079 2573 1131 in
2615 1079 3045 1149 frequentissimis
3078 1084 3409 1138 conventibus
3444 1086 3709 1141 dilacera-

2142 1178 2242 1221 ret.
2279 1166 2377 1221 Ubi
2414 1169 2562 1222 viiles
2602 1168 2953 1238 Theophilum
2987 1185 3086 1226 nec
3117 1172 3339 1227 fratrem
3369 1189 3469 1229 nec
3496 1176 3705 1244 episco-

2139 1271 2264 1325 pum
2297 1256 2569 1326 appellari.

2207 1346 2295 1402 ill.
2339 1347 2471 1402 Cum
2516 1363 2703 1419 parum
2738 1350 2937 1412 Fronto
2969 1353 3323 1421 promovisset
3369 1352 3492 1408 ﬁcta
3540 1363 3703 1409 recta:

2138 1440 2258 1492 lidei
2285 1439 2638 1507 professione,
2673 1442 2726 1495 in
2759 1453 3001 1511 apertum
3034 1442 3292 1512 furorem,
3325 1445 3528 1500 relictis
3562 1457 3705 1500 astu-

2138 1524 2248 1587 tiis,
2286 1527 2478 1594 erupit.
2535 1526 2715 1582 Facta:
2764 1531 3167 1600 magistratibus
3212 1533 3550 1587 contumelia:
3602 1533 3698 1605 (τ),

2134 1616 2358 1670 verbera
2395 1617 2613 1684 iullicta,
2645 1623 2785 1674 sedes
2823 1621 3096 1690 expilatze,
3132 1623 3319 1679 civitas
3341 1633 3571 1690 vastata,
3608 1642 3700 1680 sa-

2133 1707 2377 1760 cerdotes
2425 1706 2652 1776 expulsi.
2694 1718 2750 1763 et
2800 1710 3130 1767 irruentibus
3162 1712 3297 1781 lupis
3326 1728 3455 1784 grex
3488 1715 3700 1783 disper—

2131 1810 2240 1851 sus.
2285 1795 2512 1853 Basilius
2551 1801 2785 1870 acceptis
2826 1816 2892 1855 ea
2930 1803 2997 1857 de
3028 1817 3087 1857 re
3120 1803 3315 1859 litteris
3344 1806 3692 1877 presbytero‘

457 1884 726 1943 Iudicatur
763 1893 923 1945 etiam
967 1892 1018 1946 in
1051 1908 1137 1963 ep.
1176 1894 1301 1949 2:26.
1335 1895 1452 1962 Quo
1490 1905 1730 1967 tempore
1766 1897 1818 1952 id
1852 1897 2007 1952 conti

2131 1900 2246 1939 rum
2278 1896 2332 1941 et
2360 1888 2785 1958 magistratuum,
2824 1892 3010 1947 tribuit
3046 1905 3232 1948 eorum
3274 1897 3494 1965 tempori
3536 1897 3699 1966 quid-

454 1981 615 2048 gerit,
661 1996 764 2035 non
815 1982 1047 2038 declarat
1095 1984 1356 2052 Basilius;
1403 1987 1495 2041 sed
1537 2003 1656 2041 cum
1691 2003 1879 2043 recens
1911 2004 2029 2044 esse

455 2070 655 2125 factum
703 2072 904 2128 indicet
934 2093 950 2129 :
986 2091 1127 2130 anno
1154 2074 1279 2143 575,
1308 2078 1555 2134 evenisse
1591 2094 1753 2150 supra
1797 2080 2025 2135 diximus

452 2171 579 2216 ante
611 2165 897 2218 concilium
936 2167 1306 2237 Ancyranum.

524 2255 585 2308 ll.
628 2254 955 2325 Theophilus
982 2258 1276 2316 Castabalze
1304 2261 1355 2315 in
1382 2262 1567 2317 Cilicia
1602 2264 1902 2334 episcopus,
1931 2280 2025 2321 ve-

452 2348 672 2403 hemens
712 2346 891 2402 fuerat
938 2350 988 2404 in
1036 2367 1196 2407 causa
1246 2354 1509 2409 Eustathii
1558 2355 1785 2421 tuenda;
1820 2359 1873 2409 in
1908 2358 2021 2426 pri-

450 2439 676 2493 mordiis
726 2440 1082 2497 dissensionis
1131 2445 1353 2499 miserat
1403 2446 1635 2516 aliquem
1690 2462 1757 2501 ex
1811 2448 2021 2505 clericis

448 2533 582 2595 suis,
612 2531 702 2601 qui
740 2532 936 2588 Basilio
976 2536 1207 2604 indignis
1232 2538 1402 2592 modis
1442 2539 1833 2593 conviciaretur
1865 2558 1877 2594 :
1920 2554 2021 2596 nec

447 2624 697 2693 dignatus
724 2634 843 2679 erat
871 2625 936 2679 ad
970 2640 1092 2680 cum
1129 2628 1388 2693 scribere,
1423 2644 1489 2682 ue
1528 2629 1837 2699 episcopum
1869 2631 2017 2687 illum

443 2716 682 2772 Salutare
718 2728 1022 2787 cogeretur.
1052 2718 1244 2772 Postea
1276 2719 1352 2787 (a)
1381 2720 1582 2775 socium
1609 2720 1926 2789 adjunxerat
1958 2738 2018 2779 se

445 2809 725 2865 Eustathio
758 2811 808 2863 in
844 2809 1044 2867 Basilio
1080 2810 1529 2878 frequentissimis
1569 2813 1624 2868 in
1664 2817 2016 2872 conventibus

439 2901 806 2958 dilaceraudo.
836 2902 941 2956 Sed
978 2912 1155 2957 tamen
1186 2904 1276 2957 ubi
1316 2904 1450 2957 vidit
1478 2920 1694 2958 causam
1729 2920 1879 2960 suam
1913 2905 2015 2961 Ba-

439 2998 617 3052 siliam
660 2999 714 3051 in
760 2996 1057 3052 clarissima
1108 2996 1225 3050 luce
1268 3006 1321 3049 et
1365 2996 1604 3050 omnium
1644 2997 1816 3053 oculis
1849 3014 2015 3067 expo-

437 3104 589 3155 nere,
644 3104 796 3143 suam
843 3103 971 3142 vero
1025 3086 1364 3141 Eustathium
1415 3088 1555 3155 turpi
1613 3103 1733 3142 cum
1791 3088 2011 3145 Arianis

2129 1978 2255 2045 quid
2286 1978 2338 2032 in
2368 1993 2428 2034 se
2465 1980 2627 2034 situm
2661 1991 2799 2046 erat,
2827 1997 3007 2038 coram
3038 1985 3358 2054 supplicavit
3384 1988 3694 2056 potentibus

2126 2071 2278 2136 viris,
2314 2081 2369 2125 et
2406 2087 2504 2142 per
2544 2073 2754 2129 litteras
2785 2075 2851 2131 iis
2882 2089 2912 2129 a
2946 2077 3141 2146 quibus
3175 2078 3227 2131 in
3269 2079 3389 2133 aula
3427 2079 3694 2147 diligeba-

2124 2170 2234 2229 tur,
2283 2172 2342 2219 ut
2390 2165 2558 2221 rabidi
2597 2168 2831 2224 hominis
2871 2168 3018 2224 furor
3056 2171 3519 2240 comprimeretur.
3552 2170 3689 2227 Cum

2123 2265 2302 2310 autem
2358 2258 2826 2316 animadvertisset
2887 2263 2939 2316 in
2999 2263 3430 2333 presbyterorum
3489 2262 3689 2319 litteris

2121 2350 2357 2404 animum
2404 2351 2547 2406 inter
2592 2361 2670 2407 tot
2710 2368 2974 2409 aerumnas
3021 2355 3219 2409 lassum
3255 2370 3319 2410 ac
3345 2356 3523 2411 minus
3554 2371 3688 2412 con-

2122 2444 2354 2490 stantem
2379 2478 2394 2504 ,
2428 2440 2736 2496 consolatur
2759 2457 2851 2497 eos
2892 2458 2987 2510 spe
3024 2446 3206 2499 auxilii
3243 2460 3274 2498 a
3307 2444 3416 2501 Deo
3448 2447 3684 2511 venturi,

2120 2549 2183 2589 ac
2230 2535 2474 2589 hortatur
2518 2544 2577 2588 ut
2617 2536 2886 2604 precando
2933 2552 3000 2591 ne
3043 2537 3422 2607 defatigentur,
3466 2549 3521 2593 et
3563 2552 3687 2609 quas

2119 2626 2377 2682 hactenus
2412 2626 2588 2682 verbis
2622 2629 2867 2693 docuere,
2900 2642 2961 2682 ea
2999 2643 3140 2683 nunc
3178 2644 3339 2698 opere
3378 2629 3681 2698 perficiant.

2119 2717 2379 2773 Similiter
2425 2718 2826 2788 magistratibus
2874 2719 3103 2775 celerem
3154 2735 3184 2775 a
3229 2720 3340 2776 Deo
3366 2721 3676 2776 adfuturam

2115 2828 2269 2884 opem
2297 2811 2594 2881 pollicetur.

2185 2905 2412 2959 Basilius
2453 2919 2563 2972 pra:
2604 2917 2815 2959 summo
2862 2918 2961 2958 suo
3013 2903 3372 2973 Amphilochii
3410 2905 3682 2960 desiderio

2114 2998 2340 3051 moleste
2381 2994 2585 3049 ferebat
2631 3010 2690 3050 se
2729 3005 2836 3049 tam
2867 2995 3025 3065 longe
3068 2996 3135 3049 ab
3171 3009 3235 3049 eo
3272 2995 3536 3065 disjungi;
3582 2996 3679 3050 sed

2112 3101 2236 3141 cum
2274 3084 2634 3154 Amphilochii
2670 3083 3110 3152 tranquillitatem
3137 3084 3520 3149 consideraret,
3551 3099 3681 3154 gras

436 3180 811 3248 conjunctione
850 3178 1110 3248 prodere;
1154 3188 1263 3231 tum
1313 3193 1442 3233 vero
1485 3178 1667 3234 Basilii
1712 3182 2003 3236 amicitiam
2031 3214 2073 3271 ο
2113 3185 2212 3240 tias
2250 3184 2443 3253 agebat
2474 3180 2604 3246 Deo,
2632 3189 2774 3249 quod
2808 3178 2855 3233 is
2888 3187 3123 3232 remotus
3153 3187 3296 3232 esset
3327 3176 3395 3231 ab
3425 3177 3678 3232 incendio

435 3271 749 3339 recolligere
775 3278 1003 3323 conatus
1031 3278 1148 3331 est,
1186 3267 1264 3321 sic
1293 3280 1467 3322 tamen
1508 3279 1563 3321 ut
1594 3284 1690 3338 pro
1720 3269 2003 3326 Eustathio

432 3363 651 3431 petiisse
696 3362 957 3414 videatur.
1000 3358 1309 3428 Respondet
1356 3358 1403 3414 ei
1451 3359 1684 3416 Basilius
1719 3376 1778 3416 se
1816 3364 2003 3419 amici-

433 3454 561 3505 tiam
594 3451 735 3505 illius
765 3452 939 3520 magni
972 3465 1184 3516 semper
1215 3448 1430 3514 fecisse,
1464 3466 1565 3504 nec
1604 3451 1672 3507 ab
1708 3467 1795 3517 ea,
1827 3468 2002 3523 quan-

434 3552 544 3597 tum
593 3543 660 3595 ad
718 3541 883 3595 animi
941 3538 1280 3594 affectionem
1340 3541 1593 3610 pertinet,
1648 3543 1809 3596 ullum
1859 3545 1997 3599 diem

431 3634 782 3700 discessisse;
811 3635 1058 3702 quamvis
1090 3632 1267 3686 multa:
1296 3648 1359 3686 ac
1390 3648 1592 3704 magna:
1634 3634 1835 3690 doloris
1878 3651 1999 3689 cau-

427 3740 501 3779 sa:
526 3724 815 3779 acciderint
844 3742 857 3778 :
888 3724 980 3779 sed
1010 3740 1131 3779 cum
1162 3723 1393 3792 jucunda
1419 3741 1539 3780 cum
1566 3726 1822 3792 molestis,
1852 3727 1996 3782 velut

427 3818 481 3870 in
524 3816 744 3882 trutina,
790 3827 1034 3885 poneret,
1069 3815 1188 3885 plus
1222 3816 1359 3885 apud
1390 3830 1449 3870 se
1472 3817 1705 3886 jucunda
1743 3819 1995 3888 ponderis

427 3906 697 3962 habuisse.
754 3909 905 3973 Quod
962 3916 1173 3977 spectat
1223 3908 1289 3961 ad
1341 3907 1719 3974 Eustathium,
1773 3910 1911 3965 hanc
1963 3926 1993 3965 a

424 3997 722 4068 Theophilo
762 4001 973 4053 veniam
1020 4000 1154 4067 petit
1197 3999 1456 4065 Basilius,
1486 4009 1543 4054 ut
1570 4016 1691 4056 cum
1726 3999 1992 4057 Eustathii

422 4090 727 4145 communio
760 4103 973 4158 semper
1011 4090 1113 4143 sibi
1161 4089 1496 4159 Optatissima
1530 4090 1713 4155 fuerit,
1754 4095 1989 4161 quandiu

420 4181 469 4236 is
504 4196 534 4235 a
566 4180 869 4234 sanioribus
915 4180 1091 4233 stabat
1135 4180 1414 4249 partibus;
1459 4197 1601 4236 nunc
1636 4198 1700 4237 eo
1738 4198 1861 4238 cum
1894 4185 1978 4237 ad-

420 4270 671 4324 versariis
702 4268 876 4338 palam
914 4279 968 4323 et
993 4280 1177 4339 aperte
1214 4272 1520 4341 conjuncto,
1560 4272 1719 4328 liceat
1758 4275 1859 4329 sibi
1906 4278 1990 4329 'ui-

417 4363 494 4419 hil
528 4362 742 4418 veritati
775 4376 1111 4432 prreponere.

483 4458 803 4515 Iamdudum
853 4457 1147 4526 scripserat
1190 4455 1541 4526 TheOphilus,
1598 4455 1985 4527 molestumque

2105 3275 2497 3347 Cappadociam
2522 3284 2575 3327 et
2598 3272 2804 3324 vicinas
2843 3270 3146 3340 provincias
3178 3276 3441 3333 vastante,
3477 3267 3679 3337 quibus

2102 3370 2320 3441 angelus
2364 3366 2579 3420 Sataure
2614 3362 2814 3417 bellum
2848 3360 3132 3423 inferebat,
3181 3370 3237 3413 ut
3268 3358 3511 3414 hazresim
3546 3373 3681 3428 pro-

2100 3467 2340 3533 pagaret,
2383 3471 2446 3511 ac
2493 3469 2562 3509 ne
2592 3452 2840 3522 sanguini
2869 3451 3084 3521 quidem
3120 3449 3354 3505 ﬁdelium
3389 3454 3675 3519 parcebat.

2099 3550 2237 3604 Nam
2263 3547 2544 3614 Asclepius
2571 3542 2810 3612 quidam,
2835 3555 2899 3594 eo
2924 3540 3064 3608 quod
3091 3539 3521 3593 communionem
3544 3553 3677 3594 cum

2103 3643 2262 3705 Docc,
2302 3640 2355 3693 id
2394 3648 2496 3702 est,
2523 3652 2643 3690 cum
2676 3634 2946 3690 Frontone
2974 3634 3111 3688 inire
3136 3634 3324 3699 nollet,
3355 3634 3423 3689 ab
3454 3634 3676 3688 haereti-

2096 3732 2176 3786 cis
2224 3731 2561 3791 verberatus,
2614 3740 2681 3780 ex
2730 3724 2900 3794 plagis
2942 3724 3167 3780 obierat.
3221 3724 3340 3779 Non
3388 3726 3675 3781 dubitabat

2095 3821 2345 3886 Basilius,
2377 3821 2503 3890 quin
2531 3817 2685 3887 hujus
2716 3818 2792 3873 rei
2816 3817 2957 3871 fama
2993 3818 3060 3873 ad
3091 3818 3518 3888 Amphilochium
3543 3833 3676 3888 per-

2098 3912 2352 3966 venisset.
2385 3908 2590 3963 Cmtera
2621 3906 2801 3961 omnia
2825 3906 2952 3960 huic
2984 3905 3211 3961 facinori
3244 3908 3668 3976 respondebant,

2094 4001 2497 4070 persecutiones
2541 3997 2979 4067 presbyterorum
3027 4006 3082 4050 et
3131 3997 3563 4067 magistratuum,
3606 4005 3668 4050 ct

2093 4089 2350 4159 quidquid
2402 4088 2470 4141 ab
2522 4086 2833 4140 hominibus
2884 4086 3209 4141 auctoritate
3258 4087 3325 4142 ad
3377 4085 3666 4142 arbitrium

2091 4182 2434 4237 abutentibus
2474 4181 2740 4251 proﬁcisci
2774 4180 2961 4249 possit.

2159 4273 2279 4328 Jam
2326 4273 2599 4328 absolutus
2626 4281 2743 4327 erat
2782 4272 2920 4327 liber
2945 4271 3022 4326 De
3052 4272 3253 4344 Spiritu
3286 4282 3493 4336 sancto,
3531 4287 3659 4326 cum

2088 4373 2308 4418 sanctus
2352 4363 2762 4431 Amphilochius
2803 4363 3102 4420 Caesaream
3158 4363 3304 4419 venit
3354 4377 3496 4416 anno
3518 4376 3664 4431 prae-

2090 4455 2250 4509 tcrito
2285 4454 2352 4508 ad
2398 4455 2535 4509 diem
2573 4455 2768 4509 festum
2799 4455 2856 4510 S.
2900 4455 3210 4527 Eupsychii.
3248 4454 3425 4508 Moras
3456 4453 3657 4506 attule-

413 4563 529 4609 erat
571 4552 769 4608 Basilio
800 4550 939 4620 quod
976 4551 1289 4604 occasiones
1327 4551 1577 4603 deessent
1611 4549 1979 4618 respondendi.
2016 4550 2060 4605 D
2090 4558 2218 4601 runt
2269 4547 2505 4601 librariis
2546 4550 2794 4603 mandata
2842 4548 3239 4618 Amphilochii,
3288 4546 3379 4616 qui
3427 4559 3548 4599 eum
3596 4543 3656 4598 in

414 4645 520 4700 Sed
553 4645 763 4699 tandem
808 4653 1000 4697 nactus
1048 4641 1403 4710 Strategium,
1443 4641 1715 4695 commisit
1756 4641 1804 4693 ei
1848 4640 1989 4694 hanc

412 4734 690 4804 epistolam
732 4748 855 4787 cum
899 4730 1240 4800 praecedenti.
1279 4730 1368 4783 Bis
1394 4729 1610 4797 quidem
1636 4728 1788 4783 venit
1834 4726 1987 4781 Stra-

412 4832 604 4895 tegius,
632 4834 689 4879 ut
714 4826 872 4878 modo
901 4822 1232 4887 videbimus;
1264 4820 1357 4874 sed
1396 4821 1568 4889 primo
1594 4817 1712 4886 ejus
1752 4818 1985 4873 adventu

409 4916 643 4970 Basilius
667 4915 963 4985 Theophilo
986 4913 1202 4984 scripsit
1237 4930 1250 4967 :
1282 4915 1360 4967 sic
1388 4914 1528 4966 enim
1556 4912 1610 4966 in
1658 4911 1983 4981 praecedenti

407 5008 629 5078 epistola
674 5008 740 5062 de
796 5006 1095 5076 'l‘he0philo
1143 5014 1198 5060 et
1251 5005 1487 5073 acceptis
1536 5004 1603 5057 ab
1645 5018 1709 5057 eo
1760 5003 1972 5072 injuriis

406 5099 641 5170 loquitur
689 5109 747 5152 ut
785 5099 897 5168 jam
941 5109 1051 5152 tum
1102 5098 1345 5151 videatur
1373 5095 1702 5165 Theophilus
1747 5094 1811 5147 ad
1856 5095 1971 5164 ejus

403 5192 837 5246 communionem
858 5200 912 5242 et
932 5173 1223 5242 amicitiam
1247 5186 1588 5241 rediisse.Ait
1609 5186 1750 5239 enim
1773 5184 1851 5255 (n.
1870 5184 1926 5253 2)
1954 5202 1967 5238 :

403 5282 536 5336 Cum
574 5281 715 5336 οηιηὶ
753 5280 882 5333 mihi
919 5279 1203 5333 reverentia
1240 5291 1287 5331 et
1333 5278 1529 5331 honore
1572 5278 1758 5347 dignus
1803 5277 1972 5345 frater

404 5374 715 5443 Theophilus
746 5388 848 5426 uno
882 5386 946 5425 ea:
982 5370 1062 5424 his
1092 5370 1180 5439 qui
1224 5386 1342 5422 cum
1383 5385 1442 5423 eo
1479 5379 1595 5421 sunt
1621 5370 1801 5435 misso,
1832 5382 1964 5421 non-

401 5466 546 5519 nulla
587 5463 921 5525 declarasset,
963 5477 1079 5531 qua:
1128 5476 1217 5513 nec
1265 5460 1364 5513 sibi
1415 5459 1660 5512 indecora
1700 5458 1865 5523 dictu,
1916 5467 1965 5512 et

2087 4635 2416 4711 membranis
2463 4638 2787 4707 descriptum
2832 4637 3021 4691 voluit.
3074 4636 3186 4691 Sub
3221 4638 3380 4691 tinent
3412 4634 3652 4702 ejusdem

2086 4729 2212 4781 anni
2272 4729 2543 4797 promittit
2588 4744 2649 4784 se
2699 4730 2989 4784 missurum
3038 4728 3167 4783 illud
3188 4743 3344 4797 opus,
3398 4729 3441 4782 si
3489 4742 3652 4797 quem

2082 4817 2335 4873 idoneum
2392 4820 2646 4885 inveniat,
2709 4820 2798 4876 cui
2851 4819 3231 4889 perferendum
3256 4819 3647 4875 committatur.

2082 4903 2256 4977 Hujus
2289 4911 2433 4965 enim
2469 4912 2736 4967 cautionis
2771 4913 3148 4968 necessitatem
3178 4910 3435 4966 aﬂerebat
3466 4924 3651 4979 perse-

2078 5003 2243 5056 cutio.
2289 5003 2424 5058 Cum
2472 5005 2740 5058 neminem
2789 5004 3057 5074 ejusmodi
3105 5005 3363 5059 hactenus
3407 5003 3645 5057 iuvenis-

2077 5102 2192 5157 set,
2240 5103 2396 5162 rogat
2438 5094 2873 5163 Amphilochium
2921 5096 2975 5149 in
3025 5095 3127 5150 hac
3163 5094 3387 5164 epistola
3429 5092 3557 5157 248,
3584 5101 3647 5147 ut

2076 5183 2120 5236 si
2158 5196 2317 5251 quem
2350 5184 2464 5253 ipse
2491 5187 2743 5255 reperiat,
2782 5202 2916 5255 opus
2945 5196 3207 5242 accersat.
3241 5185 3464 5240 Nolebat
3494 5186 3643 5238 enim

2075 5271 2301 5329 Basilius
2339 5276 2466 5330 illud
2512 5277 2785 5333 hominum
2821 5280 3040 5349 judiciis
3080 5279 3442 5344 committere,
3490 5287 3644 5329 antes

2073 5380 2232 5435 quam
2264 5367 2642 5436 Amphilochia
2666 5370 2955 5437 probatura
2988 5368 3197 5427 fuisset.

2142 5458 2384 5528 Sequens
2426 5462 2670 5531 epistola,
2723 5477 2843 5532 quae
2887 5462 3238 5531 inscriptione
3280 5471 3451 5526 caret,
3494 5459 3641 5512 inter

398 5554 546 5610 nobis
578 5556 763 5608 auditu
786 5552 1120 5623 congruentia
1155 5567 1265 5607 esse
1289 5551 1543 5617 ducebat;
1569 5550 1793 5607 scribere
1825 5551 1963 5606 enim
2069 5552 2170 5608 hos
2209 5551 2468 5608 tumultus
2512 5554 2729 5610 videtur
2772 5554 2999 5625 scripta.
3046 5552 3184 5609 Num
3227 5567 3349 5609 cum
3402 5552 3638 5622 aliquem

467 5761 542 5832 (α)
581 5760 676 5832 Et»
703 5759 825 5832 950-

465 5825 539 5903 (ὁ)
578 5825 676 5903 Ep.
700 5825 823 5890 378.
856 5848 911 5887 n.
940 5833 995 5910 1.,

2144 5759 2215 5831 (c)
2254 5759 2350 5832 Ep.
2383 5761 2508 5817 247.
