4040 6216
1689 400 1840 459 νιτΑ
1883 405 1941 460 S.
1982 404 2248 461 BASILII.

3381 425 3560 466 CXLVII

321 519 436 572 vita:
466 518 784 572 monasticae
814 517 1068 586 cupidum
1096 517 1381 586 przeposito
1414 521 1727 574 monasterii
1750 536 1895 574 com-
1923 528 2136 585 Arent,
2191 535 2255 574 ac
2309 520 2556 588 exiguam
2607 533 2728 574 esse
2778 527 2983 588 partem
3030 519 3397 584 considerent,
3447 537 3565 588 qua!

322 609 619 672 mendaret,
652 607 920 676 praeclare
948 622 1070 660 cum
1103 623 1166 661 eo
1198 608 1313 661 viro
1341 609 1424 675 agi
1454 610 1747 674 existimat,
1791 627 1896 666 non

323 699 489 752 solum
523 699 667 765 quod
698 696 902 751 bonum
932 697 1032 751 sibi
1053 697 1117 751 ad
1147 696 1379 750 futuram
1419 699 1580 751 vitam
1615 701 1894 765 viaticum,

321 789 515 843 bonum
545 804 673 842 cum
714 788 1026 842 hominibus
1057 787 1340 841 Dominum
1375 789 1686 844 timentibus
1711 793 1897 844 convi-

324 891 465 934 ctum
513 881 698 950 eligat,
744 881 839 933 sed
875 881 1036 934 etiam
1073 880 1212 950 quod
1261 880 1420 943 hisce,
1464 879 1657 949 inquit,
1707 882 1897 936 nostris

325 969 632 1024 tumultibus
668 971 948 1027 liberetur.

393 1062 482 1116 IV.
525 1062 847 1131 Superiores
874 1062 1060 1117 Basilii
1091 1064 1156 1116 ad
1189 1062 1553 1132 Patrophilum
1586 1063 1773 1118 litterae
1808 1080 1895 1119 ee-

322 1155 493 1209 lerem
535 1155 945 1223 responsionem
996 1156 1357 1210 merebantur.
1409 1155 1717 1226 Regebatur
1753 1159 1894 1211 enim

327 1246 687 1314 Patrophilus,
719 1257 777 1300 ut
807 1247 972 1301 misso
1005 1248 1196 1300 iterum
1227 1247 1494 1318 Strategio
1525 1251 1892 1317 responderet,

323 1345 507 1391 utrum
535 1339 586 1391 in
614 1336 795 1390 Basilii
828 1347 1070 1391 maneret
1101 1341 1498 1402 communione,
1529 1355 1594 1393 an
1634 1349 1800 1393 totum
1838 1355 1896 1394 se

324 1427 591 1481 Eustatbii
644 1429 885 1497 partibus
938 1429 1249 1484 addixisset.
1293 1429 1497 1484 Tardus
1545 1431 1644 1485 fuit
1693 1433 1760 1485 ad
1809 1448 1896 1486 re-

325 1521 694 1588 spondendum
721 1519 1007 1589 Egeensis
1030 1527 1330 1591 episcopus.
1356 1521 1617 1587 Tandem,
1647 1525 1732 1578 ubi
1763 1526 1895 1581 satis

325 1611 660 1666 deliberasse
701 1612 804 1665 sibi
839 1613 984 1666 visus
1023 1623 1123 1680 est,
1160 1631 1254 1684 per
1284 1615 1528 1668 eumdem
1568 1614 1892 1686 Strategium

325 1704 543 1772 scripsit
581 1719 642 1757 se
675 1705 923 1758 eumdem
962 1719 1081 1758 esse
1118 1719 1240 1774 erga
1267 1706 1545 1772 Basiliam,
1576 1708 1666 1775 qui
1712 1708 1892 1761 hacte-

322 1815 425 1855 nus
468 1799 668 1866 fuerat,
697 1801 770 1853 ita
799 1810 974 1853 tamen
1019 1813 1076 1853 ut
1104 1816 1133 1854 a
1167 1816 1260 1855 sua
1299 1803 1348 1854 in
1378 1800 1721 1856 Eustathium
1769 1817 1895 1872 pro-

1998 613 2185 667 morbo
2217 611 2436 666 haeresis
2462 611 2686 676 laborat,
2718 612 2974 680 reliquam
3012 626 3139 666 vero
3177 611 3473 666 Ecclesium
3510 613 3562 665 in

1999 719 2127 759 sana
2163 715 2216 758 et
2253 705 2562 772 incorrupta
2597 705 2840 758 doctrina
2876 705 3103 759 versari.

2073 794 2326 848 Numerat
2360 794 2588 848 Basilius
2618 795 2695 866 (ιι.
2721 795 2774 862 9.)
2815 809 2983 849 annos
3021 795 3203 848 decem
3247 803 3300 848 et
3346 804 3550 860 septem

2000 905 2103 944 non
2135 897 2354 942 exactos
2385 903 2413 940 a
2448 888 2679 941 concilio
2719 887 3328 954 Constantinopolitano,
3369 890 3420 940 in
3450 902 3559 955 quo

1999 981 2269 1049 depositus
2305 988 2386 1033 est
2423 978 2736 1032 Eustathius
2774 994 2914 1031 anno
2944 978 3046 1031 560
3075 979 3310 1032 ineunte.
3343 979 3414 1031 Ex
3444 993 3551 1045 quo

1998 1081 2144 1140 patet
2174 1071 2312 1123 hanc
2341 1069 2620 1138 epistolam
2665 1084 2807 1121 anno
2839 1069 2942 1121 576
2970 1070 3222 1137 scriptam
3259 1084 3400 1123 esse.
3445 1070 3551 1124 Sed

2000 1178 2120 1215 cum
2157 1161 2535 1215 Tillemontius
2568 1162 2798 1214 Arianos
2844 1161 3117 1214 existimet
3152 1178 3181 1214 e
3218 1161 3426 1215 Galatia
3467 1176 3558 1215 ac-

1997 1253 2224 1307 cersitos
2263 1253 2328 1304 ab
2355 1251 2636 1304 Eustathio
2672 1249 2836 1302 fuisse
2869 1268 3012 1304 anno
3041 1250 3166 1316 576,
3203 1251 3254 1302 in
3284 1252 3458 1302 varias
3502 1265 3561 1305 se

1999 1341 2215 1409 conjicit
2251 1342 2524 1410 ambages,
2561 1350 2618 1393 ut
2653 1342 2886 1408 explicet
2932 1341 3074 1409 quod
3124 1342 3198 1392 ait
3227 1341 3476 1402 Basilius,
3509 1341 3562 1394 id

2000 1435 2196 1488 factum
2247 1450 2382 1486 anno
2426 1434 2694 1500 pra-terim
2757 1432 2943 1490 fuisse.
2992 1432 3317 1502 Suspicatnr
3367 1432 3560 1486 Orien—

2001 1526 2133 1580 tales
2171 1541 2368 1577 annum
2416 1524 2653 1592 incipere
2697 1521 2870 1576 solere
2915 1538 2942 1575 a
2986 1538 3168 1575 mense
3217 1523 3557 1591 Septembri,

1998 1632 2061 1670 ac
2090 1615 2330 1686 proinde,
2364 1616 2407 1670 si
2443 1617 2555 1669 hate
2584 1617 2807 1685 epistola
2851 1613 3124 1680 rejiciatur
3151 1623 3270 1682 post
3321 1626 3557 1665 mensem

2001 1706 2405 1775 Septembrem,
2455 1706 2706 1759 Basilium
2756 1705 2807 1758 id
2857 1705 3126 1773 praeterito
3172 1718 3312 1755 anno
3361 1703 3562 1755 factum

1999 1800 2178 1852 dicere
2213 1799 2465 1868 potuisse,
2493 1798 2631 1865 quod
2662 1812 2824 1851 verno
2862 1806 3099 1864 tempore
3130 1796 3253 1847 anni
3298 1793 3403 1847 576
3435 1807 3562 1846 eve-

321 1894 584 1960 pensione
633 1907 740 1945 non
788 1892 1012 1945 multum
1051 1893 1372 1959 discederet,
1402 1909 1466 1947 ac
1493 1892 1672 1948 Basilii
1712 1896 1766 1946 in
1804 1895 1894 1949 de-
1925 1898 1968 1952 Β
1998 1901 2172 1944 nerat.
2209 1889 2465 1956 Quamvis
2495 1899 2674 1942 autem
2721 1889 3130 1958 probaverimus
3166 1888 3221 1940 in
3263 1887 3439 1954 capite
3491 1883 3562 1936 54

323 1985 566 2054 neganda
596 1985 877 2039 Eustathio
907 1986 1284 2040 communione
1313 1987 1672 2042 constantiam
1719 1989 1896 2041 minus

321 2077 601 2146 probaret.

391 2166 616 2223 Gratias
657 2170 769 2237 agit
807 2167 1044 2224 Basilius
1084 2171 1222 2238 quod
1257 2169 1396 2223 idem
1425 2184 1551 2238 erga
1587 2184 1647 2224 se
1680 2184 1892 2238 perma-

322 2271 465 2312 neat.
504 2258 611 2312 Sed
657 2260 722 2312 iis
753 2259 990 2323 omissis,
1020 2274 1136 2327 quae
1172 2259 1236 2312 de
1264 2258 1539 2313 Eustathio
1566 2259 1897 2312 disseruerat

323 2347 687 2416 Patrophilus,
748 2347 948 2401 factum
1000 2363 1153 2402 suum
1214 2349 1313 2401 hoc
1357 2363 1465 2401 uno
1509 2349 1730 2403 rationis
1779 2364 1896 2404 mo-

323 2447 506 2491 mento
529 2438 794 2505 defendit,
822 2438 964 2506 quod
991 2453 1109 2492 cum
1137 2438 1446 2492 Eustathius
1471 2439 1643 2508 palam
1671 2449 1722 2492 et
1749 2455 1897 2507 aper-

324 2540 377 2584 te
419 2530 906 2584 communicaverit
942 2545 1062 2584 cum
1106 2529 1330 2594 Galatis,
1373 2531 1464 2600 qui
1511 2531 1576 2584 ab
1607 2531 1893 2598 insignium

321 2622 646 2674 Arianorum
702 2623 944 2690 partibus
988 2624 1223 2686 stabant,
1263 2624 1305 2676 si
1347 2638 1468 2676 cum
1515 2623 1772 2690 ejusmodi
1803 2626 1897 2677 ho-

321 2713 557 2765 minibus
581 2715 986 2768 communicare
1028 2715 1208 2776 liceat,
1242 2715 1402 2768 etiam
1432 2730 1551 2769 cum
1581 2731 1764 2768 eorum
1797 2717 1896 2769 du-

321 2802 472 2855 cibus
492 2811 547 2856 et
577 2805 855 2872 magistris
884 2804 1068 2868 liceat,
1097 2819 1324 2874 quorum
1353 2815 1528 2860 tamen
1559 2808 1895 2861 communio-

322 2908 441 2945 nem
471 2891 714 2964 fugiebat
748 2894 1112 2964 Patmphilus.

393 2987 712 3040 Evzesenam
742 2988 1063 3050 Ecclesium,
1107 3003 1224 3056 quae
1257 2989 1429 3042 vicina
1473 2998 1589 3044 erat
1614 2988 1892 3054 Cmsareaz,

320 3080 451 3134 nihil
483 3079 700 3132 laeserat
725 3087 1024 3146 temporum
1049 3079 1355 3143 difﬁcultas,
1397 3081 1447 3133 id
1485 3082 1624 3150 quod
1666 3083 1896 3135 maxime

320 3187 502 3224 rarum
536 3181 661 3224 erat
706 3179 759 3224 et
800 3171 1020 3223 inventu
1055 3171 1264 3224 dillicile
1301 3189 1313 3224 :
1353 3171 1560 3239 integra
1596 3182 1713 3225 erat
1757 3173 1894 3241 apud

319 3279 410 3317 eos
449 3273 504 3316 et
547 3263 752 3317 intacta
794 3263 926 3316 ﬁdes
959 3262 1282 3330 apostolica;
1329 3279 1392 3317 ac
1438 3280 1592 3318 suum
1653 3265 1896 3318 veritatis

321 3372 559 3410 amorem
596 3356 816 3426 egregie
862 3356 1228 3420 declararunt,
1266 3370 1388 3409 cum
1424 3366 1664 3410 structas
1702 3356 1897 3410 Basilio

319 3449 620 3504 calumnias
648 3449 702 3500 in
741 3448 1111 3501 mentientium
1140 3449 1312 3515 capita
1343 3447 1664 3515 rejecerunt.
1697 3447 1898 3501 Praeter

319 3538 548 3603 libellos,
582 3539 778 3606 quibus
806 3537 1061 3591 Basilium
1092 3537 1402 3592 Eustathius
1437 3548 1560 3592 ante
1589 3547 1700 3593 tres
1727 3554 1896 3593 annos

321 3635 676 3693 laceraverat,
720 3630 930 3683 videtur
981 3631 1264 3684 recentiori
1308 3631 1503 3684 astutia
1560 3630 1642 3683 vel
1698 3645 1794 3698 per
1840 3645 1897 3684 se

319 3722 450 3789 ipse,
500 3721 586 3776 vel
635 3737 732 3790 per
767 3721 1078 3775 emissarios
1115 3737 1240 3776 suos
1277 3723 1604 3790 persuadere
1628 3722 1896 3775 Evaesenis

318 3816 553 3868 voluisse
595 3818 671 3883 (n.
727 3814 805 3879 4),
849 3815 1089 3869 ordinem
1138 3827 1338 3867 sancta:
1388 3813 1667 3868 Trinitatis
1717 3831 1746 3869 a
1798 3815 1895 3868 Ba-

318 3906 436 3958 silio
485 3904 786 3970 immutari,
831 3919 894 3959 ac
944 3902 1203 3975 Spiritum
1257 3903 1405 3958 Patri
1456 3914 1511 3960 et
1567 3905 1705 3960 Filio
1754 3921 1892 3976 prae-

319 3999 464 4066 poni.

391 4089 717 4144 Persuasum
749 4089 908 4142 habet
938 4087 1168 4142 Basilius
1195 4104 1439 4158 magnam
1467 4086 1582 4142 fore
1610 4087 1895 4141 Evzeseno-

317 4197 437 4234 rum
465 4181 791 4244 mercedem,
821 4183 962 4249 quod
989 4181 1273 4234 calumniis
1302 4180 1503 4233 aditum
1531 4181 1582 4234 in
1613 4181 1771 4233 corda
1800 4196 1893 4233 sua

318 4289 425 4325 non
469 4272 718 4326 dederint
763 4289 778 4326 :
825 4288 1022 4340 eosque
1060 4273 1264 4335 laudat,
1303 4271 1443 4340 quod
1492 4271 1745 4339 prmclarc
1780 4272 1895 4324 ani-

319 4363 1076 4432 madverterint,iniquitatem
1104 4371 1156 4417 et
1183 4364 1591 4417 inconstantiam
1609 4362 1892 4429 Eustathii,

320 4459 562 4524 quicum
601 4455 833 4508 Nicaeam
870 4455 991 4507 fidei
1023 4453 1435 4521 subscripsisset
1471 4439 1892 4524 Rorme,'postea

1998 1986 2262 2040 Eustathii
2315 1984 2750 2053 coniunctionem
2806 1998 2928 2036 cum
2983 1982 3198 2034 Arianis
3264 1995 3404 2032 anno
3458 1979 3561 2031 575

1997 2089 2122 2133 ante
2155 2078 2340 2131 Natale
2372 2076 2579 2131 Domini
2611 2076 2860 2130 evenisse
2882 2115 2896 2139 ,
2937 2076 3051 2129 lucc
3103 2085 3279 2126 tamen
3321 2075 3385 2126 ad
3416 2074 3564 2126 Eva:-
3639 2101 3642 2103 >

1996 2185 2156 2224 senos
2199 2168 2423 2237 epistola
2459 2177 2578 2238 post
2621 2167 2994 2236 Septembrem
3046 2165 3339 2232 rejicienda
3391 2174 3556 2227 esset,

1996 2263 2040 2316 si
2075 2261 2437 2330 Cappadoces,
2473 2270 2529 2312 ut
2564 2261 2842 2313 existimat
2887 2257 3270 2311 Tillemontius
3295 2295 3309 2319 ,
3361 2271 3559 2308 annum

1997 2355 2348 2422 incoepissent
2395 2369 2424 2406 a
2493 2367 2682 2406 mense
2719 2351 3042 2419 Septembri.
3087 2349 3191 2401 Sed
3227 2349 3340 2401 lia-:c
3383 2345 3563 2413 opinio

1999 2461 2101 2498 non
2137 2446 2346 2512 magnis
2383 2443 2574 2496 nititur
2605 2442 2907 2501 momentis,
2941 2440 3200 2508 longeque
3226 2437 3562 2508 probabilius

1996 2544 2076 2588 est
2113 2535 2325 2587 initium
2358 2533 2485 2585 anni
2526 2533 2666 2600 apud
2711 2532 3054 2599 Cappadoces
3095 2547 3122 2582 a
3154 2546 3335 2584 mense
3372 2527 3562 2582 Martio

1997 2625 2284 2692 repetitum
2337 2623 2522 2677 fuisse.
2567 2622 2704 2675 Nam
2744 2621 2984 2676 Basilius
3025 2622 3077 2674 in
3123 2622 3278 2690 epist.
3317 2623 3405 2684 69,
3444 2636 3564 2690 qua:

1997 2716 2152 2768 citius
2185 2728 2365 2767 mense
2405 2711 2712 2782 Septembri
2750 2713 2908 2765 scribi
2946 2728 3050 2764 non
3097 2714 3285 2780 potuit,
3318 2724 3561 2766 sanctum

1997 2804 2348 2856 Athanasium
2394 2811 2563 2871 rogat,
2593 2812 2649 2854 ut
2681 2800 3008 2854 Dorotheum
3041 2803 3106 2854 ad
3142 2803 3367 2871 primam
3410 2803 3564 2855 navi-

1997 2896 2265 2962 gationem
2313 2895 2578 2955 dimittat,
2625 2902 2680 2945 ut
2713 2894 2896 2946 saltem
2946 2896 3134 2961 possit,
3184 2896 3382 2961 inquit,
3424 2910 3562 2946 anno

1997 2989 2224 3057 sequenti
2267 2987 2466 3055 aliquid
2515 2987 2628 3053 ﬁeri
2671 3003 2848 3039 eorum
2895 3003 3012 3056 qua:
3067 3003 3360 3053 precamur.
3399 2986 3560 3040 Plana

1997 3089 2081 3131 est
2117 3087 2170 3130 et
2207 3087 2388 3146 aperta
2426 3079 2538 3129 hate
2569 3077 2760 3140 oratio,
2795 3078 2836 3129 si
2871 3081 2992 3128 anni
3029 3077 3238 3128 initium
3276 3088 3390 3131 erat
3423 3076 3562 3142 apud

1998 3169 2342 3238 Cappadoces
2399 3170 2596 3222 mensis
2651 3168 2910 3232 Martius;
2954 3168 3047 3222 sed
3095 3170 3138 3222 si
3193 3168 3559 3237 Septembris.

2000 3261 2268 3330 quomodo
2318 3261 2548 3314 Basilius
2595 3262 2749 3313 initio
2793 3261 2916 3313 anni
2966 3261 3228 3324 scribens,
3277 3274 3379 3312 non
3431 3262 3565 3312 satis

1998 3365 2278 3419 superesse
2308 3351 2670 3403 esistimasset
2719 3353 3014 3416 temporis,
3071 3350 3306 3417 satisque
3350 3348 3564 3402 habuis-

1998 3451 2098 3506 sct,
2131 3444 2173 3495 si
2217 3443 2405 3494 saltem
2458 3457 2598 3494 anno
2635 3440 2880 3510 sequenti
2930 3450 3177 3508 suscepta
3219 3439 3444 3494 consilia
3493 3437 3561 3491 ad

1997 3535 2200 3588 exitum
2236 3535 2655 3601 perducerentur
2681 3533 2704 3585 ?

2067 3626 2358 3680 Existimat
2401 3625 2776 3678 Tillemontius
2805 3623 2880 3695 (α)
2916 3624 3217 3677 orationem
3270 3622 3455 3676 Basilii
3507 3622 3562 3674 in

1998 3728 2243 3771 sanctum
2277 3716 2598 3770 Mamantem
2623 3717 2796 3784 primo
2833 3717 2958 3768 anni
2988 3717 3071 3769 die
3102 3716 3333 3768 habitant
3363 3716 3561 3779 fuisse;

1996 3820 2052 3862 et
2099 3824 2219 3862 cum
2275 3808 2330 3862 S.
2377 3808 2630 3876 martyris
2682 3806 2880 3861 festum
2931 3807 3068 3875 apud
3109 3805 3325 3858 Gratcos
3380 3819 3563 3858 mense

1999 3899 2302 3968 Septembri
2355 3899 2676 3963 celebretur,
2724 3899 2937 3951 initium
2992 3899 3116 3950 anni
3164 3898 3303 3965 apud
3353 3897 3562 3964 Cappa-

1996 3991 2156 4044 doces
2184 4006 2212 4043 a
2249 3992 2422 4059 primo
2463 3989 2796 4058 Septembris
2827 3990 2911 4043 die
2954 3989 3167 4056 repetit.
3210 3987 3315 4040 Sed
3361 3986 3556 4040 festum

1998 4079 2056 4134 S.
2100 4079 2386 4134 Mamantis
2436 4081 2671 4134 secundo
2702 4079 3036 4148 Septembris
3077 4079 3181 4140 die,
3227 4093 3329 4130 non
3364 4078 3562 4146 primo,

1997 4173 2133 4240 apud
2187 4171 2401 4224 Graecos
2435 4171 2762 4236 celebratur,
2798 4171 3116 4238 vigebatque
3166 4169 3280 4222 haec
3327 4183 3559 4221 consue-

1995 4265 2122 4318 tudo
2141 4262 2628 4330 Constantinopoli,
2659 4273 2715 4315 ut
2741 4259 3400 4326 observatTillemontius,
3432 4269 3561 4314 tem-

1994 4371 2125 4424 pore
2153 4355 2348 4408 Leonis
2382 4354 2626 4408 Thracis.
2662 4355 2859 4408 Deinde
2899 4370 3025 4407 vero
3051 4353 3232 4407 Basilii
3261 4356 3424 4407 verba
3457 4369 3562 4406 non

1996 4449 2074 4501 sic
2119 4448 2286 4516 accipi
2329 4447 2558 4511 debent,
2607 4448 2759 4514 quasi
2812 4447 2926 4500 dies
2975 4447 3144 4500 festus
3184 4447 3239 4500 S.
3282 4445 3564 4500 Maniantis

319 4547 520 4602 Basilio
567 4547 764 4600 bellum
808 4545 986 4598 intulit
1019 4561 1082 4598 eo
1109 4547 1268 4613 quod,
1301 4545 1466 4613 ipsius
1497 4548 1687 4614 petitu,
1720 4547 1891 4600 eidem
1929 4565 1971 4620 ι)
1999 4541 2173 4607 primo
2218 4539 2342 4591 anni
2379 4539 2554 4591 civilis
2601 4539 2686 4592 die
2736 4538 3132 4602 celebraretur;
3181 4536 3273 4590 sed
3320 4551 3441 4587 cum
3496 4537 3562 4587 ad

320 4639 564 4693 formula:
581 4639 772 4692 iterum
793 4637 1195 4705 subscripsisset
1212 4655 1226 4702 ;
1244 4648 1296 4690 et
1322 4653 1442 4689 cum
1459 4637 1684 4691 Arianos
1704 4653 1897 4706 negas-

319 4743 403 4787 set
427 4733 713 4800 episc0pos
738 4745 877 4793 esse,
919 4745 1061 4782 nunc
1089 4729 1152 4782 iis
1183 4730 1448 4798 supplicat
1479 4745 1614 4798 quos
1647 4730 1718 4782 illi
1750 4731 1895 4783 ordi-

320 4838 556 4887 navere;
598 4831 652 4874 et
690 4835 809 4874 cum
849 4820 1108 4874 violenter
1139 4823 1462 4890 exagitasset
1497 4836 1609 4886 eos,
1645 4824 1733 4890 qui
1769 4839 1890 4875 cum

319 4914 537 4966 Arianis
577 4912 1069 4973 communicabant,
1112 4925 1252 4964 nunc
1293 4913 1616 4965 Arianorum
1653 4927 1890 4965 comnm-

320 5007 538 5058 nionem
579 5003 940 5074 persequitur.
994 5001 1213 5056 Fatetur
1257 5002 1486 5057 Basilius
1529 5003 1781 5056 humilem
1830 5017 1889 5055 se

319 5109 439 5148 esse
476 5103 530 5147 et
572 5108 816 5162 parvum,
861 5094 952 5145 sed
1002 5099 1178 5144 tamen
1210 5093 1456 5146 eumdem
1495 5107 1707 5158 semper
1745 5105 1885 5155 esse,

319 5199 417 5238 nec
439 5197 678 5251 unquam
706 5197 829 5235 cum
857 5181 1017 5236 rebus
1043 5181 1402 5235 immutatum.
1423 5179 1536 5234 Non
1561 5182 1720 5233 aliam
1748 5181 1888 5248 apud

319 5291 377 5330 se
437 5275 595 5326 [idem
651 5283 780 5325 esse
826 5268 1116 5334 Seleuciaz,
1179 5270 1339 5322 aliam
1392 5268 1888 5338 Constantinopoli,

317 5367 472 5420 aliam
504 5363 647 5418 Zelis
669 5373 723 5416 et
750 5361 1035 5430 Lampsaci
1067 5360 1249 5427 aliam,
1274 5372 1327 5414 et
1355 5359 1542 5412 Roma:
1578 5359 1760 5422 aliam,
1792 5373 1891 5414 nec

317 5477 460 5516 nunc
518 5473 716 5514 novam
771 5453 1117 5510 circumferri
1171 5468 1201 5508 a
1262 5451 1539 5521 prioribus
1596 5449 1886 5503 diversam.

315 5556 572 5612 Hortatur
603 5553 916 5615 Evmsenos,
948 5556 1006 5601 ut
1052 5549 1105 5602 in
1144 5547 1249 5603 fide
1290 5553 1600 5603 constanter
1642 5557 1891 5616 perseve-

383 5744 456 5815 (α)
499 5743 660 5798 Tom.
686 5735 776 5803 IV,
814 5749 866 5804 p.
894 5731 1022 5789 558.

2003 4629 2144 4682 hunc
2188 4629 2328 4682 diem
2380 4645 2569 4696 magna
2612 4628 2887 4681 hominum
2940 4628 3224 4680 multitudo
3269 4626 3564 4694 quotannis

2001 4714 2290 4768 conflueret
2318 4756 2332 4779 ,
2369 4724 2485 4768 erat
2534 4716 2619 4769 ille
2651 4717 2764 4770 dies
2801 4725 2854 4768 et
2895 4717 3148 4782 praeteriti
3182 4715 3306 4767 anni
3353 4715 3472 4766 linis
3511 4723 3568 4768 et

1999 4807 2120 4859 novi
2151 4806 2546 4874 quodammodo
2596 4806 2826 4858 initium.
2873 4805 2961 4857 Sic
3007 4805 3239 4870 loquitur
3286 4802 3561 4856 Basilius:

2009 4896 2066 4948 Ὁ
2117 4896 2173 4948 δὲ
2222 4895 2572 4965 περιαγαγὼν
2632 4895 2788 4965 ἡμῶν
2833 4895 2928 4965 τὴν
2982 4896 3286 4964 πανήγυριν
3339 4894 3562 4964 ταύτην,

1997 4987 2090 5039 καὶ
2119 4985 2290 5056 πέρας
2323 4985 2444 5048 δοὺς
2472 4988 2593 5048 ταῖς
2619 4987 2931 5055 περυσιναῖς
2960 4984 3161 5052 εὐχαῖς,
3193 4984 3283 5035 καὶ
3324 4984 3565 5052 κεφαλὴν

1995 5079 2117 5140 δοὺς
2157 5077 2234 5147 τῷ
2269 5079 2472 5129 ἐπιόντι
2519 5078 2694 5148 χρόνῳ
2741 5078 2806 5147 (ἡ
2841 5076 2947 5146 γὰρ
2989 5076 3124 5146 αὑτὴ
3171 5075 3349 5145 ἡμέρα
3394 5075 3564 5146 ὁρίζει

1995 5173 2124 5240 ἡμῖν
2160 5172 2248 5222 τὸν
2298 5170 2630 5242 παρελθόντα
2670 5168 2885 5231 κύκλον,
2942 5169 3035 5221 καὶ
3088 5168 3294 5238 κεφαλὴ
3356 5167 3564 5234 γίνεται

1995 5262 2156 5316 πάλιν
2196 5261 2272 5332 τῷ
2319 5261 2702 5332 ὲπερχομὲμῳ)
2877 5259 3250 5328 διαφυλάξειεν
3302 5260 3446 5328 ἡμᾶς
3506 5260 3564 5310 ὲν

1994 5355 2140 5424 αὐτῷ
2167 5355 2439 5416 ἀϐλαϐεῖς.
2479 5353 2581 5418 Qui
2617 5368 2731 5406 tero
2769 5354 2902 5404 hanc
2935 5362 3168 5404 nostram
3210 5349 3562 5402 celebritatem

1994 5449 2226 5509 reduxit,
2253 5457 2298 5499 et
2330 5445 2581 5514 prwteriti
2611 5443 2736 5496 anui
2767 5443 2897 5496 uatis
2929 5442 3088 5510 ﬁnem
3125 5441 3267 5493 dedit
3301 5449 3350 5493 et
3381 5455 3562 5492 succe-

1963 5538 2138 5597 .denti
2167 5538 2384 5606 tempori
2413 5537 2621 5590 initium
2655 5535 2879 5606 largitus
2923 5543 2995 5590 est
3037 5533 3239 5604 (eadem
3280 5532 3416 5586 enim
3453 5531 3564 5584 dies
