4040 6216
431 390 633 432 CXLVIII

1784 359 2316 422 PROLEGOMENA.

432 496 753 566 prwteritum
792 494 1046 548 circulum
1078 493 1224 547 nobis
1265 494 1509 548 terminat
1545 499 1592 546 et
1627 507 1810 544 rursus
1863 491 2000 543 inse-
2031 489 2077 544 Δ
2105 495 2249 539 terea
2293 493 2435 535 anno
2463 477 2569 534 575
2620 488 2675 534 el
2715 478 3059 548 sequentibus
3082 478 3407 548 querebatur
3433 474 3677 532 Basilius

435 590 635 658 quentia
667 588 725 656 ﬁt
771 586 1014 656 initium)
1042 623 1057 638 .
1079 625 1094 638 .
1114 625 1126 637 .
1151 625 1165 640 .
1197 595 1457 638 Conservet
1505 600 1596 636 nos
1626 583 1679 635 in
1726 581 1994 648 semetipso

435 680 650 742 illccsos,
679 689 786 732 etc.
818 677 948 744 Quae
998 678 1086 732 hic
1131 677 1198 732 de
1232 677 1336 730 diei
1392 675 1684 743 quotannis
1719 672 1997 727 redeuntis

436 769 807 823 vicissitudine
849 769 1121 832 dicuntur,
1165 770 1231 823 de
1270 767 1511 837 quolibet
1553 767 1640 820 die
1671 765 1809 821 festo
1839 773 1996 832 quot-

438 861 594 914 annis
621 861 876 914 redeunte
906 861 1010 914 dici
1044 868 1270 930 possunt
1302 878 1315 914 :
1349 858 1645 928 praesertim
1675 857 1718 911 si
1745 859 1810 910 ad
1850 855 1998 909 illum

437 952 576 1004 diem
609 966 796 1018 magna
841 952 1117 1005 hominum
1163 950 1447 1004 multitudo
1485 949 1775 1003 convenire
1804 947 1996 1002 soleat.

436 1041 588 1096 Nulla
625 1058 754 1112 ergo
802 1043 956 1097 nobis
1006 1043 1254 1110 imposita
1301 1040 1599 1094 necessitas
1649 1039 1887 1108 epistola:
1933 1037 2000 1091 ad

437 1133 727 1188 Evaascnos
776 1142 900 1202 post
956 1132 1324 1202 Septembrem
1375 1131 1698 1198 rejiciendte.
1751 1130 1881 1182 Nam
1949 1129 1998 1184 si

439 1224 784 1292 Cappadoces
831 1239 1058 1288 annum,
1106 1234 1166 1276 ut
1209 1222 1501 1277 verisimile
1533 1231 1654 1285 est,
1687 1235 1716 1272 a
1747 1219 2002 1274 Januario

441 1325 533 1367 aut
568 1315 759 1368 Martio
793 1315 1140 1383 incipiebant,
1173 1316 1348 1384 potuit
1379 1313 1633 1377 Basilius,
1662 1329 1781 1367 cum
1820 1325 2004 1366 mense

440 1401 579 1458 Julio
629 1411 719 1456 aut
766 1403 1006 1473 Augusto
1060 1405 1359 1468 scriberet,
1417 1419 1478 1457 ea
1536 1418 1679 1456 anno
1732 1403 2005 1472 praeterito

444 1495 582 1548 facta
635 1495 815 1550 dicere
857 1511 975 1565 quae
1013 1494 1289 1548 Decembri
1338 1493 1582 1563 proxime
1615 1493 1798 1562 elapso
1829 1493 2005 1547 conti-

444 1597 652 1657 gerant.

518 1677 820 1732 Referimus
846 1680 910 1732 ad
948 1681 1086 1730 hunc
1121 1693 1320 1731 annum
1349 1675 1630 1747 epistolam
1658 1674 1766 1731 252
1809 1675 1862 1729 in
1903 1689 2007 1745 qua

445 1766 670 1822 Basilius
709 1769 989 1837 episcopos
1013 1767 1166 1820 Ponti
1197 1768 1591 1834 perbonoriﬁce
1621 1776 1794 1837 rogat,
1826 1776 1886 1821 ut
1919 1782 2008 1819 an-

2098 577 2163 630 de
2193 572 2651 634 Occidentalibus,
2707 586 2843 640 quos
2895 571 3050 641 plena
3081 585 3240 623 manu
3274 569 3327 622 in
3374 568 3675 642 his'tribus

2097 663 2340 731 epistolis
2383 663 2583 715 laudat.
2629 662 2763 716 Cum
2799 662 2883 716 bis
2907 659 3150 726 epistolis
3193 658 3471 728 conjungit
3498 658 3674 714 etiam

2098 755 2472 811 Tillemontius
2501 754 2781 823 epistolam
2818 753 2920 807 I52
2948 753 3014 807 ad
3034 753 3350 808 Abramium
3371 751 3674 806 Batnorum

2098 848 2427 916 episcopum.
2476 845 2584 900 Sed
2614 859 2734 899 eam
2766 844 3054 914 rejecimus
3081 844 3133 897 in
3166 858 3365 897 annum
3397 843 3525 899 575.

2170 938 2432 1004 Quartam
2479 937 2759 1006 epistolam
2824 935 3018 992 detulit
3070 935 3492 999 Sanctissimus,
3549 949 3677 1005 qua

2098 1029 2430 1100 presbyteris
2453 1029 2674 1094 Acacio,
2701 1028 2881 1094 Aetio,
2907 1027 3071 1081 Paulo
3101 1036 3156 1082 et
3177 1027 3431 1097 Sylvano,
3462 1027 3675 1083 Silvino

2102 1131 2158 1178 et
2187 1121 2353 1175 Lucio
2402 1119 2682 1183 diaconis,
2734 1119 3054 1188 creterisque
3093 1119 3353 1174 fratribus
3387 1122 3673 1176 monachis

2103 1210 2358 1280 inscripta
2389 1219 2492 1264 est.
2527 1209 2988 1264 Verisimillimum
3017 1218 3101 1264 est
3127 1209 3404 1273 Acacium,
3437 1211 3527 1280 qui
3558 1212 3678 1281 prio
3749 1241 3754 1244 -

2102 1315 2222 1353 mus
2257 1299 2596 1362 nominatur,
2637 1313 2741 1352 non
2768 1298 2930 1352 alium
2961 1312 3083 1354 esse
3112 1299 3180 1353 ab
3217 1313 3282 1352 eo
3309 1298 3504 1354 Acacio
3527 1342 3543 1367 ,
3577 1302 3677 1370 qui

2103 1391 2358 1444 Basilium
2393 1405 2532 1444 anno
2576 1390 2680 1445 575
2730 1391 3036 1445 Bermensis
3075 1388 3330 1448 Ecclesiae
3373 1402 3427 1445 et
3459 1392 3679 1447 Chalci-

2105 1483 2286 1536 densis
2317 1483 2534 1536 nomine
2576 1481 2784 1545 invisit,
2815 1496 2878 1535 ac
2916 1491 3097 1551 postea
3139 1483 3192 1536 in
3229 1483 3536 1552 episcopatu
3571 1483 3681 1538 Be-

2108 1576 2304 1629 τωθηεί
2337 1575 2719 1629 celeberrimus
2749 1573 2978 1637 exstitit,
3009 1574 3103 1629 sed
3131 1575 3432 1642 praeteritos
3457 1576 3678 1631 labores

2108 1666 2329 1720 nefariis
2359 1666 2411 1719 in
2439 1667 2497 1721 S.
2519 1665 2780 1721 Joannem
2813 1666 3261 1736 Chrysostomum
3301 1668 3676 1724 molitionibus

2109 1756 2372 1811 dedecora
2381 1759 2478 1812 vit.

444 1855 649 1920 tiquum
695 1828 908 1910 morem.
951 1828 1226 1910 resumant
1288 1858 1568 1911 visita‘ndze
1615 1828 1712 1912 adv
1731 1828 1871 1911 diem
1925 1857 2005 1910 fe-
2039 1828 2081 1882 Β
2178 1847 2498 1903 Iamdudum
2543 1848 2840 1904 Ecelesiam
2878 1847 3223 1904 Berteensem
3269 1857 3324 1904 et
3353 1849 3684 1906 Chalciden-

445 1957 586 1999 stum
618 1945 801 2000 Sancti
848 1947 1136 2020 Eupsychii
1163 1948 1406 2003 ecclesiae
1434 1948 1805 2006 Caesariensis.
1837 1948 2009 2004 Citius

447 2035 703 2091 collocari
737 2047 1060 2107 non-potest
1094 2039 1207 2092 hare
1235 2039 1493 2108 epistola;
1545 2054 1666 2092 nam
1713 2054 1856 2094 anno
1900 2041 2012 2108 qni-

449 2127 568 2180 dem
601 2128 877 2194 superiore
915 2143 1016 2196 pax
1071 2129 1211 2181 inter
1241 2129 1497 2183 Basilium
1528 2140 1582 2181 et
1617 2129 1767 2183 Ponti
1796 2136 2011 2198 episco-

449 2232 547 2286 pos
571 2226 738 2280 sarta,
774 2218 864 2270 sed
913 2227 1030 2286 post
1066 2218 1258 2271 festum
1291 2217 1348 2273 S.
1380 2218 1690 2289 Eupsychii.

524 2307 587 2360 V.
639 2308 940 2362 Dorotbeus
990 2318 1039 2360 et
1082 2308 1468 2362 Sanctissimus
1513 2310 1684 2365 Roma
1739 2313 2014 2367 redierunt

450 2401 552 2454 hoc
575 2415 754 2465 anno,
792 2401 981 2465 rebus,
1018 2415 1245 2469 quarum
1282 2416 1444 2455 causa
1476 2402 1702 2472 profecti
1736 2413 1890 2458 erant
1912 2446 1927 2471 ,
1967 2405 2012 2459 si

451 2492 627 2544 minus
662 2491 726 2544 ad
761 2500 1001 2560 optatum
1032 2493 1257 2556 exitum,
1293 2491 1485 2546 saltem
1521 2494 1586 2546 ad
1636 2495 1834 2548 bo'nam
1866 2511 2012 2563 spem

455 2581 746 2651 perductis.
797 2581 871 2651 (α)
921 2580 1144 2651 Magnos
1189 2582 1402 2636 labores
1442 2581 1493 2634 in
1538 2584 1636 2637 hoc
1685 2583 2018 2642 conﬁciendo

455 2671 648 2726 itinere
675 2671 1008 2726 tolerarunt:
1033 2673 1125 2726 sed
1152 2688 1417 2726 summam
1443 2675 1680 2748 laetitiam
1704 2677 1797 2730 toti
1814 2675 2017 2732 Orienti

455 2762 770 2827 attulerunt,
801 2779 924 2818 cum
961 2775 1016 2817 et
1058 2767 1356 2819 sententias
1388 2765 1811 2822 Occidentalium
1843 2778 1898 2821 et
1928 2785 2017 2824 re-

455 2869 572 2908 rum
604 2863 800 2909 statum
832 2865 1085 2910 accurate
1113 2867 1451 2927 perspectum
1478 2860 1811 2914 nuntiarent.
1853 2861 2019 2916 Doro-

455 2948 613 3003 tbeus
642 2949 696 3002 in
728 2949 954 3017 epistola
981 2949 1333 3004 Orientalium
1365 2950 1513 3003 solus
1543 2953 1868 3016 nominatur,
1894 2955 2020 3021 quia

456 3039 504 3092 is
557 3039 698 3093 solus
739 3041 1003 3093 nominari
1058 3041 1288 3105 solebat,
1346 3041 1436 3110 qui
1494 3043 1792 3110 prtecipuas
1839 3055 2020 3111 partes

456 3131 738 3200 legationis
773 3131 1094 3186 sustinebat.
1131 3129 1186 3184 In
1231 3132 1426 3186 litteris
1457 3141 1633 3186 autem
1657 3171 1673 3196 ,
1704 3147 1840 3201 quas
1866 3133 2019 3188 Basi-

459 3221 560 3275 lius
601 3229 720 3288 post
763 3235 946 3274 eorum
1007 3221 1232 3275 reditum
1277 3221 1534 3290 scripsit,
1580 3222 1724 3275 nulla
1767 3221 2020 3278 Dorotbei

460 3311 682 3375 mentio,
727 3312 820 3365 sed
854 3320 1060 3365 tantum
1110 3311 1472 3378 Sanetissimi,
1512 3316 1627 3370 sive
1668 3314 1739 3369 ob
1777 3316 2022 3371 eamdem

459 3417 716 3467 causam,
770 3403 883 3457 sive
931 3404 1099 3471 quod,
1150 3416 1461 3458 remanente
1500 3407 1637 3475 apud
1671 3404 2024 3460 S.Meletium

462 3494 754 3558 Dorotheo,
803 3494 1188 3550 Sanctissimus
1235 3496 1597 3565 in',0ricntem
1635 3499 1832 3553 missus
1861 3508 2022 3563 esset,

461 3595 519 3640 ut
550 3601 635 3641 res
666 3586 972 3642 Occidentis
1017 3588 1328 3654 nuntiaret,
1360 3604 1423 3642 ac
1460 3591 1813 3644 Orientalium
1851 3593 2027 3646 studia

463 3676 528 3728 ad
559 3676 610 3730 id
644 3677 784 3744 quod
840 3676 1149 3730 inchoatum
1181 3688 1300 3731 erat
1340 3678 1724 3747 perﬁciendum
1754 3679 2026 3734 incitaret.

464 3763 726 3820 Videntur
775 3779 950 3822 autem
989 3767 1290 3822 Dorotbeus
1324 3779 1377 3822 et
1417 3769 1800 3824 Sanctissimus
1837 3771 2029 3838 praeci-

465 3873 567 3927 pue
602 3875 687 3913 res
713 3859 1075 3913 Antiochenas
1102 3861 1251 3914 cordi
1288 3859 1559 3924 habuisse,
1610 3869 1719 3914 tum
1756 3861 1881 3929 quia
1912 3875 2028 3913 ma-

468 3953 612 4004 xima
647 3967 827 4004 eorum
863 3967 989 4006 cura
1022 3961 1140 4006 erat
1184 3955 1296 4006 haec
1332 3953 1571 4006 Ecclesia
1598 3992 1614 4015 ,
1646 3969 1804 4021 quam
1841 3953 2032 4007 littera:

467 4039 677 4093 Damasi
715 4056 854 4095 anno
881 4042 986 4096 575
1023 4044 1490 4111 perturbaverant,
1537 4051 1647 4096 tum
1680 4043 1805 4112 quia
1833 4051 1891 4096 ut
1920 4043 2032 4111 ipse

468 4132 718 4184 censebat
743 4129 993 4196 Basilius,
1042 4147 1146 4200 pax
1180 4130 1416 4187 Orientis
1460 4148 1524 4186 ex
1557 4133 1856 4201 Antiochiae
1900 4149 2034 4202 pace

468 4220 755 4290 plurimum
806 4224 1090 4289 pendebat.
1141 4223 1321 4286 Quare
1370 4226 1435 4278 ad
1489 4224 1545 4277 S.
1580 4224 1770 4278 Meletii
1809 4239 2024 4278 causam

471 4313 650 4366 refero
696 4313 835 4380 quod
887 4315 962 4367 ait
1003 4313 1235 4368 Basilius
1278 4317 1608 4386 presbyteris
1647 4317 2020 4383 Autiochenis,

472 4399 884 4454 Sanctissimnm
913 4417 1099 4455 eorum
1125 4403 1536 4458 sollicitudinem
1584 4406 1776 4475 partim
1806 4408 2024 4462 sedat-n-

2109 1951 2222 1992 sem
2251 1937 2556 2007 persecutio
2597 1937 2968 2008 impugnabat,
3003 1941 3096 1992 sed
3138 1937 3241 1993 hoc
3265 1954 3405 1992 anno
3437 1939 3542 1993 576
3569 1949 3686 1995 sta-

2111 2030 2206 2082 tim
2239 2039 2357 2098 post
2384 2028 2585 2082 Pascha
2616 2029 2855 2084 haeretici
2883 2029 3255 2084 Bermensium
3288 2031 3682 2085 monachorum

2112 2123 2474 2178 tabernaculis
2531 2123 3009 2194 supervenientes,
3063 2139 3251 2179 eorum
3308 2125 3518 2180 labores
3569 2125 3686 2191 igni

2113 2215 2469 2269 tradiderunt.
2506 2214 2769 2285 Ingemuit
2804 2213 3057 2278 Basilius,
3091 2214 3182 2269 ubi
3215 2215 3267 2269 id
3299 2215 3538 2280 rescivit,
3569 2230 3686 2269 non

2110 2315 2290 2362 tamen
2322 2305 2706 2361 monachorum
2759 2321 2962 2372 causa,
3009 2305 3205 2375 quibus
3253 2305 3399 2359 aliud
3446 2307 3501 2360 in
3529 2307 3689 2362 cmlis

2113 2399 2439 2456 domicilium
2479 2400 2693 2453 videbat
2733 2398 2836 2453 hoc
2873 2397 3080 2452 scelere
3113 2397 3425 2467 praeparari,
3451 2399 3544 2451 sed
3575 2398 3690 2452 hae—

2114 2497 2405 2547 reticorum
2427 2532 2442 2556 ,
2474 2493 2565 2560 qui
2600 2490 2952 2559 sibimetipsis
2996 2491 3135 2559 ignis
3189 2489 3502 2545 thesaurum
3531 2505 3688 2544 com-

2116 2586 2398 2654 parabant.
2455 2581 2782 2652 Speraverat
2823 2583 3050 2636 Basilius
3092 2581 3206 2636 fore
3229 2622 3244 2645 ,
3281 2593 3340 2635 ut
3375 2583 3440 2634 ad
3479 2595 3538 2635 se
3574 2591 3695 2634 tan.

2118 2689 2279 2742 quam
2309 2673 2374 2728 ad
2400 2681 2646 2743 paratum
2680 2671 2982 2742 perfugium
3009 2685 3199 2726 omnes
3227 2681 3590 2738 accurrerent,
3623 2686 3694 2726 ac

2120 2767 2235 2836 ipse
2289 2780 2478 2819 eorum
2534 2763 2820 2833 complexu
2870 2779 2933 2818 ex
2983 2763 3252 2817 continuis
3306 2761 3580 2817 doloribus
3631 2773 3695 2816 et

2119 2856 2378 2911 aerumnis
2429 2852 2740 2922 respiraret.
2787 2849 2893 2905 Sed
2945 2865 3065 2905 cum
3114 2851 3164 2902 id
3212 2860 3533 2905 consecutus
3579 2866 3693 2904 non

2121 2956 2284 3009 esset,
2307 2947 2530 3014 optabat
2565 2951 2624 2996 ut
2654 2943 2844 2997 saltem
2877 2955 3018 3010 saepe
3045 2941 3314 2996 scribendi
3349 2941 3563 2996 occasio
3595 2941 3698 2995 da-

2123 3049 2294 3095 retur.
2337 3037 2414 3092 Ne
2448 3038 2499 3090 id
2548 3035 2764 3104 quidem
2809 3033 3059 3102 contigit,
3094 3034 3220 3102 quia
3261 3035 3534 3088 nesciebat
3571 3033 3700 3089 ubi-

2051 3152 2095 3208 ρ
2127 3147 2250 3184 nam
2282 3138 2646 3193 versarentur,
2677 3137 2788 3180 tum
2817 3127 2978 3180 etiam
3012 3127 3137 3194 quia
3169 3140 3274 3180 non
3312 3124 3463 3179 multi
3493 3141 3524 3181 e
3549 3124 3700 3195 Cap—

2126 3218 2420 3292 padociain
2448 3215 2545 3270 has
2561 3214 2811 3285 regiones
2834 3213 3327 3283 proﬁciscebantur.
3356 3216 3556 3273 Nactus
3580 3227 3700 3270 tan-

2127 3310 2247 3363 dem
2282 3308 2621 3363 Sanctissimi
2667 3306 3012 3372 facultatem,
3060 3307 3311 3361 hortatur
3353 3317 3411 3360 ut
3442 3309 3511 3362 ob
3549 3307 3702 3362 futu-

2127 3415 2242 3454 ram
2266 3399 2570 3453 mercedem
2601 3397 2816 3452 fortiter
2838 3411 2897 3452 se
2921 3403 3149 3467 gerant;
3193 3404 3266 3464 et,
3293 3396 3415 3465 quia
3441 3411 3702 3467 persecu-

2129 3493 2274 3545 tione
2317 3490 2498 3560 adepti
2540 3498 2670 3544 sunt
2717 3489 2969 3544 ﬁduciam
3013 3489 3153 3557 apud
3184 3488 3491 3554 Dominum,
3532 3499 3702 3545 noctu

2128 3593 2182 3638 et
2214 3583 2448 3636 interdiu
2480 3597 2575 3651 pro
2599 3581 2842 3637 Ecclesia
2877 3590 3183 3650 precentur.

2203 3671 2283 3725 Ad
2337 3671 2479 3725 idem
2534 3681 2746 3740 tempus
2782 3669 2975 3724 referri
3021 3678 3200 3738 potest
3241 3669 3463 3740 epistola
3494 3669 3598 3724 9.57
3628 3669 3699 3724 ad

2131 3764 2264 3818 alios
2288 3755 2600 3825 monachos,
2633 3763 2827 3830 quibus
2849 3761 3052 3832 pariter
3067 3762 3248 3816 Ariani
3279 3763 3474 3817 bellum
3508 3762 3704 3818 infere-

2132 3857 2280 3912 bant.
2306 3857 2410 3910 Eos
2435 3855 2664 3910 Basilius
2691 3853 3000 3909 consolatur
3049 3868 3144 3924 spe
3178 3856 3444 3910 mercedis
3469 3870 3535 3910 eo
3567 3856 3703 3910 ube-

2134 3949 2312 4011 rioris,
2340 3949 2483 4017 quod
2515 3947 2714 4001 bellum
2742 3945 3081 4000 inferebatur
3112 3946 3178 3999 ab
3210 3946 3516 3999 hominibus
3545 3946 3703 4000 Cltri-

2135 4040 2339 4095 stianos
2365 4054 2424 4092 se
2460 4052 2578 4093 esse
2612 4037 3014 4104 proﬁtentibus,
3051 4036 3247 4090 nedum
3274 4036 3373 4091 hoc
3397 4052 3615 4103 nomen,
3642 4044 3705 4090 ut

2137 4130 2290 4183 multi
2335 4129 2732 4190 existimabant,
2785 4128 2851 4181 de
2885 4142 3095 4193 eorum,
3136 4128 3227 4195 qui
3269 4128 3702 4196 persecutionem

2138 4221 2518 4287 patiebantur,
2555 4220 2749 4274 merito
2777 4219 3066 4274 detrahere
3108 4228 3310 4286 posset.
3356 4217 3614 4270 Hortatur
3643 4228 3704 4271 ut

2139 4329 2237 4366 nec
2266 4313 2638 4381 episcOporum
2674 4309 2900 4374 exsiliis,
2937 4324 3036 4364 nec
3065 4309 3206 4379 quod
3237 4308 3541 4378 proditores
3574 4325 3709 4363 uou-

2139 4405 2269 4458 nulli
2307 4419 2371 4458 ex
2402 4405 2518 4473 ipso
2564 4403 2711 4456 clcrn
2757 4403 3034 4467 exstitere,
3081 4401 3214 4454 ﬁdes
3241 4417 3426 4456 eorum
3462 4401 3700 4465 vacillet,

469 4507 589 4545 rum
627 4493 710 4546 bis
737 4508 855 4561 qua:
886 4492 936 4546 in
967 4494 1255 4548 Occidente
1285 4507 1564 4564 perspecta
1607 4497 1869 4560 narrabit,
1903 4513 2027 4566 par-
2063 4503 2107 4557 D
2138 4511 2236 4550 nec
2261 4509 2354 4548 eos
2381 4507 2574 4560 magna
2619 4491 2796 4560 populi
2829 4490 3114 4544 multitudo
3143 4498 3343 4544 terreat
3376 4507 3388 4542 :
3421 4504 3526 4543 non
3555 4491 3704 4543 enim

471 4585 566 4638 tim
605 4585 962 4639 excitaturum
989 4625 1004 4650 ,
1029 4595 1083 4639 et
1112 4596 1368 4655 quantum
1414 4589 1576 4642 studii
1612 4604 1697 4643 res
1741 4602 2034 4657 prmscntes

471 4678 769 4744 requirant,
801 4677 1330 4744 demonstraturum;
1375 4694 1437 4732 ac
1472 4679 1595 4734 inde
1621 4681 1815 4749 colligo
1843 4682 2036 4735 Dama-

473 4781 588 4819 sum
613 4781 775 4834 opera
799 4766 1022 4820 duorum
1049 4767 1259 4824 illorum
1283 4771 1716 4840 presbyterorum
1743 4773 2034 4840 aequiorem

472 4857 670 4911 factum
695 4872 813 4913 esse
845 4857 1076 4913 Heletio.
1117 4858 1254 4914 IIinc
1279 4870 1422 4914 tanta
1459 4861 1642 4915 laetitia
1672 4863 1908 4917 exsultat
1938 4863 2034 4916 Ba-

473 4946 624 5000 silius
659 4962 762 5000 non
804 4947 975 5001 solum
1033 4948 1088 5002 in
1136 4951 1360 5018 epistola
1408 4953 1474 5007 ad
1524 4954 1867 5022 presbyteros
1917 4953 2036 5007 An-

475 5039 774 5102 tiochenos,
814 5040 906 5092 sed
946 5039 1107 5093 etiam
1166 5043 1220 5095 in
1261 5042 1381 5096 aliis
1425 5045 1664 5108 duabus,
1707 5059 1898 5112 nempe
1931 5060 2035 5098 una

474 5128 546 5184 ad
572 5127 845 5199 Pelagium
880 5130 1272 5196 Laodicenum,
1301 5133 1470 5189 altera
1499 5135 1565 5189 ad
1597 5136 1772 5189 Vitum
1797 5136 2035 5191 Carrho-

473 5230 594 5273 t'um
633 5219 965 5289 episcopum,
1000 5223 1196 5292 quibus
1235 5223 1363 5291 quid
1406 5233 1586 5278 actum
1618 5237 1762 5280 esset
1794 5226 1847 5294 in
1877 5225 2036 5282 Occi-

475 5311 633 5366 dente
662 5327 756 5380 per
779 5313 970 5382 seipse
996 5330 1104 5369 non
1124 5325 1362 5383 enarrat,
1387 5317 1483 5371 sed
1507 5316 1862 5374 Sauctissimo
1878 5333 2039 5374 enar-

477 5405 701 5458 randum
734 5405 1007 5472 relinquit.

548 5490 712 5543 Miror
745 5491 1139 5548 Tillemontium
1169 5496 1268 5551 has
1305 5506 1414 5553 tres
1449 5498 1706 5567 epistolas
1731 5499 1796 5554 ad
1837 5515 2037 5554 annum

475 5580 582 5635 575
615 5580 834 5636 referre.
869 5583 1019 5638 Tunc
1060 5588 1276 5656 quidem
1314 5589 1365 5641 in
1391 5587 1664 5644 Orientem
1713 5590 1873 5646 rediit
1902 5591 2040 5644 San-

479 5669 774 5734 ctissimus,
804 5671 1022 5728 minime
1050 5690 1177 5730 vero
1204 5692 1268 5729 ex
1290 5677 1603 5745 Occidente,
1632 5679 1725 5733 sed
1759 5694 1823 5734 ex
1848 5679 2040 5734 Arme-

480 5763 592 5828 nia,
630 5762 681 5816 in
729 5765 1133 5833 quamvisendi
1167 5768 1362 5825 Meletii
1413 5785 1574 5826 causa
1607 5781 1847 5826 venerat.
1888 5770 2036 5825 Prae-

550 5874 630 5945 ψ)
656 5871 754 5943 Ep.
777 5871 906 5928 255.

2140 4586 2357 4640 nomina
2391 4599 2543 4651 esse,
2579 4599 2697 4653 qua:
2725 4597 2823 4636 nos
2852 4580 3028 4637 salvos
3061 4579 3305 4645 faciunt,
3343 4582 3434 4634 sed
3462 4583 3707 4651 proposi-

2136 4687 2246 4732 tum
2292 4676 2458 4731 animi
2493 4685 2548 4730 et
2589 4674 2968 4738 dilectionem;
3015 4687 3115 4727 nec
3164 4671 3562 4726 multitudinem
3595 4675 3703 4728 sal-

2137 4773 2289 4838 vari,
2327 4773 2419 4826 sed
2451 4770 2650 4826 electos
2679 4769 2794 4823 Dei.
2847 4767 3070 4823 Videtur
3099 4765 3325 4821 Basilius
3372 4764 3700 4824 Frontonem

2140 4880 2347 4932 notare,
2377 4883 2498 4922 cum
2529 4865 2834 4934 proditores
2863 4877 2930 4916 ex
2971 4863 3086 4931 ipso
3125 4861 3269 4916 clero
3311 4870 3532 4915 exortos
3557 4876 3705 4917 com-

2137 4969 2418 5014 memorat.
2453 4957 2589 5012 Tota
2618 4955 2842 5025 epistola
2870 4955 3302 5023 persecutionem
3331 4952 3396 5006 ad
3431 4967 3702 5006 summam

2137 5050 2486 5104 acerbitatem
2522 5047 2835 5116 pervenisse
2869 5047 3126 5101 declarat.

2211 5138 2298 5196 Vl.
2347 5139 2504 5192 Anno
2543 5138 2647 5194 576
2696 5147 2930 5192 exeunte
2968 5137 3028 5193 S.
3056 5137 3386 5206 Epiphanius
3413 5136 3642 5191 clericos
3673 5147 3705 5188 θ

2140 5243 2237 5283 sua
2269 5227 2506 5281 Ecclesia
2536 5242 2657 5280 cum
2708 5227 2903 5281 litteris
2938 5227 3004 5280 ad
3040 5226 3298 5280 Basilium
3332 5225 3501 5278 misit.
3540 5223 3703 5278 Dolo-

2139 5335 2253 5374 rem
2297 5335 2453 5374 suum
2485 5319 2863 5389 signiﬁcabat,
2915 5318 3058 5386 quod
3097 5317 3426 5372 dissiderent
3462 5318 3602 5369 inter
3645 5328 3705 5369 se

2139 5411 2336 5466 fratres
2373 5412 2568 5466 montis
2597 5411 2822 5465 Elzeonis
2863 5412 2978 5464 sive
3003 5409 3278 5466 Olivarum
3306 5451 3322 5475 ,
3359 5422 3522 5477 seque
3565 5421 3704 5460 nova

2139 5503 2517 5559 nonnullorum
2571 5512 2871 5558 commenta
2908 5502 3366 5572 deprehendisse,
3409 5515 3473 5554 ac
3497 5499 3565 5554 de
3599 5498 3706 5553 illis

2140 5595 2488 5648 emendandis
2549 5595 2963 5649 sollicitudinem
3021 5593 3330 5661 suscepisse
3394 5589 3702 5645 nuntiabat.

2141 5681 2390 5737 Basilium
2416 5685 2656 5752 rogabat,
2681 5692 2739 5736 ut
2762 5682 2829 5736 ad
2857 5684 2953 5737 has
2980 5681 3412 5752 perturbationes
3435 5678 3706 5733 sedandas

2143 5775 2518 5829 auctoritatem
2545 5789 2697 5829 suam
2744 5774 3133 5842 interponeret.
3165 5772 3298 5826 Illud
3328 5770 3490 5825 etiam
3519 5755 3706 5824 Basilii
