4040 6216
1671 358 1831 415 ἮΤΑ
1874 359 1934 415 S.
1976 356 2242 413 BASILII.

3388 371 3544 411 CXLI-3

301 473 711 547 curis_dignum
747 444 1066 542 judicabat,
1109 474 1177 541 utf
1208 475 1530 530 dissidentes
1568 474 1877 530 Catholicos
1908 488 1954 538 Α
1980 474 2389 528 sollicitudinem
2415 471 2494 524 his
2521 472 2584 527 de
2608 473 2757 527 rebus
2784 479 3118 540 susceperat,
3152 478 3332 539 atque,
3359 478 3416 523 ut
3441 471 3553 538 ipse

302 566 668 621 Antiocheuos
719 565 787 620 ad
842 567 1189 621 concordiam
1243 566 1586 620 adduceret:
1644 581 1872 635 quorum

297 659 361 712 de
398 657 625 711 dissidio
683 658 763 711 sic
805 654 1128 725 loquebatur
1164 657 1516 726 Epiphanius,
1566 666 1623 711 ut
1653 670 1875 712 necesse

293 762 420 802 esse
465 755 733 802 statueret
783 754 895 801 tres
953 748 1269 817 bypostases
1316 747 1579 803 conﬁteri.
1634 748 1872 801 Alteram

292 838 647 906 adjunxerat.
673 836 993 907 epistolam,
1042 838 1096 891 in
1140 853 1243 907 qua
1274 838 1456 893 Basilii
1488 840 1553 894 de
1590 838 1875 907 Maguszeis

291 930 627 983 sententiam
658 929 1054 983 sciscitabatur.

364 1020 587 1076 Gratias
630 1021 681 1074 ei
726 1021 837 1088 agit
865 1020 1129 1086 Basilius,
1164 1020 1306 1090 quod
1339 1036 1405 1075 eo
1454 1029 1694 1089 tempore
1716 1062 1731 1086 ,
1767 1037 1875 1089 quo

290 1114 591 1169 refrixerat
636 1114 920 1179 charitas,
988 1129 1284 1185 omnesque
1330 1114 1582 1169 omnibus
1640 1115 1874 1182 quodam

292 1207 463 1261 modo
506 1208 741 1275 suspecti
781 1216 941 1261 erant
962 1246 977 1272 ,
1014 1215 1068 1262 et
1098 1209 1179 1261 sui
1212 1207 1583 1273 meminisset,
1615 1219 1669 1261 et
1701 1215 1779 1261 tot
1809 1222 1873 1261 ac

289 1296 469 1348 tantis
498 1296 731 1348 marium
773 1304 829 1348 et
873 1303 1141 1349 terrarum
1178 1296 1364 1364 spatiis
1390 1295 1689 1362 disiunctus
1723 1312 1872 1351 sum-

296 1402 448 1439 mam
496 1386 664 1440 animi
710 1386 1149 1454 conjunctionem
1177 1387 1551 1457 signiﬁcasset.
1580 1386 1686 1441 Sed
1706 1402 1875 1441 onera

298 1477 403 1530 sibi
429 1476 498 1529 ab
524 1491 590 1531 eo
620 1477 868 1545 imposita
891 1518 905 1542 ,
948 1485 1005 1529 ut
1032 1477 1233 1531 viribus
1262 1477 1375 1532 suis
1410 1476 1613 1543 majora
1635 1518 1650 1544 ,
1686 1480 1876 1546 depre-

302 1578 479 1621 catur.
528 1567 649 1621 Jam
678 1569 821 1621 enim
853 1583 911 1622 se
947 1570 1230 1639 scripsisse
1264 1569 1503 1623 Palladio
1531 1582 1586 1623 et
1610 1572 1874 1624 Innocen-

302 1661 397 1723 tio,
433 1660 701 1729 integrum
729 1660 829 1713 sibi
861 1676 964 1713 non
993 1676 1115 1715 esse
1164 1662 1286 1716 ﬁdei
1319 1660 1549 1715 Nicasute
1582 1662 1874 1731 quidquam

301 1753 520 1806 addere.
558 1751 687 1817 Qua:
711 1762 890 1807 autem
917 1754 981 1807 de
1006 1753 1382 1808 lncarnatione
1415 1754 1631 1808 adtexta
1662 1752 1877 1807 fuerant

1984 574 2168 618 narrat
2214 564 2327 635 (α),
2362 562 2591 617 Vitalem
2638 565 2703 617 ad
2752 574 3065 620 accuratam
3108 561 3376 631 dogmatis
3425 575 3552 615 can-

1982 652 2269 709 l'essionem
2302 663 2355 708 et
2379 657 2445 708 ad
2472 655 2815 709 concordiam
2852 669 2971 707 cum
3007 652 3234 707 Paulino
3262 651 3550 704 iucundam

1982 746 2232 800 hortatus
2268 745 2461 799 fuerat.
2504 744 2647 801 Ome
2674 747 2755 801 his
2794 748 2861 800 de
2893 747 3050 801 rebus
3092 748 3260 799 turbas
3287 746 3337 798 in
3372 753 3549 798 monte

1983 837 2198 891 Elmone
2237 848 2291 891 et
2328 820 2449 891 aliis
2492 838 2541 891 in
2577 838 2742 901 locis,
2772 837 2866 890 sed
2897 847 3073 889 tamen
3104 838 3301 889 malum
3334 837 3548 891 insana-

1982 928 2091 982 bile
2121 943 2226 983 non
2257 930 2539 984 videbatur
2588 927 2909 999 Epiphanio,
2944 942 3005 982 ac
3040 928 3293 982 Basilium
3330 930 3548 998 rogabat

1983 1027 2044 1073 ut
2072 1021 2367 1074 remedium
2408 1019 2647 1074 aﬁ‘erret.

2056 1112 2180 1167 Haec
2213 1122 2392 1168 autem
2423 1113 2649 1168 miriﬁce
2678 1122 2983 1182 congruunt
3016 1128 3155 1167 anno
3180 1114 3284 1168 576
3310 1115 3548 1169 exeunti.

1982 1203 2229 1257 Nondum
2260 1205 2404 1258 enim
2431 1206 2710 1259 ordinatus
2739 1214 2857 1259 erat
2888 1203 3078 1260 Vitatis
3105 1220 3245 1259 anno
3270 1206 3395 1269 575,
3426 1221 3549 1261 cum

1985 1296 2198 1350 Damasi
2259 1296 2466 1350 litteras
2518 1298 2728 1366 accepit
2784 1296 3042 1350 Paulinus
3104 1296 3247 1351 circa
3310 1311 3550 1350 mensem

1985 1388 2378 1455 Septembrem.
2410 1390 2479 1442 At
2514 1390 2611 1443 hoc
2645 1389 2853 1443 facinus
2880 1390 3229 1443 commissum
3258 1397 3396 1451 erat,
3429 1403 3550 1443 cum

1985 1476 2044 1531 S.
2078 1477 2413 1546 Epiphanius
2466 1478 2810 1533 Antiochiam
2858 1478 3037 1543 venit;
3085 1493 3191 1547 quo
3241 1493 3307 1532 ex
3361 1479 3550 1532 itinere

1982 1587 2234 1628 reversus
2275 1580 2412 1637 erat,
2457 1587 2578 1626 cum
2613 1574 2830 1641 scripsit
2865 1574 2930 1627 ad
2968 1572 3239 1628 Basilium.
3276 1574 3541 1645 Apollina-

1984 1663 2050 1716 rii
2078 1672 2258 1716 autem
2291 1662 2549 1733 haeresis,
2578 1663 2679 1717 etsi
2717 1664 2768 1717 iu
2807 1664 2889 1718 his
2915 1662 3128 1718 Damasi
3173 1667 3240 1719 ad
3269 1664 3549 1718 Paulinum

1984 1755 2197 1821 litteris,
2225 1770 2289 1809 ac
2316 1756 2485 1810 multo
2517 1764 2657 1819 ante,
2691 1771 2880 1826 nempe
2916 1772 3058 1812 anno
3085 1757 3208 1823 362,
3239 1759 3291 1812 in
3324 1759 3549 1813 concilio

302 1844 429 1899 huic
470 1845 716 1899 formulae
740 1885 755 1909 ,
790 1860 851 1898 ea
903 1844 1136 1901 Basilius
1167 1861 1267 1901 nec
1300 1847 1739 1905 examinaverat,
1784 1859 1880 1899 nec
1911 1841 1953 1896 Β
1982 1844 2350 1899 Alexandrino
2374 1846 2654 1909 damnata,
2685 1846 2786 1901 etsi
2822 1848 2887 1902 ab
2916 1848 3209 1903 Athanasio
3239 1850 3291 1903 in
3324 1850 3549 1918 epistola

300 1946 624 2003 receperat;
675 1946 958 2002 propterea
1001 1938 1142 2006 quod
1178 1937 1456 1991 metuebat
1489 1950 1553 1988 ue
1580 1976 1595 2001 ,
1627 1935 1672 1989 si
1713 1934 1879 1989 semel

300 2042 330 2079 a
359 2026 484 2080 ﬁdei
510 2028 855 2095 simplicitate
891 2027 1218 2093 discedatur,
1251 2028 1429 2081 nullus
1458 2028 1570 2097 jam
1599 2027 1741 2080 foret
1772 2028 1879 2082 dis-

301 2120 525 2187 putandi
556 2118 681 2172 linis
703 2158 717 2181 ,
756 2134 820 2172 ac
853 2119 1240 2189 simpliciorum
1272 2119 1466 2172 anima:
1514 2118 1876 2185 turbarentur,

301 2216 429 2267 dum
468 2210 592 2266 ﬁdei
623 2210 907 2265 formulam
942 2212 1122 2279 augeri
1155 2211 1357 2264 vident.

373 2306 527 2371 Quod
558 2314 769 2374 spectat
793 2304 857 2357 ad
890 2303 1166 2358 dissidium
1199 2304 1616 2371 Antiocheuum,
1644 2307 1881 2361 declarat

302 2398 536 2453 Basilius
578 2414 640 2453 se
692 2398 955 2453 hactenus
1000 2412 1123 2451 cum
1170 2390 1384 2452 Meletio
1426 2402 1879 2469 communicasse,

301 2505 625 2561 semperque
677 2506 796 2543 cum
845 2505 910 2544 co
962 2488 1054 2544 Dei
1104 2492 1280 2559 gratia
1330 2494 1877 2559 communicaturum,

302 2594 592 2653 propterea
655 2583 797 2650 quod
844 2583 1052 2651 primus
1104 2582 1204 2637 sub
1235 2582 1555 2639 Constantio
1602 2588 1879 2656 egregium

300 2688 582 2731 certamen
611 2690 710 2744 pro
741 2675 843 2728 ﬁde
878 2673 1137 2738 certavit,
1190 2674 1411 2744 ejusque
1444 2678 1877 2732 communionem

302 2768 372 2823 ab
401 2768 563 2823 initio
590 2768 943 2821 (lassarieusis
972 2767 1211 2820 Ecclesia
1262 2766 1513 2835 amplexa
1545 2780 1666 2832 est;
1706 2770 1878 2838 ipsum

301 2862 468 2915 etiam
498 2859 856 2913 Athanasium
898 2876 1020 2913 cum
1070 2875 1133 2914 eo
1167 2860 1573 2914 communicare
1619 2861 1877 2926 voluisse,

302 2953 397 3007 sed
434 2967 548 3006 rem
581 2953 633 3006 iu
672 2951 816 3005 aliud
852 2961 1062 3021 tempus
1106 2952 1286 3021 pravis
1316 2953 1697 3007 nonnullorum
1736 2969 1881 3007 con-

302 3045 443 3101 siliis
473 3046 697 3099 dilatam
744 3036 945 3112 fuisse;
1002 3061 1187 3100 eorum
1219 3054 1397 3100 autem
1432 3048 1522 3116 qui
1575 3055 1695 3115 post
1721 3045 1883 3101 Mele-

304 3138 439 3191 tium
460 3148 746 3203 venerant,
779 3124 979 3192 nullius
1015 3153 1073 3191 se
1105 3138 1393 3192 admisisse
1418 3138 1852 3193 communionem

303 3246 411 3285 non
444 3229 589 3300 quod
641 3232 890 3299 indignos
921 3230 1210 3297 iudicaret,
1260 3230 1354 3283 sed
1389 3231 1513 3299 quia
1544 3230 1678 3283 nihil
1718 3230 1882 3285 habe-

301 3322 433 3386 bat,
464 3337 564 3376 cur
596 3321 866 3375 Meletium
911 3322 1327 3387 condemnaret;
1380 3321 1561 3390 itaque
1604 3321 1782 3377 facere
1825 3338 1885 3377 se

302 3430 412 3471 non
442 3429 603 3484 posse
637 3423 695 3469 ut
740 3414 806 3468 ad
838 3429 931 3469 eos
959 3415 1178 3469 scribat.
1215 3415 1481 3469 Craterum
1516 3414 1882 3485 Epiphanium

304 3508 513 3571 laudat,
548 3507 692 3574 quod
734 3517 843 3560 tres
889 3505 1208 3575 bypostases
1237 3504 1483 3561 conﬁteri
1518 3520 1740 3560 necesse
1766 3520 1884 3559 esse

301 3601 585 3655 existimet
614 3617 627 3654 :
658 3600 814 3669 eique
842 3599 1106 3669 originem
1145 3608 1199 3654 et
1227 3599 1470 3653 instituta
1496 3597 1881 3668 Magusmorum

303 3693 550 3760 exponit.
614 3690 832 3745 Summa
878 3692 1056 3745 Basilii
1124 3692 1399 3745 humilitas
1445 3691 1621 3744 elucet
1679 3691 1733 3745 in
1782 3690 1884 3745 hac

302 3784 535 3855 epistola
572 3800 588 3838 :
625 3785 899 3839 hominem
944 3799 1003 3838 se
1050 3785 1246 3839 nullius
1283 3783 1439 3853 pretii
1480 3783 1565 3852 (υ.
1601 3784 1653 3851 1)
1705 3792 1883 3851 vocat,

304 3884 363 3928 et
411 3876 466 3928 in
517 3877 759 3943 peccatis
812 3876 904 3945 (η.
942 3875 1007 3945 2)
1058 3877 1368 3941 viventem,
1424 3876 1627 3945 quique
1679 3876 1884 3930 verita-

305 3965 376 4021 tis
397 3966 708 4036 dogmatum
734 3968 970 4021 nondum
1004 3966 1255 4020 idoneum
1282 3976 1566 4020 assecutus
1597 3982 1773 4021 usum.

375 4056 534 4112 lianc
560 4058 841 4127 epistolam
888 4058 954 4112 ad
998 4074 1198 4113 annum
1228 4058 1333 4111 576
1369 4066 1653 4113 exeuntem
1696 4056 1885 4111 reteri-

304 4163 459 4213 mus,
484 4149 611 4217 quia
652 4164 773 4203 cum
814 4149 931 4203 haec
971 4149 1235 4203 scriberet
1267 4149 1527 4213 Basilius,
1554 4149 1665 4219 jam
1698 4149 1887 4203 Antio-

306 4240 445 4295 chia:
471 4239 844 4317 episcopatum
872 4239 1065 4294 Vitalis
1100 4240 1396 4303 invaserat,
1424 4240 1534 4309 jam
1564 4241 1752 4294 turbas
1777 4240 1887 4294 cic-

304 4333 400 4387 bat
427 4332 612 4401 pravis
643 4331 991 4400 opinionibus
1014 4332 1395 4401 Apollinarius,
1435 4332 1670 4385 nondum
1707 4342 1884 4385 tamen

304 4422 560 4476 haeresim
591 4436 744 4475 suam
775 4421 953 4491 palam
983 4431 1037 4475 et
1063 4431 1250 4491 aperte
1282 4422 1631 4489 praedicabat.
1667 4419 1885 4475 Nullius

1863 3180 1878 3204 ’
1909 3185 1951 3242 C

1983 1938 2049 1990 ad
2092 1935 2387 2005 Epictetum
2435 1953 2575 1991 anno
2612 1938 2715 1992 569
2766 1941 2979 2009 egregie
3027 1940 3301 1995 confutata
3350 1942 3548 2006 fuera:,

1984 2043 2089 2082 non
2123 2037 2299 2084 tamen
2328 2030 2468 2084 illius
2490 2040 2677 2085 auctor
2707 2032 2954 2099 prodibat
2980 2032 3368 2098 Apollinarius.
3407 2032 3539 2088 Cum

1984 2116 2214 2172 Basilius
2242 2133 2552 2174 accusatum
2581 2121 2712 2174 vidit
2743 2122 2808 2174 ab
2840 2121 3123 2175 Eustathio
3153 2121 3544 2191 Apollinarium

1983 2224 2122 2264 anno
2150 2210 2289 2277 373,
2327 2213 2522 2267 mirum
2556 2214 2605 2267 id
2647 2214 2695 2268 ei
2732 2214 2904 2268 visum
2939 2222 3056 2279 est;
3100 2229 3371 2283 nunquam
3406 2216 3550 2269 enim

1982 2306 2049 2359 de
2078 2319 2142 2359 eo
2164 2306 2455 2375 quidquam
2491 2308 2735 2361 audierat
2760 2306 3048 2374 ejusmodi.
3083 2306 3190 2362 Nec
3225 2316 3402 2362 tamen
3433 2308 3549 2362 haec

1981 2397 2293 2452 criminatio
2324 2399 2389 2453 ad
2421 2398 2844 2454 lucarnationem
2878 2401 3187 2469 spectabat,
3220 2400 3313 2453 sed
3340 2400 3406 2453 ad
3431 2398 3551 2453 Tri-

1983 2488 2232 2544 nitatem.
2288 2490 2341 2543 lu
2393 2491 2655 2560 epistolis,
2692 2506 2828 2560 quas
2872 2492 3089 2561 scripsit
3135 2490 3363 2546 Basilius
3408 2505 3551 2546 anno

1982 2576 2087 2630 575
2113 2590 2165 2631 et
2204 2578 2330 2643 576,
2364 2589 2419 2633 ut
2454 2580 2651 2633 famam
2686 2596 2837 2633 suam
2876 2582 2942 2632 ah
2972 2580 3235 2634 Eustathii
3270 2580 3549 2636 calumniis

1982 2669 2286 2724 vindicaret
2315 2711 2331 2737 ,
2366 2670 2607 2725 declarat
2635 2686 2694 2725 se
2726 2686 2846 2724 cum
2878 2671 3236 2740 Apollinario,
3270 2688 3369 2727 nec
3398 2689 3550 2728 com-

1983 2762 2271 2826 munione,
2329 2776 2426 2816 nec
2480 2764 2741 2815 sententia
2802 2762 3145 2830 conjunctum
3212 2779 3331 2819 esse
3387 2784 3400 2819 :
3453 2768 3547 2820 sed

1982 2852 2118 2907 alios
2147 2869 2175 2905 a
2204 2867 2262 2907 se
2304 2869 2410 2907 non
2458 2854 2735 2923 propulsat
2764 2870 2996 2920 errores,
3034 2864 3229 2924 praeter
3266 2870 3379 2920 eos,
3417 2872 3552 2926 quos

1983 2943 2085 3011 ipsi
2122 2943 2433 2998 Eustathius
2463 2944 2767 3011 allinxerat,
2830 2944 2954 2998 dum
2998 2946 3047 2999 ei
3093 2946 3251 3015 impia
3306 2949 3549 3014 quasdam

1981 3030 2305 3099 Apollinarii
2336 3032 2481 3086 dicta
2508 3034 2758 3088 attribuit
2786 3034 2859 3104 (b)
2887 3074 2901 3098 ,
2927 3049 3158 3105 eumque
3186 3036 3253 3091 ab
3282 3036 3542 3107 Apollina-

1986 3123 2068 3176 rio
2103 3122 2298 3177 librum
2349 3125 2417 3179 de
2457 3124 2661 3193 Spiritu
2692 3136 2879 3180 sancto
2924 3126 3141 3197 petiisse
3170 3128 3444 3181 mentitur.
3497 3127 3551 3181 ln

1985 3213 2208 3281 epistola
2232 3213 2338 3266 245
2368 3214 2608 3269 Orientis
2651 3215 2788 3269 mala
2835 3225 3089 3270 accurate
3129 3217 3506 3271 describuntur
3535 3235 3549 3270 :

1987 3313 2040 3356 at
2073 3304 2212 3357 nulla
2255 3320 2477 3373 prorsus
2509 3307 2573 3361 de
2601 3306 2973 3361 lncarnatioue
3002 3308 3225 3362 haeresis
3265 3317 3383 3361 orta
3419 3324 3551 3362 nun-

1988 3395 2167 3450 tiatur.
2211 3395 2389 3463 Quare
2442 3400 2661 3453 haeresis
2700 3399 3017 3469 Apollinarii
3065 3401 3241 3468 palam
3275 3408 3327 3454 et
3370 3411 3551 3469 aperte

1984 3505 2090 3543 non
2125 3489 2324 3559 erupit,
2371 3491 2473 3543 nisi
2518 3500 2640 3559 post
2676 3493 2812 3546 hanc
2838 3491 3194 3547 Orientalium
3228 3494 3507 3563 epistolam
3537 3512 3551 3549 :

1985 3595 2088 3635 nec
2118 3578 2343 3649 "proinde
2388 3583 2613 3651 epistola
2661 3586 2725 3638 ad
2760 3586 3116 3656 Epiphanium
3144 3626 3158 3652 ,
3210 3602 3330 3657 qua:
3369 3588 3551 3645 multis

1982 3676 2094 3746 jam
2128 3677 2285 3732 rebus
2318 3689 2438 3747 post
2466 3688 2708 3733 exortam
2741 3681 2990 3735 haeresim
3019 3683 3223 3754 scripta
3254 3694 3358 3750 est,
3395 3687 3551 3741 citius

1987 3768 2299 3823 collocanda
2332 3784 2475 3825 anno
2500 3770 2605 3825 576
2640 3783 2894 3827 exeunte.

2057 3860 2359 3930 Antequam
2389 3863 2673 3933 Epiphanii
2733 3864 2941 3921 litteras
2986 3868 3256 3937 acciperet
3296 3868 3550 3937 Basilius,

1988 3952 2123 4007 alias
2170 3964 2455 4023 acceperat
2492 3955 2561 4025 (ε)
2606 3970 2636 4009 a
2665 3956 2908 4010 Palladio
2938 3967 2991 4012 et
3023 3957 3334 4015 Innocentio
3359 3961 3540 4031 degen-

1987 4046 2131 4099 tibus
2158 4045 2210 4099 in
2244 4047 2570 4100 monasterio
2610 4049 2807 4102 montis
2840 4049 3116 4104 Olivarum
3140 4091 3154 4115 ,
3197 4053 3249 4105 in
3302 4069 3411 4121 quo
3444 4054 3551 4107 dis-

1986 4138 2288 4191 sensionem
2315 4138 2551 4208 aliquam
2580 4149 2946 4194 commoverat
2972 4142 3193 4197 hmresis
3211 4144 3551 4214 Apollinarii.

1990 4228 2224 4297 Rogatus
2252 4230 2318 4284 ab
2346 4231 2425 4285 eis
2450 4230 2701 4296 Basilius,
2740 4240 2799 4285 ut
2836 4247 2895 4286 se
2927 4234 2977 4287 in
3006 4235 3437 4303 paciﬁcationem
3476 4240 3549 4292 in-

1987 4327 2316 4390 terponeret,
2348 4335 2411 4376 ac
2434 4321 2666 4376 Nicaeum
2698 4322 2818 4377 ﬁdei
2851 4323 3051 4394 aliquid
3085 4326 3151 4380 de
3179 4326 3551 4385 lncarnatioue

1987 4410 2292 4465 addendum
2329 4412 2702 4479 constitueret,
2733 4415 2836 4467 hoc
2870 4430 3009 4470 onus
3043 4418 3317 4486 suscipere
3362 4418 3551 4473 noluit.

305 4523 503 4579 autem,
534 4513 711 4583 inquit
742 4512 993 4577 Basilius,
1024 4530 1091 4567 ex
1124 4515 1185 4565 iis
1209 4514 1299 4583 qui
1329 4522 1507 4581 postea
1543 4514 1879 4580 introierunt,
1914 4527 1962 4588 υ
1986 4500 2120 4555 Cum
2152 4503 2294 4557 enim
2325 4503 2375 4556 id
2404 4519 2513 4572 pra:
2556 4519 2765 4558 summa
2818 4506 3124 4561 humilitate
3165 4508 3549 4563 altius'intelli-

303 4605 727 4660 communionem
778 4620 1007 4673 unquam
1054 4605 1402 4667 admisimus,
1462 4619 1563 4656 non
1604 4607 1744 4673 quod
1794 4622 1880 4658 eos

300 4698 598 4767 iudicemus
636 4698 902 4765 indignos,
944 4699 1033 4750 sed
1063 4697 1201 4765 quod
1239 4695 1370 4749 nihil
1414 4697 1698 4749 habeamus
1744 4697 1882 4751 unde

303 4792 441 4844 hunc
466 4790 787 4861 (qlieletium)
808 4793 1227 4843 condemnemus.
1251 4787 1367 4843 Jam
1390 4804 1518 4858 ergo
1538 4800 1733 4857 praeter
1753 4790 1883 4845 Pau-

302 4885 471 4939 linum
510 4898 685 4939 novus
728 4882 925 4952 aliquis
968 4881 1028 4937 S.
1056 4881 1271 4937 Meletio
1309 4891 1702 4951 supervenerat
1734 4899 1885 4937 com-

303 4976 547 5046 petitor,
588 4990 751 5044 quem
790 4990 911 5029 cum
960 4974 1193 5029 Basilius
1237 4976 1547 5044 episcopatu
1602 4975 1878 5042 indignum

305 5084 409 5123 non
440 5068 651 5135 judicet
674 5108 691 5135 ,
728 5065 867 5121 alius
900 5080 1024 5121 esse
1070 5080 1177 5120 non
1220 5066 1461 5132 videtur,
1498 5080 1657 5134 quam
1692 5063 1881 5120 Vitalis

304 5164 543 5219 nondum
574 5163 630 5218 iu
676 5162 869 5217 haeresi
920 5160 1096 5230 palam
1130 5162 1470 5215 obﬁrmatus.
1508 5159 1697 5228 Neque
1735 5158 1879 5212 enim

303 5266 393 5310 aut
422 5256 489 5311 de
516 5255 722 5310 Euzoio
756 5253 835 5309 sic
887 5252 1100 5307 locutus
1142 5252 1333 5307 luisset
1376 5251 1642 5317 Basilius,
1682 5259 1776 5305 aut
1816 5251 1882 5305 de

302 5347 419 5417 ipso
448 5346 607 5401 Vitali
642 5356 763 5415 post
786 5343 1131 5399 manifestum
1161 5344 1381 5399 hmresis
1406 5344 1733 5398 incendium.
1762 5340 1879 5396 Non

302 5440 542 5494 latebant
574 5438 941 5509 Epiphaniam
979 5454 1096 5507 qua:
1129 5455 1163 5491 a
1194 5436 1459 5491 nonnullis
1499 5436 1635 5489 male
1673 5436 1885 5504 excogi-

304 5543 435 5597 tata,
466 5547 662 5602 nempe
699 5532 767 5587 ab
792 5530 1147 5601 Apollinario,
1180 5528 1835 5603 {ratres_conturbaverant
1859 5542 1878 5581 :

376 5715 456 5775 (α)
498 5713 703 5766 Haeres.
738 5710 827 5771 77,
856 5723 907 5761 c.
932 5704 1021 5761 20.

378 5780 453 5856 (b)
493 5783 591 5852 Ep.
618 5780 749 5847 εισι,
784 5796 842 5834 u.
868 5777 921 5833 δ.

586 5876 860 5937 Ρηιιοι.
898 5874 1016 5936 Gn.
1058 5867 1294 5931 XXIX.

1986 4595 2165 4662 gentia
2197 4610 2293 4649 sua
2321 4596 2568 4661 ducebat,
2605 4607 2715 4649 tum
2759 4598 2921 4650 etiam
2956 4598 3262 4663 verebatur,
3296 4615 3361 4654 ne
3401 4601 3551 4654 novis

1980 4688 2176 4756 jurgiis
2232 4690 2457 4743 materia
2501 4690 2753 4754 daretur,
2805 4705 2868 4743 ac
2922 4692 3310 4759 simpliciorum
3362 4694 3550 4749 anima

1990 4783 2143 4837 novis
2194 4782 2354 4835 rebus
2411 4783 2733 4838 introductis
2780 4782 3129 4836 laederentur.
3180 4784 3551 4840 Ceterumad

1986 4889 2173 4943 pacem
2197 4889 2291 4929 eos
2316 4875 2656 4930 hortabatur.
2683 4875 2787 4930 Sed
2806 4891 2927 4930 cum
2950 4875 3098 4929 illius
3122 4875 3368 4944 epistola,
3393 4891 3550 4947 quam

1986 4965 2292 5029 amisimus,
2326 4982 2428 5020 non
2455 4968 2676 5021 multum
2704 4967 3085 5035 promovisset,
3117 4966 3310 5020 iterum
3340 4968 3405 5021 ad
3432 4982 3551 5023 eum

1987 5058 2322 5128 scripserunt
2349 5058 2692 5115 Innocentius
2737 5069 2790 5113 et
2820 5058 3089 5113 Palladius
3129 5057 3320 5112 iisdem
3355 5059 3420 5113 de
3464 5072 3544 5114 re-

1986 5153 2107 5217 bus,
2145 5168 2249 5207 non
2283 5154 2401 5207 sine
2429 5153 2609 5222 aliqua
2647 5151 2995 5207 excusatione
3021 5152 3163 5220 quod
3194 5156 3260 5207 ad
3294 5167 3418 5207 eum
3448 5167 3550 5206 non

1988 5246 2257 5299 venirent.
2288 5244 2540 5300 Libenter
2577 5246 2656 5299 eis
2697 5245 2922 5298 remittit
2947 5244 3174 5299 Basilius
3202 5244 3363 5313 hujus
3392 5245 3525 5297 itine

1988 5337 2064 5392 ris
2095 5336 2357 5402 laborem,
2393 5346 2452 5389 ut
2481 5336 2787 5390 hominibus
2814 5336 2998 5391 labore
3035 5352 3288 5390 manuum
3325 5335 3547 5390 viventi-

1987 5433 2087 5487 bus
2114 5431 2633 5501 periucommodum,
2656 5429 2923 5499 simulque
2947 5429 3184 5484 dolorem
3209 5444 3363 5483 suum
3396 5428 3548 5511 sigui‘

1990 5524 2138 5590 ﬁcat,
2181 5524 2327 5593 quod
2383 5524 2435 5577 in
2477 5521 2812 5578 concilianda
2846 5535 2977 5591 pace
3010 5535 3199 5591 parum
3240 5515 3533 5590 proiecerit

2063 5701 2134 5770 (c)
2177 5700 2272 5769 Ep.
2305 5697 2434 5765 258,
2473 5715 2525 5752 n.
2550 5701 2604 5753 εὶ.
