4040 6216
439 355 505 395 cr.
1809 333 2041 391 PROLE‘

2148 331 2349 387 “ENA.

443 454 512 508 Et
548 470 688 522 pacis
727 452 956 519 quidem,
1006 450 1201 519 inquit,
1251 467 1453 518 semper
1491 451 1666 519 aptavi
1708 449 2019 504 conciliator
2049 453 2095 508 Α
2122 449 2275 504 silius
2295 448 2516 518 quinam
2551 447 2604 502 in
2635 444 2896 510 Ecclesia,
2930 446 2982 499 in
3023 459 3128 515 qua
3158 446 3385 517 degebat
3421 411 3709 515 Urbicius,

446 566 577 614 esse,
612 549 701 604 sed
731 545 1037 614 re.infecta,
1071 559 1294 606 maereo;
1327 543 1584 613 quomodo
1610 543 1744 596 enim
1773 557 1876 596 non
1905 556 2024 594 moe-

448 659 613 696 rerem
637 644 664 694 ?
703 639 855 705 Quali
885 646 1063 692 autem
1096 653 1163 690 ex
1191 650 1386 706 genere
1421 634 1492 689 sit
1525 634 1789 689 dissensio
1827 634 1878 686 in
1909 648 2023 687 mo-

449 733 692 789 nasterio
725 732 814 786 illo
837 740 1028 785 exorta
1051 730 1358 799 perSpicere
1389 741 1678 798 possumus
1701 742 1764 780 ex
1790 726 1877 780 his
1906 741 2026 794 quae

449 831 747 893 sequuntur
781 841 793 876 :
832 820 939 876 Sed
978 831 1147 874 tamen
1179 837 1241 874 ea
1288 837 1454 873 causa
1495 834 1798 872 succensere
1830 819 2025 872 nemini

450 932 698 984 possunt;
739 931 855 966 cum
882 915 1042 966 sciam
1079 913 1224 980 pacis
1255 911 1442 965 bonum
1477 911 1596 980 jam
1635 910 1760 964 olim
1806 928 1838 964 a
1879 911 2026 964 nobis

453 1023 563 1060 esse
597 1005 887 1059 sublatura.
936 1003 1047 1057 Non
1077 1004 1154 1058 sic
1202 1002 1414 1057 locutus
1459 1002 1651 1057 fuisset
1681 1001 1948 1065 Basilius,
1982 1001 2025 1056 si

455 1097 720 1169 ejusmodi
745 1097 992 1150 homines
1013 1110 1198 1150 errore
1217 1095 1535 1164 Apollinarii
1568 1093 1750 1150 infecﬁ
1779 1093 2025 1148 fuissent.

455 1189 571 1245 Non
606 1189 748 1243 enim
801 1195 1050 1256 negasset
1089 1201 1148 1240 se
1198 1186 1302 1239 illis
1336 1200 1661 1241 succensere
1699 1200 1895 1253 posse:
1935 1185 2029 1239 sed

456 1282 607 1336 illius
637 1279 914 1334 lenitatem
947 1277 1069 1331 inde
1097 1284 1270 1329 ortam
1301 1284 1449 1345 puto,
1481 1279 1621 1342 quod
1643 1273 2029 1343 Apollinarium

454 1373 679 1442 ejusque
713 1367 970 1422 nonnulla
1010 1367 1150 1420 dicta
1195 1366 1273 1420 sic
1312 1364 1691 1432 defenderent,
1730 1375 1787 1419 ut
1817 1373 2033 1419 senten-

461 1464 549 1519 tiae
577 1463 897 1532 pravitatem
931 1460 1151 1514 minime
1177 1467 1556 1527 sequerentur.
1603 1458 1747 1513 Idem
1779 1458 1894 1512 fere
1928 1457 2032 1512 sibi

458 1555 703 1611 evenisse
751 1560 977 1608 testatur
1004 1549 1340 1619 Epiphanius
1371 1545 1469 1617 (a),
1503 1556 1792 1616 antequam
1824 1545 2031 1616 Apolli-

456 1645 599 1702 narii
653 1644 900 1701 haeresim
950 1651 1220 1713 cognitam
1277 1649 1331 1694 et
1383 1647 1720 1708 perspectam
1784 1638 2027 1693 haberet.

457 1741 691 1798 Credere
737 1738 968 1793 malebat
1015 1735 1160 1790 illius
1211 1734 1597 1789 dicta-minus
1644 1741 1901 1788 accurate
1946 1745 2031 1785 re-

459 1830 632 1894 ferri,
693 1842 850 1898 quam
910 1825 1174 1883 absurdos
1230 1837 1445 1878 errores
1500 1831 1649 1879 tanto
1700 1822 1818 1878 viro
1870 1820 2028 1877 attri-
2061 1805 2102 1862 Β

459 1920 647 1974 bucre.

536 2012 644 2068 Vll.
682 2011 836 2068 Circa
867 2011 972 2067 hoc
1006 2020 1218 2080 tempus
1247 2010 1494 2081 Optimus
1522 2009 1822 2066 Antiochiae
1851 2010 1903 2064 in
1937 2009 2029 2065 Pi-

463 2105 601 2161 sidia
633 2105 938 2173 episcopus,
971 2102 1223 2156 Basilium
1248 2100 1517 2156 consuluit
1538 2101 1605 2156 de
1628 2101 1713 2156 bis
1737 2099 2033 2170 Scriptura:

465 2201 644 2254 verbis
672 2217 685 2253 :
721 2197 905 2252 Omnis
925 2199 1013 2264 qui
1041 2195 1285 2251 occiderit
1317 2194 1495 2261 Cain.,
1523 2205 1626 2249 etc.
1667 2193 1774 2264 (b);
1803 2194 1931 2249 item
1967 2193 2034 2247 de

467 2291 719 2345 Lamechi
756 2291 822 2342 ad
852 2302 1048 2342 uxores
1080 2296 1132 2342 et
1159 2287 1442 2358 Symeonis
1472 2288 1537 2340 ad
1573 2287 1797 2341 Mariam
1827 2286 2031 2341 verbis.

466 2382 789 2437 Numeratur
821 2379 1068 2448 Optimus
1096 2394 1125 2432 a
1152 2379 1494 2433 Theodoreto
1523 2377 1595 2450 (c)
1623 2379 1763 2434 inter
1787 2388 2036 2433 strenuos

465 2474 590 2530 fidei
643 2472 975 2536 defensores,
1029 2471 1186 2540 eique
1239 2487 1267 2523 a
1323 2471 1526 2541 synodo
1577 2471 1914 2525 oecumenica
1954 2484 2038 2526 sc-

469 2565 646 2620 cunda
690 2564 832 2618 idem
879 2563 1048 2617 honos
1091 2562 1299 2616 delatus
1343 2571 1424 2616 est
1471 2576 1533 2616 ac
1580 2561 1823 2616 Helladio
1863 2562 2040 2617 Caesa-

471 2655 661 2722 riensi,
693 2653 956 2724 Gregorio
996 2651 1242 2724 Nysseno
1268 2664 1322 2706 et
1357 2653 1479 2707 aliis
1516 2653 1807 2709 nonnullis.
1844 2654 2038 2709 Eluce-

469 2749 561 2802 bat
598 2745 676 2817 (η.
711 2747 762 2815 1)
803 2745 855 2799 ἱιι
889 2743 1034 2798 illius
1068 2743 1135 2797 ad
1167 2743 1420 2796 Basilium
1457 2743 1655 2798 litteris
1682 2752 1737 2797 et
1763 2745 1829 2798 de
1857 2743 2042 2798 Eccle—

468 2838 566 2895 siis
597 2836 900 2893 sollicitudo
916 2844 969 2890 et
991 2833 1285 2904 Scripturze
1317 2835 1554 2904 legenda:
1579 2835 1837 2890 studium.
1860 2835 2041 2902 Quare

467 2932 698 2988 Basilius
729 2943 923 2999 pueros
951 2930 1017 2982 ab
1047 2942 1110 2982 eo
1137 2929 1353 2992 missos,
1383 2941 1519 2996 quos
1548 2927 1678 2982 alius
1709 2927 1938 2982 libenter
1960 2929 2042 2981 vi-

473 3023 633 3080 debat
657 3030 874 3091 propter
895 3017 1140 3086 egregios
1162 3015 1372 3070 illorum
1407 3031 1604 3078 mores,
1625 3031 1687 3069 ac
1711 3030 1895 3070 eorum
1923 3031 2042 3070 cum

474 3114 689 3185 Optimo
734 3108 1222 3173 necessitudinem,
1279 3117 1409 3160 tunc
1464 3122 1528 3161 eo
1583 3107 1840 3162 libentius
1889 3109 2039 3173 vidit,
2072 3145 2117 3208 Β

471 3205 618 3276 quod
655 3203 798 3258 illius
831 3198 1117 3270 epistolam
1155 3197 1420 3253 ferebant.

549 3294 819 3362 Scriptam
847 3291 990 3345 hanc
1039 3289 1318 3358 epistolam
1345 3292 1465 3358 post
1493 3287 1742 3344 lueresim
1772 3288 2048 3360 Apollina-

475 3387 545 3440 rii
579 3385 832 3455 probant,
877 3396 996 3451 qua:
1025 3379 1092 3434 de
1141 3380 1438 3435 hmesibus
1480 3380 1918 3436 lncarnationem
1950 3397 2048 3451 op-

473 3490 721 3548 pugnare
745 3489 850 3529 non
883 3471 1224 3528 cessantibus
1257 3471 1526 3538 leguntur,
1564 3487 1714 3526 num.
1744 3471 1798 3527 8.
1829 3471 1942 3526 Huc
1964 3487 2048 3527 ac-

477 3568 621 3624 cedit
647 3566 788 3636 quod
826 3577 1008 3620 senem
1044 3578 1102 3618 se
1125 3575 1246 3617 esse
1280 3563 1411 3617 dicit
1441 3563 1694 3626 Basilius,
1721 3573 1775 3617 et
1810 3573 2048 3632 tempore

481 3675 549 3716 ac
580 3657 946 3714 imbecillitate
969 3654 1210 3726 corporis
1238 3663 1292 3710 et
1321 3654 1663 3710 multitudine
1681 3653 2044 3720 alllictionum,

483 3767 605 3824 quae
638 3750 881 3822 plurima:
911 3748 963 3803 in
997 3762 1116 3802 eum
1146 3748 1431 3820 concitatae
1460 3747 1622 3800 vitam
1654 3745 1794 3800 illius
1817 3761 2049 3816 praegra-

482 3849 764 3904 vaverant,
794 3840 1143 3894 emarcuisse.

552 3933 685 3988 Vlll.
711 3933 844 3988 Cum
880 3930 1191 4000 Apollinarii
1232 3931 1452 3984 haeresis
1504 3930 1558 3983 in
1595 3930 1778 3984 urbem
1808 3928 2046 3998 Sozopo-

483 4028 707 4080 litanam
740 4033 1074 4094 penetrasset
1105 4037 1166 4077 ac
1193 4020 1784 4087 nonnullosinfccisset,
1817 4020 2049 4088 scripse-

482 4127 610 4172 runt
643 4131 708 4171 ea
731 4115 795 4170 de
827 4131 886 4169 re
913 4113 1276 4182 Sozopolitani
1309 4112 1374 4166 ad
1399 4111 1455 4166 S.
1479 4111 1762 4176 Basilium,
1793 4113 1882 4180 qui
1923 4112 2044 4164 bre-

478 4209 619 4262 viter
655 4207 892 4276 quidem,
938 4206 1031 4260 sed
1083 4203 1296 4258 eximiis
1354 4203 1648 4258 rationibus
1696 4203 2045 4269 demonstrat,

480 4313 642 4369 quam
684 4296 974 4353 absurdum
1011 4296 1082 4351 sit
1107 4293 1377 4350 caelestem
1417 4293 1631 4349 Christo
1649 4309 1867 4349 carnem
1898 4292 2048 4348 aliin-

477 4405 624 4461 gere,
655 4397 710 4444 et
735 4389 1003 4444 humanos
1029 4385 1251 4463 allectus
1276 4389 1327 4441 in
1355 4387 1523 4458 ipsam
1550 4387 1884 4442 divinitatem
1913 4403 2045 4442 con-

2125 539 2241 594 sani
2271 540 2404 602 sint,
2430 546 2491 592 ut
2523 539 2717 606 quibus
2747 537 3090 591 scribendum
3115 537 3187 592 sit
3219 547 3272 592 et
3297 539 3348 591 in
3374 541 3568 608 quibus
3599 556 3702 594 ac-

2125 614 2508 698 quiescendum
2540 637 2851 700 cognoscat.
2887 628 3018 681 Cum
3056 639 3234 683 autem
3261 625 3704 686 audiisset'non-

2129 721 2299 775 nullos
2325 736 2390 775 ex
2436 721 2500 775 iis
2533 723 2623 790 qui
2667 737 2788 775 cum
2825 720 3046 775 Urbicio
3085 731 3262 786 erant,
3307 723 3470 777 Deum
3518 725 3703 794 ipsum

2130 813 2180 866 in
2221 827 2446 866 carnem
2479 827 2796 867 conversum
2837 812 3035 877 dicere,
3080 812 3313 868 breviter
3341 829 3582 870 errorem
3618 833 3708 873 re-

2130 901 2290 966 fellit,
2331 901 2716 969 Urbiciumque
2753 901 2997 955 hortatur
3022 909 3078 954 ut
3109 902 3220 956 haec
3248 903 3493 970 impietas
3525 905 3708 961 eccle-

2131 993 2349 1048 siastica
2374 993 2749 1047 emendatione
2784 1009 2886 1046 non
2916 1002 3120 1048 careat.
3152 995 3228 1048 Ex
3267 1011 3372 1063 quo
3396 996 3575 1064 colligi
3608 1013 3709 1066 po-

2131 1095 2235 1140 test
2264 1086 2407 1140 hunc
2443 1084 2716 1139 Urbicium
2741 1085 2824 1140 vel
2864 1088 3175 1141 monasterii
3223 1089 3590 1156 praepositum,
3626 1090 3710 1144 vel

2130 1180 2307 1248 aliquo
2334 1178 2712 1233 ecclesiasticae
2751 1179 3025 1247 dignitatis
3056 1181 3221 1250 gradu
3263 1182 3538 1250 praeditum
3569 1182 3709 1235 fuis-

2131 1286 2208 1326 se.
2241 1269 2407 1324 Nemo
2436 1280 2522 1324 est
2551 1271 2640 1338 qui
2679 1285 2783 1324 non
2808 1272 2990 1325 videat
3014 1272 3064 1326 in
3093 1273 3194 1326 hac
3222 1282 3276 1326 et
3302 1273 3562 1341 superiori
3589 1273 3709 1343 epi-

2131 1362 2265 1418 stola
2312 1361 2632 1431 Apollinarii
2684 1372 2991 1417 commenta
3044 1363 3287 1416 damnari
3334 1378 3478 1418 :nec
3507 1363 3711 1419 mirum

2131 1453 2298 1509 videri
2331 1454 2490 1508 debet
2535 1452 2580 1507 si
2628 1468 2732 1508 non
2776 1469 2914 1509 ttnus
2951 1465 3006 1508 et
3038 1455 3174 1509 idem
3213 1469 3369 1510 error
3396 1457 3449 1510 in
3475 1465 3712 1528 utraque

2132 1547 2355 1616 epistola
2388 1546 2687 1602 refellatur.
2744 1546 2941 1602 Narrat
2989 1549 3131 1603 enim
3179 1549 3509 1619 Epiphanius
3539 1551 3618 1622 (Ι)
3650 1568 3714 1608 se

2135 1638 2274 1693 inter
2309 1639 2628 1709 Apollinarii
2673 1650 2975 1696 sectatores
3019 1655 3271 1710 magnam
3311 1645 3715 1699 sententiarum

2135 1731 2457 1786 varietatem
2487 1733 2847 1801 perspexisse.

2667 1844 2894 1900 CAPUT
2917 1843 3177 1901 XXXVII.

2132 1933 2172 1990 l.
2201 1936 2496 1990 Dorotheus
2535 1945 2582 1989 et
2613 1935 2996 1991 Sanctissimus
3025 1937 3243 1992 Romam
3269 1940 3455 1994 iterum
3489 1942 3716 1997 mittun-

2202 2014 2311 2062 tur.
2350 2005 2413 2079 ll.
2441 2005 2493 2058 Ν
2499 2022 2563 2058 on
2588 2009 2830 2079 videnlur
2851 2010 3133 2079 coniecisse
3161 2011 3298 2079 quod
3322 2013 3579 2079 prwcipue
3606 2014 3718 2067 illis

2202 2077 2528 2150 propositum
2573 2085 2709 2150 erat.
2746 2075 3073 2150 lll._Lauda¢
3111 2075 3345 2150 Basilius
3390 2075 3719 2150 confessores

2203 2145 2486 2215 Egyptios
2509 2147 2646 2214 quod
2679 2147 3058 2214 Apollinarium
3087 2149 3467 2204 damnaverint.
3491 2145 3582 2207 IV.
3615 2152 3718 2208 Re-

2209 2217 2483 2284 prehendit
2509 2217 2646 2278 quod
2680 2216 3050 2270 Marcellianos
3087 2221 3155 2270 ml
3183 2223 3595 2276 communionem
3626 2240 3720 2276 re-

2205 2287 2454 2353 ceperint.
2503 2286 2562 2339 ν.
2597 2285 2914 2354 Reprehensi
2957 2289 3114 2340 etiam
3153 2289 3299 2354 [uere
3341 2307 3372 2343 a
3409 2290 3568 2346 Petro
3591 2293 3719 2347 Ale-

2210 2355 2476 2427 mandrino
2520 2357 2588 2407 ad
2637 2372 2788 2427 quem
2837 2357 3015 2427 scribit
3067 2356 3301 2423 Basilius
3351 2363 3584 2427 ep.966.
3622 2363 3716 2418 VI.

2210 2425 2564 2494 Examinalur
2589 2443 2658 2478 an
2686 2425 2810 2494 jure
2830 2425 3060 2480 Basilius
3087 2429 3275 2491 dixerit
3312 2425 3618 2486 Marcellum
3651 2451 3723 2488 ex

2215 2493 2704 2569 Ecclesiaexiisseé
2720 2496 2852 2569 Quo
2864 2505 3104 2569 tempore
3114 2498 3250 2569 [idei
3263 2501 3520 2569 confessio
3549 2505 3722 2558 Atha-

2213 2567 2368 2641 nasio
2392 2565 2570 2641 oblata
2593 2581 2624 2617 a
2651 2565 3037 2641 Marcellianis.
3065 2568 3180 2641 _Vll.
3215 2565 3382 2641 Petri,
3405 2574 3628 2641 querelis
3652 2577 3722 2630 de

2211 2635 2478 2688 Dorotlteo
2500 2637 2772 2704 respondet
2796 2635 3034 2690 Basilius
3057 2639 3112 2691 in
3137 2635 3319 2692 eadem
3344 2635 3584 2712 epistola.

2210 2747 2250 2802 1.
2301 2746 2601 2804 Dorotheus
2657 2755 2708 2802 et
2772 2746 3157 2805 Sanctissimus
3210 2753 3533 2824 presbyteri,
3583 2771 3725 2826 quos

2143 2853 2282 2892 anno
2308 2837 2411 2893 576
2435 2839 2484 2892 in
2507 2837 2853 2893 Occidentem
2880 2841 3074 2896 missos
3100 2842 3267 2898 fuisse
3290 2855 3344 2898 et
3367 2847 3551 2901 eodem
3575 2864 3725 2904 anno

2145 2931 2368 2985 rediisse
2402 2931 2658 2994 diximus,
2689 2945 2793 2984 non
2818 2931 2908 2985 diu
2935 2947 3000 2987 ex
3034 2933 3294 2990 molestiis
3323 2937 3532 2994 itineris
3561 2941 3724 3010 quie-

2145 3031 2360 3088 verunt,
2389 3024 2483 3078 sed
2514 3024 2697 3078 statim
2732 3038 2901 3079 novus
2960 3024 3063 3079 illis
3101 3027 3470 3096 suscipiendus
3505 3030 3605 3084 fuit
3638 3034 3725 3088 la-

2149 3117 2267 3178 bor,
2309 3126 2366 3170 ut
2393 3117 2659 3184 episc0pis
2693 3116 2929 3170 Orientis
2973 3117 3284 3173 nuntiarent
3314 3134 3434 3188 quas
3473 3123 3526 3177 in
3565 3122 3722 3179 Occio

2147 3208 2306 3263 dente
2345 3209 2593 3261 viderant
2631 3209 2726 3278 (g),
2764 3210 2947 3279 eisque
2979 3211 3362 3279 persuaderent
3397 3228 3593 3284 magno
3615 3225 3726 3270 stu-

2145 3297 2234 3352 dio
2267 3298 2556 3367 praesentia
2606 3301 2818 3366 negotia
2848 3300 3108 3370 indigere.
3139 3300 3273 3355 Nam
3306 3303 3405 3358 etsi
3447 3306 3724 3373 prolixam

2146 3391 2494 3446 succurrendi
2539 3390 2861 3446 voluntatem
2913 3394 3350 3462 significaveraut
3406 3396 3728 3456 Occidenta-

2147 3482 2246 3550 les,
2271 3484 2458 3538 eadem
2499 3486 2791 3539 manebant
2815 3485 3051 3541 Orientis
3077 3487 3295 3540 vulnera
3323 3488 3424 3556 (lt),
3451 3505 3551 3545 nec
3573 3493 3730 3561 quis-

2147 3586 2310 3642 quam
2346 3573 2544 3628 missus
2571 3589 2635 3628 ex
2663 3573 2956 3630 Occidente
2983 3577 3072 3645 qui
3107 3591 3170 3630 ea
3207 3588 3423 3633 sanaret
3456 3597 3470 3634 ε
3505 3596 3604 3636 nec
3631 3583 3728 3637 lit-

2153 3674 2300 3731 terae,
2332 3679 2464 3733 quas
2493 3664 2867 3720 Occidentales
2894 3667 3089 3722 misere
3109 3682 3203 3737 per
3227 3667 3638 3727 Sanctissitnum
3670 3686 3730 3730 et.

2148 3754 2502 3822 Dorotheum,
2552 3770 2802 3826 magnum
2840 3758 3133 3812 remedium
3185 3761 3497 3820 attulerant.
3543 3765 3729 3832 Quare

2147 3844 2211 3918 (i)
2244 3861 2379 3900 nova
2418 3862 2551 3916 opus
2584 3857 2703 3902 erat
2735 3849 3022 3918 legatione,
3066 3865 3125 3905 ac
3165 3853 3316 3908 novis
3345 3856 3727 3928 episc0porum

2148 3939 2658 4007 subscriptionibus,
2694 3956 2922 4010 quarum
2974 3942 3397 4013 colligendarum
3448 3966 3612 4006 causa
3641 3953 3728 4007 vi-

2149 4031 2303 4084 detur
2353 4031 2741 4087 Sanctissimus
2797 4031 3074 4088 Orientem
3128 4051 3469 4106 peragrasse.
3523 4041 3725 4098 lterum

2148 4135 2277 4191 ergo
2307 4121 2578 4189 prolectus
2627 4132 2711 4176 est
2755 4125 2805 4176 in
2845 4122 3197 4180 Occidentem
3245 4142 3365 4182 cum
3427 4131 3724 4200 Dorothco,

2149 4213 2429 4281 epistolam
2454 4212 2810 4268 Orientalium
2852 4213 3209 4283 deferens,.in
3258 4233 3363 4286 qua
3421 4233 3614 4292 rogant
3666 4235 3728 4278 ut

2149 4305 2362 4358 tandem
2397 4305 2684 4372 aliquando
2727 4305 3106 4379 mittantur(j)
3154 4309 3245 4378 qui
3269 4308 3544 4367 Orientem
3583 4315 3725 4369 invi-

2150 4406 2299 4462 sam;
2327 4396 2430 4463 vel,
2469 4397 2512 4451 si
2568 4397 2623 4451 id
2665 4397 2780 4452 fieri
2816 4412 2920 4452 non
2965 4409 3160 4467 potest,
3185 4402 3373 4457 saltem
3403 4405 3623 4461 veniant
3657 4409 3728 4462 ab

477 4483 639 4538 ferre.
666 4480 816 4536 Hanc
845 4480 1124 4549 epistolam
1155 4483 1283 4535 citat
1309 4479 1568 4536 Leontius
1597 4480 1694 4550 (ά),
1725 4492 1779 4536 et
1806 4482 2044 4550 pluribus
2076 4485 2121 4541 D
2150 4487 2443 4544 Occidente
2465 4488 2680 4555 litterae,
2715 4506 2833 4559 qua:
2860 4503 3111 4548 auctores
3153 4496 3414 4551 tumultus
3435 4508 3489 4551 et
3513 4509 3727 4566 pertur-

474 4573 611 4629 locis
648 4570 904 4642 Eulogius
939 4573 1032 4641 (ε).

546 4664 796 4721 Urbicius
823 4662 1137 4728 monachus,
1169 4662 1305 4716 idem
1335 4663 1522 4732 procul
1550 4663 1733 4729 dubio,
1766 4678 1926 4733 quem
1947 4664 2047 4718 Ba-

477 4760 629 4818 silius
655 4773 796 4814 anno
829 4757 932 4812 573
965 4755 1213 4812 exsilium
1253 4765 1574 4825 exspectans
1606 4757 1671 4810 ad
1703 4772 1762 4812 se
1796 4773 2045 4813 accerse-

477 4854 593 4920 bat,
624 4851 842 4922 scripsit
868 4851 933 4906 ad
957 4849 1213 4904 Basilium
1248 4862 1353 4902 non
1378 4848 1496 4903 sine
1525 4848 1703 4917 aliqua
1740 4849 2046 4917 timiditate,

476 4954 537 5000 ut
569 4945 633 4999 ad
662 4943 833 4998 virum
865 4942 1004 4996 fama
1033 4950 1088 4997 et
1115 4941 1374 5011 dignitate
1399 4951 1764 5010 praestantem.
1792 4941 1897 4998 Sed
1925 4957 2045 4998 eum

477 5037 725 5092 hortatur
759 5036 1008 5103 Basilius,
1073 5045 1130 5090 ut
1188 5034 1327 5090 hanc
1381 5035 1722 5090 timiditatem
1759 5052 1820 5090 ex
1865 5038 2049 5094 animo

473 5128 677 5198 ejiciat,
711 5141 777 5182 ac
801 5142 944 5197 smpe
966 5127 1032 5181 ad
1065 5141 1124 5182 se
1157 5126 1395 5192 scribat;
1435 5141 1608 5196 neque
1647 5128 1794 5181 enim
1835 5129 2046 5183 nescire

477 5234 536 5274 se
562 5219 839 5274 hominum
871 5218 1232 5288 praestantiam
1264 5232 1326 5272 ex
1363 5219 1570 5274 tit‘noris
1599 5218 1688 5272 Dei
1724 5221 1891 5290 gradu
1924 5235 2047 5289 pro-

478 5309 667 5374 ficisci,
695 5323 796 5365 nec
823 5309 1116 5380 quidquam
1151 5311 1429 5379 impedire,
1460 5310 1748 5380 quominus
1790 5326 1850 5366 se
1877 5312 2046 5382 major

479 5401 849 5467 sit-Urbicius,
883 5401 928 5455 si
958 5401 1123 5455 Deum
1148 5401 1317 5472 magis
1347 5403 1550 5456 timeat.
1580 5400 1734 5476 Scire
1765 5402 1914 5472 cupit
1947 5402 2047 5458 Ba-

547 5519 628 5586 (a)
662 5518 866 5575 Haeres.
903 5518 991 5580 77,
1022 5534 1074 5586 p.
1100 5518 1224 5573 996.

547 5589 624 5659 (ὁ)
661 5591 798 5644 Gen.
834 5605 910 5648 tv.
941 5589 1027 5642 15.

545 5658 618 5729 (r)
653 5659 801 5729 llist.
835 5660 1018 5712 eccles.
1052 5658 1147 5729 lib.
1180 5675 1252 5720 Iv,
1280 5675 1328 5713 c.
1363 5659 1454 5712 30.

547 5727 625 5799 (tl)
659 5727 724 5782 In
745 5727 956 5782 Nestor.
978 5739 1024 5780 et
1052 5728 1298 5797 Eutych”
1323 5747 1373 5796 p.
1402 5730 1559 5784 1000.

548 5788 620 5870 ie)’
653 5799 807 5853 Pltot.
859 5801 975 5856 cod.
1004 5798 1129 5867 225,
1158 5788 1215 5870 ῑι,
1250 5788 1373 5865 760,
1413 5801 1536 5869 set,
1571 5799 1691 5858 808.

2152 4581 2387 4636 bationis
2416 4592 2624 4646 notent,
2663 4596 2863 4652 eosque
2897 4588 2974 4654 (η.
2995 4584 3050 4655 5)
3080 4585 3146 4640 ab
3191 4586 3432 4643 ecclesiis
3462 4594 3728 4647 arcendos

2154 4673 2468 4737 decernant,
2488 4673 2534 4727 si
2558 4675 2610 4728 in
2636 4675 2814 4742 pravis
2838 4676 3168 4730 novitatibus
3193 4692 3559 4747 perseverent.
3580 4683 3728 4738 lnter

2153 4776 2268 4829 eos,
2312 4763 2400 4832 qui
2439 4760 2712 4817 Orientem
2757 4765 3097 4831 perturbant,
3137 4766 3242 4819 duo
3283 4769 3601 4824 nominatim
3638 4786 3726 4826 re-

2153 4866 2441 4910 censentur
2482 4855 2798 4910 Eustathius
2845 4865 2898 4909 et
2952 4856 3338 4926 Apollinarius.
3393 4859 3726 4917 Referuntur

2150 4953 2316 5004 variae
2362 4947 2631 5003 Eustathii
2667 4949 2992 5004 mutationes
3029 4953 3262 5020 partium
3306 4971 3319 5007 :
3351 4969 3473 5008 cum
3513 4955 3600 5019 iis,
3633 4971 3726 5027 qui

2150 5040 2615 5098 consubstantiale
2677 5042 3138 5098 anathematizant
3205 5045 3523 5116 conjunctns
3580 5063 3727 5116 esse,

2149 5147 2314 5203 seque
2344 5133 2954 5187 Pneumatomachorum
3009 5135 3232 5190 haeresis
3258 5139 3444 5192 ducem
3482 5141 3727 5208 praebere

2152 5223 2368 5278 dicitur.
2405 5222 2558 5277 Scire
2599 5233 2762 5276 avent
2800 5221 3106 5281 Orientales
3151 5228 3347 5296 quibus
3387 5229 3515 5282 olim
3541 5231 3716 5286 condi-

2153 5314 2388 5369 tionibus
2429 5329 2458 5366 a
2496 5313 2711 5368 Liberio
2744 5325 3028 5384 susceptus
3067 5318 3172 5384 sit;
3218 5327 3380 5388 atque
3421 5321 3536 5375 liaec
3574 5322 3726 5375 addi-

2156 5414 2244 5460 tur
2272 5419 2460 5469 causa,
2507 5419 2604 5459 cur
2643 5405 2712 5459 ad
2751 5420 2872 5459 eum
2915 5408 3313 5479 reprimendum
3353 5411 3727 5468 Occidentales

2244 5520 2300 5590 Ῑ)
2329 5518 2655 5590 Ηωτθβί-ἹἹ,
2692 5533 2743 5588 p.
2777 5519 2900 5576 996.

2243 5588 2295 5660 ει)
2335 5590 2434 5658 Ep.
2462 5588 2593 5660 e53.

2222 5658 2299 5732 to
2332 5660 2431 5732 sp.
2455 5658 2580 5732 sea.
2608 5675 2658 5712 η.
2694 5659 2745 5713 ιο

2261 5729 2299 5801 ί)
2330 5729 2427 5796 Ep.
2461 5729 2568 5801 es;
2598 5738 2651 5783 ει
2682 5743 2836 5801 seqq.

2261 5733 2299 5800 ί)
2330 5733 2427 5796 Ep.
2461 5733 2568 5781 255
2598 5738 2651 5783 et
2682 5743 2748 5782 se.

2233 5733 2301 5870 δ)
2338 5801 2432 5871 Ep.
2457 5799 2582 5865 eos,
2608 5815 2661 5854 n.
2695 5799 2748 5855 t.
