4040 6216
1777 357 1929 405 ΠἸΆ
1971 360 2027 407 δ.
2070 361 2328 415 BASILII.

3548 400 3636 446 GLI

386 443 766 500 auctoritatem
814 462 968 503 suam
1038 452 1294 511 adhibere
1342 458 1595 529 debeant,
1646 467 1789 535 quod
1828 467 1966 523 unde
1992 474 2043 533 Α
2073 472 2206 528 ticile
2229 476 2392 534 fuisse
2426 480 2692 537 Dorotheo
2724 499 2755 538 a
2799 500 2894 540 sua
2924 488 3143 547 lenitate
3178 508 3280 548 non
3333 497 3635 570 discedere,

388 537 599 570 «sm-nnis
647 536 898 570 ῆιιηλὲιιη.
934 545 1001 570 ..Α
1040 547 1437 570 -..ι....,.-,ε-..---
1485 569 1488 570 ,
1575 556 1607 570 ι.
1843 560 1854 570 .
1922 560 1931 570 .

387 537 602 606 accepit
645 536 899 594 ﬁduciam
933 545 1001 596 ad
1032 547 1444 605 subversionem
1480 556 1790 623 multorum,
1841 560 1966 614 inde

384 642 599 692 :cquum
643 627 716 681 sit
754 634 1192 689 emendationem
1237 640 1441 695 venire.
1473 645 1791 713 Apollinarii
1817 664 1967 703 erro-

384 731 475 769 res
507 733 878 786 exponuntur.
920 724 1308 799 Perstringitur
1343 734 1507 787 etiam
1532 739 1801 795 ordinatio
1829 741 1965 794 Pau-

382 807 476 861 lini
503 811 855 879 Antiocheni,
902 816 1054 885 isque
1097 833 1402 891 accusatur,
1447 830 1589 894 quod
1636 830 1688 882 in
1729 832 1963 888 Marcelli

380 915 623 956 errorem
654 907 1011 974 propendeat,
1044 927 1106 965 ac
1143 912 1282 967 illius
1308 928 1602 974 sectatores
1626 922 1742 977 sine
1774 924 1963 979 discri-

378 992 527 1045 mine
555 994 622 1044 ad
654 998 1090 1052 communionem
1126 1003 1396 1059 admittat.

449 1081 510 1135 Il.
549 1083 666 1138 Non
714 1086 924 1140 videtur
951 1089 1064 1143 haec
1100 1092 1293 1161 legatio
1334 1112 1623 1167 prosperos
1650 1103 1834 1157 exitus
1866 1104 1963 1158 ha-

378 1172 587 1229 buisse.
624 1175 728 1229 Vix
769 1180 985 1246 quidem
1031 1182 1248 1237 dubium
1281 1174 1388 1250 est,
1415 1191 1541 1258 quin
1574 1196 1961 1258 persecutionis

374 1263 747 1332 descriptione
773 1279 828 1321 et
863 1278 939 1322 tot
965 1270 1223 1326 malorum
1251 1275 1413 1331 ﬂebili
1438 1283 1617 1348 specie
1641 1286 1803 1339 corda
1832 1287 1958 1340 teti-

375 1358 576 1424 get-int.
605 1357 773 1413 Forte
803 1362 963 1414 etiam
1005 1364 1070 1417 de
1106 1364 1389 1422 Eustatltio
1422 1380 1477 1424 et
1504 1373 1833 1439 Apollinario
1860 1378 1960 1430 im-

376 1459 685 1516 petrarunt,
741 1462 799 1504 ut
856 1462 1087 1523 uterque
1123 1461 1596 1516 condemnaretur.
1650 1465 1848 1520 Saltem
1894 1469 1959 1523 de

374 1540 711 1608 Apollinario
742 1545 945 1600 scimus
963 1564 1083 1601 eum
1111 1550 1163 1603 in
1192 1554 1392 1620 synodo
1422 1554 1660 1610 Romana
1686 1558 1784 1629 (a),
1823 1576 1959 1627 prte-

375 1641 530 1683 sente
574 1633 737 1687 Petro
765 1636 1153 1703 Alexandrino,
1200 1642 1512 1697 damnatum
1554 1643 1745 1701 fuisse.
1786 1648 1958 1705 Proli-

375 1735 501 1775 1am
539 1720 971 1781 Occidentalium
1008 1731 1331 1786 voluntatem
1362 1739 1715 1804 perspicimus
1738 1740 1790 1794 in
1823 1756 1955 1810 quo-

375 1811 498 1863 dam
538 1811 842 1882 fragmento
875 1819 1063 1885 synodi
1126 1818 1399 1873 Romamn.
1458 1821 1737 1890 Craterum,
1787 1826 1956 1896 inquit
1987 1831 2030 1887 B

372 1904 638 1972 synodus,
668 1906 807 1974 quod
845 1910 913 1959 ad
949 1912 1284 1963 removendos
1326 1921 1509 1966 vestra:
1543 1914 1839 1970 dilectionis
1868 1921 1951 1971 in-

366 1995 565 2061 jurias,
603 2012 697 2049 nec
727 1997 895 2065 frater
930 2011 1104 2053 noster
1143 2000 1438 2056 Dorotheus
1482 2006 1749 2074 presbyter
1779 2010 1948 2077 expli-

370 2099 493 2137 care
520 2088 699 2140 omnia
738 2090 981 2141 vivaciter
1030 2094 1409 2159 prcetcrmittit,
1457 2111 1548 2148 nec
1587 2099 1752 2151 nostri
1782 2100 1946 2169 nisus,

371 2185 427 2226 ut
457 2176 568 2241 ipse
595 2178 739 2230 testis
761 2190 856 2245 est,
885 2181 1184 2248 defuerunt.

437 2268 801 2341 Atprarcipue
835 2274 1163 2342 prepositum
1196 2286 1313 2329 erat
1348 2277 1558 2348 legatis,
1600 2278 1658 2336 ut
1687 2281 1947 2339 Occiden-

370 2358 445 2412 tis
472 2362 701 2429 gratiam
744 2378 807 2416 ac
832 2363 1069 2419 favorem
1118 2377 1307 2420 sancto
1337 2368 1547 2424 Meletio
1569 2374 1943 2429 conciliarent.

365 2447 504 2503 Cum
542 2453 686 2504 enim
723 2453 856 2506 nihil
883 2454 1185 2512 Antiochia;
1214 2458 1442 2515 Basilius
1476 2460 1551 2533 (ὁ)
1586 2464 1637 2516 ἰη
1668 2466 1797 2521 orbe
1833 2476 1942 2521 ter-

364 2555 549 2593 rarum
607 2544 946 2611 praeferebat,
1012 2560 1181 2615 caque
1228 2549 1293 2602 ad
1318 2553 1661 2607 concordiam
1715 2557 1941 2611 adducta

364 2642 604 2687 caeteras
640 2635 914 2691 Ecclesias
950 2636 1107 2691 facile
1150 2650 1397 2695 sanatum
1438 2644 1501 2697 iri
1536 2647 1776 2713 putabat,
1831 2660 1940 2703 tum

358 2740 491 2779 vero
534 2726 835 2781 Dorotheus
874 2737 928 2781 et
968 2729 1357 2787 Sanctissimus
1399 2734 1539 2789 hanc
1590 2738 1929 2801 potissimum

357 2818 744 2885 proﬁciscendi
778 2835 995 2874 causam
1026 2822 1327 2877 habuerunt
1381 2825 1475 2896 (c),
1505 2829 1644 2895 quod
1686 2829 1940 2885 Paulinus

360 2906 563 2962 litteris
595 2908 765 2964 Roma
798 2912 1033 2980 acceptis
1063 2913 1258 2967 mirum
1304 2914 1358 2968 in
1390 2917 1603 2971 modum
1633 2919 1932 2979 eﬂ‘erretur.

359 2998 557 3052 Statim
606 3015 673 3055 ac
717 3002 891 3056 allatae
939 3002 1156 3057 fuerunt
1205 3005 1547 3061 Antiochiam
1605 3010 1688 3064 hae
1748 3011 1940 3067 littera:

356 3088 556 3157 (allatae
596 3100 776 3144 autem
813 3091 1027 3146 fuerunt
1056 3107 1196 3147 anno
1218 3094 1343 3158 575,
1379 3096 1522 3151 circa
1569 3102 1931 3169 autumnum),

2066 580 2185 619 eum
2223 578 2328 621 tam
2366 571 2608 641 iniquum
2644 574 2831 631 Petrus
2878 580 2943 633 de
2969 582 3178 637 Mcletio
3209 595 3262 639 et
3291 588 3523 647 Eusebio
3550 594 3636 661 ju-

2066 659 2261 713 dicimn
2321 662 2504 718 ferret.
2563 666 2820 732 Quamvis
2862 683 3043 727 autem
3095 676 3470 737 Occidentales
3527 701 3632 740 non

2067 760 2270 805 tantum
2328 755 2383 807 S.
2418 756 2629 812 Meletio
2675 761 2910 817 favorem
2962 769 3325 837 exhibuerint,
3373 787 3632 841 quantutn

2064 852 2302 907 optasset
2354 846 2625 917 Basilius;
2682 856 3073 912 constituerunt
3137 871 3314 917 tamen
3353 868 3634 937 episcopos

2064 936 2276 990 mittere
2304 939 2354 991 in
2386 939 2682 1011 Orientem,
2724 949 2811 1015 qui
2836 962 3119 1017 sequestres
3168 968 3213 1007 et
3245 960 3431 1012 arbitri
3453 962 3633 1028 refun-

2063 1024 2266 1094 denda’,
2292 1036 2339 1085 si
2366 1031 2483 1097 ﬁeri
2532 1049 2725 1102 posset,
2765 1041 2907 1104 pacis
2939 1043 3260 1113 exsisterent,
3294 1059 3351 1100 ut
3404 1050 3633 1121 legimus

2066 1117 2117 1169 in
2175 1122 2402 1188 epistola
2456 1128 2669 1181 concilii
2730 1132 3085 1199 Aquileiensis
3130 1140 3195 1191 ad
3254 1140 3628 1211 imperatores,

2063 1222 2181 1275 quae
2211 1224 2292 1266 est.
2318 1214 2635 1272 duodecima
2667 1221 2808 1273 inter
2843 1226 3249 1284 Ambrosianas.
3295 1231 3402 1287 Sed
3431 1236 3628 1291 ibidem

2061 1299 2162 1355 hoc
2218 1308 2503 1362 consilium
2550 1311 2688 1366 bello
2735 1313 2964 1372 Gothico
3009 1319 3406 1391 interpellatum
3464 1328 3629 1383 fuisse

2060 1391 2341 1450 discimus.

2130 1487 2182 1541 In
2230 1487 2459 1555 quodam
2515 1492 2698 1547 codice
2761 1500 3127 1569 manuscripto
3163 1515 3453 1561 annotatur
3491 1511 3629 1566 hanc

2063 1584 2345 1650 epistolam
2382 1588 2599 1643 missam
2633 1605 2737 1644 non
2779 1591 2963 1659 fuisse,
3000 1598 3141 1651 unde
3166 1600 3367 1671 colligit
3396 1604 3625 1661 Combe-

2058 1673 2208 1730 ﬁsins
2236 1675 2490 1732 Basilium
2534 1691 2773 1737 mutasse
2800 1687 3081 1741 consilium
3121 1692 3263 1758 quod
3300 1693 3622 1759 intenderat,

2058 1764 2127 1819 ob
2151 1782 2210 1821 ea
2249 1783 2366 1836 quae
2398 1772 2463 1824 de
2502 1770 2727 1828 Paulino
2766 1778 2943 1832 minus
2984 1781 3278 1837 honorifice
3309 1786 3361 1838 in
3394 1786 3495 1841 hac
3520 1790 3626 1857 epi-

2058 1858 2192 1913 stola
2222 1860 2492 1917 dieuntur.
2533 1864 2637 1921 Sed
2669 1866 2813 1921 hunc
2841 1871 3081 1926 codicem
3113 1875 3308 1930 refellit
3334 1878 3515 1932 Basilii
3548 1893 3625 1935 te-

2053 1950 2386 2008 stimonium.
2440 1955 2589 2022 QuOd
2638 1963 2781 2014 enim
2831 1964 2907 2015 ait
2935 1965 3204 2021 Meletium
3242 1980 3295 2024 et
3330 1971 3620 2029 Eusebium

2052 2054 2368 2101 numeratos
2402 2047 2568 2103 fuisse
2626 2053 2767 2107 inter
2821 2056 3124 2123 haereticos,
3183 2061 3235 2116 id
3287 2066 3472 2119 referri
3512 2084 3617 2123 non

2050 2146 2225 2204 potest
2267 2139 2331 2192 ad
2369 2140 2687 2210 legationem
2724 2149 2848 2200 anni
2892 2146 3025 2215 376;
3058 2166 3177 2220 quae
3222 2164 3420 2208 tantam
3466 2157 3620 2214 Basi-

2050 2227 2120 2283 lio
2175 2230 2410 2285 laatiliam
2448 2249 2553 2287 non
2590 2235 2879 2301 attulisset,
2915 2253 3170 2308 quantam
3213 2246 3453 2302 attulisse
3483 2252 3619 2305 vidi-

2049 2334 2190 2383 mus,
2223 2321 2267 2373 si
2307 2330 2428 2378 tunc
2485 2322 2729 2380 Meletius
2773 2337 2825 2381 et
2858 2328 3120 2387 Eusebius
3165 2342 3273 2388 tam
3329 2336 3615 2396 inhoneste

2047 2413 2295 2481 appellati
2334 2414 2584 2471 fuissent.
2634 2420 2812 2483 Quare
2853 2438 3075 2480 necesse
3118 2436 3200 2481 est
3222 2428 3382 2483 aliam
3418 2435 3616 2488 admit-

2047 2512 2160 2558 tere
2198 2505 2541 2575 legationem,
2593 2510 2745 2577 cujus
2782 2513 2962 2569 esitus
2997 2521 3385 2586 exspectationi
3434 2525 3611 2582 minus

2046 2597 2339 2661 respondit.

2115 2683 2345 2741 Profecti
2397 2687 2562 2743 fuisse
2595 2691 2845 2746 videntur
2893 2696 3193 2755 Dorotheus
3227 2713 3281 2757 et
3315 2705 3610 2763 Sanctissi-

2044 2792 2163 2830 mus
2199 2793 2363 2833 verno
2393 2789 2633 2851 tempore
2678 2786 2804 2838 anni
2837 2786 2959 2841 577.
3011 2788 3144 2843 Nam
3190 2807 3311 2846 cum
3350 2797 3611 2853 redierint

2041 2886 2107 2923 ex
2130 2870 2426 2927 Occidente
2466 2889 2606 2928 anno
2633 2876 2757 2942 576,
2793 2878 2934 2933 circa
2973 2891 3293 2937 autumnum
3329 2896 3383 2939 et
3415 2888 3467 2940 in
3499 2889 3610 2945 col-

2040 2964 2267 3034 ligendis
2302 2967 2788 3036 subscriptionibus
2820 2972 3020 3041 aliquid
3054 2978 3311 3044 temporis
3350 2995 3606 3035 consum-

2040 3058 2281 3126 pserint,
2332 3061 2564 3113 secunda
2605 3061 2813 3116 illorum
2848 3065 2898 3119 in
2948 3065 3290 3123 Occidentem
3338 3073 3601 3140 profectio

355 3153 662 3234 Oorotlteus
718 3182 944 3235 Romam
993 3183 1248 3251 cogitavit
1295 3183 1395 3255 (ά),
1446 3202 1509 3241 ac
1555 3189 1936 3249 Sanctissimus
1964 3162 2005 3219 C
2041 3160 2200 3252 ciuus
2235 3153 2481 3255 mimi!“
2524 3170 2628 3209 non
2675 3157 2853 3255 debili
2904 3158 3085 3229 Neque
3113 3172 3273 3255 eum“
3310 3166 3473 3221 multo
3516 3184 3605 3223 se-

356 3270 434 3339 (ε)
470 3273 748 3327 Orientem
792 3289 1082 3345 peragrare
1108 3275 1294 3344 cmpit,
1326 3293 1388 3331 ac
1429 3281 1854 3351 subscriptiones
1882 3295 1937 3341 et

358 3363 568 3417 litteras
596 3366 872 3434 colligere.
897 3365 1126 3431 Laetitia,
1171 3383 1329 3436 quam
1361 3370 1592 3426 Basilius
1632 3390 1817 3429 eorum
1848 3391 1935 3431 re-

353 3456 467 3510 ditu
495 3460 739 3525 percepit
771 3473 910 3511 anno
945 3457 1047 3513 576
1075 3470 1393 3527 argumento
1437 3472 1519 3517 est
1575 3474 1701 3519 tunc
1737 3466 1935 3522 Itoma-

352 3565 482 3603 num
514 3551 824 3615 pontiﬁcem
863 3567 967 3605 non
1007 3555 1240 3610 alienum
1274 3572 1303 3611 a
1337 3556 1554 3611 Meletio
1584 3559 1819 3611 animum
1856 3563 1933 3613 si-

348 3640 659 3707 gniﬁcasse.
703 3642 773 3693 At
806 3644 1041 3698 secunda
1093 3645 1287 3716 legatio
1320 3662 1575 3717 prospere
1605 3663 1707 3701 non
1746 3651 1932 3705 cessit.

347 3729 485 3783 Nam
519 3746 642 3784 cum
676 3731 873 3788 Meietii
912 3750 1127 3790 causam
1152 3737 1466 3793 defenderet
1508 3739 1810 3794 Dorotheus
1841 3755 1933 3793 co-

346 3836 465 3872 ram
525 3822 757 3876 Damaso
801 3834 855 3877 et
908 3825 1066 3880 Petro
1116 3828 1517 3896 Alexandrino,
1578 3840 1793 3884 sanctus
1836 3833 1925 3884 ille

349 3912 547 3979 praesul
577 3928 683 3965 una
712 3929 831 3967 cum
867 3926 1053 3970 sancto
1089 3918 1320 3973 Eusebio
1353 3921 1494 3973 inter
1516 3921 1796 3974 hmreticos
1825 3938 1929 3975 nu-

350 4013 596 4056 meratus
623 4014 724 4072 est,
769 4006 949 4074 idque,
1009 4019 1066 4061 ut
1113 4009 1452 4078 conjicimus,
1499 4012 1566 4065 ab
1608 4012 1723 4080 ipso
1768 4012 1929 4068 Petro

343 4093 736 4150 Alexandrino.
770 4096 884 4150 Non
928 4099 1044 4153 tulit
1078 4100 1377 4155 Dorotheus
1419 4112 1623 4157 tantum
1654 4103 1824 4165 nefas,
1865 4120 1927 4158 ac

344 4185 692 4241 stomachum
729 4203 884 4241 suum
932 4192 1105 4257 erupit
1142 4192 1193 4243 in
1232 4194 1468 4257 Petrum,
1501 4193 1591 4262 qui
1636 4208 1755 4245 cum
1788 4195 1927 4260 apud

347 4274 613 4329 Basilium
658 4290 989 4346 conquestus
1022 4291 1183 4345 esset,
1226 4283 1306 4336 sic
1353 4284 1398 4336 ei
1449 4286 1733 4350 respondet
1778 4283 1926 4336 Basi-

343 4366 451 4421 lius
474 4367 549 4437 (Ῑ)
584 4382 600 4420 :
633 4367 745 4421 Nos
768 4381 941 4422 autem
978 4372 1031 4423 in
1066 4373 1328 4425 tristitiam
1368 4374 1585 4442 conjecit
1624 4375 1791 4442 frater
1816 4372 1925 4426 Do-

341 4457 574 4523 rotheus,
600 4460 760 4528 quod,
791 4470 847 4511 ut
874 4462 981 4527 ipse
1009 4466 1283 4531 scripsisti,
1311 4480 1413 4517 non
1437 4467 1611 4517 omnia
1639 4464 1830 4516 leniter
1872 4474 1919 4517 et

340 4555 613 4598 mansuete
636 4546 829 4599 dixerit
853 4550 1099 4615 dignitati
1124 4562 1243 4605 tute.
1270 4555 1434 4616 Atque
1457 4553 1510 4603 id
1530 4553 1762 4621 equidem
1788 4562 1918 4604 tem-

336 4649 526 4702 porum
559 4637 794 4689 attribuo
836 4638 1153 4706 difﬁcultati.
1194 4640 1385 4694 Videor
1427 4643 1561 4694 enim
1607 4642 1734 4692 mihi
1772 4641 1918 4693 nulla

340 4725 395 4777 in
420 4742 477 4777 re
498 4727 568 4777 ob
591 4742 707 4779 mea
737 4740 949 4795 peccata
990 4746 1260 4799 prosperos
1288 4731 1476 4785 habere
1499 4748 1769 4784 successus
1803 4747 1820 4783 :
1846 4734 1919 4785 si-

336 4819 546 4884 quidem
566 4820 793 4886 fratrum
818 4822 1000 4889 optimi
1025 4839 1126 4876 non
1151 4825 1541 4891 comperiantur
1567 4823 1727 4887 lenes,
1762 4840 1920 4891 neque

338 4910 408 4960 ad
433 4910 672 4962 obeunda
694 4927 911 4965 munera
952 4914 1146 4980 idonei,
1169 4931 1227 4968 eo
1253 4915 1391 4985 quod
1430 4931 1493 4968 ea:
1520 4930 1633 4966 mea
1665 4916 1919 4968 sententia

339 5017 444 5053 non
471 5003 650 5054 omnia
687 5017 961 5079 peragunt.
1012 5006 1102 5059 llis
1135 5007 1309 5060 verbis
1341 5007 1475 5060 satis
1518 5005 1720 5058 indicat
1761 5005 1911 5059 Basi-

340 5091 445 5146 lius
500 5094 825 5161 legationem
860 5098 925 5149 ad
952 5108 1163 5165 optatos
1220 5099 1396 5151 exitus
1431 5098 1745 5165 perductam
1800 5112 1906 5151 non

336 5180 507 5235 fuisse
534 5200 549 5235 :
585 5197 803 5237 causam
841 5195 1021 5240 autem
1050 5187 1223 5255 rejicit
1248 5186 1464 5255 quidem
1493 5186 1542 5238 in
1580 5185 1909 5240 Dorotheum

336 5283 399 5322 ac
430 5286 524 5324 sua
562 5272 731 5340 ipsius
768 5286 986 5343 peccata
1032 5294 1047 5330 .
1085 5279 1177 5329 sed
1225 5285 1401 5330 tamen
1440 5276 1490 5327 in
1534 5276 1617 5329 his
1659 5291 1776 5343 qua:
1817 5292 1902 5329 se-

334 5370 572 5429 quuntur
595 5377 703 5415 non
731 5364 849 5419 sine
875 5364 1145 5434 perpolita"
1168 5365 1413 5420 acumine
1446 5364 1778 5418 demonstrat
1805 5362 1905 5417 dif-

423 5539 475 5606 a)
509 5539 723 5593 Damas.
754 5541 912 5609 epist.
950 5544 1034 5599 M.

399 5538 474 5676 ibi
506 5610 604 5676 Ep.
635 5610 726 5673 66,
760 5628 815 5665 n.
842 5614 893 5668 2.

423 5608 474 5674 ιη
506 5610 604 5677 Ep.
635 5610 726 5673 66,
760 5608 815 5665 η.
842 5614 893 5668 2.

397 5678 468 5745 (ε)
498 5680 667 5747 Epist.
696 5680 757 5732 2i
770 5681 818 5735 6.

391 5750 471 5811 (ά)
497 5748 596 5813 Ep.
622 5750 749 5803 215.

2040 3243 2187 3307 rius;
2218 3245 2342 3311 quia
2378 3246 2444 3298 ab
2484 3262 2669 3301 eorum
2706 3250 2875 3303 reditu
2905 3264 3073 3319 usque
3111 3255 3175 3306 ad
3211 3254 3339 3310 illud
3374 3268 3603 3328 tempus,

2038 3349 2142 3403 quo
2182 3336 2372 3390 Petrus
2402 3338 2799 3395 Alexandrinus
2836 3343 3006 3399 Roma
3050 3346 3295 3402 discessit
3333 3350 3602 3419 (discessit

2036 3437 2213 3479 autem
2257 3429 2400 3483 circa
2441 3447 2678 3487 mensem
2720 3434 2915 3489 Maium
2971 3439 3273 3510 anni‘378),
3332 3444 3598 3500 nonnulla:

2038 3534 2127 3573 res
2156 3531 2319 3589 gesta:
2352 3533 2496 3587 sunt,
2530 3540 2646 3591 qua)
2686 3528 2908 3581 nimimn
2942 3532 3185 3599 angustis
3229 3536 3384 3601 spatii
3410 3534 3599 3592 ﬁnibus

2036 3613 2279 3667 concludi
2332 3630 2435 3669 non
2489 3617 2705 3671 debent.
2764 3619 2943 3685 Quare
3011 3623 3283 3678 immerito
3340 3629 3599 3696 synodum

2036 3704 2354 3770 Romanam,
2396 3709 2447 3760 in
2515 3724 2617 3776 qua
2654 3712 2939 3766 damnatus
3005 3725 3193 3782 rogatu
3251 3716 3598 3773 Orientalium

2032 3796 2409 3865 Apollinarius,
2444 3802 2681 3855 nonnulli
2712 3804 3031 3859 referuntad
3061 3808 3185 3860 anni
3220 3808 3324 3862 578
3350 3811 3520 3864 initia.

2098 3887 2185 3943 III.
2222 3888 2335 3943 Non
2372 3892 2537 3945 tnulto
2572 3904 2691 3960 post
2732 3896 3039 3963 epistolam,
3081 3914 3197 3966 qua:
3233 3909 3314 3953 est
3352 3903 3417 3955 ad
3448 3902 3595 3956 Occi-

2034 3982 2293 4047 dentales,
2327 3985 2540 4052 scripsit
2564 3986 2792 4041 Basilius
2822 3988 3221 4044 confessoribus
3247 3991 3516 4062 Aigyptiis
3544 3996 3595 4048 in

2039 4071 2327 4127 Palmstina
2369 4078 2738 4133 exsulantibus
2775 4079 2869 4149 (g).
2914 4079 3116 4134 Ilorum
3155 4083 3330 4151 plures
3358 4100 3592 4139 commu-

2028 4167 2189 4233 niter,
2223 4168 2471 4235 privatim
2522 4183 2649 4224 vero
2679 4171 2969 4241 Adelphius
3009 4186 3059 4227 et
3091 4174 3324 4230 Isidorus
3364 4178 3593 4246 scripse-

2027 4270 2150 4312 rant
2213 4259 2567 4329 Apolliuario.
2627 4262 2733 4316 Sed
2792 4264 2839 4317 is
2896 4277 3179 4334 postquam
3242 4268 3294 4320 in
3350 4282 3591 4338 apertum

2032 4357 2273 4410 schisma
2316 4359 2510 4426 erupit,
2557 4358 2933 4413 confessorum
2964 4363 3272 4417 testimonio
3307 4374 3361 4417 et
3401 4366 3589 4433 perho-

2028 4448 2269 4503 norilicis
2315 4450 2506 4503 litteris
2557 4466 2615 4504 se
2659 4450 2899 4516 jactabat
2950 4453 3001 4505 in
3060 4456 3289 4520 quadam
3331 4456 3588 4511 adversus

1950 4506 1995 4561 Β
2024 4538 2307 4592 Paulinum
2350 4540 2739 4595 Antiochenutn
2770 4543 3015 4611 epistola.
3057 4544 3407 4598 Confessores
3441 4562 3587 4603 com-

2024 4630 2192 4683 movit
2218 4629 2332 4683 htec
2358 4630 2581 4699 epistola
2610 4646 2672 4684 ac
2694 4632 2757 4683 de
2773 4632 2994 4685 Paulino
3012 4633 3341 4701 suspiciones
3367 4635 3543 4701 injecit
3571 4655 3585 4692 :

2026 4726 2118 4777 sed
2148 4723 2235 4776 ubi
2262 4723 2314 4776 in
2339 4740 2525 4777 eorum
2556 4739 2745 4777 manus
2772 4740 2965 4778 venere
2995 4726 3247 4778 nonnulla
3269 4726 3584 4794 Apollinarii

2025 4821 2091 4873 de
2132 4815 2234 4868 fide
2269 4817 2511 4881 scripta;
2564 4824 2675 4866 tum
2727 4830 2854 4869 vero
2896 4816 3098 4868 illatum
3129 4818 3386 4871 Ecclesiis
3433 4820 3582 4873 dam-

2016 4926 2142 4965 num
2186 4918 2366 4961 tacere
2392 4922 2494 4958 non
2524 4916 2830 4973 potuerunt,
2866 4921 2929 4959 ac
2963 4922 3117 4960 suum
3151 4910 3216 4963 de
3251 4909 3581 4976 Apollinario

2007 4998 2269 5069 judicium
2304 4996 2498 5049 litteris
2542 4997 2606 5049 ad
2649 4994 2833 5049 Nitriae
2874 4997 3167 5052 monachos
3202 4999 3416 5067 scriptis
3449 5016 3579 5055 con-

2012 5093 2311 5161 signarunt.

2082 5183 2336 5245 Basilius,
2384 5182 2473 5234 ubi
2506 5178 2688 5233 didicit
2739 5195 2831 5234 eos
2879 5182 3236 5237 confessionis
3285 5184 3425 5239 laudi
3469 5203 3577 5240 ma-

2012 5291 2171 5343 gnum
2201 5276 2421 5327 hteresis
2455 5273 2756 5326 refellenda:
2781 5274 3015 5326 studium
3054 5276 3311 5344 adjicere,
3341 5293 3576 5331 commu-

2013 5367 2224 5419 nionem
2249 5378 2368 5416 cum
2404 5362 2482 5416 eis
2519 5361 2698 5415 fovere
2742 5376 2839 5427 per
2872 5362 3151 5429 epistolam
3190 5363 3267 5431 (Ιι)
3300 5364 3482 5431 voluit,
3517 5380 3573 5421 ac

2088 5534 2156 5604 (ρ)
2187 5534 2283 5602 Ep.
2307 5533 2433 5593 259.
2462 5551 2513 5587 n.
2544 5535 2597 5587 2.

2090 5605 2151 5675 tt)
2184 5605 2279 5675 Et»,
2309 5604 2431 5658 266-

2087 5672 2157 5741 (g)
2184 5672 2508 5745 'l_‘illet_nont.,
2543 5682 2670 5731 tom.
2710 5674 2817 5741 VII,
2850 5689 2969 5745 pag.
3006 5676 3127 5729 6'20.

2088 5746 2163 5809 Ut)
2192 5742 2285 5809 Ep.
2321 5743 2442 5797 265.
