4040 6216
439 325 540 370 ειη

1809 320 2342 370 νκυιιιευυηωει.

438 430 703 502 Elpidium
733 431 1016 488 diaconum
1047 432 1195 491 misit
1237 437 1359 489 enin
1406 428 1608 489 litteris
1642 431 1776 489 suis.
1805 432 2009 489 Gratu-
2036 440 2081 497 Α
2110 434 2157 489 si
2195 433 2340 490 Deus
2387 432 2624 502 dederit,
2663 435 2910 506 nobisque
2967 437 3253 506 patientem
3315 454 3493 494 aurern
3546 458 3686 509 prm-

437 525 579 580 Iatur
603 526 682 581 eis
714 526 966 582 exsilium
1009 535 1064 582 et
1100 528 1371 598 egregiam
1410 529 1476 584 de
1505 526 1763 584 Ecclesiis
1803 529 2006 585 sollici-

439 617 678 674 tudinem
716 617 767 672 in
817 618 1106 676 refellendo
1132 620 1471 692 Apollinario
1498 620 1791 691 cognitam.
1836 622 2005 691 Hujus

437 710 943 766 hominisofacinora
987 711 1055 766 ad
1102 712 1425 767 scindendas
1468 711 1761 777 Ecclesiae,
1794 728 2006 770 errores

438 804 505 857 de
532 801 800 856 Trinitatc
823 812 877 855 et
899 802 964 858 de
983 803 1363 858 lncarnatione
1391 802 1732 874 perstringit,
1760 814 1817 860 et
1844 820 2004 875 quam

439 892 671 948 absurda
706 894 822 949 sint‘
850 894 995 949 illius
1030 896 1095 950 de
1124 894 1305 963 templi
1341 905 1391 949 et
1432 894 1567 965 legis
1614 895 2007 951 instauratione

438 995 741 1042 commenta
769 986 1003 1041 breviter
1032 987 1394 1041 demonstrat.
1444 986 1703 1041 llortatur
1730 986 2007 1044 confesso-

437 1091 527 1132 res
555 1086 612 1131 ut
644 1091 766 1132 eum
798 1079 1137 1145 dogmatibus
1170 1078 1423 1134 Ecclesiae
1456 1078 1666 1133 fortiter
1701 1093 2004 1149 praponen-

437 1168 520 1223 dis
575 1168 643 1223 ad
674 1166 964 1224 sanitatem
1023 1169 1278 1223 reducere
1327 1177 1613 1238 conentur,
1655 1169 1727 1223 ita
1774 1178 1833 1223 ut
1866 1168 2007 1225 illius

438 1260 688 1315 omnibus
714 1260 1017 1314 innotescat
1039 1259 1374 1326 pmnitentia.

506 1352 595 1410 IV.
627 1351 745 1407 Alia
790 1361 910 1407 erat
975 1352 1245 1407 scribendi
1306 1365 1467 1405 causa
1522 1346 1586 1404 ad
1644 1349 2002 1407 confessores.

434 1442 648 1498 Mortuo
675 1443 861 1512 paucis
886 1454 1011 1498 ante
1035 1444 1191 1499 annis
1220 1442 1490 1507 Marcello,
1518 1458 1646 1513 pars
1676 1443 1805 1498 cieri
1832 1453 1887 1497 et
1915 1457 2008 1512 po-

433 1535 544 1607 puli
580 1536 878 1609 Ancyrani,
914 1550 1035 1605 qua:
1081 1536 1131 1590 ei
1188 1549 1401 1604 semper
1461 1535 1619 1589 allisa
1654 1533 1853 1599 fuerat,
1907 1549 2007 1589 nec

435 1628 717 1697 episcopos
774 1627 827 1681 in
885 1627 1004 1698 ejus
1059 1627 1235 1681 locum
1298 1626 1620 1683 substitutos
1683 1635 2004 1697 agnoverat,

436 1719 1218 1775 communionemcatholicam
1275 1718 1525 1787 amplecti
1577 1719 1783 1774 statuit.
1837 1719 2007 1773 Erant

435 1812 574 1867 enim
603 1813 670 1865 ab
699 1812 949 1873 omnibus
978 1810 1219 1867 Orientis
1257 1810 1515 1865 Ecclesi’is
1556 1810 1806 1877 abscissi,
1842 1810 1884 1864 si
1908 1825 2004 1864 ειη
2032 1785 2079 1841 Β

434 1903 664 1973 cipiatur
687 1903 1153 1977 Paulinus,.cujus
1179 1904 1452 1959 licentiam
1489 1904 1539 1957 in
1568 1902 1649 1957 eis
1678 1905 1745 1957 ad
1770 1917 2008 1958 commu-

435 1996 651 2051 nionem
704 1997 1029 2067 recipiendis
1075 1999 1388 2065 vituperant
1440 1995 1742 2051 Orientales
1795 1995 1849 2049 in
1889 1994 2005 2063 cpi-

434 2087 568 2143 Stoia
623 2087 947 2158 praecedenti
1000 2089 1099 2160 (α).
1168 2087 1361 2142 Studio
1414 2088 1575 2158 igitur
1625 2087 2007 2155 recuperanda

435 2179 830 2236 communionis
868 2178 1170 2244 catholicae,
1203 2190 1436 2249 quatuor
1465 2178 1764 2249 presbyteri
1805 2191 1870 2232 ex
1902 2176 2007 2230 hac

435 2284 581 2328 secta
612 2287 735 2328 cmn
790 2280 1022 2340 quatuor
1066 2272 1183 2327 aliis
1227 2271 1439 2328 clericis
1468 2271 1860 2327 Dioczcsaream
1912 2283 2008 2325 ve-

435 2365 612 2430 niunt,
646 2367 941 2420 ostendunt
998 2364 1400 2420 confessoribus
1450 2362 1722 2435 Egyptiis
1773 2363 2003 2428 litteras,

435 2471 569 2527 quas
597 2456 724 2511 olim
754 2472 783 2511 a
821 2466 1011 2512 sancto
1040 2455 1339 2510 Athanasio
1366 2465 1706 2525 acceperant,
1739 2453 1859 2508 ﬁdei
1896 2452 2009 2507 for-

435 2550 635 2604 mulam
664 2547 915 2616 offerunt,
947 2550 1250 2617 erroribus,
1275 2563 1411 2617 quos
1457 2549 1504 2602 ei
1542 2547 1816 2602 hominum
1851 2544 2005 2599 attri-

435 2642 631 2697 buebat
656 2641 861 2711 opinio,
899 2643 1259 2706 contrariam;
1296 2640 1483 2711 sicque
1534 2656 1563 2694 a
1604 2638 2005 2695 confessoribus

434 2732 791 2788 adtnittuntur
831 2732 898 2787 ad
926 2733 1378 2787 communionem.
1403 2732 1651 2786 Pluribus
1679 2746 1742 2786 ea
1773 2743 1860 2784 res
1884 2743 2004 2799 per-

434 2822 663 2880 ntolesta
692 2822 812 2890 luit,
842 2824 1004 2878 etiam
1039 2823 1092 2878 in
1127 2822 1407 2877 Palaestina
1433 2822 1508 2891 (b)
1538 2840 1551 2876 :
1582 2822 1675 2876 sed
1712 2835 1872 2876 nemo
1903 2836 2003 2890 po-

434 2917 559 2973 tiori
607 2917 730 2988 jure
773 2917 1029 2988 conqueri
1063 2927 1297 2987 poterat,
1354 2931 1515 2986 quam
1565 2915 1817 2970 Basilius.
1864 2913 2001 2969 Nam

433 3022 554 3064 cum
584 3004 792 3062 Galatia
828 3020 933 3061 una
964 3017 1107 3062 esset
1129 3010 1194 3060 et
1229 3007 1519 3075 provinciis
1558 3005 1819 3061 Caesareae
1875 3007 2003 3061 sub-

2108 527 2283 593 beant,
2352 543 2623 596 speramus
2674 545 2771 583 nos
2815 528 3065 598 populum
3114 530 3184 584 ad
3242 529 3535 588 Ecclesium
3576 537 3671 589 ad-

2106 616 2382 684 ducturos,
2426 620 2503 672 ita
2550 627 2606 671 ut
2639 634 2742 673 non
2775 620 2904 689 ipsis
2940 621 3086 674 nobis
3108 621 3449 689 exprobretur
3488 641 3581 679 nos
3614 642 3686 679 ac

2108 708 2483 763 Marcellianos
2539 710 2843 769 accessisse.
2892 712 2981 764 sed
3023 712 3102 763 illi
3156 713 3390 767 membra
3449 715 3682 781 corporis

2110 800 2364 857 Ecclesia:
2391 800 2589 857 Christi
2624 802 2755 871 ﬁant
2789 819 2807 855 :
2840 811 2886 854 et
2937 802 3134 855 malum
3175 804 3418 868 dedecus,
3459 805 3598 873 quod
3620 821 3691 859 ea

2107 893 2297 948 ltwresi
2340 910 2607 963 aspersum
2644 904 2744 958 est,
2777 902 2961 947 nostra
3001 894 3321 963 suscipiendi
3364 897 3570 950 ratione
3594 898 3664 951 de

2106 981 2295 1045 leatur,
2341 998 2431 1035 nec
2460 982 2609 1037 nobis
2638 982 2974 1052 opprobrium
3023 984 3291 1048 inuratur,
3342 995 3396 1037 ut
3449 986 3518 1040 ad
3560 986 3690 1041 illus

2108 1073 2399 1129 translatis.

2179 1166 2392 1235 Scripta
2425 1163 2638 1220 videtur
2660 1154 2775 1219 hate
2831 1165 2899 1219 ad
2933 1163 3272 1221 confessores
3292 1167 3519 1236 epistola
3551 1178 3677 1238 post

2108 1257 2471 1315 Orientalium
2532 1258 2743 1313 litteras
2778 1259 2847 1312 ad
2880 1258 3276 1315 Occidentales.
3314 1259 3371 1313 1ο
3413 1259 3561 1315 Nihil
3593 1263 3681 1317 Ιη-

2108 1349 2239 1405 bent
2268 1349 2628 1405 Orientalium
2679 1349 2874 1405 Littera:
2918 1350 2983 1404 de
3037 1350 3372 1406 facinoribus
3402 1352 3682 1421 Apollina-

2109 1443 2176 1498 rii
2216 1442 2318 1513 (d),
2353 1445 2442 1512 qui
2497 1441 2803 1510 illegitimos
2848 1441 3136 1510 episcopos
3192 1442 3242 1495 in
3289 1442 3563 1499 Ecclesias
3613 1443 3685 1500 ab

2106 1532 2375 1602 episcopis
2414 1530 2693 1586 catholicis
2741 1530 3067 1600 gubernatas
3108 1533 3434 1587 immittehat
3470 1550 3485 1586 :
3539 1534 3683 1589 unde

2109 1626 2386 1681 ridebatur
2407 1639 2660 1693 magnum
2680 1625 2893 1694 pietatis
2910 1624 3252 1694 mysterium,
3272 1624 3542 1695 episcopis
3562 1625 3688 1681 sine

2110 1714 2256 1769 clero
2286 1729 2350 1770 ac
2400 1713 2601 1784 pepulo
2652 1712 3131 1769 obambulantibus
3166 1725 3221 1768 et
3249 1716 3448 1771 nudum
3485 1730 3684 1772 nomen

2108 1804 2645 1866 circumferentibus.
2680 1806 2740 1860 2ο
2766 1806 3050 1860 Paulinum
3086 1806 3394 1875 vituperant
3425 1806 3682 1863 Orienta-

2106 1892 2205 1956 les,
2234 1893 2376 1961 quod
2401 1892 2780 1948 Marcellianos
2817 1895 2935 1949 sine
2974 1893 3289 1951 discrimine
3330 1898 3397 1951 ad
3433 1912 3652 1952 commu

2108 1982 2327 2039 nionem
2347 1998 2498 2037 suam
2527 1984 2861 2040 admitteret.
2887 1985 2957 2039 At
2983 1986 3085 2039 hoc
3111 1986 3318 2041 crimen
3339 1986 3683 2043 inferendum

2106 2073 2156 2127 ei
2185 2088 2293 2127 non
2325 2072 2448 2139 fuit,
2481 2073 2566 2129 vel
2619 2075 2811 2139 saltem
2845 2085 2983 2131 cum-
3001 2078 3409 2136 confessoribus
3431 2094 3681 2135 commu-

2108 2162 2396 2216 nicandum
2432 2174 2582 2229 erat,
2628 2164 2673 2218 si
2726 2164 2838 2234 jam
2873 2166 3078 2234 recepti
3128 2166 3304 2235 palam
3330 2176 3387 2224 et
3439 2180 3627 2239 aperte
3652 2189 3682 2225 ε

2108 2252 2520 2310 eonfessoribus
2549 2256 2780 2312 fuissent
2807 2256 3159 2314 Marcelliani.

2181 2346 2241 2402 V.
2280 2347 2435 2415 Quod
2471 2364 2602 2420 ergo
2636 2349 2828 2404 Petrus
2880 2350 3282 2409 Alexandrinus
3329 2355 3396 2409 de
3449 2357 3681 2427 recepzis

2108 2439 2475 2495 Marcellianis
2523 2442 2590 2495 ad
2620 2439 2879 2498 Basilium
2922 2444 3161 2512 scripsit,
3198 2444 3251 2501 id
3296 2455 3417 2516 post
3446 2446 3682 2503 reditum

2122 2532 2421 2602 legatorum
2471 2530 2729 2588 Dorothei
2764 2543 2820 2588 et
2867 2533 3208 2589 Sanctissimi
3259 2539 3498 2608 scripsit.
3551 2539 3677 2597 Per-

2108 2625 2281 2677 amice
2311 2624 2686 2692 expostulabat
2710 2641 2830 2678 cum
2867 2624 3087 2691 Basilio,
3117 2629 3266 2697 quod
3299 2644 3357 2684 se
3388 2633 3681 2687 certiorem

2115 2715 2275 2785 hujus
2304 2717 2383 2770 rei
2413 2732 2517 2769 non
2560 2715 2813 2772 fecisset:
2844 2718 3114 2788 simulque
3149 2722 3389 2777 dolorem
3418 2740 3574 2780 suum
3598 2728 3675 2781 si-

2106 2808 2416 2879 gniﬁcabat,
2447 2808 2590 2877 quod
2625 2824 2724 2863 nec
2753 2824 3017 2865 canonum
3044 2827 3143 2867 nec
3169 2811 3349 2869 Basilii
3381 2816 3563 2872 habita
3584 2835 3679 2875 ην

2108 2900 2182 2957 tio
2214 2900 2403 2956 fuisset
2437 2901 2488 2955 in
2520 2901 2881 2957 Marcellianis
2931 2903 3000 2957 ad
3045 2908 3482 2964 communionem
3530 2913 3678 2968 reci-

2105 2992 2339 3060 piendis.
2366 2992 2590 3047 Fatetur
2622 2992 2855 3048 Basilius
2891 2995 2960 3066 (e)
3011 3012 3119 3051 non
3173 2997 3440 3055 immerito
3490 3017 3679 3073 repre-

431 3099 613 3171 jectis,
640 3098 842 3156 Galatae
875 3099 926 3150 in
970 3098 1401 3152 communionem
1443 3096 1871 3152 ecclesiasticam
1918 3096 1999 3151 in—

2109 3086 2334 3139 hensum
2357 3099 2415 3139 se
2448 3100 2478 3138 a
2515 3084 2697 3151 Petro,
2729 3087 2873 3156 quod
2920 3104 3024 3141 non
3066 3088 3134 3142 ad
3164 3105 3286 3143 eum
3325 3093 3392 3147 de
3418 3096 3679 3152 omnibus

432 3193 679 3250 consulto
713 3191 1028 3246 Caesariensi
1053 3191 1305 3261 episcopo
1324 3191 1537 3246 restitui
1571 3206 1676 3246 non
1704 3192 1995 3246 debebant.

432 3280 545 3339 l‘lac
587 3282 777 3351 injuria
804 3290 1025 3349 accepta
1068 3280 1295 3337 Basilius
1321 3282 1565 3337 eamdem
1602 3297 1666 3337 ac
1698 3295 1841 3349 saepe
1868 3281 2001 3337 alias

433 3372 600 3428 animi
648 3371 1071 3427 moderationem
1110 3371 1376 3438 adhibuit,
1413 3386 1475 3426 ac
1504 3371 1752 3442 querelas
1783 3386 1907 3427 suas
1934 3386 2002 3427 ne

432 3464 500 3519 ad
525 3464 743 3517 Petrum
812 3462 1028 3533 quidem
1055 3462 1476 3518 Alexandrinum
1515 3463 1728 3519 detulit.
1776 3463 2003 3534 Scripsit

432 3565 640 3611 tantum
672 3551 1076 3609 confessoribus
1127 3570 1231 3608 non
1269 3553 1516 3610 debuisse
1545 3570 1640 3610 eos
1667 3554 1770 3610 sibi
1802 3556 1879 3610 rei
1933 3557 2001 3610 ad

430 3660 622 3703 omnes
653 3643 921 3700 Ecclesias
947 3645 1239 3715 spectantis
1272 3643 1533 3714 judicium
1578 3660 1852 3717 arrogare.
1892 3646 2002 3702 Me-

434 3735 691 3798 tuendum
721 3734 864 3791 enim
899 3749 1019 3791 esse
1059 3749 1126 3789 ne
1167 3750 1270 3806 pax
1306 3736 1604 3801 scindatnr,
1642 3736 1765 3792 aliis
1811 3737 2001 3793 absce-

430 3828 701 3893 dentibus,
734 3829 862 3883 dum
892 3826 980 3881 alii
1005 3826 1380 3883 admittuntur.
1419 3827 1593 3898 Rogat
1626 3836 1683 3881 ut
1704 3830 1771 3883 ad
1796 3843 1853 3884 se
1880 3830 2003 3884 mit-

432 3927 545 3973 tunt
568 3918 983 3989 propositiones,
1021 3916 1219 3988 quibus
1247 3919 1603 3974 assentientes
1647 3916 1890 3975 Marcelli
1921 3920 2003 3976 di-

431 4011 665 4081 scipulos
691 4020 1028 4080 receperunt.

501 4102 618 4157 No‘u
650 4103 695 4157 is
724 4111 841 4157 erat
870 4100 1103 4155 Basilius
1133 4101 1246 4171 qui,
1282 4101 1424 4172 quod
1465 4102 1578 4169 ipse
1610 4102 1998 4171 committeret,

432 4193 487 4249 id
514 4193 932 4263 reprehenderet
957 4193 1010 4246 in
1037 4192 1175 4247 aliis.
1221 4192 1375 4263 Saepe
1402 4208 1430 4247 a
1459 4193 1664 4249 Galatis
1699 4195 2004 4263 importune

430 4292 649 4354 rogatus
677 4282 773 4355 (ε),
831 4283 1155 4350 respondere
1188 4284 1268 4337 eis
1309 4281 1478 4336 noluit
1520 4284 1726 4353 absque
1759 4284 1863 4337 ulla
1907 4299 2004 4339 ex-

429 4376 698 4450 ceptione,
738 4375 863 4446 quia
914 4373 1141 4430 aliarum
1196 4374 1557 4430 Ecclesiarum
1599 4375 1859 4443 judicium
1908 4391 2005 4432 ex-

2106 3176 2290 3240 rebus,
2326 3176 2440 3230 sive
2497 3176 2712 3245 parvis,
2749 3176 2863 3230 sive
2917 3179 3126 3246 magnis
3164 3180 3390 3239 scribat.
3433 3182 3577 3236 Nam
3628 3196 3681 3238 st

2101 3268 2217 3333 tibi,
2244 3268 2436 3336 inquit,
2463 3271 2894 3325 convenitnostra
2928 3286 3136 3336 curare,
3161 3281 3211 3326 et
3246 3274 3392 3326 nobis
3422 3275 3492 3327 ad
3525 3286 3678 3330 tuam

2103 3360 2414 3414 cbaritatem
2452 3364 2518 3413 de
2549 3362 2702 3415 rebus
2733 3363 2927 3416 nostris
2951 3363 3166 3426 referre.
3200 3363 3466 3419 Caeterum
3494 3366 3675 3422 dmis-

2105 3460 2190 3505 rat
2219 3465 2277 3505 se
2300 3451 2585 3516 molestiis,
2613 3467 2716 3507 non
2736 3456 2908 3508 solum
2928 3468 3047 3523 quae
3073 3455 3142 3510 ab
3166 3456 3384 3511 Arianis
3401 3458 3677 3525 accidunt,

2105 3545 2200 3598 sed
2234 3544 2395 3599 etiam
2427 3559 2548 3613 quae
2576 3547 2644 3599 ab
2675 3546 2949 3601 unanimis
2996 3546 3277 3614 fratribus,
3305 3550 3377 3605 ita
3400 3562 3676 3606 assuetum

2104 3649 2247 3701 esse,
2285 3646 2340 3689 ut
2370 3635 2455 3703 iis,
2487 3651 2608 3706 quas
2652 3647 2849 3707 praeter
2891 3641 3135 3694 ordinem
3165 3652 3313 3710 gesta
3348 3657 3519 3711 nuper
3565 3642 3675 3697 fue-

2106 3736 2250 3794 rant,
2277 3728 2500 3783 minime
2534 3740 2839 3786 commotus
2865 3732 3199 3790 fuerit.llinc
3226 3736 3388 3789 etiam
3411 3734 3551 3790 Petri
3576 3752 3645 3789 au

2104 3836 2192 3877 res
2220 3820 2521 3877 obtundere
2577 3821 2780 3888 noluit,
2817 3826 3016 3894 partim
3075 3825 3293 3895 quidem
3340 3842 3461 3880 cum
3508 3826 3673 3881 sciret

2106 3913 2305 3968 famam
2348 3930 2447 3970 sua
2496 3927 2689 3985 sponte
2737 3931 2826 3971 res
2876 3926 3059 3986 gestas
3096 3918 3448 3987 perlaturam,
3472 3918 3675 3987 partim

2104 4018 2428 4077 exspectans
2459 4009 2583 4063 dum
2615 4009 2703 4064 alii
2741 4011 2840 4065 has
2868 4011 3145 4067 molestias
3193 4012 3540 4077 nuntiarent;
3578 4026 3673 4081 po-

2108 4110 2312 4154 stremo
2336 4101 2588 4156 decorum
2615 4116 2738 4157 esse
2767 4117 2871 4157 non
2908 4104 3110 4158 ducens
3160 4104 3581 4174 indignationem
3620 4111 3674 4158 et

2107 4192 2348 4246 dolorem
2393 4193 2721 4263 signiﬁcare,
2754 4196 2899 4264 quod
2944 4204 3287 4264 contemptus
3330 4195 3540 4251 fuisset.
3583 4196 3672 4250 Si-

2106 4282 2328 4352 gniﬁcat
2385 4282 2614 4339 Basilius
2664 4298 2724 4340 se
2778 4285 3064 4354 scripsisse
3114 4285 3559 4353 confessorihus,
3615 4296 3671 4344 ut

2110 4390 2139 4429 a
2186 4376 2452 4431 cbaritate
2509 4377 2727 4447 quidem
2788 4393 2893 4432 non
2942 4378 3224 4432 discedant
3275 4378 3473 4449 (aliqua
3528 4381 3672 4436 enim

429 4468 725 4542 spectabat.
756 4465 1066 4522 Cavendum
1096 4465 1241 4520 enim
1282 4478 1399 4521 esse
1433 4465 1785 4538 intelligebat,
1820 4484 1906 4534 ne,
1954 4472 1997 4526 si
2033 4487 2077 4543 ο
2106 4475 2294 4521 exorta
2317 4466 2492 4522 fuerat
2524 4469 2589 4522 de
2615 4468 2939 4538 recipiendis
2967 4468 3327 4524 Marcellianis
3353 4469 3670 4539 dissensio),

430 4564 611 4619 minus
644 4560 813 4631 aequis
838 4558 1234 4614 conditionibus
1271 4559 1654 4628 reciperentur,
1696 4576 1799 4615 non
1828 4561 1899 4616 illi
1931 4565 1998 4618 ad

428 4652 756 4719 Catholicos,
792 4651 886 4706 sed
916 4651 983 4704 ad
1005 4664 1099 4704 eos
1124 4648 1385 4704 Catholici
1414 4650 1711 4705 accessisse
1743 4651 1996 4707 videreu-

430 4754 538 4811 tur,
574 4744 759 4815 sicque
793 4758 893 4812 pax
926 4756 1048 4797 cum
1090 4740 1274 4811 paucis
1305 4741 1663 4795 schismaticis
1700 4746 1996 4813 composita

427 4838 664 4892 schisma
690 4836 830 4891 inter
851 4832 1122 4889 Ecclesias
1152 4835 1433 4888 excitaret.
1473 4832 1608 4888 Cum
1645 4843 1823 4889 autem
1852 4835 1998 4891 dicat

428 4926 658 4983 Basilius
721 4943 781 4983 se
844 4928 1150 4997 importune
1207 4940 1237 4980 a
1284 4924 1488 4981 Galatis
1544 4941 1688 4998 saepe
1744 4937 1996 4999 rogatum

426 5018 615 5088 fuisse,
652 5019 940 5075 verisimile
969 5029 1054 5074 est
1088 5033 1184 5075 eos
1216 5017 1283 5072 ad
1319 5017 1465 5072 illum
1499 5020 1811 5089 accessisse,
1843 5030 1997 5076 ante-

427 5125 588 5182 quam
623 5125 683 5165 se
731 5109 801 5165 ad
850 5107 1187 5182 confessores
1231 5108 1564 5166 conferrent.
1624 5111 1730 5166 Sed
1772 5112 1993 5167 dubium

426 5213 547 5256 esse
576 5215 680 5256 non
724 5207 900 5270 potest
945 5201 1096 5269 quin,
1129 5211 1419 5270 postquam
1476 5202 1675 5269 recepti
1721 5216 1749 5254 a
1783 5200 1995 5256 confes-

426 5291 638 5357 scribus
681 5289 854 5356 fuere,
914 5304 943 5343 a
994 5301 1184 5346 sancto
1227 5290 1424 5348 Basilio
1463 5292 1717 5363 petierint
1759 5300 1819 5347 ut
1857 5307 1993 5348 con-

424 5395 637 5435 cessum
680 5380 785 5435 sibi
831 5377 1151 5435 beneﬁcium
1186 5382 1550 5438 conﬁrmaret.
1597 5380 1732 5437 Hinc
1762 5379 1993 5438 Basilius

324 5524 346 5545 ο
424 5471 504 5525 sic
557 5471 624 5525 de
679 5469 785 5526 illis
843 5468 1084 5540 loquitur
1140 5471 1194 5527 in
1255 5471 1476 5543 epistola
1528 5471 1635 5529 266
1677 5489 1693 5527 :
1731 5471 1795 5527 Et
1851 5488 1988 5529 nunc

492 5651 573 5724 (a)
604 5652 866 5724 Epiphan.
897 5651 1092 5709 haeres.
1120 5651 1206 5708 72.

494 5722 573 5855 gi)
597 5722 849 5803 sp.‘266.

548 5796 689 5855 ibo.
727 5793 849 5851 266.

548 5793 563 5857 ἱ
592 5796 689 5858 Eo.
727 5793 853 5851 266.

2104 4568 2159 4613 et
2187 4560 2255 4614 ab
2295 4557 2362 4613 iis
2396 4559 2493 4628 qui
2517 4558 2890 4614 ecclesiastico
2916 4560 3039 4629 jure
3067 4561 3266 4614 erratis
3306 4561 3511 4615 mederi
3542 4576 3670 4626 pos-

2104 4665 2263 4718 sunt,
2329 4660 2644 4720 exspectent
2695 4652 3145 4709 emendationem.
3185 4652 3394 4708 Laudat
3449 4652 3670 4708 Petrum

2104 4744 2247 4812 quod
2277 4741 2381 4797 hoc
2410 4756 2545 4810 opus
2582 4755 2872 4811 aggressus
2900 4742 2971 4797 sit
3002 4743 3254 4812 prudenti
3300 4742 3568 4798 consilio:
3603 4758 3669 4799 ex

2104 4849 2211 4903 quo
2243 4833 2512 4904 colligitur
2541 4849 2662 4889 eum
2716 4835 3002 4902 scripsisse
3034 4835 3440 4892 confessoribus
3477 4837 3544 4892 de
3579 4852 3661 4894 ca-

2104 4922 2298 4975 nonica
2325 4921 2752 4991 recipiendorum
2792 4922 3259 4980 Marcellianorum
3303 4927 3512 4982 ratione
3541 4943 3557 4981 :
3588 4928 3668 4983 id-

2104 5027 2209 5083 que
2236 5028 2359 5068 enm
2382 5014 2759 5069 Tillemontius
2782 5015 2979 5071 fecisse
3001 5026 3153 5087 putat
3182 5018 3234 5072 in
3262 5018 3524 5074 alterutra
3554 5021 3668 5089 epi-

2100 5104 2387 5170 stolarum,
2410 5121 2542 5175 quas
2576 5107 2797 5177 scripsit
2827 5109 3086 5164 adversus
3113 5110 3532 5179 Apollinarium.
3565 5111 3657 5167 Se-

2101 5197 2292 5251 cunda:
2325 5197 2687 5267 fragmentum
2721 5209 2899 5254 exstat
2928 5201 3068 5271 apud
3110 5201 3426 5258 Facundum
3455 5202 3548 5274 (l),
3575 5205 3669 5274 qui

2102 5285 2243 5341 hanc
2269 5286 2549 5357 epistolam
2593 5291 2660 5343 ad
2689 5290 2991 5361 episcopos,
3023 5293 3373 5363 presbyteros
3402 5304 3458 5349 et
3485 5295 3645 5350 disco

2100 5391 2200 5432 nos
2223 5391 2321 5447 pro
2349 5376 2466 5447 ,lide
2510 5379 2653 5448 apud
2686 5380 3080 5439 Diocassaream
3130 5384 3348 5441 exsules
3402 5384 3669 5454 scriptam

2097 5469 2266 5527 fuisse
2298 5480 2547 5527 testatur.

2180 5651 2255 5724 (ὀ)
2289 5653 2385 5722 Ep.
2416 5651 2545 5719 265,
2579 5670 2633 5709 η.
2661 5651 2716 5709 2.
