4040 6216
1727 381 1881 439 VITA
1922 382 1979 441 S.
2024 383 2287 438 BASILII.

3461 402 3590 444 CLIII

423 501 513 558 Vl.
555 503 630 558 De
666 500 909 556 Marcelli
939 504 1213 557 sententia
1259 513 1312 557 et
1351 504 1598 557 doctrina
1635 505 1689 557 in
1719 514 1926 558 utram-
1957 513 1997 570 Α
2031 505 2237 570 hendit,
2272 504 2416 572 quod
2471 518 2632 558 unam
2676 505 3004 575 hypostasim
3051 504 3260 558 doceat.
3300 505 3368 558 At
3396 504 3439 558 si
3470 507 3594 560 huic

351 611 462 666 que
486 605 696 664 partem
733 595 900 648 multa
937 595 1200 663 disputari
1252 595 1446 650 solent.
1485 595 1588 650 Sed
1619 596 1719 650 hoc
1760 612 1922 649 unmn

350 686 510 739 nobis
542 685 964 738 examinandum
1001 694 1102 747 est,
1133 702 1198 738 an
1228 701 1414 738 verum
1443 687 1514 738 sit
1539 687 1679 754 quod
1710 686 1786 739 ait
1823 685 1925 739 Ba-

349 777 509 830 silius
543 778 596 829 in
621 775 780 844 epist.
824 775 952 842 265,
981 793 1036 832 n.
1070 777 1121 839 ’5,
1152 792 1273 830 eum
1303 791 1369 830 ex
1407 777 1648 830 Ecclesia
1704 777 1922 830 exiisse.

353 866 691 920 Desiderium
734 868 1118 922 ecclesiasticae
1135 869 1551 933 communionis,
1575 876 1630 922 et
1652 868 1926 922 catholica

355 957 480 1010 fidei
520 959 807 1026 professio,
859 975 1021 1027 quam
1075 960 1404 1014 Marcelliani
1461 975 1569 1028 pra:
1623 973 1682 1014 se
1727 960 1923 1023 ferunt,

355 1065 465 1102 non
496 1051 788 1104 mediocris
817 1065 938 1104 esse
969 1053 1223 1119 ponderis
1258 1051 1528 1114 videntur,
1553 1061 1632 1113 ut,
1660 1050 1704 1105 si
1750 1051 1927 1104 minus

355 1139 668 1205 Marcellus,
699 1140 886 1195 Saltem
906 1143 1021 1211 ejus
1038 1141 1284 1210 discipuli
1306 1142 1616 1210 suspicione
1643 1141 1929 1194 exsolvan-

355 1245 468 1288 tur.
506 1232 692 1302 Neque
749 1235 893 1286 enim
946 1234 1224 1301 probabile
1273 1243 1354 1287 est
1396 1233 1601 1287 clerum
1629 1245 1680 1286 et
1718 1233 1924 1300 plebem

359 1324 640 1386 Marcelli,
671 1327 718 1378 si
772 1324 1053 1378 erroribus
1100 1324 1393 1379 teterrimis
1441 1324 1625 1378 infecti
1679 1325 1926 1387 fuissent,

359 1428 469 1469 tam
499 1417 751 1480 libenter,
769 1415 879 1469 imo
904 1418 1068 1470 tantis
1090 1417 1395 1479 conatibus,
1424 1425 1636 1469 mortuo
1655 1414 1926 1478 Marcello,

358 1508 619 1563 Ecclesia:
642 1507 788 1562 fores
816 1508 1124 1576 pulsaturos
1151 1506 1342 1561 fuisse.
1369 1507 1530 1559 Multa
1559 1505 1662 1559 alia
1697 1506 1763 1560 ad
1790 1505 1929 1558 Mar-

358 1601 486 1656 celli
517 1599 891 1655 defensionem
921 1599 1243 1659 afferuntur.
1278 1601 1336 1654 S.
1367 1600 1645 1654 Athanasii
1681 1615 1928 1654 commn-

359 1692 644 1746 nicatoriae
673 1691 885 1752 littcrte,
915 1691 1174 1744 Romanae
1212 1691 1461 1746 Echesiac
1489 1690 1818 1753 communio,
1843 1705 1932 1760 sy-

358 1784 486 1837 nodi
546 1783 885 1837 Sardicensis
935 1784 1240 1851 judicium,
1292 1785 1594 1852 persecutio
1647 1784 1713 1838 ah
1758 1785 1933 1851 impiis

2032 611 2182 650 naevo
2231 597 2411 650 addita
2463 596 2651 652 fuisset
2689 601 2996 653 communio
3044 613 3166 652 cum
3209 595 3590 661 Marcellianis,

2032 700 2138 740 non
2179 687 2229 740 id
2255 687 2530 742 omisisset
2563 687 2818 742 Basilius.

2102 777 2218 831 Non
2245 780 2542 833 omittenda
2591 790 2718 834 sunt
2761 797 2880 850 quae
2910 781 2976 836 de
3021 781 3277 836 Marcello
3314 782 3489 835 adhuc
3517 781 3594 833 vi-

2030 879 2188 923 vente
2216 868 2446 924 Basilius
2469 869 2704 940 loquitur
2736 886 2877 926 anno
2910 872 3033 926 571.
3066 871 3237 943 Rogat
3270 872 3327 925 S.
3357 872 3594 924 Athana-

2033 960 2206 1024 sium,
2242 969 2299 1013 ut
2361 959 2526 1028 ipsius
2577 975 2736 1029 opera
2785 970 2839 1016 et
2898 963 3224 1017 auctoritate
3280 962 3592 1029 interposita

2034 1049 2314 1105 Marcellus
2345 1067 2373 1104 a
2405 1051 2662 1106 Romanis
2687 1052 2990 1106 damnetur.
3019 1052 3320 1123 Requiritur
3343 1063 3516 1105 autem
3546 1060 3594 1104 et

2032 1142 2185 1209 illud,
2219 1143 2495 1215 inquit(c),
2523 1160 2554 1196 a
2576 1145 2838 1197 nonnullis
2860 1145 2948 1213 qui
2978 1145 3062 1197 hic
3091 1155 3235 1211 sunt,
3266 1161 3326 1196 ac
3360 1160 3598 1198 necessa-

2034 1235 2111 1286 rio
2135 1235 2365 1304 quidem.
2401 1246 2454 1288 ut
2473 1237 2627 1288 etiam
2656 1237 2801 1289 nobis
2830 1237 2955 1304 ipsis
2984 1237 3207 1299 videtur,
3237 1247 3289 1288 ut
3316 1236 3415 1303 ipsi
3445 1234 3595 1287 Mar-

2034 1325 2151 1377 celli
2178 1327 2416 1378 hccresim
2445 1326 2578 1380 velut
2612 1328 2954 1395 perniciosam
2997 1339 3042 1381 et
3086 1329 3296 1380 noxiam
3327 1337 3373 1380 et
3403 1344 3433 1378 a
3467 1342 3596 1378 sana

2034 1416 2138 1484 fide
2161 1416 2388 1470 alienam
2419 1419 2780 1471 exterminant.
2822 1417 2961 1471 Nam
2993 1420 3241 1471 hactenus
3278 1419 3329 1471 in
3361 1417 3597 1470 omnibus

2035 1526 2166 1578 quas
2205 1510 2440 1564 scribunt
2470 1511 2684 1575 litteris,
2720 1513 2902 1564 Arium
2945 1513 3152 1579 quidem
3176 1510 3398 1578 infausti
3433 1509 3601 1561 nomi-

1980 1669 1987 1676 _
2039 1603 2120 1654 nis
2151 1603 2315 1655 virum
2331 1620 2518 1670 susque
2544 1605 2706 1673 deque
2733 1604 3063 1655 anathemate
3089 1603 3266 1671 ferire,
3289 1613 3334 1654 et
3359 1601 3422 1653 ab
3439 1603 3602 1654 eccle-

2037 1693 2131 1746 siis
2161 1694 2392 1762 relegare
2430 1711 2532 1747 non
2568 1703 2812 1748 cessant:
2839 1692 3088 1747 Marcella
3133 1711 3266 1757 rero,
3300 1693 3388 1762 qui
3414 1692 3600 1760 impie-

2038 1794 2196 1835 tatem
2219 1785 2266 1836 ei
2292 1801 2356 1838 ea:
2378 1785 2636 1838 diametro
2677 1787 2963 1852 oppositam
3002 1785 3236 1852 protulit,
3265 1795 3312 1837 et
3345 1786 3399 1836 in
3430 1785 3597 1849 ipsum

357 1872 653 1937 haereticis,
684 1881 739 1926 et
766 1873 907 1941 quod
941 1873 1275 1926 Athanasius
1310 1873 1664 1942 interroganti
1706 1873 1937 1941 Epipha-
1967 1873 2008 1926 Β
2038 1875 2609 1945 divinitatisUnigeniti
2638 1879 2996 1931 exsistentiam
3021 1877 3210 1942 impius
3234 1876 3414 1942 fuit,et
3447 1873 3601 1927 Verbi

355 1964 450 2018 nio
471 1965 553 2017 sic
588 1964 866 2033 respondit
895 1963 998 2033 (a),
1048 1977 1106 2017 ιιι
1141 1975 1424 2034 purgatum
1463 1966 1660 2019 habere
1704 1964 1932 2019 Marcel-

359 2056 471 2109 lum
511 2055 805 2109 videretur.
837 2054 1019 2122 Atque
1057 2070 1120 2106 ex
1155 2055 1238 2108 his
1285 2056 1500 2123 quidem
1538 2065 1749 2109 constat
1795 2055 1934 2109 Mar-

363 2142 563 2196 cellum
606 2157 775 2210 usque
803 2142 868 2194 ad
899 2150 1109 2194 certum
1147 2153 1354 2211 tempus
1390 2144 1440 2196 in
1469 2143 1704 2197 Ecclesia
1737 2145 1936 2212 persti-

363 2234 513 2286 tisse.
542 2235 650 2287 Sed
707 2248 824 2300 quae
851 2250 914 2285 ex
953 2233 1137 2286 Basilii
1171 2234 1417 2301 epistolis
1460 2244 1746 2298 eruuntur,
1774 2250 1835 2288 ea
1869 2236 1934 2289 ad

359 2335 637 2379 extremos
691 2325 924 2379 Marcelli
959 2341 1131 2378 annos
1182 2326 1483 2392 pertinent;
1518 2327 1758 2395 satisque
1803 2325 1938 2379 ditii-

359 2418 465 2472 cilc
513 2427 598 2472 est
647 2435 714 2473 ex
771 2420 850 2473 eis
910 2436 1013 2473 non
1079 2419 1396 2472 concludere
1458 2433 1487 2472 a
1555 2419 1933 2472 communione

361 2508 420 2564 S.
439 2509 721 2563 Athanasii
743 2518 797 2562 et
815 2510 978 2564 totius
995 2510 1228 2564 Orientis
1246 2506 1550 2561 Marcellum
1569 2517 1691 2561 ante
1710 2516 1934 2561 mortem

357 2600 644 2656 exclusum
675 2602 864 2666 fuisse,
888 2615 985 2654 nec
1009 2610 1135 2654 tunc
1165 2599 1475 2655 Occidentis
1511 2599 1760 2652 habuisse
1785 2612 1936 2652 com-

357 2693 698 2746 munionem.
719 2693 1076 2762 Conjccturas
1105 2708 1251 2746 meas
1289 2706 1608 2760 proponam,
1640 2698 1747 2745 tota
1783 2705 1841 2745 re
1869 2691 1935 2744 ad

359 2785 771 2853 dijudicandnm
813 2786 1145 2841 doctioribus
1181 2786 1390 2838 relicta.

439 2877 734 2946 Coneeptis
785 2893 917 2930 sane
955 2877 1134 2931 verbis
1184 2884 1413 2929 testatur
1451 2873 1682 2929 Basilius
1710 2875 1782 2944 (b)
1808 2874 1938 2928 Mar-

360 2971 558 3026 cellum
586 2985 652 3023 ex
684 2970 924 3024 Ecclesia
953 2969 1185 3023 exiisse:
1218 2982 1392 3036 neque
1423 2967 1524 3020 hoc
1571 2967 1935 3020 testimonium

360 3064 416 3116 in
449 3077 506 3116 re
539 3073 665 3115 ante
700 3062 868 3130 ipsius
902 3061 1089 3115 oculos
1119 3062 1290 3126 posita
1323 3059 1538 3112 videtur
1577 3059 1726 3128 rejici
1754 3073 1932 3128 posse.

361 3153 481 3207 Non
511 3155 657 3208 enim
688 3154 735 3208 is
760 3165 875 3207 erat
902 3152 1134 3207 Basilius
1155 3151 1268 3220 qui,
1290 3151 1331 3204 si
1379 3149 1668 3204 Marcellus
1708 3150 1760 3203 in
1793 3163 1937 3204 com-

360 3244 618 3296 munione
642 3243 927 3296 Athanasii
959 3250 1011 3294 et
1046 3240 1298 3295 Ecclesiae
1325 3239 1582 3293 Romana:
1609 3249 1734 3294 ante
1764 3253 1935 3295 annos

363 3344 595 3404 quatuor
641 3343 735 3388 aut
776 3335 1018 3402 quinque
1053 3335 1299 3398 obiisset,
1327 3347 1392 3387 ex
1423 3331 1663 3386 Ecclesia
1699 3346 1822 3384 eum
1854 3331 1936 3384 di-

362 3435 514 3480 ceret
539 3427 758 3479 abiisse.
788 3425 868 3477 Ad
897 3424 1083 3478 Basilii
1121 3425 1494 3478 auctoritatem
1529 3425 1796 3478 accedunt
1831 3439 1935 3477 non

361 3520 578 3572 infirma
608 3529 949 3586 argumenta.
980 3516 1091 3570 Cur
1113 3517 1255 3571 enim
1286 3515 1646 3569 Marcellianis
1675 3528 1933 3570 concessa

361 3625 392 3664 a
423 3608 834 3664 confessoribus
864 3608 1173 3662 communio
1194 3609 1480 3661 multorum
1513 3605 1936 3676 indignationem

368 3704 561 3767 movit,
588 3718 652 3756 ac
679 3702 846 3770 ipsius
882 3703 1044 3756 etiam
1069 3699 1214 3754 Petri
1254 3699 1607 3754 Alexandrini
1642 3699 1937 3768 reprehen-

361 3797 570 3849 sionem
618 3810 726 3848 non
797 3792 1002 3863 eﬂ‘ugit,
1050 3793 1121 3846 'si
1206 3791 1490 3845 Marcellus
1559 3791 1936 3845 communione

362 3885 425 3940 S.
446 3885 732 3940 Athanasii
752 3893 878 3938 ante
899 3894 1129 3938 mortem
1151 3899 1256 3936 non
1281 3882 1568 3937 caruerat?
1591 3881 1936 3936 Demonstrat

362 3977 603 4032 Basilius
642 3977 1020 4032 Marcellianos
1074 3991 1102 4029 a
1159 3975 1566 4031 confessoribus
1612 3975 1778 4045 recipi
1827 3990 1934 4029 non

362 4071 616 4124 debuisse
651 4071 769 4124 sine
794 4084 1057 4124 consensu
1086 4068 1510 4123 Occidentalium
1546 4077 1600 4120 et
1625 4082 1812 4122 eorum
1841 4067 1932 4136 qui

362 4163 419 4216 in
487 4161 714 4217 Oriente
775 4176 895 4214 cum
971 4157 1373 4214 confessoribus
1439 4156 1932 4213 communicabant.

361 4253 559 4311 Clausa
593 4268 726 4321 ergo
765 4262 883 4306 erat
927 4249 1291 4306 Marcellianis
1323 4261 1378 4304 et
1419 4248 1656 4305 Orientis
1684 4259 1737 4302 et
1778 4248 1935 4303 Occi-

365 4346 542 4400 dentis
577 4343 908 4399 commu-nio.
940 4344 1122 4398 Romae
1160 4353 1280 4397 erat
1318 4341 1514 4397 Petrus
1555 4357 1675 4395 cum
1711 4343 1777 4394 de
1807 4355 1937 4394 con-

363 4454 519 4492 cessa
561 4437 924 4492 Marcellianis
971 4435 1352 4491 communione
1395 4443 1502 4487 tam
1555 4432 1791 4503 graviter
1813 4447 1936 4486 con-

2036 1966 2444 2034 appellationem
2494 1983 2651 2033 praue
2685 1970 2901 2036 accepit,
2938 1967 3142 2020 nullum
3183 1967 3424 2019 videntur
3457 1965 3600 2016 intu-

2037 2055 2161 2110 lisse
2193 2058 2528 2125 rituperium.
2560 2058 2661 2123 Qui
2699 2058 2922 2112 Verbum
2955 2058 3162 2127 quidem
3205 2059 3403 2110 dictum
3441 2056 3600 2123 fuisse

2039 2143 2375 2215 Unigenitum
2415 2149 2672 2214 concedit,
2702 2149 2770 2200 ad
2796 2165 2950 2200 usum
2981 2157 3028 2200 et
3051 2151 3118 2200 ad
3157 2159 3354 2215 tempus
3386 2162 3601 2216 progre-

2037 2237 2206 2300 diens,
2231 2238 2320 2290 sed
2349 2254 2530 2291 rursus
2562 2240 2631 2289 ad
2653 2254 2768 2290 eum
2817 2240 2952 2291 unde
2981 2238 3176 2304 prodiit
3205 2247 3480 2298 revertens,
3514 2251 3603 2289 ne-

2034 2341 2131 2394 que
2160 2337 2279 2379 ante
2317 2327 2514 2380 exitum
2540 2343 2672 2394 esse,
2715 2345 2875 2398 neque
2895 2338 3009 2394 post
3054 2329 3274 2380 reditum
3299 2328 3597 2382 subsistere.

2038 2416 2267 2471 Dubium
2302 2431 2430 2486 ergo
2465 2433 2569 2471 non
2604 2427 2720 2472 erat
2741 2419 2936 2473 Basilio
2963 2420 3088 2488 quin
3107 2417 3412 2471 Marcellum
3433 2418 3601 2470 Atha-

2037 2508 2220 2562 nasius
2276 2509 2659 2561 condemnaret
2691 2527 2703 2562 :
2733 2508 2832 2562 hoc
2883 2525 3044 2562 unum
3089 2508 3382 2573 contendit,
3418 2515 3474 2560 ut
3499 2503 3603 2561 0c-

2037 2601 2335 2654 cidcntalcs
2389 2601 2455 2652 ad
2499 2599 2642 2653 idem
2696 2601 2764 2652 de
2817 2599 3065 2654 Marcello
3113 2599 3388 2652 ferendum
3459 2597 3602 2669 judi-

2037 2693 2179 2745 cium
2208 2692 2459 2746 adducat.
2497 2691 2758 2745 Videntur
2801 2692 3096 2760 posteriora
3143 2690 3374 2746 Marcelli
3398 2692 3603 2760 scripta

2038 2782 2223 2855 (multa
2259 2783 2400 2837 enim
2437 2782 2653 2851 scripsit
2678 2792 2814 2836 teste
2848 2781 3171 2852 Hieronymo
3197 2781 3412 2854 Ἄθυρι
3448 2797 3599 2850 aper-

2041 2876 2144 2929 tior
2183 2877 2386 2930 erroris
2427 2874 2740 2944 prtedicatio
2786 2875 3138 2930 Athanasium
3195 2876 3512 2937 adduxisse,
3548 2883 3606 2928 ut

2037 2987 2065 3024 a
2099 2985 2194 3025 sua
2233 2970 2382 3025 illum
2430 2970 2808 3024 communione
2856 2977 3175 3022 removeret.
3209 2968 3282 3022 De
3342 2967 3601 3022 Romanis

2037 3063 2200 3117 etiam
2255 3078 2358 3115 non
2398 3062 2647 3131 queritur
2694 3059 2925 3113 Basilius
2980 3060 3120 3128 quod
3174 3075 3294 3114 cum
3346 3057 3600 3112 Marcello

2037 3155 2468 3214 communicent,
2526 3153 2620 3207 sed
2674 3153 2814 3221 quod
2867 3152 2994 3204 olim
3059 3151 3600 3212 communicavcrint,

2037 3261 2137 3300 nec
2184 3247 2325 3314 quod
2381 3232 2537 3298 illum
2584 3243 2799 3297 foveant
2847 3253 2899 3298 et
2959 3243 3285 3308 defendant,
3318 3245 3410 3296 sed
3453 3243 3598 3310 quod

2038 3349 2223 3407 aperte
2263 3353 2365 3390 non
2407 3337 2789 3391 condemnant.
2834 3335 2926 3390 Sic
2971 3337 3113 3390 enim
3166 3334 3432 3405 pergit(e)
3466 3351 3478 3387 :
3511 3334 3608 3387 At:

2035 3446 2135 3499 que
2185 3430 2344 3499 hujus
2390 3431 2463 3482 rei
2509 3437 2816 3499 argumenta
2846 3437 2963 3482 sunt
2992 3435 3186 3482 servati
3214 3428 3351 3496 quod
3388 3444 3479 3481 nos
3508 3443 3600 3480 ne-

2039 3523 2194 3590 faria:
2223 3522 2366 3575 illius
2391 3523 2691 3590 scriptionis
2723 3520 2984 3576 libri.Sed
3015 3531 3186 3574 tamen
3203 3535 3456 3589 nusquam
3483 3536 3601 3572 eum

2039 3613 2319 3681 reprobare
2353 3613 2450 3666 visi
2479 3623 2622 3677 sunt,
2648 3614 2802 3682 idque
2829 3629 2887 3666 eo
2914 3613 3121 3666 nomine
3140 3611 3435 3678 uituperati,
3462 3615 3601 3678 quod

2037 3720 2154 3757 eum
2177 3704 2240 3756 ab
2259 3704 2408 3756 initio
2426 3719 2490 3756 ea:
2509 3703 2741 3757 ueritatis
2769 3703 3094 3772 ignoratione
3118 3701 3171 3754 in
3193 3700 3605 3754 ecclesiasticam

2037 3795 2196 3848 etiam
2227 3797 2643 3848 communionem
2663 3796 2967 3863 receperint.

2113 3885 2306 3941 Utrum
2333 3885 2534 3940 Basilio
2553 3885 2881 3940 Athanasius
2914 3894 2967 3938 et
2989 3883 3286 3938 Athanasio
3315 3882 3608 3938 annuerint

2039 3977 2439 4044 Occidentales,
2476 3979 2727 4047 equidem
2782 3977 2925 4030 haud
2968 3976 3124 4031 facile
3157 3977 3462 4031 statuerim.
3504 3975 3605 4030 Ba-

2040 4069 2192 4124 silius
2221 4071 2271 4123 in
2307 4070 2468 4138 epist.
2513 4070 2580 4126 89
2609 4070 2674 4123 ad
2719 4068 3012 4132 Melelium,
3039 4069 3141 4123 hoc
3174 4084 3337 4123 unum
3374 4083 3610 4124 comme-

2040 4171 2234 4225 morat,
2263 4161 2404 4230 quod
2432 4176 2460 4214 a
2500 4161 2558 4215 S.
2593 4161 2896 4216 Athanasio
2945 4160 3236 4228 impetrare
3286 4175 3390 4214 non
3421 4169 3607 4229 potue-

2040 4262 2143 4319 rat,
2166 4267 2358 4321 nempe
2387 4263 2444 4306 ut
2471 4252 2529 4307 S.
2555 4253 2888 4308 Athanasius
2913 4253 3062 4323 prior
3104 4253 3364 4308 scriberet
3399 4251 3456 4308 S.
3499 4251 3610 4306 Me-

2038 4345 2187 4399 letio.
2230 4345 2383 4401 Unde
2415 4346 2608 4416 conjici
2644 4355 2828 4415 posset
2859 4361 2977 4416 qum
3019 4347 3084 4401 de
3139 4345 3391 4401 Marcello
3424 4357 3606 4414 postu-

2041 4436 2146 4490 lata
2194 4435 2428 4502 fuerant,
2479 4437 2831 4491 concilianda:
2885 4438 3002 4505 paci
3048 4438 3270 4490 minime
3309 4437 3605 4492 obstitisse.

364 4540 589 4597 questus
629 4540 754 4585 est:
791 4529 931 4598 quod
981 4529 1197 4597 quidem
1259 4541 1364 4580 non
1423 4525 1638 4578 videtur
1694 4525 1933 4578 facturus
1964 4555 2008 4609 Β
2040 4527 2190 4594 Quod
2225 4537 2435 4596 spectat
2464 4532 2530 4584 ad
2561 4528 2958 4593 Occidentales,
2986 4544 3090 4583 non
3134 4539 3262 4598 puto
3291 4527 3607 4582 nominatim

362 4620 533 4675 fuisse
555 4662 569 4684 ,
601 4621 646 4675 si
675 4621 971 4675 Romanam
1003 4618 1298 4673 Ecclesiam
1332 4617 1385 4670 in
1437 4615 1779 4670 concedenda
1828 4613 1934 4668 illis

361 4715 745 4768 communione
797 4721 1041 4782 perstare
1066 4713 1308 4766 vidisset.
1337 4707 1524 4764 Nullus
1572 4708 1800 4779 proferri
1836 4723 1933 4778 po-

365 4815 469 4859 test
516 4806 839 4874 episcopus,
885 4804 976 4872 qui
1032 4817 1127 4858 eos
1153 4803 1484 4862 admitteret,
1531 4810 1725 4870 praeter
1752 4799 1934 4853 Pauli-

363 4915 514 4964 num,
547 4914 706 4968 quem
762 4897 935 4951 solum
986 4911 1050 4952 eo
1082 4897 1300 4952 nomine
1337 4903 1598 4948 accusant
1629 4891 1932 4948 Orientales

364 4990 415 5045 in
433 4990 658 5060 epismla
678 4991 807 5053 265,
824 5004 942 5057 qua:
960 5004 1102 5043 anno
1123 4988 1225 5043 577
1245 4987 1440 5058 scripta
1463 4996 1565 5040 est.
1594 4985 1934 5040 Perabsurda

363 5096 546 5138 autem
591 5084 705 5137 haec
758 5082 950 5136 fuisset
983 5080 1278 5144 accusatio,
1312 5079 1357 5134 si
1407 5079 1506 5148 ipsi
1558 5077 1935 5132 Occidentales

363 5174 506 5228 idem
535 5188 602 5228 ac
643 5172 900 5227 Paulinus
931 5170 1366 5227 committebant.
1400 5167 1706 5232 Quinetiam
1757 5166 1935 5221 Pauli-

364 5281 467 5326 nus
492 5281 600 5321 non
651 5279 869 5333 semper
893 5265 1100 5318 videtur
1131 5265 1202 5318 ita
1243 5279 1304 5320 se
1337 5261 1588 5334 gessisse.
1622 5265 1754 5317 Nam
1791 5279 1932 5318 anno

363 5354 470 5410 3'15
490 5353 720 5409 Basilius
744 5368 935 5410 omnes
960 5354 1161 5423 eloquii
1207 5357 1289 5409 sui
1330 5363 1555 5410 conatus
1580 5355 1844 5418 adhibuit,
1875 5363 1932 5408 ut

365 5447 580 5502 comitis
607 5445 846 5500 Terentii
879 5448 1314 5516 conjunctionem
1345 5462 1465 5500 cum
1509 5444 1735 5500 Paulino
1761 5446 1932 5500 inter-

364 5539 608 5609 pellaret.
634 5538 768 5592 Illud
810 5548 993 5594 autem
1031 5540 1085 5594 in
1126 5539 1354 5595 Paulino
1385 5539 1726 5610 potissimum
1757 5553 1937 5611 repre-

433 5677 511 5744 (tt)
551 5677 758 5734 Haeres.
784 5679 872 5742 72,
900 5696 952 5733 n.
985 5679 1038 5736 ι.

458 5749 507 5817 b)
535 5749 632 5817 Ep.
661 5749 792 5814 265,
827 5766 882 5802 n.
915 5750 970 5806 ὗ.

459 5817 506 5892 c)
531 5817 631 5890 Ep.
651 5819 744 5889 69,
773 5836 828 5876 ιι.
855 5821 910 5876 2.

2041 4622 2109 4676 ab
2135 4623 2214 4679 eis
2244 4625 2554 4677 damnatum
2585 4622 2754 4676 fuisse
2792 4621 3136 4689 Marcellum;
3171 4622 3221 4676 id
3279 4622 3418 4676 enim
3461 4621 3606 4676 nullo

2040 4723 2219 4769 exstat
2262 4725 2631 4774 monumento.
2675 4713 2778 4768 Sed
2829 4714 2965 4768 forte
3023 4714 3162 4766 idem
3215 4721 3342 4766 tunc
3379 4711 3606 4778 factum,

2041 4805 2186 4874 quod
2223 4805 2459 4873 quinque
2486 4816 2612 4859 ante
2645 4806 2746 4858 hoc
2781 4813 2990 4872 tempus
3023 4817 3180 4855 annis
3217 4802 3418 4855 fecerat
3448 4800 3609 4856 Libe-

2041 4899 2156 4952 rius
2185 4912 2342 4966 papa.
2374 4897 2506 4950 Nam
2557 4912 2681 4951 cum
2729 4895 2886 4965 legati
2913 4893 3247 4957 Eustathius,
3273 4892 3606 4963 Theophilus

2040 5000 2094 5044 et
2131 4988 2385 5043 Silvanus
2431 4990 2481 5042 in
2533 4987 2880 5044 Occidentem
2934 4985 3084 5040 missi
3121 4986 3428 5041 Marcellum
3485 5002 3606 5042 cum

2040 5083 2271 5138 Photino
2304 5095 2356 5137 et
2389 5081 2554 5136 Paulo
2587 5080 2940 5136 Samosateno
2960 5081 3220 5136 damnent
3249 5081 3300 5135 in
3330 5081 3448 5136 fidei
3473 5097 3609 5136 con-

2040 5173 2276 5230 fessione
2314 5191 2474 5244 quam
2531 5173 2747 5229 Liberio
2798 5174 3146 5242 obtulerunt,
3196 5175 3310 5243 ipse
3365 5174 3608 5229 Liberius

2043 5265 2096 5320 in
2143 5280 2240 5318 sua
2280 5265 2346 5319 ad
2377 5263 2685 5320 Orientales
2727 5262 2952 5332 epistola
2989 5263 3276 5318 conﬁrmat
3307 5263 3606 5332 legatorum

2042 5354 2368 5420 doctrinam,
2395 5355 2491 5411 sed
2520 5357 2818 5423 generatim
2865 5354 3382 5430 Patripassianoset
3419 5352 3610 5408 Sabelo

2043 5446 2222 5501 lianos
2269 5452 2488 5501 damnat
2521 5447 2600 5516 (ιι.
2640 5448 2720 5520 4),
2771 5462 2874 5502 nec
2920 5446 3250 5512 Marcellum,
3287 5460 3388 5502 nec
3441 5443 3610 5500 ullum

2045 5537 2208 5594 alium
2275 5538 2594 5594 nominatim
2643 5539 2938 5605 appellans.
2994 5538 3176 5607 Quare
3225 5538 3411 5594 nescio
3465 5537 3605 5593 unde

2111 5680 2188 5750 (ά)
2220 5679 2292 5750 De
2322 5681 2420 5739 vir.
2449 5680 2553 5748 ill.,
2579 5697 2628 5737 c.
2667 5677 2755 5735 86.

2111 5749 2183 5824 te)
2216 5749 2348 5806 Ibid.
