4040 6216
415 395 540 441 αιν

1764 375 2299 434 PROLEGOMENA.

417 498 665 554 hauserit
701 497 1079 567 Metrophanes
1110 496 1359 567 Smyrna
1403 496 1692 566 episcopus
1737 495 1879 565 quod
1908 496 1983 549 ait
2011 501 2057 555 A
2086 510 2162 550 se.
2190 494 2403 565 Alioqui
2436 508 2504 550 ne
2525 496 2591 548 ad
2618 495 2804 549 horam
2839 494 3053 562 quidem
3094 507 3151 547 se
3171 492 3383 549 illorum
3413 507 3660 549 commn-

422 592 474 646 iu
510 591 741 645 concilio
764 599 976 653 octavo,
1013 599 1121 645 act.
1152 588 1220 644 6:
1266 587 1562 642 Novissime
1615 597 1789 641 autem
1838 585 1989 639 Mar-

418 685 605 738 cellum
651 685 719 737 ad
753 683 1020 753 proprium
1062 682 1315 735 uomitum
1344 695 1603 734 reversum
1630 688 1678 733 et
1711 678 1992 745 deprehen-

417 790 535 829 sum
564 774 866 828 Itrereticum
894 773 948 825 hi
972 772 1061 842 qui
1094 772 1235 824 circa
1284 766 1562 826 Silvanum
1595 779 1744 825 erant
1774 770 1991 823 anathe-

417 869 820 929 matizauerunt,
850 863 1034 931 quibus
1071 873 1118 915 et
1159 862 1399 916 Liberius
1452 879 1588 931 papa
1644 878 1736 930 per
1781 861 1989 915 litteras

421 972 567 1020 suas,
590 956 680 1025 qui
707 953 1042 1023 pastJulium
1072 954 1193 1023 fuit,
1219 954 1500 1007 concordat
1522 954 1737 1008 dicens:
1761 952 1986 1007 Marcel-

417 1047 529 1100 lum
560 1046 737 1100 denuo
776 1046 940 1114 impie
978 1045 1454 1115 dogmatizantem.
1490 1044 1698 1114 Pugnat
1730 1059 1851 1098 cum
1886 1043 1991 1098 hoc

421 1134 734 1188 testimonio
784 1132 1037 1199 Basilius,
1078 1134 1170 1203 qui
1197 1134 1248 1187 in
1289 1133 1448 1202 epist.
1485 1132 1766 1200 89,quam
1823 1147 1987 1200 supra

420 1225 725 1289 citavimus,
772 1224 1085 1279 Marcellum
1122 1239 1386 1292 nusquam
1415 1238 1443 1275 a
1479 1222 1744 1281 Romanis
1773 1223 1990 1291 pontifi-

418 1317 572 1371 cibus
600 1318 910 1369 damnatum
931 1316 1197 1384 queritur.
1216 1313 1470 1368 Testatur
1500 1312 1738 1368 Hilarius
1764 1312 1985 1384 Fragm.

423 1409 549 1462 hist.
578 1407 630 1470 2,
662 1423 716 1461 n.
749 1406 843 1470 21,
871 1406 1209 1469 Marcellum,
1234 1421 1354 1459 cum
1387 1406 1444 1458 Β.
1471 1405 1769 1460 Athanasio
1795 1407 1990 1476 proba-

420 1510 508 1555 tus
532 1511 587 1553 et
611 1509 872 1569 purgatus
904 1500 1108 1562 fuisset,
1135 1507 1320 1567 postea
1357 1498 1424 1552 ab
1451 1497 1690 1567 ejusdem
1723 1507 1989 1553 remotum

421 1589 589 1644 fuisse
647 1589 1047 1644 communione.
1084 1588 1153 1642 At
1200 1588 1390 1641 llilarii
1436 1586 1744 1641 testimonio
1774 1588 1848 1641 uti
1885 1603 1992 1642 non

420 1694 662 1749 possum,
694 1682 820 1749 quia
851 1680 900 1734 id
945 1680 1240 1748 centigisse
1275 1679 1405 1733 dicit
1435 1688 1726 1747 antequam
1760 1680 1987 1732 damna-

420 1782 570 1826 retur
589 1771 852 1826 Photinus
888 1788 905 1826 :
936 1772 1079 1841 quod
1117 1772 1332 1840 quidem
1369 1770 1568 1825 refellit
1615 1772 1730 1840 ipse
1757 1771 1993 1823 Athana-

421 1864 557 1928 sius,
588 1864 674 1919 cui
719 1863 1024 1928 Marcellus,
1063 1875 1123 1918 ut
1151 1866 1407 1918 observat
1435 1864 1832 1929 Tillemontius,
1866 1864 1986 1932 plu-

422 1956 574 2012 ribus
622 1956 808 2028 annis:
835 1965 958 2026 post
1014 1957 1328 2012 damnatum
1380 1955 1673 2011 Photiuum
1728 1955 1988 2025 probatus

423 2047 545 2103 fuit.

493 2145 639 2200 Nihil
673 2143 966 2200 detrahunt
1010 2145 1076 2199 de
1107 2144 1193 2199 his
1214 2145 1482 2199 rationum
1523 2143 1836 2208 momentis,
1863 2158 1993 2214 qua

424 2236 490 2290 ad
524 2235 758 2291 Marcelli
807 2236 1183 2291 defensionem
1216 2234 1589 2305 proferuntur,
1623 2250 1743 2289 cum
1789 2236 1857 2289 ad
1894 2251 1993 2290 ex-

425 2339 626 2384 tremos
650 2328 792 2383 illius
814 2342 985 2383 annos
1011 2343 1117 2383 non
1145 2328 1475 2397 pertineant.
1504 2326 1722 2382 Frustra
1752 2343 1988 2382 commu.

421 2421 604 2477 nionis
624 2421 836 2487 littera,
857 2435 992 2490 quas
1018 2420 1352 2476 Marcelliani
1384 2418 1787 2475 confessoribus
1818 2418 1991 2489 Egy-

421 2513 553 2583 ptiis
589 2512 970 2577 ostenderunt,
995 2512 1212 2582 scripta
1240 2528 1269 2566 a
1311 2511 1370 2567 S.
1400 2511 1701 2566 Athanasio
1740 2511 1994 2565 dicuntur

421 2617 565 2660 anno
591 2603 717 2659 571.
754 2602 909 2658 Nulla
942 2605 1083 2658 inest
1125 2603 1285 2670 hujus
1317 2602 1578 2671 temporis
1606 2610 1732 2656 nota
1783 2600 1836 2654 in
1867 2598 1992 2653 tidei

423 2694 789 2760 confessione,
822 2710 944 2765 qua
985 2693 1225 2750 Marcelli
1279 2692 1505 2763 ejusque
1552 2691 1687 2748 cleri
1717 2700 1772 2747 et
1816 2690 1993 2760 plebis

422 2787 644 2845 nomine
681 2787 861 2842 oblata
892 2787 1103 2844 litteras
1128 2787 1528 2844 communionis
1554 2801 1584 2840 a
1609 2784 1670 2840 S.
1699 2783 1995 2841 Athanasio

425 2879 757 2949 impetravit.
799 2878 1114 2946 Quinetiam
1162 2879 1307 2932 illam
1341 2879 1627 2948 perpaucis
1665 2876 1825 2931 annis
1872 2883 1997 2946 post

426 2980 648 3027 exertos
670 2971 963 3026 Anomaos
996 2976 1231 3027 oblatam
1256 2987 1323 3027 ex
1355 2972 1440 3026 bis
1463 2970 1646 3025 verbis
1667 2968 1848 3039 colligi
1878 2984 1997 3039 pos-

422 3074 525 3131 set,
559 3061 1025 3136 ἀναθεματίζομὲον
1044 3080 1104 3117 τε
1137 3063 1231 3117 καὶ
1262 3064 1389 3127 τοὺς
1436 3061 1533 3117 νῦν
1565 3061 1877 3129 ἐξελθόντας
1903 3061 1995 3116 καὶ

2091 588 2305 642 nionem
2339 588 2702 642 admissurum
2750 586 2937 653 fuisse,
2970 588 3014 642 si
3047 586 3421 642 'claudicantes
3448 588 3504 642 in
3553 586 3662 642 ﬁde

2091 679 2335 735 vidisset.

2167 767 2301 823 Cum
2339 768 2572 839 spatium
2607 768 2823 837 aliquod
2871 769 3175 838 ponendum
3212 767 3282 823 sit
3317 769 3459 824 inter
3510 767 3660 823 redi-

2096 867 2208 913 tum
2242 860 2542 927 legatorum
2595 871 2651 916 et
2695 861 2833 916 hanc
2876 859 3062 915 Basilii
3114 860 3430 930 epistolam,
3456 861 3662 929 scripta

2092 966 2199 1005 non
2245 952 2456 1006 videtur
2510 951 2613 1007 nisi
2649 967 2793 1006 anno
2840 951 2968 1017 578,
3008 967 3111 1006 non
3152 951 3318 1007 multo
3367 959 3660 1020 antequam

2091 1040 2284 1096 Petrus
2317 1040 2489 1096 Roma
2522 1042 2841 1097 discederet.
2869 1041 2919 1096 is
2953 1042 3095 1097 enim
3133 1051 3257 1097 ante
3279 1043 3417 1097 alios
3445 1045 3663 1098 confes-

2090 1147 2244 1189 sores
2276 1133 2327 1188 in
2367 1133 2659 1189 Ecclesiam
2690 1148 2842 1188 suam
2876 1132 3149 1205 rediit(d).
3180 1135 3432 1189 incolumi
3484 1135 3664 1189 adhuc

2090 1224 2337 1289 Valente,
2367 1226 2460 1280 sed
2493 1225 2858 1280 molestissimi
2897 1226 3022 1280 belli
3057 1226 3415 1281 incommodis
3447 1226 3522 1280 ita
3558 1227 3662 1280 im-

2089 1316 2292 1386 pedito,
2325 1325 2383 1371 ut
2416 1316 2585 1371 otium
2617 1318 3007 1386 persequenda
3032 1316 3287 1372 Ecclesia
3333 1333 3440 1371 non
3492 1319 3658 1373 habe-

2094 1416 2194 1463 ret.
2235 1406 2369 1461 Tum
2416 1423 2537 1462 cum
2593 1409 2732 1463 hanc
2776 1408 3060 1477 epistolam
3099 1408 3366 1462 scriberet
3398 1407 3662 1473 Basilius,

2089 1499 2331 1553 omnium
2364 1496 2604 1554 Orientis
2633 1498 3001 1554 Ecclesiarum
3040 1498 3182 1553 oculi
3219 1499 3269 1551 in
3299 1498 3545 1563 Petrum,
3569 1499 3666 1553 Ba-

2089 1588 2290 1653 silium,
2322 1588 2617 1655 Meletium,
2645 1600 2702 1644 et
2722 1589 2857 1645 alios
2881 1589 3142 1658 ejusmodi
3177 1588 3518 1645 confessores
3537 1606 3688 1647 conv

2090 1681 2232 1736 versi
2257 1690 2434 1736 erant.
2453 1681 2631 1747 Quare
2658 1681 3244 1737 demonstratBasilius
3273 1683 3459 1752 quanti
3491 1684 3665 1737 inter-

2091 1774 2162 1828 sit
2192 1784 2253 1828 ut
2300 1775 2572 1842 praterita
2617 1774 2876 1830 oblivioni
2921 1775 3224 1835 tradantur.
3270 1783 3326 1829 et
3377 1774 3663 1842 paciﬁcum

2092 1864 2310 1934 aliquod
2343 1865 2558 1918 initium
2590 1865 2943 1921 instituatur:
2967 1866 3166 1935 quippe
3189 1880 3309 1918 cum
3337 1879 3545 1931 eorum,
3568 1865 3661 1934 qui

2092 1957 2377 2010 veritatem
2411 1955 2712 2010 defendunt
2740 1958 3026 2011 concordia
3067 1954 3290 2026 populos
3318 1959 3382 2011 ad
3411 1970 3664 2026 persecu-

2095 2049 2291 2101 tionem
2319 2048 2694 2103 sustinendam
2724 2047 2967 2103 acriores
2998 2046 3210 2102 factura
3241 2048 3332 2113 sit,
3365 2058 3421 2102 et
3453 2047 3667 2102 discor—

2096 2139 2183 2193 dia
2218 2140 2505 2196 tardiores.

2594 2229 2821 2287 CAPUT
2868 2231 3151 2287 XXXVIII.

2092 2320 2133 2376 l.
2163 2319 2456 2376 Concilium
2503 2321 2871 2388 Amphilochii,
2926 2324 2979 2376 in
3003 2339 3103 2392 quo
3138 2320 3390 2374 laudatur
3424 2318 3669 2392 lib_e_r_De

2165 2393 2368 2458 Spiritu
2401 2403 2607 2446 saneto.
2642 2392 2701 2445 ll.
2747 2392 2993 2459 Epistula:
3017 2389 3282 2445 nonnulla:
3311 2406 3449 2445 anno
3480 2389 3586 2442 577
3608 2398 3661 2442 ct

2161 2461 2266 2515 578
2318 2464 2544 2528 scripta.
2584 2459 2666 2513 Ill.
2724 2460 2802 2514 De
2860 2461 3094 2526 pluribus
3137 2462 3260 2513 alits
3312 2461 3366 2513 in
3403 2468 3664 2513 senectute

2164 2531 2223 2587 S.
2245 2530 2436 2585 Basilii
2455 2532 2679 2599 scriptis.
2711 2530 2798 2584 iV.
2818 2531 2895 2584 De
2908 2532 3137 2598 epistolis
3154 2533 3203 2583 in
3223 2532 3523 2597 episc0patu
3539 2529 3665 2598 qui-

2164 2603 2280 2655 dem
2312 2602 2543 2669 scriptis,
2573 2603 2662 2654 sed
2693 2617 2916 2671 quarum
2944 2613 3142 2666 tempus
3170 2602 3446 2653 incertum.

2165 2694 2205 2749 Ι.
2236 2694 2534 2750 Concilium
2563 2694 2881 2763 Icelebrabat
2911 2693 3322 2761 Amphilochius
3353 2696 3445 2761 (ε),
3473 2707 3597 2747 cum
3635 2705 3670 2745 θ

2095 2794 2300 2840 remota
2334 2787 2564 2855 quadam
2594 2784 2835 2838 Ecclesia
2885 2783 3164 2838 consultus
3192 2792 3275 2838 est
3318 2786 3384 2837 de
3415 2782 3673 2837 doctrina

2096 2878 2333 2946 Spiritus
2362 2877 2562 2932 sancti.
2599 2874 2903 2946 Respondit
2956 2891 3054 2930 suo
3092 2888 3145 2929 et
3170 2875 3398 2933 aliorum
3450 2875 3671 2942 episco-

2095 2981 2288 3036 porum
2322 2964 2560 3029 nomine,
2590 2964 2683 3019 sed
2717 2963 2917 3018 litteris
2951 2966 3065 3019 suis
3100 2964 3343 3033 adjunin
3374 2963 3674 3018 elucubra-

2098 3057 2301 3113 tionem
2330 3056 2512 3112 Basilii
2545 3057 2611 3111 de
2639 3055 2846 3126 Spiritu
2897 3066 3112 3120 sancto,
3140 3055 3322 3111 dolere
3351 3070 3409 3110 se
3451 3054 3672 3125 signiﬁ-

419 3155 743 3229 λεγομένους
755 3155 1066 3226 Ἀνομοίους
1083 3154 1529 3226 (a).Anatltemate
1543 3172 1628 3209 eos
1644 3172 1843 3225 quoque
1853 3158 1993 3208 dam-

2101 3164 2268 3216 cans,
2294 3149 2434 3217 quod
2482 3146 2716 3203 Basilius
2770 3148 2965 3202 morbo
3010 3147 3258 3201 detentus
3298 3145 3531 3201 concilio
3560 3160 3672 3199 non

423 3264 630 3313 manus,
656 3248 746 3318 qui
788 3264 951 3314 nuper
1005 3247 1172 3301 exorti
1200 3256 1321 3300 sunt
1372 3256 1421 3300 et
1460 3247 1695 3300 Anomaei
1725 3248 1992 3302 dicuntur.

425 3338 564 3394 Hinc
588 3338 730 3392 nulla
762 3338 968 3393 mentio
1005 3337 1072 3393 de
1126 3336 1744 3392 Pneumatomaehorum
1776 3338 1991 3393 haresi.

423 3430 560 3487 Cum
594 3441 775 3485 autem
805 3430 956 3485 missi
985 3429 1051 3484 ad
1086 3429 1142 3484 S.
1174 3431 1530 3484 Athanasium
1558 3428 1767 3485 Galata
1800 3430 1996 3486 litteris

424 3523 801 3593 episcoporum
837 3520 1059 3577 Gracia
1110 3529 1167 3575 et
1212 3520 1542 3575 Macedonia
1587 3523 1779 3575 muniti
1828 3535 1996 3577 vene-

428 3617 540 3672 rint
566 3615 923 3687 (b),conjicio
972 3616 1086 3672 hac
1136 3617 1430 3687 contigisse
1482 3631 1588 3671 non
1648 3616 1817 3671 multo
1873 3624 1997 3685 post

428 3710 662 3781 synodos
696 3709 747 3762 in
790 3707 997 3764 Gracia
1045 3717 1102 3763 et
1140 3706 1450 3763 Macedonia
1501 3708 1805 3763 celebratas
1847 3708 1994 3763 circa

426 3816 627 3855 annuat
654 3800 759 3855 565
789 3799 883 3872 (c),
908 3814 1029 3869 qua
1077 3814 1200 3855 cum
1246 3799 1587 3855 decreverint
1630 3798 1997 3854 admittendos

429 3906 570 3956 esse,
617 3890 924 3960 quicunque
954 3889 1113 3944 fidem
1143 3889 1414 3944 Nicaeam
1458 3889 1790 3958 reciperent,
1813 3888 1998 3942 viden-

432 3992 522 4036 tur
544 3980 782 4035 Marcelli
810 3979 1102 4050 discipulos
1127 3994 1188 4034 ea
1213 3979 1527 4035 conditione
1550 3978 1780 4034 libenter
1807 3991 1996 4034 susce-

428 4073 592 4142 pisse.

500 4162 613 4216 Vll.
648 4159 866 4216 Inerant
891 4161 1051 4216 etiam
1075 4159 1218 4216 Petri
1239 4159 1317 4233 (n.
1341 4158 1399 4230 2)
1430 4159 1624 4216 litteris
1640 4160 1874 4229 querela
1906 4161 2000 4216 ad-

429 4267 621 4308 versus
644 4253 994 4317 Dorotheum,
1030 4250 1186 4321 cujus
1227 4252 1499 4307 lenitatem
1529 4267 1594 4307 ac
1623 4253 1997 4307 mansuetudi-

432 4357 556 4398 nem
587 4341 781 4397 Petrus
806 4340 1133 4411 requirebat.
1162 4339 1557 4396 Permolestum
1597 4341 1650 4396 id
1698 4340 1799 4395 fuit
1838 4340 1996 4396 Basi-

428 4436 527 4501 lio,
556 4436 645 4505 qui
676 4435 915 4504 peccatis
960 4434 1072 4488 suis
1100 4432 1217 4487 ﬁeri
1246 4432 1511 4499 declarat,
1549 4430 1860 4487 utfratrum
1906 4447 2000 4503 op-

2097 3241 2377 3304 adfuisset,
2408 3255 2531 3294 eum
2563 3239 2711 3295 enim
2752 3238 3057 3293 litterarum
3085 3238 3150 3291 ad
3180 3239 3323 3292 illam
3373 3238 3672 3292 Ecclesiam

2097 3334 2502 3389 scribendarum
2546 3333 2753 3388 socium
2786 3333 2871 3386 vel
2894 3332 3070 3400 ponus
3112 3342 3392 3386 auctorem
3416 3330 3674 3384 futurum

2094 3424 2286 3481 fuisse.
2337 3425 2561 3481 Videtur
2610 3428 2714 3482 hoc
2763 3426 3055 3481 concilium
3090 3441 3234 3480 anno
3263 3424 3365 3479 577
3419 3425 3676 3479 habitum

2100 3516 2266 3572 fuisse
2297 3517 2445 3586 :jam
2481 3519 2626 3572 enim
2658 3533 2849 3588 magna
2902 3533 3031 3586 pars
3070 3517 3195 3572 anni
3226 3515 3330 3571 576
3361 3514 3672 3580 ellluxerat,

2096 3621 2389 3680 antequam
2426 3611 2620 3666 librum
2674 3625 2833 3666 suum
2884 3611 3263 3681 Amphilochia
3293 3610 3525 3665 Basilius
3560 3608 3673 3663 mi-

2094 3703 2276 3759 sisset.

2170 3796 2469 3853 Cotelerins
2530 3804 2588 3851 et
2645 3795 3019 3851 'l‘illemontius
3064 3795 3132 3865 (Γ)
3176 3795 3488 3850 existimant
3527 3792 3679 3849 hanc

2098 3888 2462 3958 Amphilochii
2493 3888 2802 3958 epistolam,
2833 3902 2954 3958 qua
2990 3896 3170 3942 exstat
3208 3897 3339 3944 tom.
3377 3884 3442 3939 lll
3474 3884 3677 3939 Manu-

2097 3991 2390 4035 mentorum
2431 3979 2684 4035 Ecclesia
2714 3979 2933 4043 ercar,
2964 3981 3221 4048 scriptam
3266 3993 3390 4034 esse
3435 3978 3502 4032 ad
3549 3978 3674 4047 epi-

2098 4086 2291 4142 scopos
2336 4081 2557 4126 remota
2583 4072 2813 4142 alicujus
2855 4072 3167 4142 provincia,
3207 4072 3299 4142 qui
3335 4084 3456 4125 cum
3509 4079 3672 4124 antea

2098 4164 2591 4218 communicassent
2620 4177 2746 4235 cum
2791 4161 3214 4230 Macedonianis,
3238 4172 3293 4218 et
3324 4163 3376 4215 in
3420 4177 3672 4216 commu-

2099 4257 2316 4311 nionem
2361 4271 2484 4310 cum
2529 4255 2819 4311 Catholicis
2868 4256 3046 4311 redire
3093 4267 3334 4321 averent,
3373 4256 3552 4310 adhuc
3583 4265 3674 4310 ta-

2101 4345 2228 4403 men
2257 4346 2543 4402 ﬂuctuanti
2581 4355 2738 4400 erant
2760 4342 2827 4400 de
2853 4344 3054 4415 Spiritu
3083 4331 3271 4400 sancto
3306 4343 3591 4407 sententia,
3615 4352 3679 4399 et

2103 4437 2292 4492 mirari
2321 4438 2665 4503 videbantur,
2693 4452 2791 4491 cur
2833 4437 2935 4490 sibi
2979 4438 3044 4489 ad
3084 4436 3411 4490 credendum
3448 4434 3551 4490 hoc
3570 4435 3672 4489 do-

431 4529 548 4583 timi
572 4502 601 4581 a
626 4502 852 4583 lenitate
880 4525 1181 4592 discedant,
1218 4540 1316 4580 nec
1345 4528 1413 4579 ad
1440 4524 1729 4579 commissa
1772 4502 1994 4579 munera
2029 4502 2075 4557 Β
2104 4544 2224 4599 gma
2281 4540 2692 4599 proponeretur,
2728 4530 2794 4583 de
2824 4543 2931 4596 quo
2965 4528 3097 4582 nihil
3124 4537 3392 4582 statuerat
3422 4528 3675 4598 synodus

429 4619 609 4674 idonei
644 4618 1003 4688 reperiantur.
1044 4615 1151 4672 Sed
1185 4628 1470 4686 postquam
1520 4615 1851 4672 Dorotheum
1885 4616 2000 4672 cul-

429 4713 617 4780 pavit,
659 4725 849 4766 rursus
904 4719 1160 4779 peraeute
1211 4710 1547 4764 demonstrat
1603 4709 1997 4777 ignoscendum

426 4817 549 4858 esse
576 4803 724 4857 illius
772 4803 968 4869 dolori,
997 4802 1041 4856 si
1097 4801 1362 4869 patienter
1401 4800 1590 4855 audire
1634 4814 1743 4857 non
1798 4801 1997 4871 potuit,

428 4909 550 4948 eum
587 4894 781 4950 Petrus
808 4910 991 4950 coram
1036 4893 1260 4948 Damaso
1294 4894 1431 4947 inter
1480 4892 1764 4948 hareticos
1796 4907 1998 4950 nume-

429 4994 577 5039 raret
628 4995 875 5039 sanctum
933 4984 1204 5039 Meletinm
1267 4992 1324 5039 et
1378 4990 1630 5038 sanctum
1676 4983 1995 5052 Eusebium,

428 5090 567 5144 quos
594 5076 638 5130 si
677 5076 810 5129 nihil
839 5078 1002 5143 aliud,
1032 5077 1221 5131 saltem
1264 5075 1488 5130 tolerata
1529 5089 1630 5141 pro
1666 5074 1780 5143 ﬁde
1812 5089 2002 5145 perse—

431 5172 577 5225 cutio
607 5170 1007 5239 suspicionibus
1036 5170 1316 5226 exsolvere
1340 5178 1396 5224 et
1429 5184 1554 5224 cum
1579 5167 2001 5239 Petro.conjun-

432 5278 561 5331 gere
587 5262 877 5317 debuisset.
909 5261 1014 5316 Sed
1054 5273 1315 5332 praterea
1347 5270 1579 5318 testatur
1610 5259 1843 5317 Basilius
1878 5260 2000 5315 nul-

432 5358 539 5407 lum
562 5370 683 5410 esse
724 5363 887 5410 recta
938 5355 1197 5410 doctrina
1248 5356 1494 5420 verbum,
1530 5353 1673 5424 quod
1712 5368 1817 5409 non
1870 5367 1997 5408 cum

433 5444 579 5499 omni
614 5444 862 5500 libertate
889 5430 1326 5515 pradicaveriut,
1358 5445 1468 5500 Deo
1491 5453 1631 5501 teste
1664 5454 1721 5500 et
1745 5443 1998 5500 audiente

525 5619 579 5702 ει)
607 5618 827 5702 gollect.
852 5617 1023 5702 (irae.
1050 5619 1221 5689 Pam,
1252 5632 1290 5679 t.
1315 5622 1381 5692 ll,
1404 5636 1457 5691 p.
1480 5622 1534 5677 5.

603 5691 904 5836 Eligilt}
917 5733 1016 5836 ἐρ.
1055 5762 1121 5819 ad
1153 5762 1302 5833 sua;
1331 5763 1598 5832 Liberius,
1642 5778 1729 5836 ep.
1757 5763 1859 5831 ts;
1893 5761 1994 5818 Ba-

428 5829 660 5900 sil.,ep.
682 5829 806 5898 eos,
837 5848 889 5886 η.
923 5829 976 5887 6;

2104 4620 2340 4675 Nicana.

2178 4711 2286 4766 Sed
2317 4714 2508 4766 harum
2548 4726 2727 4766 rerum
2756 4709 2891 4764 nihil
2911 4711 2962 4764 in
2993 4710 3093 4764 hac
3122 4708 3346 4778 epistola
3380 4708 3681 4778 reperitur,

2105 4817 2229 4856 cum
2274 4801 2471 4872 legitur
2514 4800 2798 4855 attentius.
2832 4799 3044 4869 Scripta
3077 4808 3159 4854 est
3203 4799 3347 4854 enim
3387 4800 3454 4851 ad
3481 4797 3675 4852 Eccle-

2107 4892 2264 4957 siam,
2296 4907 2414 4961 qua
2446 4908 2473 4946 a
2506 4891 2858 4962 presbyteris,
2888 4890 3131 4956 absente,
3158 4900 3215 4944 ut
3239 4890 3530 4945 verisimile
3563 4896 3673 4953 est,

2105 4986 2175 5041 ob
2212 4984 2650 5055 persecutionem
2690 4986 2964 5058 episcopo,
3018 4966 3327 5053 regebatur,
3374 4997 3438 5037 ac
3477 4996 3675 5051 magna

2107 5078 2324 5147 quidem
2352 5092 2448 5146 pro
2496 5077 2601 5131 [ide
2633 5076 2933 5131 certamina
2965 5078 3320 5140 sustinuerat,
3350 5075 3442 5129 sed
3476 5074 3678 5145 jurgiis

2109 5180 2163 5223 et
2201 5150 2515 5223 domesticis
2550 5168 2692 5222 odiis
2722 5169 3024 5223 laborabat.
3053 5167 3208 5220 Patet
3243 5167 3294 5220 id
3333 5180 3398 5219 ex
3434 5167 3517 5219 his
3544 5179 3676 5217 ver-

2107 5260 2191 5315 bis
2237 5258 2312 5331 (g)
2347 5280 2359 5314 :
2389 5259 2673 5330 Postquam
2734 5270 2911 5314 autem
2938 5260 3162 5323 litteras
3220 5274 3423 5327 quoque
3466 5258 3677 5324 pietatis

2106 5361 2288 5406 vestrae
2336 5353 2649 5419 accepimus,
2679 5355 2981 5421 agnovimus
3008 5365 3062 5403 re
3099 5365 3217 5402 uera
3260 5348 3514 5402 Ecclesia
3539 5364 3677 5415 apo-

2104 5442 2302 5497 stolica:
2328 5440 2704 5508 characterem,
2731 5440 2984 5495 bonorum
3010 5447 3276 5508 pastorum
3302 5439 3552 5505 selum,et
3571 5439 3675 5490 im-

2174 5622 2252 5693 (d)
2292 5621 2527 5693 Tillem.,
2553 5629 2601 5693 ε.
2626 5618 2793 5693 vt._p.
2820 5619 2944 5674 διο.

2199 5692 2244 5761 e)
2276 5689 2916 5761 Monutn._Eccl.iG_rwc.,
2944 5700 2984 5745 t.
3010 5688 3073 5754 ll,
3108 5704 3162 5758 p.
3186 5688 3277 5745 99.

2201 5759 2246 5831 f)
2275 5761 2430 5816 Tom.
2472 5759 2643 5831 lX,_p.
2668 5759 2801 5831 θεέ.
3124 5826 3169 5831 __
3305 5820 3409 5831 -η,

2284 5824 2695 5906 ΜοηιιιηηΕὶσι.
2725 5829 2922 5901 Gram,
2954 5837 3083 5888 tom.
3124 5826 3195 5896 ll,
3216 5842 3270 5902 p.
3297 5824 3419 5884 100.
