  <div class='ocr_page' id='page_1' title='image "/cluster/home/n/w/nwhite01/storage/ocr_20150623/29/mdp.39015012934371/164.png"; bbox 0 0 4040 6216; ppageno 0'>
   <div class='ocr_carea' id='block_1_1' title="bbox 1716 368 2269 426">
    <p class='ocr_par' dir='ltr' id='par_1_1' title="bbox 1716 368 2269 426">
     <span class='ocr_line' id='line_1_1' title="bbox 1716 368 2269 426; baseline 0.007 -5"><span class='ocrx_word' id='word_1_1' title='bbox 1716 368 1874 422; x_wconf 83' lang='lat' dir='ltr'><strong><em>Vl&#39;l&#39;A</em></strong></span> <span class='ocrx_word' id='word_1_2' title='bbox 1911 370 1968 423; x_wconf 71' lang='grc' dir='ltr'><strong><em>δ.</em></strong></span> <span class='ocrx_word' id='word_1_3' title='bbox 2003 371 2269 426; x_wconf 80' lang='lat' dir='ltr'><strong><em>BASILIJ.</em></strong></span> 
     </span>
    </p>
   </div>
   <div class='ocr_carea' id='block_1_2' title="bbox 3512 396 3613 439">
    <p class='ocr_par' dir='ltr' id='par_1_2' title="bbox 3512 396 3613 439">
     <span class='ocr_line' id='line_1_2' title="bbox 3512 396 3613 439; baseline 0.02 -2"><span class='ocrx_word' id='word_1_4' title='bbox 3512 396 3613 439; x_wconf 68' lang='lat' dir='ltr'><strong><em>CLV</em></strong></span> 
     </span>
    </p>
   </div>
   <div class='ocr_carea' id='block_1_3' title="bbox 369 475 3614 565">
    <p class='ocr_par' dir='ltr' id='par_1_3' title="bbox 369 475 3614 565">
     <span class='ocr_line' id='line_1_3' title="bbox 369 475 3614 565; baseline 0.008 -39"><span class='ocrx_word' id='word_1_5' title='bbox 369 476 566 542; x_wconf 73' lang='lat' dir='ltr'><strong><em>pigrum</em></strong></span> <span class='ocrx_word' id='word_1_6' title='bbox 594 475 854 539; x_wconf 86' lang='lat' dir='ltr'><strong><em>studium,</em></strong></span> <span class='ocrx_word' id='word_1_7' title='bbox 886 494 1025 546; x_wconf 86' lang='lat' dir='ltr'><strong><em>quoa</em></strong></span> <span class='ocrx_word' id='word_1_8' title='bbox 1060 496 1200 533; x_wconf 81' lang='lat' dir='ltr'><strong><em>veros</em></strong></span> <span class='ocrx_word' id='word_1_9' title='bbox 1228 480 1552 536; x_wconf 80' lang='lat' dir='ltr'><strong><em>Christianos</em></strong></span> <span class='ocrx_word' id='word_1_10' title='bbox 1585 486 1783 539; x_wconf 87' lang='lat' dir='ltr'><strong><em>deceat.</em></strong></span> <span class='ocrx_word' id='word_1_11' title='bbox 1806 487 1946 541; x_wconf 83' lang='lat' dir='ltr'><strong><em>Nam</em></strong></span> <span class='ocrx_word' id='word_1_12' title='bbox 1977 494 2020 548; x_wconf 73' lang='grc' dir='ltr'><strong>Α</strong></span> <span class='ocrx_word' id='word_1_13' title='bbox 2049 492 2165 557; x_wconf 90' lang='lat' dir='ltr'><strong><em>quit</em></strong></span> <span class='ocrx_word' id='word_1_14' title='bbox 2210 490 2459 556; x_wconf 86' lang='lat' dir='ltr'><strong><em>Basilius,</em></strong></span> <span class='ocrx_word' id='word_1_15' title='bbox 2504 490 2889 562; x_wconf 68' lang='lat' dir='ltr'><strong><em>appropinquat</em></strong></span> <span class='ocrx_word' id='word_1_16' title='bbox 2942 495 3160 561; x_wconf 72' lang='lat' dir='ltr'><strong><em>defectio</em></strong></span> <span class='ocrx_word' id='word_1_17' title='bbox 3215 503 3262 549; x_wconf 91' lang='lat' dir='ltr'><strong><em>et</em></strong></span> <span class='ocrx_word' id='word_1_18' title='bbox 3317 513 3431 565; x_wconf 81' lang='lat' dir='ltr'><strong><em>quce</em></strong></span> <span class='ocrx_word' id='word_1_19' title='bbox 3479 514 3614 552; x_wconf 87' lang='lat' dir='ltr'><strong><em>nunc</em></strong></span> 
     </span>
    </p>
   </div>
   <div class='ocr_carea' id='block_1_4' title="bbox 369 565 1945 647">
    <p class='ocr_par' dir='ltr' id='par_1_4' title="bbox 369 565 1945 647">
     <span class='ocr_line' id='line_1_4' title="bbox 369 565 1945 647; baseline 0.013 -34"><span class='ocrx_word' id='word_1_20' title='bbox 369 565 503 629; x_wconf 78' lang='lat' dir='ltr'><strong><em>quod</em></strong></span> <span class='ocrx_word' id='word_1_21' title='bbox 533 580 625 616; x_wconf 88' lang='lat' dir='ltr'><strong><em>nec</em></strong></span> <span class='ocrx_word' id='word_1_22' title='bbox 659 566 753 617; x_wconf 81' lang='lat' dir='ltr'><strong><em>vice</em></strong></span> <span class='ocrx_word' id='word_1_23' title='bbox 785 566 1167 635; x_wconf 84' lang='lat' dir='ltr'><strong><em>longitudinem</em></strong></span> <span class='ocrx_word' id='word_1_24' title='bbox 1222 575 1605 639; x_wconf 79' lang='lat' dir='ltr'><strong><em>reputaveritis,</em></strong></span> <span class='ocrx_word' id='word_1_25' title='bbox 1656 593 1746 630; x_wconf 92' lang='lat' dir='ltr'><strong><em>nec</em></strong></span> <span class='ocrx_word' id='word_1_26' title='bbox 1792 595 1945 647; x_wconf 88' lang='lat' dir='ltr'><strong><em>sepa-</em></strong></span> 
     </span>
    </p>
   </div>
   <div class='ocr_carea' id='block_1_5' title="bbox 371 658 1941 739">
    <p class='ocr_par' dir='ltr' id='par_1_5' title="bbox 371 658 1941 739">
     <span class='ocr_line' id='line_1_5' title="bbox 371 658 1941 739; baseline 0.013 -33"><span class='ocrx_word' id='word_1_27' title='bbox 371 658 522 708; x_wconf 82' lang='lat' dir='ltr'><strong><em>ratim</em></strong></span> <span class='ocrx_word' id='word_1_28' title='bbox 556 658 851 711; x_wconf 84' lang='lat' dir='ltr'><strong><em>detuleritis</em></strong></span> <span class='ocrx_word' id='word_1_29' title='bbox 886 663 1221 728; x_wconf 67' lang='lat' dir='ltr'><strong><em>quastiones,</em></strong></span> <span class='ocrx_word' id='word_1_30' title='bbox 1246 665 1335 716; x_wconf 86' lang='lat' dir='ltr'><strong><em>sed</em></strong></span> <span class='ocrx_word' id='word_1_31' title='bbox 1366 669 1706 721; x_wconf 89' lang='lat' dir='ltr'><strong><em>communiter</em></strong></span> <span class='ocrx_word' id='word_1_32' title='bbox 1740 687 1831 739; x_wconf 88' lang='lat' dir='ltr'><strong><em>per</em></strong></span> <span class='ocrx_word' id='word_1_33' title='bbox 1855 672 1941 725; x_wconf 87' lang='lat' dir='ltr'><strong><em>lit-</em></strong></span> 
     </span>
    </p>
   </div>
   <div class='ocr_carea' id='block_1_6' title="bbox 371 753 1947 831">
    <p class='ocr_par' dir='ltr' id='par_1_6' title="bbox 371 753 1947 831">
     <span class='ocr_line' id='line_1_6' title="bbox 371 753 1947 831; baseline 0.011 -30"><span class='ocrx_word' id='word_1_34' title='bbox 371 760 506 804; x_wconf 88' lang='lat' dir='ltr'><strong><em>teras</em></strong></span> <span class='ocrx_word' id='word_1_35' title='bbox 534 753 1004 821; x_wconf 84' lang='lat' dir='ltr'><strong><em>interrogaveritis,</em></strong></span> <span class='ocrx_word' id='word_1_36' title='bbox 1030 758 1087 809; x_wconf 84' lang='lat' dir='ltr'><strong><em>id</em></strong></span> <span class='ocrx_word' id='word_1_37' title='bbox 1121 774 1211 809; x_wconf 89' lang='lat' dir='ltr'><strong><em>nos</em></strong></span> <span class='ocrx_word' id='word_1_38' title='bbox 1236 757 1368 810; x_wconf 87' lang='lat' dir='ltr'><strong><em>bona</em></strong></span> <span class='ocrx_word' id='word_1_39' title='bbox 1409 775 1495 825; x_wconf 88' lang='lat' dir='ltr'><strong><em>spe</em></strong></span> <span class='ocrx_word' id='word_1_40' title='bbox 1544 763 1773 829; x_wconf 82' lang='lat' dir='ltr'><strong><em>replevit,</em></strong></span> <span class='ocrx_word' id='word_1_41' title='bbox 1800 763 1947 831; x_wconf 81' lang='lat' dir='ltr'><strong><em>futu-</em></strong></span> 
     </span>
    </p>
   </div>
   <div class='ocr_carea' id='block_1_7' title="bbox 372 846 1937 918">
    <p class='ocr_par' dir='ltr' id='par_1_7' title="bbox 372 846 1937 918">
     <span class='ocr_line' id='line_1_7' title="bbox 372 846 1937 918; baseline 0.011 -24"><span class='ocrx_word' id='word_1_42' title='bbox 372 861 484 895; x_wconf 88' lang='lat' dir='ltr'><strong><em>rum</em></strong></span> <span class='ocrx_word' id='word_1_43' title='bbox 514 854 567 896; x_wconf 90' lang='lat' dir='ltr'><strong><em>ut</em></strong></span> <span class='ocrx_word' id='word_1_44' title='bbox 600 846 688 906; x_wconf 90' lang='lat' dir='ltr'><strong><em>qui</em></strong></span> <span class='ocrx_word' id='word_1_45' title='bbox 724 864 829 898; x_wconf 88' lang='lat' dir='ltr'><strong><em>una</em></strong></span> <span class='ocrx_word' id='word_1_46' title='bbox 869 865 991 901; x_wconf 83' lang='lat' dir='ltr'><strong><em>voce</em></strong></span> <span class='ocrx_word' id='word_1_47' title='bbox 1032 851 1338 918; x_wconf 76' lang='lat' dir='ltr'><strong><em>scripsistis,</em></strong></span> <span class='ocrx_word' id='word_1_48' title='bbox 1370 855 1606 906; x_wconf 82' lang='lat' dir='ltr'><strong><em>unanimi</em></strong></span> <span class='ocrx_word' id='word_1_49' title='bbox 1633 856 1792 908; x_wconf 90' lang='lat' dir='ltr'><strong><em>etiam</em></strong></span> <span class='ocrx_word' id='word_1_50' title='bbox 1819 874 1937 911; x_wconf 89' lang='lat' dir='ltr'><strong><em>con-</em></strong></span> 
     </span>
    </p>
   </div>
   <div class='ocr_carea' id='block_1_8' title="bbox 372 942 1946 1013">
    <p class='ocr_par' dir='ltr' id='par_1_8' title="bbox 372 942 1946 1013">
     <span class='ocr_line' id='line_1_8' title="bbox 372 942 1946 1013; baseline 0.009 -27"><span class='ocrx_word' id='word_1_51' title='bbox 372 950 521 987; x_wconf 79' lang='lat' dir='ltr'><strong><em>sensu</em></strong></span> <span class='ocrx_word' id='word_1_52' title='bbox 552 944 787 988; x_wconf 86' lang='lat' dir='ltr'><strong><em>nostram</em></strong></span> <span class='ocrx_word' id='word_1_53' title='bbox 824 942 1210 1003; x_wconf 82' lang='lat' dir='ltr'><strong><em>responsionem</em></strong></span> <span class='ocrx_word' id='word_1_54' title='bbox 1248 943 1508 1013; x_wconf 76' lang='lat' dir='ltr'><strong><em>recepturi</em></strong></span> <span class='ocrx_word' id='word_1_55' title='bbox 1528 945 1644 999; x_wconf 85' lang='lat' dir='ltr'><strong><em>sitis</em></strong></span> <span class='ocrx_word' id='word_1_56' title='bbox 1672 962 1689 998; x_wconf 91' lang='lat'><em>:</em></span> <span class='ocrx_word' id='word_1_57' title='bbox 1717 962 1778 999; x_wconf 91' lang='lat' dir='ltr'><strong><em>ac</em></strong></span> <span class='ocrx_word' id='word_1_58' title='bbox 1807 947 1946 1000; x_wconf 90' lang='lat' dir='ltr'><strong><em>velut</em></strong></span> 
     </span>
    </p>
   </div>
   <div class='ocr_carea' id='block_1_9' title="bbox 372 1028 1947 1096">
    <p class='ocr_par' dir='ltr' id='par_1_9' title="bbox 372 1028 1947 1096">
     <span class='ocr_line' id='line_1_9' title="bbox 372 1028 1947 1096; baseline 0.009 -18"><span class='ocrx_word' id='word_1_59' title='bbox 372 1028 642 1079; x_wconf 72' lang='lat' dir='ltr'><strong><em>exordium</em></strong></span> <span class='ocrx_word' id='word_1_60' title='bbox 684 1028 1012 1096; x_wconf 74' lang='lat' dir='ltr'><strong><em>perfectioris</em></strong></span> <span class='ocrx_word' id='word_1_61' title='bbox 1063 1032 1359 1087; x_wconf 75' lang='lat' dir='ltr'><strong><em>concordia:</em></strong></span> <span class='ocrx_word' id='word_1_62' title='bbox 1402 1046 1624 1090; x_wconf 85' lang='lat' dir='ltr'><strong><em>vestram</em></strong></span> <span class='ocrx_word' id='word_1_63' title='bbox 1672 1038 1723 1091; x_wconf 92' lang='lat' dir='ltr'><strong><em>in</em></strong></span> <span class='ocrx_word' id='word_1_64' title='bbox 1757 1038 1947 1093; x_wconf 84' lang='lat' dir='ltr'><strong><em>litteris</em></strong></span> 
     </span>
    </p>
   </div>
   <div class='ocr_carea' id='block_1_10' title="bbox 372 1122 1948 1196">
    <p class='ocr_par' dir='ltr' id='par_1_10' title="bbox 372 1122 1948 1196">
     <span class='ocr_line' id='line_1_10' title="bbox 372 1122 1948 1196; baseline 0.01 -27"><span class='ocrx_word' id='word_1_65' title='bbox 372 1122 763 1173; x_wconf 77' lang='lat' dir='ltr'><strong><em>consensionem</em></strong></span> <span class='ocrx_word' id='word_1_66' title='bbox 804 1125 1147 1189; x_wconf 83' lang='lat' dir='ltr'><strong><em>suscepimus.</em></strong></span> <span class='ocrx_word' id='word_1_67' title='bbox 1188 1126 1253 1178; x_wconf 90' lang='lat' dir='ltr'><strong><em>Et</em></strong></span> <span class='ocrx_word' id='word_1_68' title='bbox 1284 1127 1420 1179; x_wconf 83' lang='lat' dir='ltr'><strong><em>infra</em></strong></span> <span class='ocrx_word' id='word_1_69' title='bbox 1472 1129 1543 1196; x_wconf 86' lang='lat' dir='ltr'><strong><em>(p.</em></strong></span> <span class='ocrx_word' id='word_1_70' title='bbox 1577 1130 1699 1196; x_wconf 77' lang='grc'><strong><em>105)</em></strong></span> <span class='ocrx_word' id='word_1_71' title='bbox 1728 1148 1740 1183; x_wconf 91' lang='lat'>:</span> <span class='ocrx_word' id='word_1_72' title='bbox 1767 1129 1948 1185; x_wconf 88' lang='lat' dir='ltr'><strong><em>Nolite</em></strong></span> 
     </span>
    </p>
   </div>
   <div class='ocr_carea' id='block_1_11' title="bbox 372 1208 1947 1288">
    <p class='ocr_par' dir='ltr' id='par_1_11' title="bbox 372 1208 1947 1288">
     <span class='ocr_line' id='line_1_11' title="bbox 372 1208 1947 1288; baseline 0.012 -30"><span class='ocrx_word' id='word_1_73' title='bbox 372 1209 502 1260; x_wconf 85' lang='lat' dir='ltr'><strong><em>illud</em></strong></span> <span class='ocrx_word' id='word_1_74' title='bbox 525 1208 656 1262; x_wconf 78' lang='lat' dir='ltr'><strong><em>dare</em></strong></span> <span class='ocrx_word' id='word_1_75' title='bbox 681 1213 841 1275; x_wconf 89' lang='lat' dir='ltr'><strong><em>malo,</em></strong></span> <span class='ocrx_word' id='word_1_76' title='bbox 892 1226 944 1265; x_wconf 85' lang='lat' dir='ltr'><strong><em>ut</em></strong></span> <span class='ocrx_word' id='word_1_77' title='bbox 990 1214 1259 1285; x_wconf 85' lang='lat' dir='ltr'><strong><em>disjungat</em></strong></span> <span class='ocrx_word' id='word_1_78' title='bbox 1292 1237 1410 1288; x_wconf 77' lang='lat' dir='ltr'><strong><em>qua:</em></strong></span> <span class='ocrx_word' id='word_1_79' title='bbox 1448 1221 1663 1285; x_wconf 86' lang='lat' dir='ltr'><strong><em>pulchre</em></strong></span> <span class='ocrx_word' id='word_1_80' title='bbox 1713 1239 1947 1277; x_wconf 77' lang='lat' dir='ltr'><strong><em>connexa</em></strong></span> 
     </span>
    </p>
   </div>
   <div class='ocr_carea' id='block_1_12' title="bbox 373 1305 1947 1383">
    <p class='ocr_par' dir='ltr' id='par_1_12' title="bbox 373 1305 1947 1383">
     <span class='ocr_line' id='line_1_12' title="bbox 373 1305 1947 1383; baseline 0.011 -32"><span class='ocrx_word' id='word_1_81' title='bbox 373 1312 514 1367; x_wconf 79' lang='lat' dir='ltr'><strong><em>sunt,</em></strong></span> <span class='ocrx_word' id='word_1_82' title='bbox 548 1319 710 1372; x_wconf 64' lang='lat' dir='ltr'><strong><em>neque</em></strong></span> <span class='ocrx_word' id='word_1_83' title='bbox 746 1321 834 1357; x_wconf 76' lang='lat' dir='ltr'><strong><em>vos</em></strong></span> <span class='ocrx_word' id='word_1_84' title='bbox 882 1305 1019 1371; x_wconf 86' lang='lat' dir='ltr'><strong><em>lupis</em></strong></span> <span class='ocrx_word' id='word_1_85' title='bbox 1064 1310 1296 1378; x_wconf 75' lang='lat' dir='ltr'><strong><em>eﬁiciatis</em></strong></span> <span class='ocrx_word' id='word_1_86' title='bbox 1333 1324 1490 1379; x_wconf 85' lang='lat' dir='ltr'><strong><em>captu</em></strong></span> <span class='ocrx_word' id='word_1_87' title='bbox 1539 1313 1804 1381; x_wconf 76' lang='lat' dir='ltr'><strong><em>faciliores</em></strong></span> <span class='ocrx_word' id='word_1_88' title='bbox 1854 1332 1947 1383; x_wconf 88' lang='lat' dir='ltr'><strong><em>per</em></strong></span> 
     </span>
    </p>
   </div>
   <div class='ocr_carea' id='block_1_13' title="bbox 372 1393 1946 1470">
    <p class='ocr_par' dir='ltr' id='par_1_13' title="bbox 372 1393 1946 1470">
     <span class='ocr_line' id='line_1_13' title="bbox 372 1393 1946 1470; baseline 0.012 -28"><span class='ocrx_word' id='word_1_89' title='bbox 372 1393 769 1454; x_wconf 84' lang='lat' dir='ltr'><strong><em>dissensionem,</em></strong></span> <span class='ocrx_word' id='word_1_90' title='bbox 807 1397 1021 1451; x_wconf 88' lang='lat' dir='ltr'><strong><em>illorum</em></strong></span> <span class='ocrx_word' id='word_1_91' title='bbox 1067 1410 1184 1453; x_wconf 78' lang='lat' dir='ltr'><strong><em>vota</em></strong></span> <span class='ocrx_word' id='word_1_92' title='bbox 1220 1404 1602 1470; x_wconf 83' lang='lat' dir='ltr'><strong><em>conﬁrmando.</em></strong></span> <span class='ocrx_word' id='word_1_93' title='bbox 1653 1406 1946 1461; x_wconf 79' lang='lat' dir='ltr'><strong><em>Didicimus</em></strong></span> 
     </span>
    </p>
   </div>
   <div class='ocr_carea' id='block_1_14' title="bbox 372 1487 1947 1565">
    <p class='ocr_par' dir='ltr' id='par_1_14' title="bbox 372 1487 1947 1565">
     <span class='ocr_line' id='line_1_14' title="bbox 372 1487 1947 1565; baseline 0.012 -31"><span class='ocrx_word' id='word_1_94' title='bbox 372 1487 561 1552; x_wconf 84' lang='lat' dir='ltr'><strong><em>quippe</em></strong></span> <span class='ocrx_word' id='word_1_95' title='bbox 592 1499 791 1550; x_wconf 88' lang='lat' dir='ltr'><strong><em>quanta</em></strong></span> <span class='ocrx_word' id='word_1_96' title='bbox 822 1492 1115 1544; x_wconf 86' lang='lat' dir='ltr'><strong><em>certamina</em></strong></span> <span class='ocrx_word' id='word_1_97' title='bbox 1165 1511 1258 1560; x_wconf 87' lang='lat' dir='ltr'><strong><em>pro</em></strong></span> <span class='ocrx_word' id='word_1_98' title='bbox 1302 1507 1439 1549; x_wconf 87' lang='lat' dir='ltr'><strong><em>recta</em></strong></span> <span class='ocrx_word' id='word_1_99' title='bbox 1485 1498 1589 1565; x_wconf 81' lang='lat' dir='ltr'><strong><em>ﬁde</em></strong></span> <span class='ocrx_word' id='word_1_100' title='bbox 1632 1500 1947 1553; x_wconf 84' lang='lat' dir='ltr'><strong><em>sustinueri-</em></strong></span> 
     </span>
    </p>
   </div>
   <div class='ocr_carea' id='block_1_15' title="bbox 372 1576 1945 1658">
    <p class='ocr_par' dir='ltr' id='par_1_15' title="bbox 372 1576 1945 1658">
     <span class='ocr_line' id='line_1_15' title="bbox 372 1576 1945 1658; baseline 0.013 -32"><span class='ocrx_word' id='word_1_101' title='bbox 372 1576 459 1627; x_wconf 87' lang='lat' dir='ltr'><strong><em>tis.</em></strong></span> <span class='ocrx_word' id='word_1_102' title='bbox 500 1576 762 1641; x_wconf 86' lang='lat' dir='ltr'><strong><em>Quocirca</em></strong></span> <span class='ocrx_word' id='word_1_103' title='bbox 806 1582 961 1635; x_wconf 86' lang='lat' dir='ltr'><strong><em>minis</em></strong></span> <span class='ocrx_word' id='word_1_104' title='bbox 994 1595 1041 1635; x_wconf 89' lang='lat' dir='ltr'><strong><em>et</em></strong></span> <span class='ocrx_word' id='word_1_105' title='bbox 1079 1589 1346 1647; x_wconf 72' lang='lat' dir='ltr'><strong><em>(erumnis,</em></strong></span> <span class='ocrx_word' id='word_1_106' title='bbox 1400 1605 1517 1658; x_wconf 69' lang='lat' dir='ltr'><strong><em>qua:</em></strong></span> <span class='ocrx_word' id='word_1_107' title='bbox 1560 1606 1654 1658; x_wconf 87' lang='lat' dir='ltr'><strong><em>per</em></strong></span> <span class='ocrx_word' id='word_1_108' title='bbox 1699 1592 1945 1645; x_wconf 87' lang='lat' dir='ltr'><strong><em>adversa—</em></strong></span> 
     </span>
    </p>
   </div>
   <div class='ocr_carea' id='block_1_16' title="bbox 372 1668 1950 1748">
    <p class='ocr_par' dir='ltr' id='par_1_16' title="bbox 372 1668 1950 1748">
     <span class='ocr_line' id='line_1_16' title="bbox 372 1668 1950 1748; baseline 0.013 -31"><span class='ocrx_word' id='word_1_109' title='bbox 372 1668 477 1719; x_wconf 87' lang='lat' dir='ltr'><strong><em>rios</em></strong></span> <span class='ocrx_word' id='word_1_110' title='bbox 525 1668 946 1737; x_wconf 85' lang='lat' dir='ltr'><strong><em>intentabantur,</em></strong></span> <span class='ocrx_word' id='word_1_111' title='bbox 986 1674 1224 1737; x_wconf 86' lang='lat' dir='ltr'><strong><em>devictis,</em></strong></span> <span class='ocrx_word' id='word_1_112' title='bbox 1277 1677 1474 1731; x_wconf 90' lang='lat' dir='ltr'><strong><em>nullam</em></strong></span> <span class='ocrx_word' id='word_1_113' title='bbox 1527 1681 1749 1748; x_wconf 79' lang='lat' dir='ltr'><strong><em>prwbete</em></strong></span> <span class='ocrx_word' id='word_1_114' title='bbox 1797 1683 1950 1736; x_wconf 87' lang='lat' dir='ltr'><strong><em>dissi-</em></strong></span> 
     </span>
    </p>
   </div>
   <div class='ocr_carea' id='block_1_17' title="bbox 371 1758 1943 1839">
    <p class='ocr_par' dir='ltr' id='par_1_17' title="bbox 371 1758 1943 1839">
     <span class='ocr_line' id='line_1_17' title="bbox 371 1758 1943 1839; baseline 0.011 -31"><span class='ocrx_word' id='word_1_115' title='bbox 371 1758 457 1809; x_wconf 77' lang='lat' dir='ltr'><strong><em>dio</em></strong></span> <span class='ocrx_word' id='word_1_116' title='bbox 489 1762 816 1814; x_wconf 85' lang='lat' dir='ltr'><strong><em>occasionem</em></strong></span> <span class='ocrx_word' id='word_1_117' title='bbox 843 1779 862 1815; x_wconf 89' lang='lat'><strong><em>:</em></strong></span> <span class='ocrx_word' id='word_1_118' title='bbox 898 1780 960 1817; x_wconf 89' lang='lat' dir='ltr'><strong><em>ne</em></strong></span> <span class='ocrx_word' id='word_1_119' title='bbox 996 1765 1131 1833; x_wconf 81' lang='lat' dir='ltr'><strong><em>forte</em></strong></span> <span class='ocrx_word' id='word_1_120' title='bbox 1168 1766 1422 1834; x_wconf 88' lang='lat' dir='ltr'><strong><em>paulatim</em></strong></span> <span class='ocrx_word' id='word_1_121' title='bbox 1460 1770 1704 1837; x_wconf 86' lang='lat' dir='ltr'><strong><em>illapsum</em></strong></span> <span class='ocrx_word' id='word_1_122' title='bbox 1741 1774 1943 1839; x_wconf 87' lang='lat' dir='ltr'><strong><em>odium,</em></strong></span> 
     </span>
    </p>
   </div>
   <div class='ocr_carea' id='block_1_18' title="bbox 370 1847 1943 1928">
    <p class='ocr_par' dir='ltr' id='par_1_18' title="bbox 370 1847 1943 1928">
     <span class='ocr_line' id='line_1_18' title="bbox 370 1847 1943 1928; baseline 0.011 -30"><span class='ocrx_word' id='word_1_123' title='bbox 370 1848 414 1898; x_wconf 86' lang='lat' dir='ltr'><strong><em>si</em></strong></span> <span class='ocrx_word' id='word_1_124' title='bbox 437 1847 612 1899; x_wconf 88' lang='lat' dir='ltr'><strong><em>locum</em></strong></span> <span class='ocrx_word' id='word_1_125' title='bbox 646 1849 921 1915; x_wconf 83' lang='lat' dir='ltr'><strong><em>invenerit,</em></strong></span> <span class='ocrx_word' id='word_1_126' title='bbox 950 1870 1138 1922; x_wconf 82' lang='lat' dir='ltr'><strong><em>magna</em></strong></span> <span class='ocrx_word' id='word_1_127' title='bbox 1165 1857 1307 1908; x_wconf 84' lang='lat' dir='ltr'><strong><em>vobis</em></strong></span> <span class='ocrx_word' id='word_1_128' title='bbox 1336 1870 1593 1921; x_wconf 90' lang='lat' dir='ltr'><strong><em>supponat</em></strong></span> <span class='ocrx_word' id='word_1_129' title='bbox 1625 1862 1943 1928; x_wconf 68' lang='lat' dir='ltr'><strong><em>praecipitia.</em></strong></span> 
     </span>
    </p>
   </div>
   <div class='ocr_carea' id='block_1_19' title="bbox 374 1936 1949 2019">
    <p class='ocr_par' dir='ltr' id='par_1_19' title="bbox 374 1936 1949 2019">
     <span class='ocr_line' id='line_1_19' title="bbox 374 1936 1949 2019; baseline 0.01 -30"><span class='ocrx_word' id='word_1_130' title='bbox 374 1936 609 2005; x_wconf 81' lang='lat' dir='ltr'><strong><em>Gregem</em></strong></span> <span class='ocrx_word' id='word_1_131' title='bbox 649 1953 779 2008; x_wconf 77' lang='lat' dir='ltr'><strong><em>ergo</em></strong></span> <span class='ocrx_word' id='word_1_132' title='bbox 810 1941 1193 2011; x_wconf 86' lang='lat' dir='ltr'><strong><em>alloquebatur</em></strong></span> <span class='ocrx_word' id='word_1_133' title='bbox 1234 1946 1668 2015; x_wconf 87' lang='lat' dir='ltr'><strong><em>Amphilochius,</em></strong></span> <span class='ocrx_word' id='word_1_134' title='bbox 1703 1965 1806 2003; x_wconf 75' lang='lat' dir='ltr'><strong><em>non</em></strong></span> <span class='ocrx_word' id='word_1_135' title='bbox 1842 1952 1949 2019; x_wconf 90' lang='lat' dir='ltr'><strong><em>epi-</em></strong></span> 
     </span>
    </p>
   </div>
   <div class='ocr_carea' id='block_1_20' title="bbox 369 2036 1947 2106">
    <p class='ocr_par' dir='ltr' id='par_1_20' title="bbox 369 2036 1947 2106">
     <span class='ocr_line' id='line_1_20' title="bbox 369 2036 1947 2106; baseline 0.011 -27"><span class='ocrx_word' id='word_1_136' title='bbox 369 2041 589 2095; x_wconf 74' lang='lat' dir='ltr'><strong><em>sCOpos,</em></strong></span> <span class='ocrx_word' id='word_1_137' title='bbox 637 2044 771 2096; x_wconf 85' lang='lat' dir='ltr'><strong><em>quos</em></strong></span> <span class='ocrx_word' id='word_1_138' title='bbox 820 2046 1161 2103; x_wconf 84' lang='lat' dir='ltr'><strong><em>nequaquam</em></strong></span> <span class='ocrx_word' id='word_1_139' title='bbox 1214 2036 1461 2092; x_wconf 82' lang='lat' dir='ltr'><strong><em>hortatus</em></strong></span> <span class='ocrx_word' id='word_1_140' title='bbox 1518 2038 1729 2106; x_wconf 89' lang='lat' dir='ltr'><strong><em>fuisset,</em></strong></span> <span class='ocrx_word' id='word_1_141' title='bbox 1773 2056 1841 2095; x_wconf 91' lang='lat' dir='ltr'><strong><em>ne</em></strong></span> <span class='ocrx_word' id='word_1_142' title='bbox 1888 2056 1947 2096; x_wconf 88' lang='lat' dir='ltr'><strong><em>se</em></strong></span> 
     </span>
    </p>
   </div>
   <div class='ocr_carea' id='block_1_21' title="bbox 370 2116 1943 2198">
    <p class='ocr_par' dir='ltr' id='par_1_21' title="bbox 370 2116 1943 2198">
     <span class='ocr_line' id='line_1_21' title="bbox 370 2116 1943 2198; baseline 0.011 -31"><span class='ocrx_word' id='word_1_143' title='bbox 370 2116 512 2185; x_wconf 89' lang='lat' dir='ltr'><strong><em>lupis</em></strong></span> <span class='ocrx_word' id='word_1_144' title='bbox 562 2130 723 2187; x_wconf 89' lang='lat' dir='ltr'><strong><em>captu</em></strong></span> <span class='ocrx_word' id='word_1_145' title='bbox 766 2119 957 2177; x_wconf 76' lang='lat' dir='ltr'><strong><em>faciles</em></strong></span> <span class='ocrx_word' id='word_1_146' title='bbox 1002 2140 1099 2193; x_wconf 88' lang='lat' dir='ltr'><strong><em>per</em></strong></span> <span class='ocrx_word' id='word_1_147' title='bbox 1163 2127 1556 2181; x_wconf 83' lang='lat' dir='ltr'><strong><em>dissensionem</em></strong></span> <span class='ocrx_word' id='word_1_148' title='bbox 1622 2132 1943 2198; x_wconf 63' lang='lat' dir='ltr'><strong><em>praeberent.</em></strong></span> 
     </span>
    </p>
   </div>
   <div class='ocr_carea' id='block_1_22' title="bbox 372 2205 1949 2278">
    <p class='ocr_par' dir='ltr' id='par_1_22' title="bbox 372 2205 1949 2278">
     <span class='ocr_line' id='line_1_22' title="bbox 372 2205 1949 2278; baseline 0.012 -19"><span class='ocrx_word' id='word_1_149' title='bbox 372 2205 556 2278; x_wconf 76' lang='lat' dir='ltr'><strong><em>Neque</em></strong></span> <span class='ocrx_word' id='word_1_150' title='bbox 603 2211 764 2264; x_wconf 87' lang='lat' dir='ltr'><strong><em>etiam</em></strong></span> <span class='ocrx_word' id='word_1_151' title='bbox 823 2212 1191 2269; x_wconf 89' lang='lat' dir='ltr'><strong><em>dissensiones</em></strong></span> <span class='ocrx_word' id='word_1_152' title='bbox 1243 2217 1292 2268; x_wconf 91' lang='lat' dir='ltr'><strong><em>in</em></strong></span> <span class='ocrx_word' id='word_1_153' title='bbox 1333 2217 1434 2272; x_wconf 87' lang='lat' dir='ltr'><strong><em>hac</em></strong></span> <span class='ocrx_word' id='word_1_154' title='bbox 1478 2219 1716 2275; x_wconf 86' lang='lat' dir='ltr'><strong><em>Ecclesia</em></strong></span> <span class='ocrx_word' id='word_1_155' title='bbox 1747 2221 1815 2276; x_wconf 89' lang='lat' dir='ltr'><strong><em>de</em></strong></span> <span class='ocrx_word' id='word_1_156' title='bbox 1846 2222 1949 2278; x_wconf 85' lang='lat' dir='ltr'><strong><em>ﬁde</em></strong></span> 
     </span>
    </p>
   </div>
   <div class='ocr_carea' id='block_1_23' title="bbox 371 2299 1947 2381">
    <p class='ocr_par' dir='ltr' id='par_1_23' title="bbox 371 2299 1947 2381">
     <span class='ocr_line' id='line_1_23' title="bbox 371 2299 1947 2381; baseline 0.012 -31"><span class='ocrx_word' id='word_1_157' title='bbox 371 2299 623 2353; x_wconf 77' lang='lat' dir='ltr'><strong><em>videntur</em></strong></span> <span class='ocrx_word' id='word_1_158' title='bbox 661 2312 881 2357; x_wconf 69' lang='lat' dir='ltr'><strong><em>exortae.</em></strong></span> <span class='ocrx_word' id='word_1_159' title='bbox 910 2304 1043 2357; x_wconf 90' lang='lat' dir='ltr'><strong><em>Cum</em></strong></span> <span class='ocrx_word' id='word_1_160' title='bbox 1076 2307 1218 2360; x_wconf 90' lang='lat' dir='ltr'><strong><em>enim</em></strong></span> <span class='ocrx_word' id='word_1_161' title='bbox 1263 2304 1421 2377; x_wconf 86' lang='lat' dir='ltr'><strong><em>hujus</em></strong></span> <span class='ocrx_word' id='word_1_162' title='bbox 1465 2313 1540 2363; x_wconf 89' lang='lat' dir='ltr'><strong><em>rei</em></strong></span> <span class='ocrx_word' id='word_1_163' title='bbox 1574 2312 1809 2381; x_wconf 88' lang='lat' dir='ltr'><strong><em>suspicio</em></strong></span> <span class='ocrx_word' id='word_1_164' title='bbox 1841 2330 1947 2369; x_wconf 89' lang='lat' dir='ltr'><strong><em>non</em></strong></span> 
     </span>
    </p>
   </div>
   <div class='ocr_carea' id='block_1_24' title="bbox 370 2393 1946 2470">
    <p class='ocr_par' dir='ltr' id='par_1_24' title="bbox 370 2393 1946 2470">
     <span class='ocr_line' id='line_1_24' title="bbox 370 2393 1946 2470; baseline 0.013 -30"><span class='ocrx_word' id='word_1_165' title='bbox 370 2393 602 2458; x_wconf 88' lang='lat' dir='ltr'><strong><em>quadrat</em></strong></span> <span class='ocrx_word' id='word_1_166' title='bbox 645 2407 767 2445; x_wconf 89' lang='lat' dir='ltr'><strong><em>cum</em></strong></span> <span class='ocrx_word' id='word_1_167' title='bbox 817 2403 965 2449; x_wconf 89' lang='lat' dir='ltr'><strong><em>tanto</em></strong></span> <span class='ocrx_word' id='word_1_168' title='bbox 1006 2396 1123 2451; x_wconf 85' lang='lat' dir='ltr'><strong><em>lidei</em></strong></span> <span class='ocrx_word' id='word_1_169' title='bbox 1183 2400 1531 2456; x_wconf 70' lang='lat' dir='ltr'><strong><em>defendenda:</em></strong></span> <span class='ocrx_word' id='word_1_170' title='bbox 1588 2405 1790 2470; x_wconf 87' lang='lat' dir='ltr'><strong><em>studio,</em></strong></span> <span class='ocrx_word' id='word_1_171' title='bbox 1835 2417 1946 2461; x_wconf 91' lang='lat' dir='ltr'><strong><em>tum</em></strong></span> 
     </span>
    </p>
   </div>
   <div class='ocr_carea' id='block_1_25' title="bbox 370 2483 1946 2557">
    <p class='ocr_par' dir='ltr' id='par_1_25' title="bbox 370 2483 1946 2557">
     <span class='ocr_line' id='line_1_25' title="bbox 370 2483 1946 2557; baseline 0.01 -20"><span class='ocrx_word' id='word_1_172' title='bbox 370 2494 503 2537; x_wconf 70' lang='lat' dir='ltr'><strong><em>Vero</em></strong></span> <span class='ocrx_word' id='word_1_173' title='bbox 529 2483 942 2551; x_wconf 80' lang='lat' dir='ltr'><strong><em>Amphilochius</em></strong></span> <span class='ocrx_word' id='word_1_174' title='bbox 980 2498 1261 2557; x_wconf 84' lang='lat' dir='ltr'><strong><em>postquam</em></strong></span> <span class='ocrx_word' id='word_1_175' title='bbox 1302 2492 1367 2545; x_wconf 91' lang='lat' dir='ltr'><strong><em>de</em></strong></span> <span class='ocrx_word' id='word_1_176' title='bbox 1409 2493 1511 2547; x_wconf 87' lang='lat' dir='ltr'><strong><em>lide</em></strong></span> <span class='ocrx_word' id='word_1_177' title='bbox 1570 2495 1804 2550; x_wconf 90' lang='lat' dir='ltr'><strong><em>breviter</em></strong></span> <span class='ocrx_word' id='word_1_178' title='bbox 1836 2498 1946 2553; x_wconf 89' lang='lat' dir='ltr'><strong><em>dis-</em></strong></span> 
     </span>
    </p>
   </div>
   <div class='ocr_carea' id='block_1_26' title="bbox 368 2574 1945 2654">
    <p class='ocr_par' dir='ltr' id='par_1_26' title="bbox 368 2574 1945 2654">
     <span class='ocr_line' id='line_1_26' title="bbox 368 2574 1945 2654; baseline 0.011 -29"><span class='ocrx_word' id='word_1_179' title='bbox 368 2574 568 2635; x_wconf 83' lang='lat' dir='ltr'><strong><em>seruit,</em></strong></span> <span class='ocrx_word' id='word_1_180' title='bbox 608 2590 711 2628; x_wconf 91' lang='lat' dir='ltr'><strong><em>non</em></strong></span> <span class='ocrx_word' id='word_1_181' title='bbox 756 2592 849 2631; x_wconf 90' lang='lat' dir='ltr'><strong><em>eos</em></strong></span> <span class='ocrx_word' id='word_1_182' title='bbox 896 2579 1149 2633; x_wconf 86' lang='lat' dir='ltr'><strong><em>hortatur</em></strong></span> <span class='ocrx_word' id='word_1_183' title='bbox 1203 2592 1259 2634; x_wconf 89' lang='lat' dir='ltr'><strong><em>ut</em></strong></span> <span class='ocrx_word' id='word_1_184' title='bbox 1301 2583 1439 2637; x_wconf 86' lang='lat' dir='ltr'><strong><em>hanc</em></strong></span> <span class='ocrx_word' id='word_1_185' title='bbox 1487 2586 1646 2639; x_wconf 82' lang='lat' dir='ltr'><strong><em>fidem</em></strong></span> <span class='ocrx_word' id='word_1_186' title='bbox 1703 2596 1945 2654; x_wconf 87' lang='lat' dir='ltr'><strong><em>teneant,</em></strong></span> 
     </span>
    </p>
   </div>
   <div class='ocr_carea' id='block_1_27' title="bbox 369 2663 1939 2744">
    <p class='ocr_par' dir='ltr' id='par_1_27' title="bbox 369 2663 1939 2744">
     <span class='ocr_line' id='line_1_27' title="bbox 369 2663 1939 2744; baseline 0.013 -30"><span class='ocrx_word' id='word_1_187' title='bbox 369 2663 466 2715; x_wconf 90' lang='lat' dir='ltr'><strong><em>sed</em></strong></span> <span class='ocrx_word' id='word_1_188' title='bbox 518 2664 585 2716; x_wconf 90' lang='lat' dir='ltr'><strong><em>ad</em></strong></span> <span class='ocrx_word' id='word_1_189' title='bbox 631 2666 776 2719; x_wconf 85' lang='lat' dir='ltr'><strong><em>aliud</em></strong></span> <span class='ocrx_word' id='word_1_190' title='bbox 816 2667 1210 2725; x_wconf 83' lang='lat' dir='ltr'><strong><em>adhortationis</em></strong></span> <span class='ocrx_word' id='word_1_191' title='bbox 1261 2689 1428 2740; x_wconf 81' lang='lat' dir='ltr'><strong><em>genus</em></strong></span> <span class='ocrx_word' id='word_1_192' title='bbox 1474 2674 1631 2744; x_wconf 83' lang='lat' dir='ltr'><strong><em>plane</em></strong></span> <span class='ocrx_word' id='word_1_193' title='bbox 1663 2677 1939 2734; x_wconf 85' lang='lat' dir='ltr'><strong><em>diversum</em></strong></span> 
     </span>
    </p>
   </div>
   <div class='ocr_carea' id='block_1_28' title="bbox 368 2757 1946 2837">
    <p class='ocr_par' dir='ltr' id='par_1_28' title="bbox 368 2757 1946 2837">
     <span class='ocr_line' id='line_1_28' title="bbox 368 2757 1946 2837; baseline 0.011 -29"><span class='ocrx_word' id='word_1_194' title='bbox 368 2757 610 2811; x_wconf 88' lang='lat' dir='ltr'><strong><em>transit:</em></strong></span> <span class='ocrx_word' id='word_1_195' title='bbox 643 2758 847 2823; x_wconf 81' lang='lat' dir='ltr'><strong><em>Quibus</em></strong></span> <span class='ocrx_word' id='word_1_196' title='bbox 889 2764 1019 2816; x_wconf 86' lang='lat' dir='ltr'><strong><em>satis</em></strong></span> <span class='ocrx_word' id='word_1_197' title='bbox 1063 2772 1175 2828; x_wconf 83' lang='lat' dir='ltr'><strong><em>est,</em></strong></span> <span class='ocrx_word' id='word_1_198' title='bbox 1225 2766 1431 2835; x_wconf 90' lang='lat' dir='ltr'><strong><em>inquit,</em></strong></span> <span class='ocrx_word' id='word_1_199' title='bbox 1474 2768 1705 2837; x_wconf 85' lang='lat' dir='ltr'><strong><em>adjicere</em></strong></span> <span class='ocrx_word' id='word_1_200' title='bbox 1746 2770 1946 2826; x_wconf 83' lang='lat' dir='ltr'><strong><em>brevem</em></strong></span> 
     </span>
    </p>
   </div>
   <div class='ocr_carea' id='block_1_29' title="bbox 368 2846 1944 2925">
    <p class='ocr_par' dir='ltr' id='par_1_29' title="bbox 368 2846 1944 2925">
     <span class='ocr_line' id='line_1_29' title="bbox 368 2846 1944 2925; baseline 0.011 -28"><span class='ocrx_word' id='word_1_201' title='bbox 368 2846 811 2902; x_wconf 76' lang='lat' dir='ltr'><strong><em>adhortationem.</em></strong></span> <span class='ocrx_word' id='word_1_202' title='bbox 870 2849 1165 2921; x_wconf 77' lang='lat' dir='ltr'><strong><em>Hortamur</em></strong></span> <span class='ocrx_word' id='word_1_203' title='bbox 1209 2871 1432 2925; x_wconf 84' lang='lat' dir='ltr'><strong><em>namque</em></strong></span> <span class='ocrx_word' id='word_1_204' title='bbox 1471 2874 1558 2910; x_wconf 83' lang='lat' dir='ltr'><strong><em>vos</em></strong></span> <span class='ocrx_word' id='word_1_205' title='bbox 1597 2866 1654 2911; x_wconf 88' lang='lat' dir='ltr'><strong><em>ut</em></strong></span> <span class='ocrx_word' id='word_1_206' title='bbox 1690 2862 1944 2915; x_wconf 86' lang='lat' dir='ltr'><strong><em>maneatis</em></strong></span> 
     </span>
    </p>
   </div>
   <div class='ocr_carea' id='block_1_30' title="bbox 367 2940 1949 3013">
    <p class='ocr_par' dir='ltr' id='par_1_30' title="bbox 367 2940 1949 3013">
     <span class='ocr_line' id='line_1_30' title="bbox 367 2940 1949 3013; baseline 0.012 -23"><span class='ocrx_word' id='word_1_207' title='bbox 367 2940 514 3006; x_wconf 80' lang='lat' dir='ltr'><strong><em>pacis</em></strong></span> <span class='ocrx_word' id='word_1_208' title='bbox 548 2940 671 3008; x_wconf 83' lang='lat' dir='ltr'><strong><em>ﬁlii,</em></strong></span> <span class='ocrx_word' id='word_1_209' title='bbox 708 2950 813 2994; x_wconf 87' lang='lat' dir='ltr'><strong><em>etc.</em></strong></span> <span class='ocrx_word' id='word_1_210' title='bbox 848 2941 1027 3006; x_wconf 86' lang='lat' dir='ltr'><strong><em>Quare</em></strong></span> <span class='ocrx_word' id='word_1_211' title='bbox 1076 2960 1181 2997; x_wconf 92' lang='lat' dir='ltr'><strong><em>non</em></strong></span> <span class='ocrx_word' id='word_1_212' title='bbox 1242 2947 1653 3013; x_wconf 78' lang='lat' dir='ltr'><strong><em>dubitationem,</em></strong></span> <span class='ocrx_word' id='word_1_213' title='bbox 1682 2954 1777 3007; x_wconf 90' lang='lat' dir='ltr'><strong><em>sed</em></strong></span> <span class='ocrx_word' id='word_1_214' title='bbox 1819 2954 1949 3010; x_wconf 85' lang='lat' dir='ltr'><strong><em>ube-</em></strong></span> 
     </span>
    </p>
   </div>
   <div class='ocr_carea' id='block_1_31' title="bbox 368 3032 1945 3107">
    <p class='ocr_par' dir='ltr' id='par_1_31' title="bbox 368 3032 1945 3107">
     <span class='ocr_line' id='line_1_31' title="bbox 368 3032 1945 3107; baseline 0.011 -23"><span class='ocrx_word' id='word_1_215' title='bbox 368 3032 532 3085; x_wconf 88' lang='lat' dir='ltr'><strong><em>rioris</em></strong></span> <span class='ocrx_word' id='word_1_216' title='bbox 563 3033 807 3087; x_wconf 67' lang='lat' dir='ltr'><strong><em>scientia:</em></strong></span> <span class='ocrx_word' id='word_1_217' title='bbox 840 3035 1163 3089; x_wconf 85' lang='lat' dir='ltr'><strong><em>desiderium</em></strong></span> <span class='ocrx_word' id='word_1_218' title='bbox 1196 3036 1446 3107; x_wconf 79' lang='lat' dir='ltr'><strong><em>designat</em></strong></span> <span class='ocrx_word' id='word_1_219' title='bbox 1483 3056 1669 3095; x_wconf 89' lang='lat' dir='ltr'><strong><em>eorum</em></strong></span> <span class='ocrx_word' id='word_1_220' title='bbox 1709 3043 1945 3101; x_wconf 90' lang='lat' dir='ltr'><strong><em>interro-</em></strong></span> 
     </span>
    </p>
   </div>
   <div class='ocr_carea' id='block_1_32' title="bbox 366 3124 1944 3207">
    <p class='ocr_par' dir='ltr' id='par_1_32' title="bbox 366 3124 1944 3207">
     <span class='ocr_line' id='line_1_32' title="bbox 366 3124 1944 3207; baseline 0.013 -33"><span class='ocrx_word' id='word_1_221' title='bbox 366 3124 531 3191; x_wconf 80' lang='lat' dir='ltr'><strong><em>gatio,</em></strong></span> <span class='ocrx_word' id='word_1_222' title='bbox 572 3139 671 3178; x_wconf 84' lang='lat' dir='ltr'><strong><em>cur</em></strong></span> <span class='ocrx_word' id='word_1_223' title='bbox 707 3126 945 3195; x_wconf 87' lang='lat' dir='ltr'><strong><em>synodus</em></strong></span> <span class='ocrx_word' id='word_1_224' title='bbox 998 3126 1210 3182; x_wconf 75' lang='lat' dir='ltr'><strong><em>Nicaena</em></strong></span> <span class='ocrx_word' id='word_1_225' title='bbox 1249 3145 1356 3185; x_wconf 90' lang='lat' dir='ltr'><strong><em>non</em></strong></span> <span class='ocrx_word' id='word_1_226' title='bbox 1405 3135 1598 3189; x_wconf 88' lang='lat' dir='ltr'><strong><em>eadem</em></strong></span> <span class='ocrx_word' id='word_1_227' title='bbox 1633 3135 1700 3190; x_wconf 90' lang='lat' dir='ltr'><strong><em>de</em></strong></span> <span class='ocrx_word' id='word_1_228' title='bbox 1740 3136 1944 3207; x_wconf 84' lang='lat' dir='ltr'><strong><em>Spiritu</em></strong></span> 
     </span>
    </p>
   </div>
   <div class='ocr_carea' id='block_1_33' title="bbox 366 3218 1062 3283">
    <p class='ocr_par' dir='ltr' id='par_1_33' title="bbox 366 3218 1062 3283">
     <span class='ocr_line' id='line_1_33' title="bbox 366 3218 1062 3283; baseline 0.006 -14"><span class='ocrx_word' id='word_1_229' title='bbox 366 3218 684 3283; x_wconf 74' lang='lat' dir='ltr'><strong><em>exposuerit</em></strong></span> <span class='ocrx_word' id='word_1_230' title='bbox 719 3233 781 3272; x_wconf 89' lang='lat' dir='ltr'><strong><em>ac</em></strong></span> <span class='ocrx_word' id='word_1_231' title='bbox 811 3220 877 3273; x_wconf 89' lang='lat' dir='ltr'><strong><em>de</em></strong></span> <span class='ocrx_word' id='word_1_232' title='bbox 903 3219 1062 3275; x_wconf 88' lang='lat' dir='ltr'><strong><em>Filio.</em></strong></span> 
     </span>
    </p>
   </div>
   <div class='ocr_carea' id='block_1_34' title="bbox 439 3327 1943 3413">
    <p class='ocr_par' dir='ltr' id='par_1_34' title="bbox 439 3327 1943 3413">
     <span class='ocr_line' id='line_1_34' title="bbox 439 3327 1943 3413; baseline 0.012 -32"><span class='ocrx_word' id='word_1_233' title='bbox 439 3327 900 3385; x_wconf 85' lang='lat' dir='ltr'><strong><em>Perbonorilicum</em></strong></span> <span class='ocrx_word' id='word_1_234' title='bbox 942 3334 1007 3387; x_wconf 87' lang='lat' dir='ltr'><strong><em>de</em></strong></span> <span class='ocrx_word' id='word_1_235' title='bbox 1056 3337 1229 3390; x_wconf 84' lang='lat' dir='ltr'><strong><em>sancti</em></strong></span> <span class='ocrx_word' id='word_1_236' title='bbox 1282 3336 1470 3393; x_wconf 80' lang='lat' dir='ltr'><strong><em>Basilii</em></strong></span> <span class='ocrx_word' id='word_1_237' title='bbox 1520 3340 1657 3397; x_wconf 91' lang='lat' dir='ltr'><strong><em>libro</em></strong></span> <span class='ocrx_word' id='word_1_238' title='bbox 1683 3344 1943 3413; x_wconf 90' lang='lat' dir='ltr'><strong><em>judicium</em></strong></span> 
     </span>
    </p>
   </div>
   <div class='ocr_carea' id='block_1_35' title="bbox 368 3413 1947 3490">
    <p class='ocr_par' dir='ltr' id='par_1_35' title="bbox 368 3413 1947 3490">
     <span class='ocr_line' id='line_1_35' title="bbox 368 3413 1947 3490; baseline 0.016 -24"><span class='ocrx_word' id='word_1_239' title='bbox 368 3413 548 3468; x_wconf 80' lang='lat' dir='ltr'><strong><em>iecere</em></strong></span> <span class='ocrx_word' id='word_1_240' title='bbox 590 3417 824 3486; x_wconf 85' lang='lat' dir='ltr'><strong><em>episcopi</em></strong></span> <span class='ocrx_word' id='word_1_241' title='bbox 858 3419 1162 3490; x_wconf 71' lang='lat' dir='ltr'><strong><em>Lycaoniae,</em></strong></span> <span class='ocrx_word' id='word_1_242' title='bbox 1187 3440 1310 3479; x_wconf 93' lang='lat' dir='ltr'><strong><em>cum</em></strong></span> <span class='ocrx_word' id='word_1_243' title='bbox 1340 3444 1460 3482; x_wconf 92' lang='lat' dir='ltr'><strong><em>eum</em></strong></span> <span class='ocrx_word' id='word_1_244' title='bbox 1493 3432 1558 3484; x_wconf 90' lang='lat' dir='ltr'><strong><em>ad</em></strong></span> <span class='ocrx_word' id='word_1_245' title='bbox 1592 3432 1731 3489; x_wconf 87' lang='lat' dir='ltr'><strong><em>hanc</em></strong></span> <span class='ocrx_word' id='word_1_246' title='bbox 1759 3434 1947 3490; x_wconf 86' lang='lat' dir='ltr'><strong><em>Eccle-</em></strong></span> 
     </span>
    </p>
   </div>
   <div class='ocr_carea' id='block_1_36' title="bbox 368 3504 1945 3582">
    <p class='ocr_par' dir='ltr' id='par_1_36' title="bbox 368 3504 1945 3582">
     <span class='ocr_line' id='line_1_36' title="bbox 368 3504 1945 3582; baseline 0.015 -23"><span class='ocrx_word' id='word_1_247' title='bbox 368 3504 506 3559; x_wconf 73' lang='lat' dir='ltr'><strong><em>siam</em></strong></span> <span class='ocrx_word' id='word_1_248' title='bbox 552 3507 833 3564; x_wconf 87' lang='lat' dir='ltr'><strong><em>miserunt.</em></strong></span> <span class='ocrx_word' id='word_1_249' title='bbox 875 3511 981 3565; x_wconf 88' lang='lat' dir='ltr'><strong><em>Sed</em></strong></span> <span class='ocrx_word' id='word_1_250' title='bbox 1030 3522 1206 3569; x_wconf 87' lang='lat' dir='ltr'><strong><em>tamen</em></strong></span> <span class='ocrx_word' id='word_1_251' title='bbox 1253 3531 1566 3577; x_wconf 89' lang='lat' dir='ltr'><strong><em>asseverare</em></strong></span> <span class='ocrx_word' id='word_1_252' title='bbox 1619 3540 1724 3579; x_wconf 86' lang='lat' dir='ltr'><strong><em>non</em></strong></span> <span class='ocrx_word' id='word_1_253' title='bbox 1772 3528 1945 3582; x_wconf 90' lang='lat' dir='ltr'><strong><em>ausim</em></strong></span> 
     </span>
    </p>
   </div>
   <div class='ocr_carea' id='block_1_37' title="bbox 368 3598 1948 3681">
    <p class='ocr_par' dir='ltr' id='par_1_37' title="bbox 368 3598 1948 3681">
     <span class='ocr_line' id='line_1_37' title="bbox 368 3598 1948 3681; baseline 0.017 -36"><span class='ocrx_word' id='word_1_254' title='bbox 368 3599 513 3663; x_wconf 81' lang='lat' dir='ltr'><strong><em>quod</em></strong></span> <span class='ocrx_word' id='word_1_255' title='bbox 565 3598 641 3651; x_wconf 85' lang='lat' dir='ltr'><strong><em>ait</em></strong></span> <span class='ocrx_word' id='word_1_256' title='bbox 680 3599 1072 3664; x_wconf 86' lang='lat' dir='ltr'><strong><em>Tillemontius,</em></strong></span> <span class='ocrx_word' id='word_1_257' title='bbox 1139 3607 1191 3658; x_wconf 91' lang='lat' dir='ltr'><strong><em>in</em></strong></span> <span class='ocrx_word' id='word_1_258' title='bbox 1252 3608 1366 3678; x_wconf 89' lang='lat' dir='ltr'><strong><em>ipsa</em></strong></span> <span class='ocrx_word' id='word_1_259' title='bbox 1411 3615 1617 3681; x_wconf 85' lang='lat' dir='ltr'><strong><em>synodo</em></strong></span> <span class='ocrx_word' id='word_1_260' title='bbox 1658 3616 1858 3672; x_wconf 91' lang='lat' dir='ltr'><strong><em>lectum</em></strong></span> <span class='ocrx_word' id='word_1_261' title='bbox 1894 3627 1948 3674; x_wconf 90' lang='lat' dir='ltr'><strong><em>et</em></strong></span> 
     </span>
    </p>
   </div>
   <div class='ocr_carea' id='block_1_38' title="bbox 371 3686 1945 3773">
    <p class='ocr_par' dir='ltr' id='par_1_38' title="bbox 371 3686 1945 3773">
     <span class='ocr_line' id='line_1_38' title="bbox 371 3686 1945 3773; baseline 0.017 -36"><span class='ocrx_word' id='word_1_262' title='bbox 371 3686 659 3754; x_wconf 81' lang='lat' dir='ltr'><strong><em>probatum</em></strong></span> <span class='ocrx_word' id='word_1_263' title='bbox 709 3689 895 3756; x_wconf 83' lang='lat' dir='ltr'><strong><em>fuisse,</em></strong></span> <span class='ocrx_word' id='word_1_264' title='bbox 945 3710 1009 3749; x_wconf 85' lang='lat' dir='ltr'><strong><em>ac</em></strong></span> <span class='ocrx_word' id='word_1_265' title='bbox 1052 3695 1235 3753; x_wconf 81' lang='lat' dir='ltr'><strong><em>Basilii</em></strong></span> <span class='ocrx_word' id='word_1_266' title='bbox 1286 3701 1432 3756; x_wconf 88' lang='lat' dir='ltr'><strong><em>vices</em></strong></span> <span class='ocrx_word' id='word_1_267' title='bbox 1485 3705 1840 3773; x_wconf 87' lang='lat' dir='ltr'><strong><em>supplevisse.</em></strong></span> <span class='ocrx_word' id='word_1_268' title='bbox 1890 3710 1945 3764; x_wconf 88' lang='lat' dir='ltr'><strong><em>Id</em></strong></span> 
     </span>
    </p>
   </div>
   <div class='ocr_carea' id='block_1_39' title="bbox 367 3780 1940 3863">
    <p class='ocr_par' dir='ltr' id='par_1_39' title="bbox 367 3780 1940 3863">
     <span class='ocr_line' id='line_1_39' title="bbox 367 3780 1940 3863; baseline 0.013 -32"><span class='ocrx_word' id='word_1_269' title='bbox 367 3780 515 3832; x_wconf 89' lang='lat' dir='ltr'><strong><em>enim</em></strong></span> <span class='ocrx_word' id='word_1_270' title='bbox 564 3798 667 3834; x_wconf 90' lang='lat' dir='ltr'><strong><em>non</em></strong></span> <span class='ocrx_word' id='word_1_271' title='bbox 710 3784 942 3850; x_wconf 90' lang='lat' dir='ltr'><strong><em>probant</em></strong></span> <span class='ocrx_word' id='word_1_272' title='bbox 997 3788 1239 3850; x_wconf 63' lang='lat' dir='ltr'><strong><em>epistolae</em></strong></span> <span class='ocrx_word' id='word_1_273' title='bbox 1279 3792 1464 3859; x_wconf 90' lang='lat' dir='ltr'><strong><em>verba,</em></strong></span> <span class='ocrx_word' id='word_1_274' title='bbox 1509 3795 1705 3863; x_wconf 87' lang='lat' dir='ltr'><strong><em>quibus</em></strong></span> <span class='ocrx_word' id='word_1_275' title='bbox 1749 3799 1940 3853; x_wconf 89' lang='lat' dir='ltr'><strong><em>nititur</em></strong></span> 
     </span>
    </p>
   </div>
   <div class='ocr_carea' id='block_1_40' title="bbox 367 3870 1945 3954">
    <p class='ocr_par' dir='ltr' id='par_1_40' title="bbox 367 3870 1945 3954">
     <span class='ocr_line' id='line_1_40' title="bbox 367 3870 1945 3954; baseline 0.012 -30"><span class='ocrx_word' id='word_1_276' title='bbox 367 3870 769 3927; x_wconf 83' lang='lat' dir='ltr'><strong><em>Tillemontius.</em></strong></span> <span class='ocrx_word' id='word_1_277' title='bbox 820 3873 931 3928; x_wconf 86' lang='lat' dir='ltr'><strong><em>lloc</em></strong></span> <span class='ocrx_word' id='word_1_278' title='bbox 977 3885 1181 3932; x_wconf 82' lang='lat' dir='ltr'><strong><em>tantum</em></strong></span> <span class='ocrx_word' id='word_1_279' title='bbox 1225 3881 1411 3935; x_wconf 90' lang='lat' dir='ltr'><strong><em>dicunt</em></strong></span> <span class='ocrx_word' id='word_1_280' title='bbox 1454 3886 1713 3954; x_wconf 84' lang='lat' dir='ltr'><strong><em>episcopi,</em></strong></span> <span class='ocrx_word' id='word_1_281' title='bbox 1756 3887 1945 3943; x_wconf 88' lang='lat' dir='ltr'><strong><em>adesse</em></strong></span> 
     </span>
    </p>
   </div>
   <div class='ocr_carea' id='block_1_41' title="bbox 367 3961 1943 4047">
    <p class='ocr_par' dir='ltr' id='par_1_41' title="bbox 367 3961 1943 4047">
     <span class='ocr_line' id='line_1_41' title="bbox 367 3961 1943 4047; baseline 0.013 -32"><span class='ocrx_word' id='word_1_282' title='bbox 367 3961 471 4015; x_wconf 78' lang='lat' dir='ltr'><strong><em>sibi</em></strong></span> <span class='ocrx_word' id='word_1_283' title='bbox 512 3962 709 4016; x_wconf 89' lang='lat' dir='ltr'><strong><em>librum</em></strong></span> <span class='ocrx_word' id='word_1_284' title='bbox 746 3964 927 4020; x_wconf 84' lang='lat' dir='ltr'><strong><em>Basilii</em></strong></span> <span class='ocrx_word' id='word_1_285' title='bbox 966 3968 1042 4022; x_wconf 87' lang='lat' dir='ltr'><strong><em>De</em></strong></span> <span class='ocrx_word' id='word_1_286' title='bbox 1086 3970 1292 4039; x_wconf 89' lang='lat' dir='ltr'><strong><em>Spiritu</em></strong></span> <span class='ocrx_word' id='word_1_287' title='bbox 1327 3984 1530 4041; x_wconf 86' lang='lat' dir='ltr'><strong><em>sancto,</em></strong></span> <span class='ocrx_word' id='word_1_288' title='bbox 1564 3986 1617 4031; x_wconf 89' lang='lat' dir='ltr'><strong><em>et</em></strong></span> <span class='ocrx_word' id='word_1_289' title='bbox 1644 3978 1693 4031; x_wconf 93' lang='lat' dir='ltr'><strong><em>in</em></strong></span> <span class='ocrx_word' id='word_1_290' title='bbox 1725 3979 1841 4047; x_wconf 89' lang='lat' dir='ltr'><strong><em>ipso</em></strong></span> <span class='ocrx_word' id='word_1_291' title='bbox 1874 3981 1943 4034; x_wconf 92' lang='lat' dir='ltr'><strong><em>li-</em></strong></span> 
     </span>
    </p>
   </div>
   <div class='ocr_carea' id='block_1_42' title="bbox 368 4051 1944 4140">
    <p class='ocr_par' dir='ltr' id='par_1_42' title="bbox 368 4051 1944 4140">
     <span class='ocr_line' id='line_1_42' title="bbox 368 4051 1944 4140; baseline 0.013 -37"><span class='ocrx_word' id='word_1_292' title='bbox 368 4051 467 4105; x_wconf 85' lang='lat' dir='ltr'><strong><em>bro</em></strong></span> <span class='ocrx_word' id='word_1_293' title='bbox 496 4052 754 4106; x_wconf 80' lang='lat' dir='ltr'><strong><em>Basiliunt</em></strong></span> <span class='ocrx_word' id='word_1_294' title='bbox 790 4074 803 4108; x_wconf 88' lang='lat'><strong>:</strong></span> <span class='ocrx_word' id='word_1_295' title='bbox 833 4063 920 4125; x_wconf 83' lang='lat' dir='ltr'><strong><em>qui</em></strong></span> <span class='ocrx_word' id='word_1_296' title='bbox 956 4075 1066 4124; x_wconf 85' lang='lat' dir='ltr'><strong><em>vos,</em></strong></span> <span class='ocrx_word' id='word_1_297' title='bbox 1116 4062 1386 4131; x_wconf 85' lang='lat' dir='ltr'><strong><em>inquiunt,</em></strong></span> <span class='ocrx_word' id='word_1_298' title='bbox 1421 4068 1687 4119; x_wconf 86' lang='lat' dir='ltr'><strong><em>nobiscum</em></strong></span> <span class='ocrx_word' id='word_1_299' title='bbox 1718 4069 1944 4140; x_wconf 87' lang='lat' dir='ltr'><strong><em>alloqui-</em></strong></span> 
     </span>
    </p>
   </div>
   <div class='ocr_carea' id='block_1_43' title="bbox 368 4145 1943 4230">
    <p class='ocr_par' dir='ltr' id='par_1_43' title="bbox 368 4145 1943 4230">
     <span class='ocr_line' id='line_1_43' title="bbox 368 4145 1943 4230; baseline 0.012 -37"><span class='ocrx_word' id='word_1_300' title='bbox 368 4151 474 4207; x_wconf 86' lang='lat' dir='ltr'><strong><em>tur,</em></strong></span> <span class='ocrx_word' id='word_1_301' title='bbox 506 4145 758 4197; x_wconf 76' lang='grc' dir='ltr'><strong><em>κάκεῖνον</em></strong></span> <span class='ocrx_word' id='word_1_302' title='bbox 800 4146 887 4199; x_wconf 78' lang='grc' dir='ltr'><strong><em>διὰ</em></strong></span> <span class='ocrx_word' id='word_1_303' title='bbox 932 4148 1026 4201; x_wconf 78' lang='grc' dir='ltr'><strong><em>τοῦ</em></strong></span> <span class='ocrx_word' id='word_1_304' title='bbox 1061 4152 1387 4222; x_wconf 72' lang='grc' dir='ltr'><strong><em>γράμματος</em></strong></span> <span class='ocrx_word' id='word_1_305' title='bbox 1420 4154 1616 4226; x_wconf 81' lang='grc' dir='ltr'>ἔχομεν</span> <span class='ocrx_word' id='word_1_306' title='bbox 1641 4159 1772 4227; x_wconf 75' lang='grc' dir='ltr'><strong><em>ἡμῖν</em></strong></span> <span class='ocrx_word' id='word_1_307' title='bbox 1809 4176 1943 4230; x_wconf 83' lang='grc' dir='ltr'>συμ-</span> 
     </span>
    </p>
   </div>
   <div class='ocr_carea' id='block_1_44' title="bbox 370 4232 1939 4305">
    <p class='ocr_par' dir='ltr' id='par_1_44' title="bbox 370 4232 1939 4305">
     <span class='ocr_line' id='line_1_44' title="bbox 370 4232 1939 4305; baseline 0.013 -22"><span class='ocrx_word' id='word_1_308' title='bbox 370 4232 767 4304; x_wconf 68' lang='grc' dir='ltr'><strong><em>φθεγγόμενον,</em></strong></span> <span class='ocrx_word' id='word_1_309' title='bbox 803 4239 924 4305; x_wconf 91' lang='lat' dir='ltr'><strong><em>quia</em></strong></span> <span class='ocrx_word' id='word_1_310' title='bbox 970 4240 1218 4295; x_wconf 75' lang='lat' dir='ltr'><strong><em>videlicet</em></strong></span> <span class='ocrx_word' id='word_1_311' title='bbox 1253 4258 1374 4297; x_wconf 88' lang='lat' dir='ltr'><strong><em>eum</em></strong></span> <span class='ocrx_word' id='word_1_312' title='bbox 1429 4248 1719 4301; x_wconf 86' lang='lat' dir='ltr'><strong><em>mittebant</em></strong></span> <span class='ocrx_word' id='word_1_313' title='bbox 1752 4249 1939 4303; x_wconf 84' lang='lat' dir='ltr'><strong><em>Eccle-</em></strong></span> 
     </span>
    </p>
   </div>
   <div class='ocr_carea' id='block_1_45' title="bbox 366 4326 1941 4409">
    <p class='ocr_par' dir='ltr' id='par_1_45' title="bbox 366 4326 1941 4409">
     <span class='ocr_line' id='line_1_45' title="bbox 366 4326 1941 4409; baseline 0.011 -32"><span class='ocrx_word' id='word_1_314' title='bbox 366 4326 480 4388; x_wconf 69' lang='lat' dir='ltr'><strong><em>siae,</em></strong></span> <span class='ocrx_word' id='word_1_315' title='bbox 524 4340 554 4377; x_wconf 88' lang='lat' dir='ltr'><strong><em>a</em></strong></span> <span class='ocrx_word' id='word_1_316' title='bbox 587 4342 693 4395; x_wconf 91' lang='lat' dir='ltr'><strong><em>qua</em></strong></span> <span class='ocrx_word' id='word_1_317' title='bbox 739 4330 1188 4398; x_wconf 85' lang='lat' dir='ltr'><strong><em>consulcbantur;</em></strong></span> <span class='ocrx_word' id='word_1_318' title='bbox 1234 4351 1339 4389; x_wconf 88' lang='lat' dir='ltr'><strong><em>non</em></strong></span> <span class='ocrx_word' id='word_1_319' title='bbox 1392 4336 1534 4404; x_wconf 89' lang='lat' dir='ltr'><strong><em>quod</em></strong></span> <span class='ocrx_word' id='word_1_320' title='bbox 1580 4352 1702 4392; x_wconf 88' lang='lat' dir='ltr'><strong><em>eum</em></strong></span> <span class='ocrx_word' id='word_1_321' title='bbox 1745 4339 1793 4392; x_wconf 91' lang='lat' dir='ltr'><strong><em>in</em></strong></span> <span class='ocrx_word' id='word_1_322' title='bbox 1826 4342 1941 4409; x_wconf 89' lang='lat' dir='ltr'><strong><em>ipso</em></strong></span> 
     </span>
    </p>
   </div>
   <div class='ocr_carea' id='block_1_46' title="bbox 368 4417 1939 4486">
    <p class='ocr_par' dir='ltr' id='par_1_46' title="bbox 368 4417 1939 4486">
     <span class='ocr_line' id='line_1_46' title="bbox 368 4417 1939 4486; baseline 0.012 -18"><span class='ocrx_word' id='word_1_323' title='bbox 368 4417 598 4470; x_wconf 88' lang='lat' dir='ltr'><strong><em>concilio</em></strong></span> <span class='ocrx_word' id='word_1_324' title='bbox 656 4418 925 4486; x_wconf 80' lang='lat' dir='ltr'><strong><em>legissent.</em></strong></span> <span class='ocrx_word' id='word_1_325' title='bbox 982 4421 1171 4478; x_wconf 89' lang='lat' dir='ltr'><strong><em>Tutius</em></strong></span> <span class='ocrx_word' id='word_1_326' title='bbox 1233 4427 1586 4482; x_wconf 89' lang='lat' dir='ltr'><strong><em>ratiocinatur</em></strong></span> <span class='ocrx_word' id='word_1_327' title='bbox 1650 4430 1939 4486; x_wconf 89' lang='lat' dir='ltr'><strong><em>Tillemon-</em></strong></span> 
     </span>
    </p>
   </div>
   <div class='ocr_carea' id='block_1_47' title="bbox 369 4511 2015 4591">
    <p class='ocr_par' dir='ltr' id='par_1_47' title="bbox 369 4511 2015 4591">
     <span class='ocr_line' id='line_1_47' title="bbox 369 4511 2015 4591; baseline 0.011 -29"><span class='ocrx_word' id='word_1_328' title='bbox 369 4511 475 4563; x_wconf 89' lang='lat' dir='ltr'><strong><em>tius</em></strong></span> <span class='ocrx_word' id='word_1_329' title='bbox 510 4527 633 4564; x_wconf 90' lang='lat' dir='ltr'><strong><em>cum</em></strong></span> <span class='ocrx_word' id='word_1_330' title='bbox 674 4527 807 4579; x_wconf 83' lang='lat' dir='ltr'><strong><em>Opus</em></strong></span> <span class='ocrx_word' id='word_1_331' title='bbox 859 4513 923 4567; x_wconf 88' lang='lat' dir='ltr'><strong><em>de</em></strong></span> <span class='ocrx_word' id='word_1_332' title='bbox 973 4513 1175 4584; x_wconf 87' lang='lat' dir='ltr'><strong><em>Spiritu</em></strong></span> <span class='ocrx_word' id='word_1_333' title='bbox 1227 4530 1413 4573; x_wconf 88' lang='lat' dir='ltr'><strong><em>sancto</em></strong></span> <span class='ocrx_word' id='word_1_334' title='bbox 1446 4521 1935 4591; x_wconf 90' lang='lat' dir='ltr'><strong><em>subscriptionibus</em></strong></span> <span class='ocrx_word' id='word_1_335' title='bbox 1971 4512 2015 4565; x_wconf 78' lang='grc' dir='ltr'><strong>Ῐ)</strong></span> 
     </span>
    </p>
   </div>
   <div class='ocr_carea' id='block_1_48' title="bbox 365 4602 1931 4675">
    <p class='ocr_par' dir='ltr' id='par_1_48' title="bbox 365 4602 1931 4675">
     <span class='ocr_line' id='line_1_48' title="bbox 365 4602 1931 4675; baseline 0.01 -22"><span class='ocrx_word' id='word_1_336' title='bbox 365 4602 741 4670; x_wconf 88' lang='lat' dir='ltr'><strong><em>episcoporum</em></strong></span> <span class='ocrx_word' id='word_1_337' title='bbox 779 4605 829 4657; x_wconf 91' lang='lat' dir='ltr'><strong><em>in</em></strong></span> <span class='ocrx_word' id='word_1_338' title='bbox 867 4605 1048 4674; x_wconf 87' lang='lat' dir='ltr'><strong><em>aliquo</em></strong></span> <span class='ocrx_word' id='word_1_339' title='bbox 1098 4605 1453 4675; x_wconf 74' lang='lat' dir='ltr'><strong><em>Cappadocia:</em></strong></span> <span class='ocrx_word' id='word_1_340' title='bbox 1492 4614 1721 4667; x_wconf 89' lang='lat' dir='ltr'><strong><em>concilio</em></strong></span> <span class='ocrx_word' id='word_1_341' title='bbox 1755 4616 1931 4668; x_wconf 86' lang='lat' dir='ltr'><strong><em>muni-</em></strong></span> 
     </span>
    </p>
   </div>
   <div class='ocr_carea' id='block_1_49' title="bbox 368 4694 1933 4773">
    <p class='ocr_par' dir='ltr' id='par_1_49' title="bbox 368 4694 1933 4773">
     <span class='ocr_line' id='line_1_49' title="bbox 368 4694 1933 4773; baseline 0.01 -28"><span class='ocrx_word' id='word_1_342' title='bbox 368 4704 478 4747; x_wconf 91' lang='lat' dir='ltr'><strong><em>tum</em></strong></span> <span class='ocrx_word' id='word_1_343' title='bbox 530 4694 695 4749; x_wconf 86' lang='lat' dir='ltr'><strong><em>fuisse</em></strong></span> <span class='ocrx_word' id='word_1_344' title='bbox 739 4697 944 4765; x_wconf 81' lang='lat' dir='ltr'><strong><em>colligit</em></strong></span> <span class='ocrx_word' id='word_1_345' title='bbox 985 4715 1051 4752; x_wconf 76' lang='lat' dir='ltr'><strong><em>ex</em></strong></span> <span class='ocrx_word' id='word_1_346' title='bbox 1088 4700 1173 4753; x_wconf 84' lang='lat' dir='ltr'><strong><em>bis</em></strong></span> <span class='ocrx_word' id='word_1_347' title='bbox 1204 4703 1382 4756; x_wconf 83' lang='lat' dir='ltr'><strong><em>verbis</em></strong></span> <span class='ocrx_word' id='word_1_348' title='bbox 1416 4706 1603 4773; x_wconf 88' lang='lat' dir='ltr'><strong><em>synodi</em></strong></span> <span class='ocrx_word' id='word_1_349' title='bbox 1638 4706 1933 4762; x_wconf 80' lang='lat' dir='ltr'><strong><em>Chalcedo-</em></strong></span> 
     </span>
    </p>
   </div>
   <div class='ocr_carea' id='block_1_50' title="bbox 363 4785 1940 4863">
    <p class='ocr_par' dir='ltr' id='par_1_50' title="bbox 363 4785 1940 4863">
     <span class='ocr_line' id='line_1_50' title="bbox 363 4785 1940 4863; baseline 0.01 -26"><span class='ocrx_word' id='word_1_350' title='bbox 363 4785 570 4848; x_wconf 86' lang='lat' dir='ltr'><strong><em>nensis,</em></strong></span> <span class='ocrx_word' id='word_1_351' title='bbox 622 4801 739 4854; x_wconf 64' lang='lat' dir='ltr'><strong><em>quae</em></strong></span> <span class='ocrx_word' id='word_1_352' title='bbox 789 4787 1045 4841; x_wconf 86' lang='lat' dir='ltr'><strong><em>Basiliqu</em></strong></span> <span class='ocrx_word' id='word_1_353' title='bbox 1107 4793 1183 4845; x_wconf 88' lang='lat' dir='ltr'><strong><em>ait</em></strong></span> <span class='ocrx_word' id='word_1_354' title='bbox 1240 4790 1313 4861; x_wconf 87' lang='lat' dir='ltr'><strong><em>(p.</em></strong></span> <span class='ocrx_word' id='word_1_355' title='bbox 1347 4793 1472 4863; x_wconf 86' lang='lat'><strong>826)</strong></span> <span class='ocrx_word' id='word_1_356' title='bbox 1523 4808 1827 4849; x_wconf 87' lang='lat' dir='ltr'><strong><em>accuratam</em></strong></span> <span class='ocrx_word' id='word_1_357' title='bbox 1876 4800 1940 4852; x_wconf 87' lang='lat' dir='ltr'><strong><em>de</em></strong></span> 
     </span>
    </p>
   </div>
   <div class='ocr_carea' id='block_1_51' title="bbox 363 4872 1939 4950">
    <p class='ocr_par' dir='ltr' id='par_1_51' title="bbox 363 4872 1939 4950">
     <span class='ocr_line' id='line_1_51' title="bbox 363 4872 1939 4950; baseline 0.013 -28"><span class='ocrx_word' id='word_1_358' title='bbox 363 4882 549 4924; x_wconf 85' lang='lat' dir='ltr'><strong><em>sancto</em></strong></span> <span class='ocrx_word' id='word_1_359' title='bbox 599 4872 805 4940; x_wconf 87' lang='lat' dir='ltr'><strong><em>Spiritu</em></strong></span> <span class='ocrx_word' id='word_1_360' title='bbox 866 4876 1161 4931; x_wconf 87' lang='lat' dir='ltr'><strong><em>doctrinam</em></strong></span> <span class='ocrx_word' id='word_1_361' title='bbox 1218 4882 1539 4950; x_wconf 81' lang='lat' dir='ltr'><strong><em>tradidisse,</em></strong></span> <span class='ocrx_word' id='word_1_362' title='bbox 1595 4890 1939 4942; x_wconf 85' lang='lat' dir='ltr'><strong><em>consacerdo-</em></strong></span> 
     </span>
    </p>
   </div>
   <div class='ocr_carea' id='block_1_52' title="bbox 363 4966 1511 5035">
    <p class='ocr_par' dir='ltr' id='par_1_52' title="bbox 363 4966 1511 5035">
     <span class='ocr_line' id='line_1_52' title="bbox 363 4966 1511 5035; baseline 0.009 -19"><span class='ocrx_word' id='word_1_363' title='bbox 363 4973 478 5016; x_wconf 84' lang='lat' dir='ltr'><strong><em>tum</em></strong></span> <span class='ocrx_word' id='word_1_364' title='bbox 501 4978 592 5030; x_wconf 86' lang='lat' dir='ltr'><strong><em>per</em></strong></span> <span class='ocrx_word' id='word_1_365' title='bbox 618 4966 1021 5033; x_wconf 84' lang='lat' dir='ltr'><strong><em>subscriptiones</em></strong></span> <span class='ocrx_word' id='word_1_366' title='bbox 1050 4972 1207 5035; x_wconf 85' lang='lat' dir='ltr'><strong><em>petito</em></strong></span> <span class='ocrx_word' id='word_1_367' title='bbox 1240 4987 1511 5025; x_wconf 86' lang='lat' dir='ltr'><strong><em>consensu.</em></strong></span> 
     </span>
    </p>
   </div>
   <div class='ocr_carea' id='block_1_53' title="bbox 434 5074 1937 5158">
    <p class='ocr_par' dir='ltr' id='par_1_53' title="bbox 434 5074 1937 5158">
     <span class='ocr_line' id='line_1_53' title="bbox 434 5074 1937 5158; baseline 0.012 -31"><span class='ocrx_word' id='word_1_368' title='bbox 434 5074 499 5128; x_wconf 86' lang='lat' dir='ltr'><strong><em>ll.</em></strong></span> <span class='ocrx_word' id='word_1_369' title='bbox 525 5076 649 5130; x_wconf 78' lang='lat' dir='ltr'><strong><em>Duze</em></strong></span> <span class='ocrx_word' id='word_1_370' title='bbox 666 5079 733 5131; x_wconf 87' lang='lat' dir='ltr'><strong><em>ad</em></strong></span> <span class='ocrx_word' id='word_1_371' title='bbox 758 5090 1003 5133; x_wconf 88' lang='lat' dir='ltr'><strong><em>sanctum</em></strong></span> <span class='ocrx_word' id='word_1_372' title='bbox 1036 5080 1235 5137; x_wconf 88' lang='lat' dir='ltr'><strong><em>Barsen</em></strong></span> <span class='ocrx_word' id='word_1_373' title='bbox 1267 5084 1593 5140; x_wconf 63' lang='lat' dir='ltr'><strong><em>lidessenum</em></strong></span> <span class='ocrx_word' id='word_1_374' title='bbox 1628 5090 1937 5158; x_wconf 88' lang='lat' dir='ltr'><strong><em>episcopum</em></strong></span> 
     </span>
    </p>
   </div>
   <div class='ocr_carea' id='block_1_54' title="bbox 363 5167 1937 5244">
    <p class='ocr_par' dir='ltr' id='par_1_54' title="bbox 363 5167 1937 5244">
     <span class='ocr_line' id='line_1_54' title="bbox 363 5167 1937 5244; baseline 0.011 -26"><span class='ocrx_word' id='word_1_375' title='bbox 363 5167 578 5229; x_wconf 70' lang='lat' dir='ltr'><strong><em>.itteree,</em></strong></span> <span class='ocrx_word' id='word_1_376' title='bbox 607 5184 837 5236; x_wconf 89' lang='lat' dir='ltr'><strong><em>quarum</em></strong></span> <span class='ocrx_word' id='word_1_377' title='bbox 874 5172 1046 5225; x_wconf 88' lang='lat' dir='ltr'><strong><em>altera</em></strong></span> <span class='ocrx_word' id='word_1_378' title='bbox 1091 5183 1175 5226; x_wconf 91' lang='lat' dir='ltr'><strong><em>est</em></strong></span> <span class='ocrx_word' id='word_1_379' title='bbox 1202 5174 1328 5238; x_wconf 66' lang='lat'><strong>264,</strong></span> <span class='ocrx_word' id='word_1_380' title='bbox 1362 5176 1530 5231; x_wconf 89' lang='lat' dir='ltr'><strong><em>altera</em></strong></span> <span class='ocrx_word' id='word_1_381' title='bbox 1582 5178 1706 5244; x_wconf 85' lang='lat'><strong>267,</strong></span> <span class='ocrx_word' id='word_1_382' title='bbox 1745 5184 1811 5234; x_wconf 86' lang='lat' dir='ltr'><strong><em>ad</em></strong></span> <span class='ocrx_word' id='word_1_383' title='bbox 1842 5197 1937 5236; x_wconf 81' lang='lat' dir='ltr'><strong><em>ex-</em></strong></span> 
     </span>
    </p>
   </div>
   <div class='ocr_carea' id='block_1_55' title="bbox 366 5257 1937 5327">
    <p class='ocr_par' dir='ltr' id='par_1_55' title="bbox 366 5257 1937 5327">
     <span class='ocr_line' id='line_1_55' title="bbox 366 5257 1937 5327; baseline 0.012 -19"><span class='ocrx_word' id='word_1_384' title='bbox 366 5267 570 5311; x_wconf 89' lang='lat' dir='ltr'><strong><em>tremos</em></strong></span> <span class='ocrx_word' id='word_1_385' title='bbox 601 5257 843 5315; x_wconf 81' lang='lat' dir='ltr'><strong><em>Valentis</em></strong></span> <span class='ocrx_word' id='word_1_386' title='bbox 871 5278 1042 5317; x_wconf 89' lang='lat' dir='ltr'><strong><em>annos</em></strong></span> <span class='ocrx_word' id='word_1_387' title='bbox 1072 5265 1320 5320; x_wconf 88' lang='lat' dir='ltr'><strong><em>videntur</em></strong></span> <span class='ocrx_word' id='word_1_388' title='bbox 1346 5267 1661 5325; x_wconf 70' lang='lat' dir='ltr'><strong><em>referendae.</em></strong></span> <span class='ocrx_word' id='word_1_389' title='bbox 1691 5272 1746 5325; x_wconf 91' lang='lat' dir='ltr'><strong><em>In</em></strong></span> <span class='ocrx_word' id='word_1_390' title='bbox 1786 5282 1937 5327; x_wconf 90' lang='lat' dir='ltr'><strong><em>utra-</em></strong></span> 
     </span>
    </p>
   </div>
   <div class='ocr_carea' id='block_1_56' title="bbox 366 5355 1935 5431">
    <p class='ocr_par' dir='ltr' id='par_1_56' title="bbox 366 5355 1935 5431">
     <span class='ocr_line' id='line_1_56' title="bbox 366 5355 1935 5431; baseline 0.008 -28"><span class='ocrx_word' id='word_1_391' title='bbox 366 5368 476 5420; x_wconf 90' lang='lat' dir='ltr'><strong><em>que</em></strong></span> <span class='ocrx_word' id='word_1_392' title='bbox 517 5355 663 5407; x_wconf 88' lang='lat' dir='ltr'><strong><em>enim</em></strong></span> <span class='ocrx_word' id='word_1_393' title='bbox 710 5370 835 5419; x_wconf 90' lang='lat' dir='ltr'><strong><em>spes</em></strong></span> <span class='ocrx_word' id='word_1_394' title='bbox 879 5357 1055 5411; x_wconf 88' lang='lat' dir='ltr'><strong><em>elucet</em></strong></span> <span class='ocrx_word' id='word_1_395' title='bbox 1090 5361 1571 5429; x_wconf 81' lang='lat' dir='ltr'><strong><em>appmpinquantis</em></strong></span> <span class='ocrx_word' id='word_1_396' title='bbox 1612 5363 1784 5431; x_wconf 87' lang='lat' dir='ltr'><strong><em>pacis,</em></strong></span> <span class='ocrx_word' id='word_1_397' title='bbox 1814 5379 1935 5418; x_wconf 89' lang='lat' dir='ltr'><strong><em>cum</em></strong></span> 
     </span>
    </p>
   </div>
   <div class='ocr_carea' id='block_1_57' title="bbox 364 5444 1937 5515">
    <p class='ocr_par' dir='ltr' id='par_1_57' title="bbox 364 5444 1937 5515">
     <span class='ocr_line' id='line_1_57' title="bbox 364 5444 1937 5515; baseline 0.008 -22"><span class='ocrx_word' id='word_1_398' title='bbox 364 5444 672 5510; x_wconf 85' lang='lat' dir='ltr'><strong><em>persecutio</em></strong></span> <span class='ocrx_word' id='word_1_399' title='bbox 712 5446 778 5497; x_wconf 88' lang='lat' dir='ltr'><strong><em>ad</em></strong></span> <span class='ocrx_word' id='word_1_400' title='bbox 810 5447 1084 5499; x_wconf 87' lang='lat' dir='ltr'><strong><em>cumulum</em></strong></span> <span class='ocrx_word' id='word_1_401' title='bbox 1122 5447 1201 5500; x_wconf 91' lang='lat' dir='ltr'><strong><em>sic</em></strong></span> <span class='ocrx_word' id='word_1_402' title='bbox 1246 5449 1500 5515; x_wconf 88' lang='lat' dir='ltr'><strong><em>perducta</em></strong></span> <span class='ocrx_word' id='word_1_403' title='bbox 1536 5461 1701 5514; x_wconf 87' lang='lat' dir='ltr'><strong><em>esset,</em></strong></span> <span class='ocrx_word' id='word_1_404' title='bbox 1739 5460 1793 5504; x_wconf 90' lang='lat' dir='ltr'><strong><em>ut</em></strong></span> <span class='ocrx_word' id='word_1_405' title='bbox 1841 5450 1937 5505; x_wconf 92' lang='lat' dir='ltr'><strong><em>Dei</em></strong></span> 
     </span>
    </p>
   </div>
   <div class='ocr_carea' id='block_1_58' title="bbox 365 5533 1937 5612">
    <p class='ocr_par' dir='ltr' id='par_1_58' title="bbox 365 5533 1937 5612">
     <span class='ocr_line' id='line_1_58' title="bbox 365 5533 1937 5612; baseline 0.008 -27"><span class='ocrx_word' id='word_1_406' title='bbox 365 5533 627 5587; x_wconf 74' lang='lat' dir='ltr'><strong><em>auxilium</em></strong></span> <span class='ocrx_word' id='word_1_407' title='bbox 664 5535 824 5604; x_wconf 83' lang='lat' dir='ltr'><strong><em>longe</em></strong></span> <span class='ocrx_word' id='word_1_408' title='bbox 851 5536 1041 5591; x_wconf 85' lang='lat' dir='ltr'><strong><em>abesse</em></strong></span> <span class='ocrx_word' id='word_1_409' title='bbox 1071 5555 1174 5593; x_wconf 90' lang='lat' dir='ltr'><strong><em>tton</em></strong></span> <span class='ocrx_word' id='word_1_410' title='bbox 1207 5540 1499 5608; x_wconf 84' lang='lat' dir='ltr'><strong><em>videretur,</em></strong></span> <span class='ocrx_word' id='word_1_411' title='bbox 1525 5542 1627 5596; x_wconf 87' lang='lat' dir='ltr'><strong><em>nisi</em></strong></span> <span class='ocrx_word' id='word_1_412' title='bbox 1653 5541 1805 5612; x_wconf 83' lang='lat' dir='ltr'><strong><em>forte,</em></strong></span> <span class='ocrx_word' id='word_1_413' title='bbox 1854 5544 1937 5598; x_wconf 91' lang='lat' dir='ltr'><strong><em>in—</em></strong></span> 
     </span>
    </p>
   </div>
   <div class='ocr_carea' id='block_1_59' title="bbox 342 5708 1259 5865">
    <p class='ocr_par' dir='ltr' id='par_1_59' title="bbox 342 5708 1259 5865">
     <span class='ocr_line' id='line_1_59' title="bbox 342 5708 1259 5865; baseline 0.007 -82"><span class='ocrx_word' id='word_1_414' title='bbox 342 5708 347 5715; x_wconf 83' lang='grc'><em>’</em></span> <span class='ocrx_word' id='word_1_415' title='bbox 537 5733 860 5860; x_wconf 42' lang='lat' dir='ltr'><strong><em>graccis?!”</em></strong></span> <span class='ocrx_word' id='word_1_416' title='bbox 891 5736 985 5792; x_wconf 91' lang='lat' dir='ltr'><strong><em>lib.</em></strong></span> <span class='ocrx_word' id='word_1_417' title='bbox 1011 5752 1082 5803; x_wconf 81' lang='lat' dir='ltr'><strong><em>IV,</em></strong></span> <span class='ocrx_word' id='word_1_418' title='bbox 1115 5736 1259 5806; x_wconf 69' lang='lat' dir='ltr'><strong><em>c.16_</em></strong></span> 
     </span>
     <span class='ocr_line' id='line_1_60' title="bbox 582 5821 800 5865; baseline 0.009 -9"><span class='ocrx_word' id='word_1_419' title='bbox 582 5821 633 5865; x_wconf 77' lang='grc' dir='ltr'><strong><em>ι).</em></strong></span> <span class='ocrx_word' id='word_1_420' title='bbox 679 5844 710 5857; x_wconf 86' lang='grc'><strong><em>..</em></strong></span> <span class='ocrx_word' id='word_1_421' title='bbox 787 5844 800 5858; x_wconf 87' lang='grc'><strong>.</strong></span> 
     </span>
    </p>
   </div>
   <div class='ocr_carea' id='block_1_60' title="bbox 582 5821 800 5871">
    <p class='ocr_par' dir='ltr' id='par_1_60' title="bbox 582 5821 800 5871">
     <span class='ocr_line' id='line_1_61' title="bbox 582 5821 800 5871; baseline 0.009 -15"><span class='ocrx_word' id='word_1_422' title='bbox 582 5821 633 5871; x_wconf 90' lang='lat' dir='ltr'><strong><em>p.</em></strong></span> <span class='ocrx_word' id='word_1_423' title='bbox 675 5821 800 5860; x_wconf 72' lang='lat' dir='ltr'><strong><em>zoo.</em></strong></span> 
     </span>
    </p>
   </div>
   <div class='ocr_carea' id='block_1_61' title="bbox 2046 583 3619 651">
    <p class='ocr_par' dir='ltr' id='par_1_61' title="bbox 2046 583 3619 651">
     <span class='ocr_line' id='line_1_62' title="bbox 2046 583 3619 651; baseline 0.006 -17"><span class='ocrx_word' id='word_1_424' title='bbox 2046 584 2203 651; x_wconf 74' lang='lat' dir='ltr'><strong><em>fiunt,</em></strong></span> <span class='ocrx_word' id='word_1_425' title='bbox 2240 583 2457 636; x_wconf 74' lang='lat' dir='ltr'><strong><em>exordia</em></strong></span> <span class='ocrx_word' id='word_1_426' title='bbox 2516 594 2634 636; x_wconf 86' lang='lat' dir='ltr'><strong><em>sunt</em></strong></span> <span class='ocrx_word' id='word_1_427' title='bbox 2693 585 2954 651; x_wconf 80' lang='lat' dir='ltr'><strong><em>ingressus</em></strong></span> <span class='ocrx_word' id='word_1_428' title='bbox 3012 586 3349 641; x_wconf 81' lang='lat' dir='ltr'><strong><em>Antichristi.</em></strong></span> <span class='ocrx_word' id='word_1_429' title='bbox 3426 588 3619 644; x_wconf 81' lang='lat' dir='ltr'><strong><em>Narrat</em></strong></span> 
     </span>
    </p>
   </div>
   <div class='ocr_carea' id='block_1_62' title="bbox 2051 671 3616 745">
    <p class='ocr_par' dir='ltr' id='par_1_62' title="bbox 2051 671 3616 745">
     <span class='ocr_line' id='line_1_63' title="bbox 2051 671 3616 745; baseline 0.006 -20"><span class='ocrx_word' id='word_1_430' title='bbox 2051 671 2419 728; x_wconf 88' lang='lat' dir='ltr'><strong><em>Theodoretus</em></strong></span> <span class='ocrx_word' id='word_1_431' title='bbox 2450 674 2527 743; x_wconf 89' lang='lat' dir='ltr'><strong><em>(a)</em></strong></span> <span class='ocrx_word' id='word_1_432' title='bbox 2565 675 2705 729; x_wconf 88' lang='lat' dir='ltr'><strong><em>hunc</em></strong></span> <span class='ocrx_word' id='word_1_433' title='bbox 2729 676 2929 731; x_wconf 87' lang='lat' dir='ltr'><strong><em>Barsen</em></strong></span> <span class='ocrx_word' id='word_1_434' title='bbox 2975 679 3149 745; x_wconf 88' lang='lat' dir='ltr'><strong><em>primo</em></strong></span> <span class='ocrx_word' id='word_1_435' title='bbox 3180 680 3231 733; x_wconf 90' lang='lat' dir='ltr'><strong><em>in</em></strong></span> <span class='ocrx_word' id='word_1_436' title='bbox 3261 681 3498 735; x_wconf 85' lang='lat' dir='ltr'><strong><em>Aradum</em></strong></span> <span class='ocrx_word' id='word_1_437' title='bbox 3528 680 3616 734; x_wconf 61' lang='lat' dir='ltr'><strong><em>inn</em></strong></span> 
     </span>
    </p>
   </div>
   <div class='ocr_carea' id='block_1_63' title="bbox 2049 765 3612 832">
    <p class='ocr_par' dir='ltr' id='par_1_63' title="bbox 2049 765 3612 832">
     <span class='ocr_line' id='line_1_64' title="bbox 2049 765 3612 832; baseline 0.005 -14"><span class='ocrx_word' id='word_1_438' title='bbox 2049 765 2239 832; x_wconf 87' lang='lat' dir='ltr'><strong><em>solam,</em></strong></span> <span class='ocrx_word' id='word_1_439' title='bbox 2273 766 2461 820; x_wconf 87' lang='lat' dir='ltr'><strong><em>deinde</em></strong></span> <span class='ocrx_word' id='word_1_440' title='bbox 2495 782 2615 820; x_wconf 90' lang='lat' dir='ltr'><strong><em>cum</em></strong></span> <span class='ocrx_word' id='word_1_441' title='bbox 2660 768 3071 824; x_wconf 87' lang='lat' dir='ltr'><strong><em>innumerabilis</em></strong></span> <span class='ocrx_word' id='word_1_442' title='bbox 3116 772 3394 825; x_wconf 90' lang='lat' dir='ltr'><strong><em>hominum</em></strong></span> <span class='ocrx_word' id='word_1_443' title='bbox 3429 772 3612 827; x_wconf 91' lang='lat' dir='ltr'><strong><em>multi-</em></strong></span> 
     </span>
    </p>
   </div>
   <div class='ocr_carea' id='block_1_64' title="bbox 2052 858 3615 934">
    <p class='ocr_par' dir='ltr' id='par_1_64' title="bbox 2052 858 3615 934">
     <span class='ocr_line' id='line_1_65' title="bbox 2052 858 3615 934; baseline 0.007 -26"><span class='ocrx_word' id='word_1_444' title='bbox 2052 859 2177 911; x_wconf 87' lang='lat' dir='ltr'><strong><em>tudo</em></strong></span> <span class='ocrx_word' id='word_1_445' title='bbox 2210 873 2275 913; x_wconf 89' lang='lat' dir='ltr'><strong><em>eo</em></strong></span> <span class='ocrx_word' id='word_1_446' title='bbox 2312 858 2608 914; x_wconf 85' lang='lat' dir='ltr'><strong><em>conﬂueret</em></strong></span> <span class='ocrx_word' id='word_1_447' title='bbox 2645 860 2713 914; x_wconf 92' lang='lat' dir='ltr'><strong><em>ob</em></strong></span> <span class='ocrx_word' id='word_1_448' title='bbox 2760 860 2900 915; x_wconf 90' lang='lat' dir='ltr'><strong><em>illius</em></strong></span> <span class='ocrx_word' id='word_1_449' title='bbox 2945 863 3228 931; x_wconf 87' lang='lat' dir='ltr'><strong><em>miracula,</em></strong></span> <span class='ocrx_word' id='word_1_450' title='bbox 3261 863 3315 918; x_wconf 92' lang='lat' dir='ltr'><strong><em>in</em></strong></span> <span class='ocrx_word' id='word_1_451' title='bbox 3361 865 3615 934; x_wconf 89' lang='lat' dir='ltr'><strong><em>oppidum</em></strong></span> 
     </span>
    </p>
   </div>
   <div class='ocr_carea' id='block_1_65' title="bbox 2051 947 3617 1020">
    <p class='ocr_par' dir='ltr' id='par_1_65' title="bbox 2051 947 3617 1020">
     <span class='ocr_line' id='line_1_66' title="bbox 2051 947 3617 1020; baseline 0.008 -19"><span class='ocrx_word' id='word_1_452' title='bbox 2051 947 2269 1018; x_wconf 68' lang='lat' dir='ltr'><strong><em>IEgypti</em></strong></span> <span class='ocrx_word' id='word_1_453' title='bbox 2313 950 2704 1020; x_wconf 75' lang='lat' dir='ltr'><strong><em>Oxyrinchum,</em></strong></span> <span class='ocrx_word' id='word_1_454' title='bbox 2742 966 2805 1004; x_wconf 89' lang='lat' dir='ltr'><strong><em>ac</em></strong></span> <span class='ocrx_word' id='word_1_455' title='bbox 2841 962 3111 1020; x_wconf 88' lang='lat' dir='ltr'><strong><em>postremo</em></strong></span> <span class='ocrx_word' id='word_1_456' title='bbox 3146 956 3197 1008; x_wconf 93' lang='lat' dir='ltr'><strong><em>in</em></strong></span> <span class='ocrx_word' id='word_1_457' title='bbox 3244 965 3481 1011; x_wconf 79' lang='lat' dir='ltr'><strong><em>castrum</em></strong></span> <span class='ocrx_word' id='word_1_458' title='bbox 3534 971 3617 1013; x_wconf 90' lang='lat' dir='ltr'><strong><em>re-</em></strong></span> 
     </span>
    </p>
   </div>
   <div class='ocr_carea' id='block_1_66' title="bbox 2052 1040 3614 1115">
    <p class='ocr_par' dir='ltr' id='par_1_66' title="bbox 2052 1040 3614 1115">
     <span class='ocr_line' id='line_1_67' title="bbox 2052 1040 3614 1115; baseline 0.007 -23"><span class='ocrx_word' id='word_1_459' title='bbox 2052 1040 2414 1095; x_wconf 91' lang='lat' dir='ltr'><strong><em>motissimum</em></strong></span> <span class='ocrx_word' id='word_1_460' title='bbox 2444 1081 2460 1107; x_wconf 93' lang='lat'><strong><em>,</em></strong></span> <span class='ocrx_word' id='word_1_461' title='bbox 2502 1044 2586 1096; x_wconf 90' lang='lat' dir='ltr'><strong><em>cui</em></strong></span> <span class='ocrx_word' id='word_1_462' title='bbox 2627 1059 2820 1098; x_wconf 88' lang='lat' dir='ltr'><strong><em>nomen</em></strong></span> <span class='ocrx_word' id='word_1_463' title='bbox 2864 1044 3053 1109; x_wconf 88' lang='lat' dir='ltr'><strong><em>Philo,</em></strong></span> <span class='ocrx_word' id='word_1_464' title='bbox 3104 1046 3393 1115; x_wconf 82' lang='lat' dir='ltr'><strong><em>relegatum</em></strong></span> <span class='ocrx_word' id='word_1_465' title='bbox 3428 1047 3614 1103; x_wconf 88' lang='lat' dir='ltr'><strong><em>fuisse.</em></strong></span> 
     </span>
    </p>
   </div>
   <div class='ocr_carea' id='block_1_67' title="bbox 2052 1128 3618 1205">
    <p class='ocr_par' dir='ltr' id='par_1_67' title="bbox 2052 1128 3618 1205">
     <span class='ocr_line' id='line_1_68' title="bbox 2052 1128 3618 1205; baseline 0.008 -24"><span class='ocrx_word' id='word_1_466' title='bbox 2052 1128 2185 1184; x_wconf 86' lang='lat' dir='ltr'><strong><em>lluic</em></strong></span> <span class='ocrx_word' id='word_1_467' title='bbox 2229 1131 2456 1186; x_wconf 88' lang='lat' dir='ltr'><strong><em>Basilius</em></strong></span> <span class='ocrx_word' id='word_1_468' title='bbox 2492 1134 2783 1202; x_wconf 75' lang='lat' dir='ltr'><strong><em>scripserat</em></strong></span> <span class='ocrx_word' id='word_1_469' title='bbox 2823 1135 2993 1189; x_wconf 86' lang='lat' dir='ltr'><strong><em>oblata</em></strong></span> <span class='ocrx_word' id='word_1_470' title='bbox 3044 1136 3298 1193; x_wconf 80' lang='lat' dir='ltr'><strong><em>facultate</em></strong></span> <span class='ocrx_word' id='word_1_471' title='bbox 3344 1138 3618 1205; x_wconf 80' lang='lat' dir='ltr'><strong><em>Domnini,</em></strong></span> 
     </span>
    </p>
   </div>
   <div class='ocr_carea' id='block_1_68' title="bbox 2052 1224 3618 1294">
    <p class='ocr_par' dir='ltr' id='par_1_68' title="bbox 2052 1224 3618 1294">
     <span class='ocr_line' id='line_1_69' title="bbox 2052 1224 3618 1294; baseline 0.007 -19"><span class='ocrx_word' id='word_1_472' title='bbox 2052 1236 2220 1291; x_wconf 86' lang='lat' dir='ltr'><strong><em>seque</em></strong></span> <span class='ocrx_word' id='word_1_473' title='bbox 2265 1224 2409 1277; x_wconf 90' lang='lat' dir='ltr'><strong><em>illius</em></strong></span> <span class='ocrx_word' id='word_1_474' title='bbox 2448 1226 2698 1294; x_wconf 87' lang='lat' dir='ltr'><strong><em>precibus</em></strong></span> <span class='ocrx_word' id='word_1_475' title='bbox 2750 1229 3239 1283; x_wconf 84' lang='lat' dir='ltr'><strong><em>commendaverat.</em></strong></span> <span class='ocrx_word' id='word_1_476' title='bbox 3276 1230 3383 1284; x_wconf 89' lang='lat' dir='ltr'><strong><em>Sed</em></strong></span> <span class='ocrx_word' id='word_1_477' title='bbox 3419 1244 3540 1285; x_wconf 89' lang='lat' dir='ltr'><strong><em>cum</em></strong></span> <span class='ocrx_word' id='word_1_478' title='bbox 3572 1231 3618 1286; x_wconf 89' lang='lat' dir='ltr'><strong><em>is</em></strong></span> 
     </span>
    </p>
   </div>
   <div class='ocr_carea' id='block_1_69' title="bbox 2050 1310 3616 1386">
    <p class='ocr_par' dir='ltr' id='par_1_69' title="bbox 2050 1310 3616 1386">
     <span class='ocr_line' id='line_1_70' title="bbox 2050 1310 3616 1386; baseline 0.006 -21"><span class='ocrx_word' id='word_1_479' title='bbox 2050 1310 2233 1367; x_wconf 85' lang='lat' dir='ltr'><strong><em>Basilii</em></strong></span> <span class='ocrx_word' id='word_1_480' title='bbox 2276 1314 2653 1369; x_wconf 86' lang='lat' dir='ltr'><strong><em>salutationem</em></strong></span> <span class='ocrx_word' id='word_1_481' title='bbox 2690 1331 2793 1371; x_wconf 90' lang='lat' dir='ltr'><strong><em>non</em></strong></span> <span class='ocrx_word' id='word_1_482' title='bbox 2830 1319 3160 1386; x_wconf 83' lang='lat' dir='ltr'><strong><em>pertulisset,</em></strong></span> <span class='ocrx_word' id='word_1_483' title='bbox 3187 1320 3267 1373; x_wconf 87' lang='lat' dir='ltr'><strong><em>vel</em></strong></span> <span class='ocrx_word' id='word_1_484' title='bbox 3291 1322 3481 1375; x_wconf 87' lang='lat' dir='ltr'><strong><em>saltem</em></strong></span> <span class='ocrx_word' id='word_1_485' title='bbox 3520 1336 3616 1375; x_wconf 88' lang='lat' dir='ltr'><strong><em>an-</em></strong></span> 
     </span>
    </p>
   </div>
   <div class='ocr_carea' id='block_1_70' title="bbox 2054 1409 3618 1482">
    <p class='ocr_par' dir='ltr' id='par_1_70' title="bbox 2054 1409 3618 1482">
     <span class='ocr_line' id='line_1_71' title="bbox 2054 1409 3618 1482; baseline 0.008 -25"><span class='ocrx_word' id='word_1_486' title='bbox 2054 1414 2269 1473; x_wconf 85' lang='lat' dir='ltr'><strong><em>tequam</em></strong></span> <span class='ocrx_word' id='word_1_487' title='bbox 2316 1409 2649 1476; x_wconf 85' lang='lat' dir='ltr'><strong><em>pertulisset,</em></strong></span> <span class='ocrx_word' id='word_1_488' title='bbox 2692 1411 2757 1464; x_wconf 90' lang='lat' dir='ltr'><strong><em>de</em></strong></span> <span class='ocrx_word' id='word_1_489' title='bbox 2796 1410 2977 1465; x_wconf 89' lang='lat' dir='ltr'><strong><em>Basilii</em></strong></span> <span class='ocrx_word' id='word_1_490' title='bbox 3026 1411 3240 1466; x_wconf 89' lang='lat' dir='ltr'><strong><em>silentio</em></strong></span> <span class='ocrx_word' id='word_1_491' title='bbox 3286 1424 3509 1482; x_wconf 89' lang='lat' dir='ltr'><strong><em>questus</em></strong></span> <span class='ocrx_word' id='word_1_492' title='bbox 3537 1424 3618 1469; x_wconf 89' lang='lat' dir='ltr'><strong><em>est</em></strong></span> 
     </span>
    </p>
   </div>
   <div class='ocr_carea' id='block_1_71' title="bbox 2051 1494 3618 1570">
    <p class='ocr_par' dir='ltr' id='par_1_71' title="bbox 2051 1494 3618 1570">
     <span class='ocr_line' id='line_1_72' title="bbox 2051 1494 3618 1570; baseline 0.006 -22"><span class='ocrx_word' id='word_1_493' title='bbox 2051 1494 2267 1551; x_wconf 89' lang='lat' dir='ltr'><strong><em>Barses.</em></strong></span> <span class='ocrx_word' id='word_1_494' title='bbox 2300 1498 2477 1563; x_wconf 87' lang='lat' dir='ltr'><strong><em>Quare</em></strong></span> <span class='ocrx_word' id='word_1_495' title='bbox 2506 1498 2743 1554; x_wconf 88' lang='lat' dir='ltr'><strong><em>Basilius</em></strong></span> <span class='ocrx_word' id='word_1_496' title='bbox 2786 1500 2979 1554; x_wconf 90' lang='lat' dir='ltr'><strong><em>iterum</em></strong></span> <span class='ocrx_word' id='word_1_497' title='bbox 3013 1501 3232 1570; x_wconf 82' lang='lat' dir='ltr'><strong><em>scripsit</em></strong></span> <span class='ocrx_word' id='word_1_498' title='bbox 3262 1516 3359 1570; x_wconf 90' lang='lat' dir='ltr'><strong><em>per</em></strong></span> <span class='ocrx_word' id='word_1_499' title='bbox 3390 1504 3618 1557; x_wconf 85' lang='lat' dir='ltr'><strong><em>nonnul-</em></strong></span> 
     </span>
    </p>
   </div>
   <div class='ocr_carea' id='block_1_72' title="bbox 2050 1589 3618 1663">
    <p class='ocr_par' dir='ltr' id='par_1_72' title="bbox 2050 1589 3618 1663">
     <span class='ocr_line' id='line_1_73' title="bbox 2050 1589 3618 1663; baseline 0.004 -20"><span class='ocrx_word' id='word_1_500' title='bbox 2050 1589 2132 1643; x_wconf 91' lang='lat' dir='ltr'><strong><em>los</em></strong></span> <span class='ocrx_word' id='word_1_501' title='bbox 2156 1589 2504 1659; x_wconf 87' lang='lat' dir='ltr'><strong><em>Cappadoces</em></strong></span> <span class='ocrx_word' id='word_1_502' title='bbox 2533 1592 2598 1644; x_wconf 91' lang='lat' dir='ltr'><strong><em>ad</em></strong></span> <span class='ocrx_word' id='word_1_503' title='bbox 2632 1607 2752 1644; x_wconf 90' lang='lat' dir='ltr'><strong><em>eum</em></strong></span> <span class='ocrx_word' id='word_1_504' title='bbox 2780 1592 3205 1661; x_wconf 77' lang='lat' dir='ltr'><strong><em>proficiscentes,</em></strong></span> <span class='ocrx_word' id='word_1_505' title='bbox 3239 1594 3433 1663; x_wconf 89' lang='lat' dir='ltr'><strong><em>quibus</em></strong></span> <span class='ocrx_word' id='word_1_506' title='bbox 3457 1595 3618 1650; x_wconf 87' lang='lat' dir='ltr'><strong><em>etiam</em></strong></span> 
     </span>
    </p>
   </div>
   <div class='ocr_carea' id='block_1_73' title="bbox 2051 1684 3603 1751">
    <p class='ocr_par' dir='ltr' id='par_1_73' title="bbox 2051 1684 3603 1751">
     <span class='ocr_line' id='line_1_74' title="bbox 2051 1684 3603 1751; baseline 0.005 -15"><span class='ocrx_word' id='word_1_507' title='bbox 2051 1684 2296 1751; x_wconf 78' lang='lat' dir='ltr'><strong><em>quaedam</em></strong></span> <span class='ocrx_word' id='word_1_508' title='bbox 2344 1684 2659 1739; x_wconf 88' lang='lat' dir='ltr'><strong><em>munuscula</em></strong></span> <span class='ocrx_word' id='word_1_509' title='bbox 2709 1694 2897 1739; x_wconf 88' lang='lat' dir='ltr'><strong><em>sancto</em></strong></span> <span class='ocrx_word' id='word_1_510' title='bbox 2943 1684 3112 1739; x_wconf 85' lang='lat' dir='ltr'><strong><em>exsuli</em></strong></span> <span class='ocrx_word' id='word_1_511' title='bbox 3154 1685 3428 1742; x_wconf 77' lang='lat' dir='ltr'><strong><em>oli‘erenda</em></strong></span> <span class='ocrx_word' id='word_1_512' title='bbox 3472 1702 3603 1743; x_wconf 85' lang='lat' dir='ltr'><strong><em>com-</em></strong></span> 
     </span>
    </p>
   </div>
   <div class='ocr_carea' id='block_1_74' title="bbox 2053 1772 3201 1829">
    <p class='ocr_par' dir='ltr' id='par_1_74' title="bbox 2053 1772 3201 1829">
     <span class='ocr_line' id='line_1_75' title="bbox 2053 1772 3201 1829; baseline 0.006 -1"><span class='ocrx_word' id='word_1_513' title='bbox 2053 1775 2216 1829; x_wconf 90' lang='lat' dir='ltr'><strong><em>misit.</em></strong></span> <span class='ocrx_word' id='word_1_514' title='bbox 3198 1772 3201 1777; x_wconf 31' lang='grc' dir='ltr'><strong><em>λ</em></strong></span> 
     </span>
    </p>
   </div>
   <div class='ocr_carea' id='block_1_75' title="bbox 2124 1862 3620 1934">
    <p class='ocr_par' dir='ltr' id='par_1_75' title="bbox 2124 1862 3620 1934">
     <span class='ocr_line' id='line_1_76' title="bbox 2124 1862 3620 1934; baseline 0.004 -18"><span class='ocrx_word' id='word_1_515' title='bbox 2124 1862 2274 1919; x_wconf 87' lang='lat' dir='ltr'><strong><em>Inter</em></strong></span> <span class='ocrx_word' id='word_1_516' title='bbox 2314 1865 2576 1919; x_wconf 87' lang='lat' dir='ltr'><strong><em>tumultus</em></strong></span> <span class='ocrx_word' id='word_1_517' title='bbox 2609 1879 2743 1931; x_wconf 89' lang='lat' dir='ltr'><strong><em>quos</em></strong></span> <span class='ocrx_word' id='word_1_518' title='bbox 2770 1864 2927 1920; x_wconf 87' lang='lat' dir='ltr'><strong><em>Gothi</em></strong></span> <span class='ocrx_word' id='word_1_519' title='bbox 2960 1866 3010 1918; x_wconf 91' lang='lat' dir='ltr'><strong><em>in</em></strong></span> <span class='ocrx_word' id='word_1_520' title='bbox 3038 1864 3265 1920; x_wconf 88' lang='lat' dir='ltr'><strong><em>Thracia</em></strong></span> <span class='ocrx_word' id='word_1_521' title='bbox 3296 1867 3620 1934; x_wconf 84' lang='lat' dir='ltr'><strong><em>excitarunt,</em></strong></span> 
     </span>
    </p>
   </div>
   <div class='ocr_carea' id='block_1_76' title="bbox 2051 1957 3595 2027">
    <p class='ocr_par' dir='ltr' id='par_1_76' title="bbox 2051 1957 3595 2027">
     <span class='ocr_line' id='line_1_77' title="bbox 2051 1957 3595 2027; baseline 0.002 -16"><span class='ocrx_word' id='word_1_522' title='bbox 2051 1960 2202 2013; x_wconf 85' lang='lat' dir='ltr'><strong><em>venit</em></strong></span> <span class='ocrx_word' id='word_1_523' title='bbox 2252 1960 2303 2011; x_wconf 87' lang='lat' dir='ltr'><strong><em>itt</em></strong></span> <span class='ocrx_word' id='word_1_524' title='bbox 2355 1974 2622 2014; x_wconf 84' lang='lat' dir='ltr'><strong><em>summum</em></strong></span> <span class='ocrx_word' id='word_1_525' title='bbox 2652 1959 2774 2011; x_wconf 65' lang='lat' dir='ltr'><strong><em>vitae</em></strong></span> <span class='ocrx_word' id='word_1_526' title='bbox 2811 1958 3101 2011; x_wconf 90' lang='lat' dir='ltr'><strong><em>discrimen</em></strong></span> <span class='ocrx_word' id='word_1_527' title='bbox 3129 1957 3202 2027; x_wconf 90' lang='lat' dir='ltr'><strong><em>(b)</em></strong></span> <span class='ocrx_word' id='word_1_528' title='bbox 3230 1998 3244 2023; x_wconf 93' lang='lat'><strong><em>,</em></strong></span> <span class='ocrx_word' id='word_1_529' title='bbox 3287 1959 3426 2014; x_wconf 90' lang='lat' dir='ltr'><strong><em>bello</em></strong></span> <span class='ocrx_word' id='word_1_530' title='bbox 3464 1961 3595 2015; x_wconf 88' lang='lat' dir='ltr'><strong><em>undi</em></strong></span> 
     </span>
    </p>
   </div>
   <div class='ocr_carea' id='block_1_77' title="bbox 2055 2048 3618 2118">
    <p class='ocr_par' dir='ltr' id='par_1_77' title="bbox 2055 2048 3618 2118">
     <span class='ocr_line' id='line_1_78' title="bbox 2055 2048 3618 2118; baseline 0.004 -17"><span class='ocrx_word' id='word_1_531' title='bbox 2055 2064 2161 2118; x_wconf 91' lang='lat' dir='ltr'><strong><em>que</em></strong></span> <span class='ocrx_word' id='word_1_532' title='bbox 2194 2048 2603 2113; x_wconf 87' lang='lat' dir='ltr'><strong><em>circumstante,</em></strong></span> <span class='ocrx_word' id='word_1_533' title='bbox 2635 2058 2855 2103; x_wconf 89' lang='lat' dir='ltr'><strong><em>sanctus</em></strong></span> <span class='ocrx_word' id='word_1_534' title='bbox 2882 2049 3147 2104; x_wconf 83' lang='lat' dir='ltr'><strong><em>Eusebius</em></strong></span> <span class='ocrx_word' id='word_1_535' title='bbox 3168 2048 3618 2107; x_wconf 76' lang='lat' dir='ltr'><strong><em>‘Smnosatensis:</em></strong></span> 
     </span>
    </p>
   </div>
   <div class='ocr_carea' id='block_1_78' title="bbox 2049 2141 3611 2211">
    <p class='ocr_par' dir='ltr' id='par_1_78' title="bbox 2049 2141 3611 2211">
     <span class='ocr_line' id='line_1_79' title="bbox 2049 2141 3611 2211; baseline 0.004 -17"><span class='ocrx_word' id='word_1_536' title='bbox 2049 2142 2191 2211; x_wconf 90' lang='lat' dir='ltr'><strong><em>quod</em></strong></span> <span class='ocrx_word' id='word_1_537' title='bbox 2249 2142 2465 2210; x_wconf 91' lang='lat' dir='ltr'><strong><em>quidem</em></strong></span> <span class='ocrx_word' id='word_1_538' title='bbox 2525 2141 2638 2195; x_wconf 83' lang='lat' dir='ltr'><strong><em>fere</em></strong></span> <span class='ocrx_word' id='word_1_539' title='bbox 2704 2141 2902 2197; x_wconf 86' lang='lat' dir='ltr'><strong><em>Basilio</em></strong></span> <span class='ocrx_word' id='word_1_540' title='bbox 2958 2157 3110 2210; x_wconf 63' lang='lat' dir='ltr'><strong><em>atque</em></strong></span> <span class='ocrx_word' id='word_1_541' title='bbox 3174 2145 3417 2199; x_wconf 86' lang='lat' dir='ltr'><strong><em>mirabile</em></strong></span> <span class='ocrx_word' id='word_1_542' title='bbox 3474 2146 3611 2200; x_wconf 89' lang='lat' dir='ltr'><strong><em>vide-</em></strong></span> 
     </span>
    </p>
   </div>
   <div class='ocr_carea' id='block_1_79' title="bbox 2050 2233 3620 2308">
    <p class='ocr_par' dir='ltr' id='par_1_79' title="bbox 2050 2233 3620 2308">
     <span class='ocr_line' id='line_1_80' title="bbox 2050 2233 3620 2308; baseline 0.003 -21"><span class='ocrx_word' id='word_1_543' title='bbox 2050 2243 2157 2298; x_wconf 89' lang='lat' dir='ltr'><strong><em>tur,</em></strong></span> <span class='ocrx_word' id='word_1_544' title='bbox 2196 2250 2256 2289; x_wconf 88' lang='lat' dir='ltr'><strong><em>ac</em></strong></span> <span class='ocrx_word' id='word_1_545' title='bbox 2306 2233 2495 2289; x_wconf 87' lang='lat' dir='ltr'><strong><em>Jonam</em></strong></span> <span class='ocrx_word' id='word_1_546' title='bbox 2550 2237 2600 2287; x_wconf 90' lang='lat' dir='ltr'><strong><em>in</em></strong></span> <span class='ocrx_word' id='word_1_547' title='bbox 2657 2246 2849 2289; x_wconf 82' lang='lat' dir='ltr'><strong><em>ventre</em></strong></span> <span class='ocrx_word' id='word_1_548' title='bbox 2892 2237 2995 2290; x_wconf 90' lang='lat' dir='ltr'><strong><em>ceti</em></strong></span> <span class='ocrx_word' id='word_1_549' title='bbox 3040 2246 3094 2289; x_wconf 88' lang='lat' dir='ltr'><strong><em>et</em></strong></span> <span class='ocrx_word' id='word_1_550' title='bbox 3130 2238 3185 2291; x_wconf 87' lang='lat' dir='ltr'><strong><em>in</em></strong></span> <span class='ocrx_word' id='word_1_551' title='bbox 3235 2236 3448 2290; x_wconf 88' lang='lat' dir='ltr'><strong><em>ﬂamma</em></strong></span> <span class='ocrx_word' id='word_1_552' title='bbox 3484 2237 3620 2308; x_wconf 84' lang='lat' dir='ltr'><strong><em>ignis</em></strong></span> 
     </span>
    </p>
   </div>
   <div class='ocr_carea' id='block_1_80' title="bbox 2055 2326 3619 2396">
    <p class='ocr_par' dir='ltr' id='par_1_80' title="bbox 2055 2326 3619 2396">
     <span class='ocr_line' id='line_1_81' title="bbox 2055 2326 3619 2396; baseline 0.001 -17"><span class='ocrx_word' id='word_1_553' title='bbox 2055 2336 2167 2380; x_wconf 86' lang='lat' dir='ltr'><strong><em>tres</em></strong></span> <span class='ocrx_word' id='word_1_554' title='bbox 2208 2340 2406 2396; x_wconf 89' lang='lat' dir='ltr'><strong><em>pueros</em></strong></span> <span class='ocrx_word' id='word_1_555' title='bbox 2452 2341 2573 2381; x_wconf 90' lang='lat' dir='ltr'><strong><em>esse</em></strong></span> <span class='ocrx_word' id='word_1_556' title='bbox 2612 2337 2880 2381; x_wconf 88' lang='lat' dir='ltr'><strong><em>servatos.</em></strong></span> <span class='ocrx_word' id='word_1_557' title='bbox 2926 2326 3052 2381; x_wconf 65' lang='lat' dir='ltr'><strong><em>Haec</em></strong></span> <span class='ocrx_word' id='word_1_558' title='bbox 3094 2327 3326 2383; x_wconf 85' lang='lat' dir='ltr'><strong><em>Basilius</em></strong></span> <span class='ocrx_word' id='word_1_559' title='bbox 3359 2329 3619 2384; x_wconf 88' lang='lat' dir='ltr'><strong><em>didicerat</em></strong></span> 
     </span>
    </p>
   </div>
   <div class='ocr_carea' id='block_1_81' title="bbox 2049 2419 3619 2491">
    <p class='ocr_par' dir='ltr' id='par_1_81' title="bbox 2049 2419 3619 2491">
     <span class='ocr_line' id='line_1_82' title="bbox 2049 2419 3619 2491; baseline 0.001 -18"><span class='ocrx_word' id='word_1_560' title='bbox 2049 2434 2115 2473; x_wconf 82' lang='lat' dir='ltr'><strong><em>ex</em></strong></span> <span class='ocrx_word' id='word_1_561' title='bbox 2152 2419 2382 2473; x_wconf 86' lang='lat' dir='ltr'><strong><em>Libanio</em></strong></span> <span class='ocrx_word' id='word_1_562' title='bbox 2406 2420 2637 2475; x_wconf 87' lang='lat' dir='ltr'><strong><em>diacono</em></strong></span> <span class='ocrx_word' id='word_1_563' title='bbox 2669 2419 2914 2474; x_wconf 83' lang='lat' dir='ltr'><strong><em>Caesarea</em></strong></span> <span class='ocrx_word' id='word_1_564' title='bbox 2948 2430 3299 2487; x_wconf 87' lang='lat' dir='ltr'><strong><em>transeunte;</em></strong></span> <span class='ocrx_word' id='word_1_565' title='bbox 3324 2422 3415 2477; x_wconf 90' lang='lat' dir='ltr'><strong><em>sed</em></strong></span> <span class='ocrx_word' id='word_1_566' title='bbox 3438 2430 3619 2491; x_wconf 86' lang='lat' dir='ltr'><strong><em>postea</em></strong></span> 
     </span>
    </p>
   </div>
   <div class='ocr_carea' id='block_1_82' title="bbox 2049 2510 3601 2581">
    <p class='ocr_par' dir='ltr' id='par_1_82' title="bbox 2049 2510 3601 2581">
     <span class='ocr_line' id='line_1_83' title="bbox 2049 2510 3601 2581; baseline 0.003 -17"><span class='ocrx_word' id='word_1_567' title='bbox 2049 2511 2301 2565; x_wconf 87' lang='lat' dir='ltr'><strong><em>evenisse</em></strong></span> <span class='ocrx_word' id='word_1_568' title='bbox 2330 2511 2434 2564; x_wconf 89' lang='lat' dir='ltr'><strong><em>alia</em></strong></span> <span class='ocrx_word' id='word_1_569' title='bbox 2464 2510 2633 2565; x_wconf 90' lang='lat' dir='ltr'><strong><em>multo</em></strong></span> <span class='ocrx_word' id='word_1_570' title='bbox 2664 2513 2866 2581; x_wconf 87' lang='lat' dir='ltr'><strong><em>majora</em></strong></span> <span class='ocrx_word' id='word_1_571' title='bbox 2892 2513 3157 2581; x_wconf 88' lang='lat' dir='ltr'><strong><em>audierat,</em></strong></span> <span class='ocrx_word' id='word_1_572' title='bbox 3189 2528 3307 2581; x_wconf 75' lang='lat' dir='ltr'><strong><em>quae</em></strong></span> <span class='ocrx_word' id='word_1_573' title='bbox 3337 2513 3478 2569; x_wconf 88' lang='lat' dir='ltr'><strong><em>scire</em></strong></span> <span class='ocrx_word' id='word_1_574' title='bbox 3500 2529 3601 2568; x_wconf 88' lang='lat' dir='ltr'><strong><em>ave</em></strong></span> 
     </span>
    </p>
   </div>
   <div class='ocr_carea' id='block_1_83' title="bbox 2051 2600 3619 2677">
    <p class='ocr_par' dir='ltr' id='par_1_83' title="bbox 2051 2600 3619 2677">
     <span class='ocr_line' id='line_1_84' title="bbox 2051 2600 3619 2677; baseline 0.003 -22"><span class='ocrx_word' id='word_1_575' title='bbox 2051 2600 2165 2665; x_wconf 89' lang='lat' dir='ltr'><strong><em>bat,</em></strong></span> <span class='ocrx_word' id='word_1_576' title='bbox 2216 2602 2261 2654; x_wconf 86' lang='lat' dir='ltr'><strong><em>si</em></strong></span> <span class='ocrx_word' id='word_1_577' title='bbox 2310 2602 2490 2657; x_wconf 89' lang='lat' dir='ltr'><strong><em>minus</em></strong></span> <span class='ocrx_word' id='word_1_578' title='bbox 2529 2612 2651 2656; x_wconf 89' lang='lat' dir='ltr'><strong><em>ante</em></strong></span> <span class='ocrx_word' id='word_1_579' title='bbox 2688 2604 2920 2657; x_wconf 89' lang='lat' dir='ltr'><strong><em>reditum</em></strong></span> <span class='ocrx_word' id='word_1_580' title='bbox 2974 2604 3121 2657; x_wconf 85' lang='lat' dir='ltr'><strong><em>Pauli</em></strong></span> <span class='ocrx_word' id='word_1_581' title='bbox 3166 2605 3492 2677; x_wconf 88' lang='lat' dir='ltr'><strong><em>presbyteri,</em></strong></span> <span class='ocrx_word' id='word_1_582' title='bbox 3527 2605 3619 2675; x_wconf 89' lang='lat' dir='ltr'><strong><em>qui</em></strong></span> 
     </span>
    </p>
   </div>
   <div class='ocr_carea' id='block_1_84' title="bbox 2050 2692 3619 2762">
    <p class='ocr_par' dir='ltr' id='par_1_84' title="bbox 2050 2692 3619 2762">
     <span class='ocr_line' id='line_1_85' title="bbox 2050 2692 3619 2762; baseline 0.004 -16"><span class='ocrx_word' id='word_1_583' title='bbox 2050 2692 2193 2747; x_wconf 90' lang='lat' dir='ltr'><strong><em>illius</em></strong></span> <span class='ocrx_word' id='word_1_584' title='bbox 2226 2694 2508 2762; x_wconf 89' lang='lat' dir='ltr'><strong><em>epistolam</em></strong></span> <span class='ocrx_word' id='word_1_585' title='bbox 2545 2694 2773 2759; x_wconf 83' lang='lat' dir='ltr'><strong><em>ferebat,</em></strong></span> <span class='ocrx_word' id='word_1_586' title='bbox 2827 2696 3018 2749; x_wconf 88' lang='lat' dir='ltr'><strong><em>saltem</em></strong></span> <span class='ocrx_word' id='word_1_587' title='bbox 3056 2711 3119 2749; x_wconf 91' lang='lat' dir='ltr'><strong><em>eo</em></strong></span> <span class='ocrx_word' id='word_1_588' title='bbox 3168 2696 3447 2752; x_wconf 89' lang='lat' dir='ltr'><strong><em>redeunte.</em></strong></span> <span class='ocrx_word' id='word_1_589' title='bbox 3484 2696 3619 2753; x_wconf 79' lang='lat' dir='ltr'><strong><em>Huic</em></strong></span> 
     </span>
    </p>
   </div>
   <div class='ocr_carea' id='block_1_85' title="bbox 2049 2785 3619 2855">
    <p class='ocr_par' dir='ltr' id='par_1_85' title="bbox 2049 2785 3619 2855">
     <span class='ocr_line' id='line_1_86' title="bbox 2049 2785 3619 2855; baseline 0.004 -18"><span class='ocrx_word' id='word_1_590' title='bbox 2049 2786 2367 2855; x_wconf 86' lang='lat' dir='ltr'><strong><em>presbytero</em></strong></span> <span class='ocrx_word' id='word_1_591' title='bbox 2407 2785 2636 2841; x_wconf 89' lang='lat' dir='ltr'><strong><em>Basilius</em></strong></span> <span class='ocrx_word' id='word_1_592' title='bbox 2682 2787 2814 2840; x_wconf 91' lang='lat' dir='ltr'><strong><em>nihil</em></strong></span> <span class='ocrx_word' id='word_1_593' title='bbox 2858 2788 2907 2840; x_wconf 91' lang='lat' dir='ltr'><strong><em>in</em></strong></span> <span class='ocrx_word' id='word_1_594' title='bbox 2956 2803 3148 2843; x_wconf 89' lang='lat' dir='ltr'><strong><em>manus</em></strong></span> <span class='ocrx_word' id='word_1_595' title='bbox 3191 2790 3404 2844; x_wconf 89' lang='lat' dir='ltr'><strong><em>tradere</em></strong></span> <span class='ocrx_word' id='word_1_596' title='bbox 3451 2804 3619 2844; x_wconf 86' lang='lat' dir='ltr'><strong><em>ausus</em></strong></span> 
     </span>
    </p>
   </div>
   <div class='ocr_carea' id='block_1_86' title="bbox 2048 2879 3619 2949">
    <p class='ocr_par' dir='ltr' id='par_1_86' title="bbox 2048 2879 3619 2949">
     <span class='ocr_line' id='line_1_87' title="bbox 2048 2879 3619 2949; baseline 0.001 -15"><span class='ocrx_word' id='word_1_597' title='bbox 2048 2887 2152 2943; x_wconf 89' lang='lat' dir='ltr'><strong><em>est,</em></strong></span> <span class='ocrx_word' id='word_1_598' title='bbox 2197 2894 2263 2933; x_wconf 90' lang='lat' dir='ltr'><strong><em>ne</em></strong></span> <span class='ocrx_word' id='word_1_599' title='bbox 2310 2880 2433 2933; x_wconf 89' lang='lat' dir='ltr'><strong><em>etim</em></strong></span> <span class='ocrx_word' id='word_1_600' title='bbox 2477 2880 2530 2933; x_wconf 93' lang='lat' dir='ltr'><strong><em>in</em></strong></span> <span class='ocrx_word' id='word_1_601' title='bbox 2570 2880 2763 2934; x_wconf 91' lang='lat' dir='ltr'><strong><em>mortis</em></strong></span> <span class='ocrx_word' id='word_1_602' title='bbox 2806 2879 3101 2949; x_wconf 88' lang='lat' dir='ltr'><strong><em>periculum</em></strong></span> <span class='ocrx_word' id='word_1_603' title='bbox 3148 2879 3475 2946; x_wconf 89' lang='lat' dir='ltr'><strong><em>conjiceret;</em></strong></span> <span class='ocrx_word' id='word_1_604' title='bbox 3517 2881 3619 2936; x_wconf 70' lang='lat' dir='ltr'><strong><em>via</em></strong></span> 
     </span>
    </p>
   </div>
   <div class='ocr_carea' id='block_1_87' title="bbox 2048 2971 3617 3042">
    <p class='ocr_par' dir='ltr' id='par_1_87' title="bbox 2048 2971 3617 3042">
     <span class='ocr_line' id='line_1_88' title="bbox 2048 2971 3617 3042; baseline 0.003 -18"><span class='ocrx_word' id='word_1_605' title='bbox 2048 2971 2195 3025; x_wconf 90' lang='lat' dir='ltr'><strong><em>enim</em></strong></span> <span class='ocrx_word' id='word_1_606' title='bbox 2240 2972 2581 3042; x_wconf 68' lang='lat' dir='ltr'><strong><em>praedonibus</em></strong></span> <span class='ocrx_word' id='word_1_607' title='bbox 2629 2982 2683 3027; x_wconf 89' lang='lat' dir='ltr'><strong><em>et</em></strong></span> <span class='ocrx_word' id='word_1_608' title='bbox 2743 2972 3109 3027; x_wconf 88' lang='lat' dir='ltr'><strong><em>desertoribus</em></strong></span> <span class='ocrx_word' id='word_1_609' title='bbox 3159 2972 3385 3028; x_wconf 70' lang='lat' dir='ltr'><strong><em>diﬂ‘erta:</em></strong></span> <span class='ocrx_word' id='word_1_610' title='bbox 3438 2987 3617 3030; x_wconf 84' lang='lat' dir='ltr'><strong><em>erant.</em></strong></span> 
     </span>
    </p>
   </div>
   <div class='ocr_carea' id='block_1_88' title="bbox 2050 3064 3618 3136">
    <p class='ocr_par' dir='ltr' id='par_1_88' title="bbox 2050 3064 3618 3136">
     <span class='ocr_line' id='line_1_89' title="bbox 2050 3064 3618 3136; baseline 0.003 -19"><span class='ocrx_word' id='word_1_611' title='bbox 2050 3064 2158 3117; x_wconf 84' lang='lat' dir='ltr'><strong><em>Sed</em></strong></span> <span class='ocrx_word' id='word_1_612' title='bbox 2199 3072 2376 3117; x_wconf 90' lang='lat' dir='ltr'><strong><em>tamen</em></strong></span> <span class='ocrx_word' id='word_1_613' title='bbox 2419 3064 2903 3133; x_wconf 87' lang='lat' dir='ltr'><strong><em>appropinquantis</em></strong></span> <span class='ocrx_word' id='word_1_614' title='bbox 2952 3065 3225 3120; x_wconf 80' lang='lat' dir='ltr'><strong><em>exercitus</em></strong></span> <span class='ocrx_word' id='word_1_615' title='bbox 3280 3066 3425 3121; x_wconf 87' lang='lat' dir='ltr'><strong><em>fama</em></strong></span> <span class='ocrx_word' id='word_1_616' title='bbox 3466 3081 3618 3136; x_wconf 73' lang='lat' dir='ltr'><strong><em>spem</em></strong></span> 
     </span>
    </p>
   </div>
   <div class='ocr_carea' id='block_1_89' title="bbox 1974 3155 3618 3237">
    <p class='ocr_par' dir='ltr' id='par_1_89' title="bbox 1974 3155 3618 3237">
     <span class='ocr_line' id='line_1_90' title="bbox 1974 3155 3618 3237; baseline 0.002 -28"><span class='ocrx_word' id='word_1_617' title='bbox 1974 3178 2016 3237; x_wconf 70' lang='grc' dir='ltr'>ο</span> <span class='ocrx_word' id='word_1_618' title='bbox 2051 3156 2290 3225; x_wconf 87' lang='lat' dir='ltr'><strong><em>aliquam</em></strong></span> <span class='ocrx_word' id='word_1_619' title='bbox 2335 3155 2594 3211; x_wconf 82' lang='lat' dir='ltr'><strong><em>aﬂ&#39;erebat</em></strong></span> <span class='ocrx_word' id='word_1_620' title='bbox 2641 3156 3087 3225; x_wconf 82' lang='lat' dir='ltr'><strong><em>tranquillitatis:</em></strong></span> <span class='ocrx_word' id='word_1_621' title='bbox 3121 3172 3279 3226; x_wconf 90' lang='lat' dir='ltr'><strong><em>quam</em></strong></span> <span class='ocrx_word' id='word_1_622' title='bbox 3319 3158 3534 3227; x_wconf 89' lang='lat' dir='ltr'><strong><em>quidem</em></strong></span> <span class='ocrx_word' id='word_1_623' title='bbox 3570 3160 3618 3213; x_wconf 92' lang='lat' dir='ltr'><strong><em>si</em></strong></span> 
     </span>
    </p>
   </div>
   <div class='ocr_carea' id='block_1_90' title="bbox 2052 3248 3617 3319">
    <p class='ocr_par' dir='ltr' id='par_1_90' title="bbox 2052 3248 3617 3319">
     <span class='ocr_line' id='line_1_91' title="bbox 2052 3248 3617 3319; baseline 0.002 -17"><span class='ocrx_word' id='word_1_624' title='bbox 2052 3249 2313 3303; x_wconf 89' lang='lat' dir='ltr'><strong><em>Dominus</em></strong></span> <span class='ocrx_word' id='word_1_625' title='bbox 2344 3250 2629 3314; x_wconf 87' lang='lat' dir='ltr'><strong><em>concedat,</em></strong></span> <span class='ocrx_word' id='word_1_626' title='bbox 2658 3250 2920 3319; x_wconf 87' lang='lat' dir='ltr'><strong><em>promitti:</em></strong></span> <span class='ocrx_word' id='word_1_627' title='bbox 2952 3248 3180 3306; x_wconf 83' lang='lat' dir='ltr'><strong><em>Basilius</em></strong></span> <span class='ocrx_word' id='word_1_628' title='bbox 3214 3252 3503 3305; x_wconf 86' lang='lat' dir='ltr'><strong><em>missurum</em></strong></span> <span class='ocrx_word' id='word_1_629' title='bbox 3537 3266 3617 3317; x_wconf 89' lang='lat' dir='ltr'><strong><em>se,</em></strong></span> 
     </span>
    </p>
   </div>
   <div class='ocr_carea' id='block_1_91' title="bbox 2050 3340 3618 3413">
    <p class='ocr_par' dir='ltr' id='par_1_91' title="bbox 2050 3340 3618 3413">
     <span class='ocr_line' id='line_1_92' title="bbox 2050 3340 3618 3413; baseline 0.004 -20"><span class='ocrx_word' id='word_1_630' title='bbox 2050 3340 2141 3409; x_wconf 89' lang='lat' dir='ltr'><strong><em>qui</em></strong></span> <span class='ocrx_word' id='word_1_631' title='bbox 2178 3341 2468 3395; x_wconf 90' lang='lat' dir='ltr'><strong><em>Eusebium</em></strong></span> <span class='ocrx_word' id='word_1_632' title='bbox 2494 3342 2707 3396; x_wconf 90' lang='lat' dir='ltr'><strong><em>invisat.</em></strong></span> <span class='ocrx_word' id='word_1_633' title='bbox 2747 3342 2968 3397; x_wconf 82' lang='lat' dir='ltr'><strong><em>Volebat</em></strong></span> <span class='ocrx_word' id='word_1_634' title='bbox 2994 3358 3122 3412; x_wconf 82' lang='lat' dir='ltr'><strong><em>ergo</em></strong></span> <span class='ocrx_word' id='word_1_635' title='bbox 3152 3342 3384 3398; x_wconf 89' lang='lat' dir='ltr'><strong><em>Basilius</em></strong></span> <span class='ocrx_word' id='word_1_636' title='bbox 3416 3342 3618 3413; x_wconf 85' lang='lat' dir='ltr'><strong><em>aliquid</em></strong></span> 
     </span>
    </p>
   </div>
   <div class='ocr_carea' id='block_1_92' title="bbox 2050 3432 3388 3491">
    <p class='ocr_par' dir='ltr' id='par_1_92' title="bbox 2050 3432 3388 3491">
     <span class='ocr_line' id='line_1_93' title="bbox 2050 3432 3388 3491; baseline 0.001 -4"><span class='ocrx_word' id='word_1_637' title='bbox 2050 3433 2290 3487; x_wconf 89' lang='lat' dir='ltr'><strong><em>muneris</em></strong></span> <span class='ocrx_word' id='word_1_638' title='bbox 2326 3432 2554 3487; x_wconf 86' lang='lat' dir='ltr'><strong><em>Eusebio</em></strong></span> <span class='ocrx_word' id='word_1_639' title='bbox 2577 3434 2628 3486; x_wconf 93' lang='lat' dir='ltr'><strong><em>in</em></strong></span> <span class='ocrx_word' id='word_1_640' title='bbox 2663 3434 2835 3487; x_wconf 81' lang='lat' dir='ltr'><strong><em>exsilii</em></strong></span> <span class='ocrx_word' id='word_1_641' title='bbox 2866 3434 3114 3488; x_wconf 90' lang='lat' dir='ltr'><strong><em>solatium</em></strong></span> <span class='ocrx_word' id='word_1_642' title='bbox 3152 3435 3388 3491; x_wconf 90' lang='lat' dir='ltr'><strong><em>mittere.</em></strong></span> 
     </span>
    </p>
   </div>
   <div class='ocr_carea' id='block_1_93' title="bbox 2120 3523 3618 3592">
    <p class='ocr_par' dir='ltr' id='par_1_93' title="bbox 2120 3523 3618 3592">
     <span class='ocr_line' id='line_1_94' title="bbox 2120 3523 3618 3592; baseline 0.002 -13"><span class='ocrx_word' id='word_1_643' title='bbox 2120 3525 2267 3579; x_wconf 90' lang='lat' dir='ltr'><strong><em>llanc</em></strong></span> <span class='ocrx_word' id='word_1_644' title='bbox 2284 3523 2561 3592; x_wconf 89' lang='lat' dir='ltr'><strong><em>epistolam</em></strong></span> <span class='ocrx_word' id='word_1_645' title='bbox 2586 3539 2726 3579; x_wconf 91' lang='lat' dir='ltr'><strong><em>anno</em></strong></span> <span class='ocrx_word' id='word_1_646' title='bbox 2749 3524 2851 3578; x_wconf 78' lang='lat'><strong><em>377</em></strong></span> <span class='ocrx_word' id='word_1_647' title='bbox 2870 3533 3125 3591; x_wconf 86' lang='lat' dir='ltr'><strong><em>exeunte,</em></strong></span> <span class='ocrx_word' id='word_1_648' title='bbox 3145 3533 3239 3580; x_wconf 88' lang='lat' dir='ltr'><strong><em>aut</em></strong></span> <span class='ocrx_word' id='word_1_649' title='bbox 3262 3527 3487 3580; x_wconf 88' lang='lat' dir='ltr'><strong><em>ineunte</em></strong></span> <span class='ocrx_word' id='word_1_650' title='bbox 3514 3525 3618 3582; x_wconf 81' lang='lat'><strong><em>578</em></strong></span> 
     </span>
    </p>
   </div>
   <div class='ocr_carea' id='block_1_94' title="bbox 2048 3617 3617 3688">
    <p class='ocr_par' dir='ltr' id='par_1_94' title="bbox 2048 3617 3617 3688">
     <span class='ocr_line' id='line_1_95' title="bbox 2048 3617 3617 3688; baseline 0.001 -16"><span class='ocrx_word' id='word_1_651' title='bbox 2048 3618 2301 3687; x_wconf 89' lang='lat' dir='ltr'><strong><em>scriptam</em></strong></span> <span class='ocrx_word' id='word_1_652' title='bbox 2333 3618 2607 3672; x_wconf 79' lang='lat' dir='ltr'><strong><em>existimat</em></strong></span> <span class='ocrx_word' id='word_1_653' title='bbox 2645 3617 3039 3683; x_wconf 88' lang='lat' dir='ltr'><strong><em>Tillemontius,</em></strong></span> <span class='ocrx_word' id='word_1_654' title='bbox 3079 3619 3163 3672; x_wconf 89' lang='lat' dir='ltr'><strong><em>cui</em></strong></span> <span class='ocrx_word' id='word_1_655' title='bbox 3197 3619 3444 3688; x_wconf 89' lang='lat' dir='ltr'><strong><em>equidem</em></strong></span> <span class='ocrx_word' id='word_1_656' title='bbox 3469 3620 3617 3687; x_wconf 89' lang='lat' dir='ltr'><strong><em>prius</em></strong></span> 
     </span>
    </p>
   </div>
   <div class='ocr_carea' id='block_1_95' title="bbox 2048 3708 3617 3773">
    <p class='ocr_par' dir='ltr' id='par_1_95' title="bbox 2048 3708 3617 3773">
     <span class='ocr_line' id='line_1_96' title="bbox 2048 3708 3617 3773; baseline 0.001 -11"><span class='ocrx_word' id='word_1_657' title='bbox 2048 3709 2396 3764; x_wconf 88' lang='lat' dir='ltr'><strong><em>assentiebar.</em></strong></span> <span class='ocrx_word' id='word_1_658' title='bbox 2424 3708 2530 3764; x_wconf 89' lang='lat' dir='ltr'><strong><em>Sed</em></strong></span> <span class='ocrx_word' id='word_1_659' title='bbox 2544 3724 2601 3763; x_wconf 91' lang='lat' dir='ltr'><strong><em>re</em></strong></span> <span class='ocrx_word' id='word_1_660' title='bbox 2623 3709 2876 3763; x_wconf 87' lang='lat' dir='ltr'><strong><em>attentius</em></strong></span> <span class='ocrx_word' id='word_1_661' title='bbox 2889 3710 3244 3773; x_wconf 89' lang='lat' dir='ltr'><strong><em>considerata,</em></strong></span> <span class='ocrx_word' id='word_1_662' title='bbox 3261 3713 3375 3764; x_wconf 75' lang='lat' dir='ltr'><strong><em>dua:</em></strong></span> <span class='ocrx_word' id='word_1_663' title='bbox 3391 3709 3491 3764; x_wconf 73' lang='lat' dir='ltr'><strong><em>illa:</em></strong></span> <span class='ocrx_word' id='word_1_664' title='bbox 3513 3712 3617 3763; x_wconf 93' lang='lat' dir='ltr'><strong><em>cir-</em></strong></span> 
     </span>
    </p>
   </div>
   <div class='ocr_carea' id='block_1_96' title="bbox 2047 3798 3616 3869">
    <p class='ocr_par' dir='ltr' id='par_1_96' title="bbox 2047 3798 3616 3869">
     <span class='ocr_line' id='line_1_97' title="bbox 2047 3798 3616 3869; baseline -0.003 -14"><span class='ocrx_word' id='word_1_665' title='bbox 2047 3800 2385 3855; x_wconf 61' lang='lat' dir='ltr'><strong><em>cumstantiae</em></strong></span> <span class='ocrx_word' id='word_1_666' title='bbox 2416 3815 2550 3869; x_wconf 89' lang='lat' dir='ltr'><strong><em>quas</em></strong></span> <span class='ocrx_word' id='word_1_667' title='bbox 2588 3802 3011 3863; x_wconf 84' lang='lat' dir='ltr'><strong><em>observavimus,</em></strong></span> <span class='ocrx_word' id='word_1_668' title='bbox 3046 3814 3237 3869; x_wconf 89' lang='lat' dir='ltr'><strong><em>nempe</em></strong></span> <span class='ocrx_word' id='word_1_669' title='bbox 3284 3798 3513 3855; x_wconf 67' lang='lat' dir='ltr'><strong><em>diﬂ‘ertte</em></strong></span> <span class='ocrx_word' id='word_1_670' title='bbox 3540 3799 3616 3852; x_wconf 89' lang='lat' dir='ltr'><strong><em>Ia-</em></strong></span> 
     </span>
    </p>
   </div>
   <div class='ocr_carea' id='block_1_97' title="bbox 2049 3891 3611 3960">
    <p class='ocr_par' dir='ltr' id='par_1_97' title="bbox 2049 3891 3611 3960">
     <span class='ocr_line' id='line_1_98' title="bbox 2049 3891 3611 3960; baseline -0.001 -14"><span class='ocrx_word' id='word_1_671' title='bbox 2049 3894 2291 3947; x_wconf 89' lang='lat' dir='ltr'><strong><em>tronibus</em></strong></span> <span class='ocrx_word' id='word_1_672' title='bbox 2320 3901 2373 3947; x_wconf 91' lang='lat' dir='ltr'><strong><em>et</em></strong></span> <span class='ocrx_word' id='word_1_673' title='bbox 2399 3892 2767 3947; x_wconf 88' lang='lat' dir='ltr'><strong><em>desertoribus</em></strong></span> <span class='ocrx_word' id='word_1_674' title='bbox 2800 3894 2919 3956; x_wconf 85' lang='lat' dir='ltr'><strong><em>viae,</em></strong></span> <span class='ocrx_word' id='word_1_675' title='bbox 2963 3892 3210 3946; x_wconf 88' lang='lat' dir='ltr'><strong><em>videntur</em></strong></span> <span class='ocrx_word' id='word_1_676' title='bbox 3251 3891 3443 3946; x_wconf 89' lang='lat' dir='ltr'><strong><em>melius</em></strong></span> <span class='ocrx_word' id='word_1_677' title='bbox 3477 3907 3611 3960; x_wconf 84' lang='lat' dir='ltr'><strong><em>qua-</em></strong></span> 
     </span>
    </p>
   </div>
   <div class='ocr_carea' id='block_1_98' title="bbox 2046 3984 3614 4049">
    <p class='ocr_par' dir='ltr' id='par_1_98' title="bbox 2046 3984 3614 4049">
     <span class='ocr_line' id='line_1_99' title="bbox 2046 3984 3614 4049; baseline 0.001 -13"><span class='ocrx_word' id='word_1_678' title='bbox 2046 3985 2207 4038; x_wconf 91' lang='lat' dir='ltr'><strong><em>drare</em></strong></span> <span class='ocrx_word' id='word_1_679' title='bbox 2236 4000 2357 4038; x_wconf 88' lang='lat' dir='ltr'><strong><em>cum</em></strong></span> <span class='ocrx_word' id='word_1_680' title='bbox 2389 3993 2575 4039; x_wconf 77' lang='lat' dir='ltr'><strong><em>testate</em></strong></span> <span class='ocrx_word' id='word_1_681' title='bbox 2608 3984 2730 4037; x_wconf 91' lang='lat' dir='ltr'><strong><em>anni</em></strong></span> <span class='ocrx_word' id='word_1_682' title='bbox 2764 3984 2885 4038; x_wconf 76' lang='grc'>577.</span> <span class='ocrx_word' id='word_1_683' title='bbox 2913 3984 3066 4037; x_wconf 92' lang='lat' dir='ltr'><strong><em>Tunc</em></strong></span> <span class='ocrx_word' id='word_1_684' title='bbox 3110 3984 3277 4049; x_wconf 88' lang='lat' dir='ltr'><strong><em>enim,</em></strong></span> <span class='ocrx_word' id='word_1_685' title='bbox 3326 3992 3461 4038; x_wconf 89' lang='lat' dir='ltr'><strong><em>teste</em></strong></span> <span class='ocrx_word' id='word_1_686' title='bbox 3493 3986 3614 4038; x_wconf 81' lang='lat' dir='ltr'><strong><em>Am-</em></strong></span> 
     </span>
    </p>
   </div>
   <div class='ocr_carea' id='block_1_99' title="bbox 2045 4074 3613 4146">
    <p class='ocr_par' dir='ltr' id='par_1_99' title="bbox 2045 4074 3613 4146">
     <span class='ocr_line' id='line_1_100' title="bbox 2045 4074 3613 4146; baseline 0 -16"><span class='ocrx_word' id='word_1_687' title='bbox 2045 4077 2228 4130; x_wconf 88' lang='lat' dir='ltr'><strong><em>miano</em></strong></span> <span class='ocrx_word' id='word_1_688' title='bbox 2269 4076 2338 4146; x_wconf 86' lang='lat' dir='ltr'><strong><em>(c)</em></strong></span> <span class='ocrx_word' id='word_1_689' title='bbox 2366 4116 2380 4141; x_wconf 95' lang='lat'><strong><em>,</em></strong></span> <span class='ocrx_word' id='word_1_690' title='bbox 2420 4076 2665 4130; x_wconf 87' lang='lat' dir='ltr'><strong><em>hostibus</em></strong></span> <span class='ocrx_word' id='word_1_691' title='bbox 2713 4089 2771 4129; x_wconf 90' lang='lat' dir='ltr'><strong><em>se</em></strong></span> <span class='ocrx_word' id='word_1_692' title='bbox 2836 4074 3195 4142; x_wconf 73' lang='lat' dir='ltr'><strong><em>adiunxerunt</em></strong></span> <span class='ocrx_word' id='word_1_693' title='bbox 3234 4076 3613 4145; x_wconf 80' lang='lat' dir='ltr'><strong><em>sequendarum</em></strong></span> 
     </span>
    </p>
   </div>
   <div class='ocr_carea' id='block_1_100' title="bbox 2043 4166 3613 4241">
    <p class='ocr_par' dir='ltr' id='par_1_100' title="bbox 2043 4166 3613 4241">
     <span class='ocr_line' id='line_1_101' title="bbox 2043 4166 3613 4241; baseline 0 -19"><span class='ocrx_word' id='word_1_694' title='bbox 2043 4170 2164 4223; x_wconf 90' lang='lat' dir='ltr'><strong><em>auri</em></strong></span> <span class='ocrx_word' id='word_1_695' title='bbox 2200 4184 2448 4241; x_wconf 77' lang='lat' dir='ltr'><strong><em>uenarum</em></strong></span> <span class='ocrx_word' id='word_1_696' title='bbox 2484 4169 2634 4235; x_wconf 89' lang='lat' dir='ltr'><strong><em>periti</em></strong></span> <span class='ocrx_word' id='word_1_697' title='bbox 2679 4183 2780 4219; x_wconf 90' lang='lat' dir='ltr'><strong><em>non</em></strong></span> <span class='ocrx_word' id='word_1_698' title='bbox 2814 4168 2990 4234; x_wconf 86' lang='lat' dir='ltr'><strong><em>pauci,</em></strong></span> <span class='ocrx_word' id='word_1_699' title='bbox 3029 4166 3352 4237; x_wconf 86' lang='lat' dir='ltr'><strong><em>vectigalium</em></strong></span> <span class='ocrx_word' id='word_1_700' title='bbox 3383 4167 3613 4236; x_wconf 66' lang='lat' dir='ltr'><strong><em>perferre</em></strong></span> 
     </span>
    </p>
   </div>
   <div class='ocr_carea' id='block_1_101' title="bbox 2042 4258 3613 4331">
    <p class='ocr_par' dir='ltr' id='par_1_101' title="bbox 2042 4258 3613 4331">
     <span class='ocr_line' id='line_1_102' title="bbox 2042 4258 3613 4331; baseline -0.001 -16"><span class='ocrx_word' id='word_1_701' title='bbox 2042 4278 2192 4331; x_wconf 85' lang='lat' dir='ltr'><strong><em>posse</em></strong></span> <span class='ocrx_word' id='word_1_702' title='bbox 2226 4277 2328 4314; x_wconf 90' lang='lat' dir='ltr'><strong><em>non</em></strong></span> <span class='ocrx_word' id='word_1_703' title='bbox 2373 4262 2677 4329; x_wconf 79' lang='lat' dir='ltr'><strong><em>sufﬁcientes</em></strong></span> <span class='ocrx_word' id='word_1_704' title='bbox 2719 4261 2956 4312; x_wconf 84' lang='lat' dir='ltr'><strong><em>sarcinas</em></strong></span> <span class='ocrx_word' id='word_1_705' title='bbox 3007 4276 3207 4329; x_wconf 88' lang='lat' dir='ltr'><strong><em>graves.</em></strong></span> <span class='ocrx_word' id='word_1_706' title='bbox 3243 4258 3337 4313; x_wconf 80' lang='lat' dir='ltr'><strong><em>llis</em></strong></span> <span class='ocrx_word' id='word_1_707' title='bbox 3374 4260 3613 4315; x_wconf 89' lang='lat' dir='ltr'><strong><em>deserto-</em></strong></span> 
     </span>
    </p>
   </div>
   <div class='ocr_carea' id='block_1_102' title="bbox 2044 4350 3604 4419">
    <p class='ocr_par' dir='ltr' id='par_1_102' title="bbox 2044 4350 3604 4419">
     <span class='ocr_line' id='line_1_103' title="bbox 2044 4350 3604 4419; baseline 0 -14"><span class='ocrx_word' id='word_1_708' title='bbox 2044 4353 2192 4407; x_wconf 89' lang='lat' dir='ltr'><strong><em>ribus</em></strong></span> <span class='ocrx_word' id='word_1_709' title='bbox 2220 4352 2590 4419; x_wconf 73' lang='lat' dir='ltr'><strong><em>przreuntibus</em></strong></span> <span class='ocrx_word' id='word_1_710' title='bbox 2625 4351 2757 4403; x_wconf 91' lang='lat' dir='ltr'><strong><em>nihil</em></strong></span> <span class='ocrx_word' id='word_1_711' title='bbox 2804 4350 2965 4403; x_wconf 87' lang='lat' dir='ltr'><strong><em>Gothi</em></strong></span> <span class='ocrx_word' id='word_1_712' title='bbox 3014 4352 3277 4404; x_wconf 88' lang='lat' dir='ltr'><strong><em>intactum</em></strong></span> <span class='ocrx_word' id='word_1_713' title='bbox 3315 4351 3604 4419; x_wconf 89' lang='lat' dir='ltr'><strong><em>reliquere,</em></strong></span> 
     </span>
    </p>
   </div>
   <div class='ocr_carea' id='block_1_103' title="bbox 2044 4442 3607 4511">
    <p class='ocr_par' dir='ltr' id='par_1_103' title="bbox 2044 4442 3607 4511">
     <span class='ocr_line' id='line_1_104' title="bbox 2044 4442 3607 4511; baseline 0 -13"><span class='ocrx_word' id='word_1_714' title='bbox 2044 4445 2137 4498; x_wconf 90' lang='lat' dir='ltr'><strong><em>scd</em></strong></span> <span class='ocrx_word' id='word_1_715' title='bbox 2167 4442 2348 4496; x_wconf 87' lang='lat' dir='ltr'><strong><em>omnia</em></strong></span> <span class='ocrx_word' id='word_1_716' title='bbox 2382 4443 2487 4511; x_wconf 81' lang='lat' dir='ltr'><strong><em>igni</em></strong></span> <span class='ocrx_word' id='word_1_717' title='bbox 2526 4443 2777 4510; x_wconf 83' lang='lat' dir='ltr'><strong><em>ferroque</em></strong></span> <span class='ocrx_word' id='word_1_718' title='bbox 2805 4452 3085 4496; x_wconf 87' lang='lat' dir='ltr'><strong><em>vastarunt</em></strong></span> <span class='ocrx_word' id='word_1_719' title='bbox 3128 4443 3273 4497; x_wconf 91' lang='lat' dir='ltr'><strong><em>nullo</em></strong></span> <span class='ocrx_word' id='word_1_720' title='bbox 3307 4445 3485 4498; x_wconf 80' lang='lat' dir='ltr'><strong><em>aetatis</em></strong></span> <span class='ocrx_word' id='word_1_721' title='bbox 3514 4454 3607 4498; x_wconf 86' lang='lat' dir='ltr'><strong><em>aut</em></strong></span> 
     </span>
    </p>
   </div>
   <div class='ocr_carea' id='block_1_104' title="bbox 2044 4534 3608 4599">
    <p class='ocr_par' dir='ltr' id='par_1_104' title="bbox 2044 4534 3608 4599">
     <span class='ocr_line' id='line_1_105' title="bbox 2044 4534 3608 4599; baseline 0 -10"><span class='ocrx_word' id='word_1_722' title='bbox 2044 4552 2208 4590; x_wconf 82' lang='lat' dir='ltr'><strong><em>sexus</em></strong></span> <span class='ocrx_word' id='word_1_723' title='bbox 2238 4537 2574 4590; x_wconf 86' lang='lat' dir='ltr'><strong><em>discrimine.</em></strong></span> <span class='ocrx_word' id='word_1_724' title='bbox 2610 4534 2814 4599; x_wconf 86' lang='lat' dir='ltr'><strong><em>Quibus</em></strong></span> <span class='ocrx_word' id='word_1_725' title='bbox 2855 4535 2920 4587; x_wconf 89' lang='lat' dir='ltr'><strong><em>de</em></strong></span> <span class='ocrx_word' id='word_1_726' title='bbox 2968 4537 3129 4589; x_wconf 90' lang='lat' dir='ltr'><strong><em>rebus</em></strong></span> <span class='ocrx_word' id='word_1_727' title='bbox 3159 4534 3465 4588; x_wconf 89' lang='lat' dir='ltr'><strong><em>admonitus</em></strong></span> <span class='ocrx_word' id='word_1_728' title='bbox 3502 4535 3608 4589; x_wconf 85' lang='lat' dir='ltr'><strong><em>Va-</em></strong></span> 
     </span>
    </p>
   </div>
   <div class='ocr_carea' id='block_1_105' title="bbox 2044 4625 3604 4694">
    <p class='ocr_par' dir='ltr' id='par_1_105' title="bbox 2044 4625 3604 4694">
     <span class='ocr_line' id='line_1_106' title="bbox 2044 4625 3604 4694; baseline 0.001 -14"><span class='ocrx_word' id='word_1_729' title='bbox 2044 4628 2160 4682; x_wconf 91' lang='lat' dir='ltr'><strong><em>lens</em></strong></span> <span class='ocrx_word' id='word_1_730' title='bbox 2189 4628 2541 4682; x_wconf 87' lang='lat' dir='ltr'><strong><em>Profuturum</em></strong></span> <span class='ocrx_word' id='word_1_731' title='bbox 2575 4628 2720 4682; x_wconf 90' lang='lat' dir='ltr'><strong><em>misit</em></strong></span> <span class='ocrx_word' id='word_1_732' title='bbox 2760 4626 3045 4681; x_wconf 88' lang='lat' dir='ltr'><strong><em>Antiochia</em></strong></span> <span class='ocrx_word' id='word_1_733' title='bbox 3081 4636 3135 4681; x_wconf 89' lang='lat' dir='ltr'><strong><em>et</em></strong></span> <span class='ocrx_word' id='word_1_734' title='bbox 3166 4625 3452 4694; x_wconf 87' lang='lat' dir='ltr'><strong><em>Trajanutn</em></strong></span> <span class='ocrx_word' id='word_1_735' title='bbox 3482 4642 3604 4682; x_wconf 89' lang='lat' dir='ltr'><strong><em>cum</em></strong></span> 
     </span>
    </p>
   </div>
   <div class='ocr_carea' id='block_1_106' title="bbox 2042 4717 3609 4787">
    <p class='ocr_par' dir='ltr' id='par_1_106' title="bbox 2042 4717 3609 4787">
     <span class='ocr_line' id='line_1_107' title="bbox 2042 4717 3609 4787; baseline 0.001 -15"><span class='ocrx_word' id='word_1_736' title='bbox 2042 4719 2347 4787; x_wconf 83' lang='lat' dir='ltr'><strong><em>legionibus</em></strong></span> <span class='ocrx_word' id='word_1_737' title='bbox 2394 4735 2459 4771; x_wconf 83' lang='lat' dir='ltr'><strong><em>ex</em></strong></span> <span class='ocrx_word' id='word_1_738' title='bbox 2496 4718 2751 4772; x_wconf 87' lang='lat' dir='ltr'><strong><em>Armenia</em></strong></span> <span class='ocrx_word' id='word_1_739' title='bbox 2806 4717 3002 4773; x_wconf 90' lang='lat' dir='ltr'><strong><em>ductis.</em></strong></span> <span class='ocrx_word' id='word_1_740' title='bbox 3054 4717 3229 4785; x_wconf 84' lang='lat' dir='ltr'><strong><em>Atque</em></strong></span> <span class='ocrx_word' id='word_1_741' title='bbox 3265 4718 3354 4772; x_wconf 88' lang='lat' dir='ltr'><strong><em>hic</em></strong></span> <span class='ocrx_word' id='word_1_742' title='bbox 3392 4720 3609 4774; x_wconf 87' lang='lat' dir='ltr'><strong><em>videtur</em></strong></span> 
     </span>
    </p>
   </div>
   <div class='ocr_carea' id='block_1_107' title="bbox 2042 4808 3374 4879">
    <p class='ocr_par' dir='ltr' id='par_1_107' title="bbox 2042 4808 3374 4879">
     <span class='ocr_line' id='line_1_108' title="bbox 2042 4808 3374 4879; baseline -0.001 -15"><span class='ocrx_word' id='word_1_743' title='bbox 2042 4826 2165 4864; x_wconf 89' lang='lat' dir='ltr'><strong><em>esse</em></strong></span> <span class='ocrx_word' id='word_1_744' title='bbox 2197 4812 2471 4864; x_wconf 79' lang='lat' dir='ltr'><strong><em>exercitus</em></strong></span> <span class='ocrx_word' id='word_1_745' title='bbox 2502 4825 2660 4878; x_wconf 90' lang='lat' dir='ltr'><strong><em>quem</em></strong></span> <span class='ocrx_word' id='word_1_746' title='bbox 2685 4808 2984 4879; x_wconf 83' lang='lat' dir='ltr'><strong><em>exspectari</em></strong></span> <span class='ocrx_word' id='word_1_747' title='bbox 3018 4809 3094 4862; x_wconf 91' lang='lat' dir='ltr'><strong><em>ait</em></strong></span> <span class='ocrx_word' id='word_1_748' title='bbox 3126 4809 3374 4863; x_wconf 88' lang='lat' dir='ltr'><strong><em>Basilius.</em></strong></span> 
     </span>
    </p>
   </div>
   <div class='ocr_carea' id='block_1_108' title="bbox 2112 4900 3605 4970">
    <p class='ocr_par' dir='ltr' id='par_1_108' title="bbox 2112 4900 3605 4970">
     <span class='ocr_line' id='line_1_109' title="bbox 2112 4900 3605 4970; baseline 0.002 -15"><span class='ocrx_word' id='word_1_749' title='bbox 2112 4902 2351 4970; x_wconf 89' lang='lat' dir='ltr'><strong><em>Epistola</em></strong></span> <span class='ocrx_word' id='word_1_750' title='bbox 2404 4900 2510 4955; x_wconf 89' lang='lat'><strong><em>269</em></strong></span> <span class='ocrx_word' id='word_1_751' title='bbox 2562 4902 2761 4970; x_wconf 86' lang='lat' dir='ltr'><strong><em>scripta</em></strong></span> <span class='ocrx_word' id='word_1_752' title='bbox 2818 4903 2871 4955; x_wconf 90' lang='lat' dir='ltr'><strong><em>in</em></strong></span> <span class='ocrx_word' id='word_1_753' title='bbox 2929 4901 3185 4955; x_wconf 83' lang='lat' dir='ltr'><strong><em>extremis</em></strong></span> <span class='ocrx_word' id='word_1_754' title='bbox 3231 4901 3415 4957; x_wconf 90' lang='lat' dir='ltr'><strong><em>Basilii</em></strong></span> <span class='ocrx_word' id='word_1_755' title='bbox 3482 4902 3605 4958; x_wconf 60' lang='lat' dir='ltr'><strong><em>vitae</em></strong></span> 
     </span>
    </p>
   </div>
   <div class='ocr_carea' id='block_1_109' title="bbox 2040 4990 3604 5059">
    <p class='ocr_par' dir='ltr' id='par_1_109' title="bbox 2040 4990 3604 5059">
     <span class='ocr_line' id='line_1_110' title="bbox 2040 4990 3604 5059; baseline 0.004 -15"><span class='ocrx_word' id='word_1_756' title='bbox 2040 4992 2337 5046; x_wconf 88' lang='lat' dir='ltr'><strong><em>mensibus.</em></strong></span> <span class='ocrx_word' id='word_1_757' title='bbox 2386 4990 2522 5045; x_wconf 87' lang='lat' dir='ltr'><strong><em>Nam</em></strong></span> <span class='ocrx_word' id='word_1_758' title='bbox 2557 4993 2885 5057; x_wconf 68' lang='lat' dir='ltr'><strong><em>Arinthaaus,</em></strong></span> <span class='ocrx_word' id='word_1_759' title='bbox 2934 4992 3085 5059; x_wconf 87' lang='lat' dir='ltr'><strong><em>cujus</em></strong></span> <span class='ocrx_word' id='word_1_760' title='bbox 3136 5005 3310 5048; x_wconf 88' lang='lat' dir='ltr'><strong><em>morte</em></strong></span> <span class='ocrx_word' id='word_1_761' title='bbox 3352 4992 3604 5050; x_wconf 82' lang='lat' dir='ltr'><strong><em>alllictam</em></strong></span> 
     </span>
    </p>
   </div>
   <div class='ocr_carea' id='block_1_110' title="bbox 2040 5082 3603 5147">
    <p class='ocr_par' dir='ltr' id='par_1_110' title="bbox 2040 5082 3603 5147">
     <span class='ocr_line' id='line_1_111' title="bbox 2040 5082 3603 5147; baseline 0.001 -10"><span class='ocrx_word' id='word_1_762' title='bbox 2040 5099 2262 5137; x_wconf 87' lang='lat' dir='ltr'><strong><em>uxorem</em></strong></span> <span class='ocrx_word' id='word_1_763' title='bbox 2304 5084 2617 5138; x_wconf 89' lang='lat' dir='ltr'><strong><em>consolatur</em></strong></span> <span class='ocrx_word' id='word_1_764' title='bbox 2658 5082 2909 5147; x_wconf 89' lang='lat' dir='ltr'><strong><em>Basilius,</em></strong></span> <span class='ocrx_word' id='word_1_765' title='bbox 2946 5084 3183 5137; x_wconf 90' lang='lat' dir='ltr'><strong><em>nondum</em></strong></span> <span class='ocrx_word' id='word_1_766' title='bbox 3224 5084 3436 5139; x_wconf 91' lang='lat' dir='ltr'><strong><em>obierat</em></strong></span> <span class='ocrx_word' id='word_1_767' title='bbox 3479 5100 3603 5138; x_wconf 88' lang='lat' dir='ltr'><strong><em>cum</em></strong></span> 
     </span>
    </p>
   </div>
   <div class='ocr_carea' id='block_1_111' title="bbox 2042 5173 3604 5246">
    <p class='ocr_par' dir='ltr' id='par_1_111' title="bbox 2042 5173 3604 5246">
     <span class='ocr_line' id='line_1_112' title="bbox 2042 5173 3604 5246; baseline 0.001 -19"><span class='ocrx_word' id='word_1_768' title='bbox 2042 5174 2236 5229; x_wconf 79' lang='lat' dir='ltr'><strong><em>Valens</em></strong></span> <span class='ocrx_word' id='word_1_769' title='bbox 2258 5176 2323 5229; x_wconf 90' lang='lat' dir='ltr'><strong><em>ad</em></strong></span> <span class='ocrx_word' id='word_1_770' title='bbox 2366 5176 2607 5246; x_wconf 72' lang='lat' dir='ltr'><strong><em>prazlium</em></strong></span> <span class='ocrx_word' id='word_1_771' title='bbox 2646 5190 2766 5228; x_wconf 88' lang='lat' dir='ltr'><strong><em>cum</em></strong></span> <span class='ocrx_word' id='word_1_772' title='bbox 2799 5173 3046 5228; x_wconf 89' lang='lat' dir='ltr'><strong><em>barbaris</em></strong></span> <span class='ocrx_word' id='word_1_773' title='bbox 3079 5176 3517 5230; x_wconf 85' lang='lat' dir='ltr'><strong><em>committendum</em></strong></span> <span class='ocrx_word' id='word_1_774' title='bbox 3543 5189 3604 5229; x_wconf 84' lang='lat' dir='ltr'><strong><em>se</em></strong></span> 
     </span>
    </p>
   </div>
   <div class='ocr_carea' id='block_1_112' title="bbox 2036 5264 3603 5336">
    <p class='ocr_par' dir='ltr' id='par_1_112' title="bbox 2036 5264 3603 5336">
     <span class='ocr_line' id='line_1_113' title="bbox 2036 5264 3603 5336; baseline 0.001 -16"><span class='ocrx_word' id='word_1_775' title='bbox 2036 5269 2365 5336; x_wconf 83' lang='lat' dir='ltr'><strong><em>accingeret.</em></strong></span> <span class='ocrx_word' id='word_1_776' title='bbox 2406 5267 2540 5319; x_wconf 87' lang='lat' dir='ltr'><strong><em>Cum</em></strong></span> <span class='ocrx_word' id='word_1_777' title='bbox 2591 5266 2734 5319; x_wconf 91' lang='lat' dir='ltr'><strong><em>enim</em></strong></span> <span class='ocrx_word' id='word_1_778' title='bbox 2786 5265 3053 5336; x_wconf 88' lang='lat' dir='ltr'><strong><em>Trajanus</em></strong></span> <span class='ocrx_word' id='word_1_779' title='bbox 3098 5264 3305 5320; x_wconf 86' lang='lat' dir='ltr'><strong><em>Valenti</em></strong></span> <span class='ocrx_word' id='word_1_780' title='bbox 3359 5267 3603 5321; x_wconf 81' lang='lat' dir='ltr'><strong><em>declara-</em></strong></span> 
     </span>
    </p>
   </div>
   <div class='ocr_carea' id='block_1_113' title="bbox 2036 5360 3603 5430">
    <p class='ocr_par' dir='ltr' id='par_1_113' title="bbox 2036 5360 3603 5430">
     <span class='ocr_line' id='line_1_114' title="bbox 2036 5360 3603 5430; baseline 0.001 -19"><span class='ocrx_word' id='word_1_781' title='bbox 2036 5372 2141 5423; x_wconf 86' lang='lat' dir='ltr'><strong><em>ret,</em></strong></span> <span class='ocrx_word' id='word_1_782' title='bbox 2169 5360 2541 5413; x_wconf 88' lang='lat' dir='ltr'><strong><em>calamitatum</em></strong></span> <span class='ocrx_word' id='word_1_783' title='bbox 2579 5374 2794 5413; x_wconf 90' lang='lat' dir='ltr'><strong><em>causam</em></strong></span> <span class='ocrx_word' id='word_1_784' title='bbox 2818 5376 2923 5414; x_wconf 90' lang='lat' dir='ltr'><strong><em>non</em></strong></span> <span class='ocrx_word' id='word_1_785' title='bbox 2955 5360 3168 5415; x_wconf 86' lang='lat' dir='ltr'><strong><em>aliunde</em></strong></span> <span class='ocrx_word' id='word_1_786' title='bbox 3197 5376 3357 5430; x_wconf 86' lang='lat' dir='ltr'><strong><em>quam</em></strong></span> <span class='ocrx_word' id='word_1_787' title='bbox 3387 5376 3452 5414; x_wconf 80' lang='lat' dir='ltr'><strong><em>ex</em></strong></span> <span class='ocrx_word' id='word_1_788' title='bbox 3481 5373 3603 5427; x_wconf 87' lang='lat' dir='ltr'><strong><em>per-</em></strong></span> 
     </span>
    </p>
   </div>
   <div class='ocr_carea' id='block_1_114' title="bbox 2034 5450 3602 5521">
    <p class='ocr_par' dir='ltr' id='par_1_114' title="bbox 2034 5450 3602 5521">
     <span class='ocr_line' id='line_1_115' title="bbox 2034 5450 3602 5521; baseline 0.001 -17"><span class='ocrx_word' id='word_1_789' title='bbox 2034 5452 2313 5504; x_wconf 86' lang='lat' dir='ltr'><strong><em>secutione</em></strong></span> <span class='ocrx_word' id='word_1_790' title='bbox 2371 5450 2668 5505; x_wconf 87' lang='lat' dir='ltr'><strong><em>Catholicis</em></strong></span> <span class='ocrx_word' id='word_1_791' title='bbox 2722 5452 2867 5505; x_wconf 83' lang='lat' dir='ltr'><strong><em>illata</em></strong></span> <span class='ocrx_word' id='word_1_792' title='bbox 2912 5454 3287 5521; x_wconf 85' lang='lat' dir='ltr'><strong><em>repetendam;</em></strong></span> <span class='ocrx_word' id='word_1_793' title='bbox 3325 5452 3507 5506; x_wconf 69' lang='lat' dir='ltr'><strong><em>Victor</em></strong></span> <span class='ocrx_word' id='word_1_794' title='bbox 3548 5459 3602 5505; x_wconf 91' lang='lat' dir='ltr'><strong><em>et</em></strong></span> 
     </span>
    </p>
   </div>
   <div class='ocr_carea' id='block_1_115' title="bbox 2034 5541 3601 5616">
    <p class='ocr_par' dir='ltr' id='par_1_115' title="bbox 2034 5541 3601 5616">
     <span class='ocr_line' id='line_1_116' title="bbox 2034 5541 3601 5616; baseline -0.001 -19"><span class='ocrx_word' id='word_1_795' title='bbox 2034 5542 2370 5607; x_wconf 75' lang='lat' dir='ltr'><strong><em>Arintbzeus,</em></strong></span> <span class='ocrx_word' id='word_1_796' title='bbox 2417 5552 2551 5598; x_wconf 83' lang='lat' dir='ltr'><strong><em>teste</em></strong></span> <span class='ocrx_word' id='word_1_797' title='bbox 2601 5544 3065 5616; x_wconf 84' lang='lat' dir='ltr'><strong><em>Theodoreto(d),</em></strong></span> <span class='ocrx_word' id='word_1_798' title='bbox 3114 5545 3435 5601; x_wconf 88' lang='lat' dir='ltr'><strong><em>sententiam</em></strong></span> <span class='ocrx_word' id='word_1_799' title='bbox 3467 5541 3601 5598; x_wconf 80' lang='lat' dir='ltr'><strong><em>Tra-</em></strong></span> 
     </span>
    </p>
   </div>
   <div class='ocr_carea' id='block_1_116' title="bbox 2108 5735 2726 5806">
    <p class='ocr_par' dir='ltr' id='par_1_116' title="bbox 2108 5735 2726 5806">
     <span class='ocr_line' id='line_1_117' title="bbox 2108 5735 2726 5806; baseline 0.006 -19"><span class='ocrx_word' id='word_1_800' title='bbox 2108 5738 2175 5806; x_wconf 83' lang='lat' dir='ltr'><strong><em>(c)</em></strong></span> <span class='ocrx_word' id='word_1_801' title='bbox 2204 5735 2318 5806; x_wconf 81' lang='lat' dir='ltr'><strong><em>Lib.</em></strong></span> <span class='ocrx_word' id='word_1_802' title='bbox 2350 5752 2499 5799; x_wconf 79' lang='lat' dir='ltr'><strong><em>xxxi,</em></strong></span> <span class='ocrx_word' id='word_1_803' title='bbox 2524 5753 2641 5804; x_wconf 87' lang='lat' dir='ltr'><strong><em>cap.</em></strong></span> <span class='ocrx_word' id='word_1_804' title='bbox 2674 5737 2726 5791; x_wconf 87' lang='lat'><strong><em>6.</em></strong></span> 
     </span>
    </p>
   </div>
   <div class='ocr_carea' id='block_1_117' title="bbox 2103 5805 3010 5877">
    <p class='ocr_par' dir='ltr' id='par_1_117' title="bbox 2103 5805 3010 5877">
     <span class='ocr_line' id='line_1_118' title="bbox 2103 5805 3010 5877; baseline 0.008 -20"><span class='ocrx_word' id='word_1_805' title='bbox 2103 5806 2178 5877; x_wconf 76' lang='grc' dir='ltr'><strong><em>(ά)</em></strong></span> <span class='ocrx_word' id='word_1_806' title='bbox 2208 5805 2347 5861; x_wconf 83' lang='lat' dir='ltr'><strong><em>Hist.</em></strong></span> <span class='ocrx_word' id='word_1_807' title='bbox 2374 5810 2579 5875; x_wconf 85' lang='lat' dir='ltr'><strong><em>cccles.,</em></strong></span> <span class='ocrx_word' id='word_1_808' title='bbox 2621 5810 2713 5863; x_wconf 87' lang='lat' dir='ltr'><strong><em>lib.</em></strong></span> <span class='ocrx_word' id='word_1_809' title='bbox 2747 5824 2817 5876; x_wconf 80' lang='lat' dir='ltr'><strong><em>tv,</em></strong></span> <span class='ocrx_word' id='word_1_810' title='bbox 2846 5824 2893 5863; x_wconf 90' lang='lat' dir='ltr'><strong><em>c.</em></strong></span> <span class='ocrx_word' id='word_1_811' title='bbox 2923 5807 3010 5865; x_wconf 77' lang='lat'><strong><em>35.</em></strong></span> 
     </span>
    </p>
   </div>
  </div>
