4040 6216
393 343 513 384 ειη

1742 326 2284 388 PROLEGOMENA.

396 446 503 516 iani
534 445 947 512 conﬁrmarunt,
978 460 1041 500 ac
1080 445 1354 502 Valentem
1396 453 1676 518 rogarunt,
1716 460 1784 500 ne
1820 445 1963 501 veri-
1989 449 2036 506 Α
2064 443 2192 509 272,
2231 452 2287 499 et
2324 443 2451 514 quid
2494 443 2672 501 locum
2703 444 2784 501 eis
2814 442 2944 500 dare
2992 440 3250 513 potuerit,
3280 442 3514 513 ingenue
3542 455 3650 499 ex-

399 544 564 593 tatem
608 552 730 591 eum
775 535 1194 606 reprehensione
1226 536 1569 605 coniunctam
1598 549 1742 604 agre
1777 534 1965 591 ferret.

397 625 515 682 Non
545 639 722 683 tamen
747 627 799 681 in
822 627 927 681 hoc
954 626 1198 682 Valentis
1226 637 1472 683 extremo
1499 627 1686 696 praelio
1714 625 1970 681 occubuit

397 720 727 786 Arintbaeus,
769 719 863 775 sed
910 734 1020 775 non
1055 718 1222 774 multo
1266 727 1392 790 post
1432 733 1677 774 summus
1725 718 1815 773 ille
1864 717 1967 783 vir,

401 811 631 866 nondum
678 810 831 866 senio
879 808 1106 876 fractus,
1150 810 1364 864 unicam
1428 809 1593 863 ﬁliam
1636 808 1968 879 relinquens,

396 904 606 969 placida
658 912 832 959 morte
891 902 1117 974 quievit.
1191 902 1321 957 Erat
1372 903 1819 973 praestantissima
1851 914 1969 956 cor—

397 995 543 1064 poris
575 992 769 1059 forma,
797 1008 864 1050 ac
891 994 1139 1064 corporis
1162 994 1339 1049 robori
1377 1008 1563 1064 parem
1610 993 1773 1048 animi
1801 992 1970 1047 virtu-

399 1094 506 1139 tem
541 1084 802 1149 habebat,
844 1084 1160 1156 bellicisque
1192 1084 1501 1140 abundabat
1551 1083 1841 1140 laudibus:
1874 1082 1967 1138 sed

398 1175 524 1232 ﬁdei
558 1176 839 1233 catholicae
872 1178 1051 1233 studio
1095 1177 1297 1232 clarior
1338 1185 1476 1242 erat,
1504 1190 1568 1231 ac
1595 1188 1808 1232 omnem
1853 1173 1971 1228 ani-

398 1282 501 1322 mae
548 1267 813 1323 maculam
861 1267 1291 1339 regenerationis
1342 1266 1559 1322 lavacro
1601 1266 1655 1321 in
1693 1266 1810 1335 ipso
1846 1264 1971 1321 vita:

397 1360 546 1416 exitu
576 1360 920 1431 expurgavit.
946 1361 1105 1415 Tanti
1142 1359 1389 1416 beneﬁcii
1441 1360 1776 1415 conciliatrix
1805 1368 1860 1414 et
1884 1360 1969 1415 ad-

398 1451 567 1524 jutrix
604 1469 781 1508 uxor:
810 1453 965 1523 cujus
989 1453 1193 1510 luctum
1226 1452 1459 1508 Basilius
1492 1454 1595 1509 hoc
1628 1452 1968 1525 potissimum

398 1543 590 1601 solatio
615 1555 842 1600 conatur
872 1546 1199 1601 demulcere.

469 1634 617 1691 Vidit
652 1636 867 1692 tandem
895 1637 1127 1694 Basilius
1150 1640 1294 1709 quod
1333 1638 1585 1693 omnibus
1610 1636 1753 1692 votis
1781 1635 1971 1704 exqui—

398 1728 588 1794 sierat,
638 1744 823 1800 pacem
870 1729 1255 1796 Ecclesiarum,
1306 1746 1372 1786 ac
1419 1740 1663 1799 pastores
1711 1728 1968 1785 Ecclesiis

2076 537 2245 605 ponit.
2282 536 2468 591 Fidem
2509 538 2610 593 sibi
2656 539 2843 593 haberi
2885 537 3156 607 postulat;
3194 551 3301 591 non
3329 536 3475 591 enim
3510 538 3650 593 adeo

2076 628 2415 694 desperatum
2438 643 2498 684 se
2522 645 2662 697 esse,
2694 637 2753 682 ut
2784 642 3037 698 magnum
3064 625 3272 696 peccati
3306 624 3650 681 mendacium

2074 720 2442 791 parvipendat.
2500 719 2793 776 Prolitetur
2842 736 2902 775 se
2952 720 3097 773 nullo
3137 734 3205 774 ex
3261 719 3347 783 iis,
3380 718 3473 789 qui
3506 718 3650 772 ami-

2078 812 2220 867 citia:
2254 811 2413 866 laude
2437 813 2662 881 spectati
2695 821 2842 878 sunt,
2875 811 3251 882 ignobiliorcm
3275 825 3428 875 esse;
3450 809 3653 878 quippe

2075 920 2199 961 cum
2232 919 2507 974 nunquatn
2551 904 2605 959 in
2640 904 2876 959 amicitia
2922 903 3214 974 quidquam
3255 915 3513 972 peccasse
3553 901 3653 955 de-

2075 999 2373 1069 prehensus
2406 998 2498 1054 sit.

2146 1089 2324 1144 Alium
2373 1089 2557 1145 Basilii
2602 1088 3030 1160 condiscipulum
3064 1102 3128 1143 ex
3167 1086 3342 1143 tribus
3375 1085 3653 1156 sequenti.

2078 1184 2181 1239 bus
2214 1182 2480 1253 epistolis,
2511 1182 2709 1237 lleram
2760 1182 2998 1245 nomine,
3033 1179 3435 1248 cognoscimus,
3481 1192 3650 1247 quem

2077 1276 2291 1331 invidiae
2322 1275 2440 1331 telis
2460 1284 2516 1331 et
2543 1274 2891 1329 inimicorum
2923 1272 3209 1334 calumniis
3237 1272 3464 1342 petitum
3494 1269 3652 1324 Basi-

2076 1368 2181 1425 lius
2206 1384 2313 1423 non
2345 1367 2711 1438 perfunctorie
2751 1367 3119 1423 commendat.

2146 1457 2377 1528 Insignis
2404 1463 2523 1513 erat
2551 1455 2811 1511 Caesareae
2852 1456 3011 1522 civis,
3057 1454 3366 1510 Harmatius
3407 1450 3653 1518 nomine,

2077 1550 2495 1604 simulacrorum
2526 1548 2746 1616 quidem
2804 1547 3053 1627 addictus
3094 1546 3285 1612 cultui,
3332 1544 3427 1600 sed
3470 1553 3655 1598 tan-en

2078 1640 2287 1697 civitati
2321 1641 2701 1696 cbarissimus.
2733 1638 2902 1710 Hujus
2948 1639 3090 1693 ﬁlius
3122 1638 3291 1693 inscio
3317 1645 3468 1705 patre
3493 1633 3658 1690 Chri-

2078 1735 2307 1790 stianam
2336 1734 2649 1805 religionem
2678 1733 2964 1803 amplexus
3002 1740 3170 1787 totam
3217 1730 3490 1787 civitatem
3526 1741 3659 1798 gau-

400 1823 515 1877 suis
550 1823 809 1879 redditos.
838 1821 963 1877 Haec
993 1822 1191 1878 divinae
1219 1823 1607 1879 misericordiae
1630 1820 1826 1877 indicia
1853 1835 1974 1875 cum
2005 1804 2051 1865 Β
2079 1826 2168 1880 dio
2197 1825 2451 1895 perfudit,
2487 1840 2607 1895 qua;
2648 1824 2753 1879 sibi
2795 1823 3084 1879 videbatur
3135 1822 3308 1891 ipsum
3347 1820 3509 1876 etiam
3551 1831 3659 1888 pa-

401 1915 643 1973 Valentis
686 1927 858 1971 morte
891 1916 1179 1985 conjuncta
1219 1916 1457 1980 fuerunt,
1503 1930 1615 1985 quo
1654 1913 1981 1970 miserabili-

400 2018 501 2074 ter,
558 2018 616 2062 ut
664 2009 915 2064 omnibus
962 2019 1149 2062 notum
1202 2017 1306 2073 est,
1348 2006 1619 2061 exstincto
1653 2007 1738 2060 die
1771 2005 1805 2061 9
1852 2004 1974 2059 Maii

360 2119 542 2174 ‘anno
571 2103 698 2170 578,
727 2101 1069 2158 confessores
1112 2101 1163 2155 in
1219 2100 1491 2156 Ecclesias
1548 2115 1675 2155 suas
1729 2099 1974 2156 Gratiani

398 2195 577 2251 edicto
634 2196 869 2250 revocati
912 2203 1058 2249 sunt.
1120 2192 1237 2249 Non
1290 2192 1459 2248 multo
1516 2203 1642 2264 post
1676 2192 1975 2248 mirabilem

398 2291 543 2347 hunc
581 2300 831 2345 eventum
884 2290 1143 2345 dimissus
1193 2305 1222 2344 a
1280 2289 1509 2345 Domino
1559 2289 1612 2343 in
1650 2303 1779 2357 pace
1820 2286 1976 2355 Basi-

400 2384 523 2441 lius.
554 2385 648 2439 sed
691 2391 981 2452 antequam
1022 2381 1165 2437 illius
1211 2391 1443 2436 mortem
1492 2380 1815 2448 referamus,
1860 2380 1978 2434 bre-

400 2475 541 2530 viter
575 2475 920 2529 recensendas
946 2473 1129 2544 plures
1160 2472 1421 2542 epistolae,
1467 2472 1532 2527 de
1559 2472 1755 2542 quibus
1785 2472 1977 2543 agendi

402 2565 640 2621 nondum
668 2565 908 2620 occurrit
946 2565 1181 2619 occasio.

473 2656 559 2714 Ill.
593 2657 810 2727 Scripta
857 2668 943 2713 est
990 2657 1217 2726 epistola
1254 2656 1359 2710 270
1396 2669 1518 2727 post
1556 2657 1852 2711 secundam
1885 2670 1974 2711 ca.

402 2751 677 2804 nonicam.
702 2748 847 2804 Citat
882 2749 1023 2805 enim
1060 2747 1290 2804 Basilius
1338 2762 1602 2804 canonem
1640 2748 1977 2803 tricesimum

403 2859 433 2897 a
472 2856 531 2899 sc
570 2841 864 2914 vulgatum.
910 2841 1045 2898 Cum
1097 2842 1273 2912 puella
1338 2843 1578 2912 quazdam
1630 2848 1780 2909 rapta
1814 2849 1976 2906 esset,

405 2935 597 2991 scribit
642 2936 874 2991 Basilius
931 2936 1286 3006 presbytero,
1336 2949 1431 2990 seu
1501 2934 1680 3003 potius
1737 2933 1977 2988 locorum

410 3028 818 3097 cborcpiscopo,
865 3042 1024 3095 quem
1071 3037 1180 3079 tam
1219 3024 1456 3095 indignis
1500 3024 1831 3078 facinoribus
1871 3038 1975 3077 non

2080 1924 2216 1971 trem
2256 1916 2311 1969 in
2347 1915 2458 1970 ﬁlio
2495 1914 2866 1982 Christianum
2901 1912 3228 1982 suscepisse.
3263 1911 3370 1967 Sed
3396 1925 3519 1967 cum
3558 1924 3659 1980 pa-

2080 1986 2187 2063 tris
2217 2009 2493 2064 iracundia
2526 2018 2861 2064 metueretur
2900 2008 2952 2063 in
2984 2006 3404 2078 prmclarissimo
3436 2004 3532 2058 lilii
3564 2002 3657 2058 fa-

2078 2103 2287 2164 cinore,
2316 2112 2525 2170 patrem
2555 2100 2788 2155 Basilius
2820 2114 2919 2156 suo
2953 2109 3008 2153 et
3030 2098 3267 2153 civitatis
3300 2094 3520 2151 nomine
3544 2092 3664 2165 pla-

2078 2209 2205 2249 care
2231 2203 2478 2249 conatur.

2151 2286 2287 2342 Cum
2322 2286 2601 2341 didicisset
2631 2284 2866 2339 Basilius
2896 2298 2964 2338 ea
3003 2281 3317 2337 Tbeotecno
3341 2282 3409 2337 de
3437 2292 3658 2339 summa

2081 2380 2301 2436 Maximi
2335 2378 2656 2436 Scbolastici
2688 2379 2909 2448 pietate,
2940 2378 3034 2447 qui
3060 2391 3128 2432 ex
3174 2375 3353 2445 ampla
3376 2383 3432 2429 et
3456 2373 3657 2428 illustri

2079 2474 2285 2529 familia
2306 2477 2371 2529 ad
2403 2474 2694 2529 asceticam
2721 2473 2884 2526 vitam
2922 2472 3236 2534 transierat,
3268 2470 3501 2524 libenter
3528 2481 3657 2524 eum

2078 2567 2445 2631 convenisset,
2485 2565 2587 2619 nisi
2621 2564 2831 2619 senium
2866 2572 2922 2618 et
2962 2570 3219 2616 consueta
3266 2559 3553 2614 inﬁrmitas
3583 2572 3653 2612 ac

2080 2657 2338 2714 Ecclesia:
2380 2656 2619 2727 negotia,
2649 2655 3028 2710 detinuissent.
3074 2652 3255 2720 Quare
3303 2666 3398 2722 per
3444 2650 3659 2704 litteras

2081 2767 2204 2806 eum
2266 2750 2319 2803 in
2377 2760 2632 2819 suscepto
2688 2747 2934 2802 instituto
2970 2744 3278 2809 conﬁrmat,
3309 2757 3375 2798 ac
3420 2740 3661 2797 breviter

2079 2844 2334 2898 admonet
2364 2857 2529 2895 unum
2554 2854 2675 2895 esse
2701 2837 3092 2908 expetendum,
3120 2846 3379 2891 aeternum
3407 2834 3608 2889 bonum
3635 2848 3654 2886 :

2082 2950 2169 2991 res
2217 2944 2395 2989 autem
2452 2933 2719 2987 humanas
2757 2931 2945 2987 umbra
2998 2928 3270 2985 tenuiores
3319 2935 3375 2982 et
3429 2923 3661 2980 somniis

2081 3029 2389 3084 fallaciores
2417 3041 2559 3081 esse.

405 3120 540 3175 satis
564 3118 890 3175 commoveri
925 3117 1194 3188 queritur.
1222 3115 1387 3171 Jubet
1420 3126 1477 3171 ut
1521 3116 1695 3186 puella
1725 3116 1973 3170 restitua-

2156 3124 2576 3194 Distingnendus
2608 3122 2697 3177 ille
2728 3120 2993 3176 Maximus
3017 3113 3385 3171 Scbolasticus
3426 3126 3454 3164 a
3486 3107 3659 3163 Maxi-

406 3222 497 3266 tur
543 3210 879 3282 parentibus,
926 3218 1112 3278 raptor
1151 3224 1181 3263 a
1220 3209 1479 3283 precibus
1509 3214 1762 3263 arceatur
1786 3216 1841 3262 et
1878 3222 1976 3262 ex-

406 3302 838 3357 communicatus
891 3301 1262 3368 denuntietur,
1312 3316 1374 3356 ac
1411 3302 1447 3355 ii
1505 3301 1693 3365 etiam,
1727 3301 1819 3371 qui
1855 3316 1975 3355 cum

406 3409 472 3450 eo
499 3393 711 3450 facinus
742 3393 982 3464 aggressi
1020 3402 1167 3458 sunt,
1198 3408 1228 3449 a
1252 3393 1508 3462 precibus
1535 3407 1632 3463 per
1668 3400 1781 3447 tres
1809 3406 1979 3447 annos

405 3496 815 3553 removeantur,
856 3486 988 3555 quin
1028 3494 1084 3540 et
1128 3486 1219 3540 ille
1262 3486 1377 3555 ipse
1419 3499 1611 3556 pagus,
1643 3485 1733 3554 qui
1767 3494 1975 3554 raptam

406 3580 615 3647 recepit
643 3594 709 3633 ac
732 3578 1045 3644 custodivit,
1084 3578 1167 3632 vel
1202 3578 1366 3632 etiam
1388 3576 1455 3632 ad
1488 3590 1610 3630 eam
1638 3576 1976 3632 retinendam

404 3671 689 3742 pugnavit,
743 3670 1091 3727 universusa
1124 3685 1345 3740 precum
1402 3670 1665 3725 societate
1711 3670 1981 3725 rescinda-

405 3772 515 3819 tur.

472 3857 607 3913 Cum
651 3854 880 3910 Basilius
909 3854 985 3925 (α)
1016 3868 1202 3909 senem
1250 3868 1311 3909 se
1348 3853 1533 3907 dicere
1573 3853 1854 3922 incosperit
1887 3868 1979 3906 an-

404 3964 478 4005 no
504 3947 631 4011 574,
662 3963 784 4001 cum
810 3961 933 4002 eum
959 3944 1296 4016 gravissimis
1324 3946 1530 4000 morbis
1566 3944 1797 4016 fractum
1834 3946 1978 4001 vires

404 4039 757 4105 defecerunt;
786 4046 908 4108 post
941 4038 1042 4092 hoc
1073 4047 1282 4101 tempus
1328 4038 1557 4108 scriptas
1586 4039 1830 4093 ducimus
1861 4038 1979 4109 plu-

406 4146 500 4186 res
526 4130 810 4200 epistolas,
836 4130 890 4184 in
924 4129 1121 4199 quibus
1146 4130 1282 4184 senii
1329 4132 1411 4184 sui
1448 4131 1790 4185 incommoda
1828 4147 1967 4187 com-

404 4233 693 4281 memorat.
722 4222 869 4279 Talis
896 4233 980 4279 est
1008 4224 1234 4293 epistola
1264 4222 1365 4278 271
1402 4225 1470 4278 ad
1494 4223 1804 4290 Eusebium,
1838 4239 1977 4295 quo-

408 4334 534 4377 cum
558 4318 687 4374 olim
711 4316 943 4372 Basilius
972 4325 1028 4371 et
1058 4316 1234 4371 focum
1262 4332 1428 4371 unum
1459 4325 1515 4372 et
1544 4317 1893 4388 paedagogum
1921 4326 1977 4373 et

405 4410 575 4465 animi
626 4408 1014 4464 relaxationem
1063 4416 1118 4462 et
1164 4408 1377 4470 studia,
1429 4418 1482 4463 et
1527 4408 1748 4464 delicias
1799 4419 1853 4465 et
1889 4410 1971 4463 in-

2081 3230 2170 3268 mo
2209 3214 2544 3285 philosopho,
2576 3214 2643 3267 ad
2688 3228 2847 3283 quem
2886 3210 3085 3278 scripta
3141 3216 3223 3261 est
3278 3218 3419 3260 nona
3470 3200 3657 3257 Basilii

2079 3307 2328 3377 epistola.
2357 3305 2567 3360 Praeter
2596 3305 2808 3360 diversa
2857 3301 3200 3369 cognomina,
3244 3295 3512 3350 Maximus
3535 3292 3660 3363 pbi-

2078 3399 2339 3469 losopbus
2382 3397 2604 3467 aequalis
2650 3405 2772 3450 erat
2818 3392 2999 3447 Basilii
3049 3400 3105 3445 et
3149 3388 3440 3444 asceticam
3484 3385 3657 3438 vitam

2078 3492 2455 3564 proﬁtebatur,
2507 3489 2744 3544 nondum
2786 3485 2988 3541 Basilio
3023 3481 3377 3553 presbytero;
3426 3476 3661 3534 Scbola-

2079 3585 2250 3640 Sticus
2282 3591 2461 3637 autem
2508 3596 2698 3645 recens
2738 3587 2859 3634 erat
2899 3593 2927 3631 a
2972 3585 3225 3643 suscepto
3252 3574 3377 3626 vita:
3407 3570 3661 3626 ascetica

2079 3674 2333 3740 consilio,
2358 3687 2481 3727 cum
2510 3670 2744 3726 Basilius
2765 3667 3021 3724 Ecclesia:
3044 3664 3190 3720 curis
3217 3662 3659 3733 distringeretur;

2080 3783 2143 3821 ae
2168 3765 2382 3836 juvenis
2415 3773 2533 3820 erat
2560 3778 2689 3819 sene
2714 3761 2936 3826 Basilio,
2961 3758 3052 3829 qui
3081 3772 3205 3812 eum
3238 3756 3316 3809 ait
3338 3753 3541 3807 ratione
3564 3750 3658 3823 ju-

2078 3870 2336 3914 eentutem
2370 3856 2598 3926 frenare.
2670 3908 2675 3915 .

2141 3947 2239 4004 -|V.
2295 3948 2609 4003 Senectutis
2661 3961 2775 4003 sua:
2817 3946 3065 4001 meminit
3112 3944 3274 3999 etiam
3318 3940 3550 3997 Basilius
3597 3938 3652 3992 in

2078 4042 2309 4113 epistola
2341 4041 2407 4095 ad
2436 4040 2808 4104 Valerianum,
2841 4039 2934 4111 qui
2976 4037 3193 4109 negotia
3225 4051 3348 4091 cum
3380 4031 3655 4090 nonnullis

2079 4135 2290 4189 civibus
2332 4134 2762 4190 Caesariensibus
2788 4133 3041 4189 habebat.
3073 4131 3253 4197 Quare
3287 4128 3539 4191 Basilius,
3562 4124 3655 4196 qui

2079 4245 2149 4284 ne
2174 4229 2242 4284 ab
2281 4228 2368 4284 bis
2394 4228 2614 4299 quidem
2643 4228 2807 4282 rebus
2834 4223 3222 4295 componendis
3254 4235 3469 4291 cperam
3500 4232 3654 4273 suam

2079 4324 2411 4389 removebat,
2446 4320 2793 4376 Valerianum
2823 4318 3078 4386 accersit,
3108 4325 3168 4370 ut
3202 4316 3315 4371 suis
3349 4327 3472 4368 eum
3499 4310 3654 4381 adju-

2079 4420 2169 4468 vet
2194 4411 2455 4468 consiliis.

401 4504 582 4573 opiam
606 4511 660 4558 et
683 4502 865 4557 omnia
900 4515 1123 4570 prorsus
1154 4499 1422 4555 habuerat
1456 4502 1786 4556 communia.
1808 4502 1976 4558 Suum
2007 4492 2059 4551 Ι)
2155 4502 2291 4557 Tres
2326 4510 2618 4571 sequentes
2649 4501 2891 4570 epistola:
2929 4510 3051 4571 post
3077 4516 3276 4555 annum
3306 4497 3414 4556 372
3439 4498 3656 4567 scripta:

401 4592 452 4647 ei
488 4590 728 4646 dolorem
760 4589 1031 4659 signiﬁcat
1057 4587 1307 4655 Basilius,
1334 4590 1476 4660 quod
1506 4606 1629 4645 eum
1656 4590 1710 4645 in
1756 4592 1975 4648 civitate

396 4699 511 4741 non
554 4684 840 4755 repererit.
874 4683 927 4737 in
967 4698 1072 4751 qua
1116 4682 1354 4737 futurum
1400 4694 1719 4752 speraverat
1760 4694 1819 4740 ut
1848 4701 1973 4740 eum

401 4777 632 4832 videret.
671 4775 1025 4832 Commendat
1051 4776 1098 4829 ei
1128 4773 1416 4846 Cyriaeum
1464 4776 1842 4848 presbyterum
1880 4776 1975 4831 'in-

402 4869 778 4940 tegerrimum,
822 4866 977 4937 cujus
1018 4866 1218 4923 famam
1256 4884 1325 4924 ne
1374 4869 1411 4923 ii
1452 4870 1672 4937 quidem
1703 4878 1973 4926 attentare

402 4961 515 5016 ausi
543 4959 777 5024 fuerant,
807 4960 899 5031 qui
930 4976 1119 5017 manus
1152 4960 1204 5016 in
1240 4974 1429 5016 omnes
1455 4960 1793 5030 injiciebant.

469 5050 605 5107 Cum
647 5052 848 5108 multos
874 5051 1106 5108 Basilius
1137 5052 1203 5108 ab
1233 5052 1453 5109 ineunte
1480 5062 1637 5110 aetate
1682 5070 1857 5125 usque
1900 5056 1973 5112 ad

403 5150 738 5198 senectutem
785 5142 1085 5210 dilexisset,
1133 5144 1403 5200 nemiuem
1444 5159 1680 5215 unquam
1716 5146 1972 5216 przetule-

403 5244 488 5289 rat
516 5234 826 5305 Soplironio
849 5233 1150 5291 ofﬁciorum
1183 5237 1463 5307 magistro.
1490 5236 1596 5294 Sed
1622 5246 1803 5294 tamen
1836 5253 1971 5294 non-

402 5325 532 5382 nulli
586 5337 957 5383 assentatores
1019 5328 1329 5399 Sophronio
1395 5331 1730 5400 persuadere
1788 5331 1969 5387 conati

406 5415 642 5482 fuerant,
691 5432 752 5474 ut
800 5415 1000 5475 Basilio
1056 5430 1442 5486 succenseret,
1490 5436 1723 5491 eumque
1781 5430 1970 5477 contra

400 5524 515 5569 rem
544 5517 601 5564 et
629 5510 962 5566 voluntatem
986 5526 1139 5567 suam
1169 5513 1223 5567 in
1246 5514 1481 5583 quodam
1512 5513 1726 5583 negotio
1758 5513 1974 5571 venisse

400 5599 670 5655 crederet.
696 5598 912 5658 Refcllit
934 5602 1037 5661 bas
1065 5604 1363 5663 calumnias
1387 5604 1619 5663 Basilius
1648 5604 1701 5661 in
1746 5604 1972 5679 epistola

471 5781 545 5842 fa)
579 5782 674 5842 Eo.
711 5782 829 5839 162.

2080 4604 2229 4662 sunt,
2289 4609 2398 4664 quo
2453 4593 2686 4649 Basilius
2722 4596 2890 4663 cmpit
2942 4595 3082 4664 apud
3136 4594 3432 4648 Modestum
3464 4589 3658 4661 praefe-

2081 4696 2229 4743 ctum
2286 4687 2615 4741 auctoritate
2664 4694 2720 4740 et
2767 4685 2938 4754 gratia
2984 4685 3185 4742 valere.
3216 4685 3271 4739 ln
3304 4687 3474 4753 prima
3506 4698 3657 4739 com-

2080 4782 2302 4834 mendat
2326 4779 2498 4833 civem
2525 4778 2884 4849 Tyanensem,
2904 4778 2955 4831 in
2983 4778 3215 4832 secunda
3240 4792 3405 4832 unum
3433 4791 3500 4832 ex
3529 4789 3657 4846 pro-

2079 4871 2297 4942 pinquis
2345 4872 2459 4926 suis
2511 4885 2672 4940 quem
2716 4870 2770 4924 in
2804 4869 2899 4924 ﬁlii
2950 4869 3070 4927 loco
3117 4869 3372 4933 habebat,
3402 4869 3455 4924 in
3496 4869 3657 4925 tertia

2084 4963 2405 5026 Helladium,
2468 4978 2629 5032 quem
2702 4963 3092 5032 permquatoris
3146 4978 3371 5018 munere
3448 4962 3653 5019 exsolvi

2079 5062 2263 5124 rogat,
2294 5054 2427 5108 utin
2453 5054 2810 5124 Cappadociae
2847 5054 3007 5109 rebus
3055 5052 3413 5123 procurandis
3432 5068 3654 5123 operam

2081 5162 2236 5202 suam
2262 5146 2560 5217 impendat.
2592 5146 2788 5217 Liquet
2812 5161 2878 5201 ex
2927 5146 3011 5201 bis
3043 5144 3240 5201 litteris
3275 5146 3496 5202 solitum
3533 5161 3657 5203 esse

2080 5235 2338 5292 Basilium
2411 5236 2672 5307 plurimos
2743 5238 3000 5307 praefecto
3063 5239 3656 5309 commendarezquod

2079 5326 2296 5398 quidem
2358 5338 2417 5382 ut
2455 5327 2681 5395 faceret,
2711 5329 2780 5384 ab
2812 5329 2928 5398 ipso
2955 5328 3211 5396 praefecto
3242 5329 3503 5384 invitatus
3536 5328 3643 5383 fue-

2084 5429 2188 5476 rat.
2223 5418 2513 5477 Scribebat
2558 5420 2745 5491 itaque
2778 5421 3006 5475 libenter
3044 5420 3094 5475 ei
3148 5419 3400 5486 Basilius,
3430 5436 3534 5477 non
3565 5435 3639 5476 so

2079 5511 2189 5567 lum
2257 5527 2317 5568 se
2373 5528 2631 5581 responsa
2692 5513 3088 5583 perhonoriﬁca
3138 5523 3481 5584 accepturum
3527 5527 3625 5581 spe

2081 5619 2234 5669 rans.
2260 5606 2353 5662 sed
2395 5607 2556 5662 etiam
2601 5607 2669 5664 ab
2712 5606 2828 5678 ipso
2867 5605 3146 5678 praifecto,
3178 5609 3303 5661 dum
3337 5605 3386 5661 ei
3412 5607 3630 5662 occasio
