  <div class='ocr_page' id='page_1' title='image "/cluster/home/n/w/nwhite01/storage/ocr_20150623/29/mdp.39015012934371/166.png"; bbox 0 0 4040 6216; ppageno 0'>
   <div class='ocr_carea' id='block_1_1' title="bbox 1731 334 2292 394">
    <p class='ocr_par' dir='ltr' id='par_1_1' title="bbox 1731 334 2292 394">
     <span class='ocr_line' id='line_1_1' title="bbox 1731 334 2292 394; baseline 0.002 -2"><span class='ocrx_word' id='word_1_1' title='bbox 1731 335 1890 392; x_wconf 72' lang='grc' dir='ltr'><strong>νιΤΑ</strong></span> <span class='ocrx_word' id='word_1_2' title='bbox 1929 335 1987 391; x_wconf 84' lang='grc'><strong>8.</strong></span> <span class='ocrx_word' id='word_1_3' title='bbox 2028 334 2292 394; x_wconf 78' lang='lat' dir='ltr'><strong>BASILII.</strong></span> 
     </span>
    </p>
   </div>
   <div class='ocr_carea' id='block_1_2' title="bbox 3471 361 3610 401">
    <p class='ocr_par' dir='ltr' id='par_1_2' title="bbox 3471 361 3610 401">
     <span class='ocr_line' id='line_1_2' title="bbox 3471 361 3610 401; baseline 0.007 -1"><span class='ocrx_word' id='word_1_4' title='bbox 3471 361 3610 401; x_wconf 68' lang='lat' dir='ltr'><strong>CLVII</strong></span> 
     </span>
    </p>
   </div>
   <div class='ocr_carea' id='block_1_3' title="bbox 377 439 3614 526">
    <p class='ocr_par' dir='ltr' id='par_1_3' title="bbox 377 439 3614 526">
     <span class='ocr_line' id='line_1_3' title="bbox 377 439 3614 526; baseline 0.005 -29"><span class='ocrx_word' id='word_1_5' title='bbox 377 456 477 498; x_wconf 88' lang='lat' dir='ltr'><strong>nes</strong></span> <span class='ocrx_word' id='word_1_6' title='bbox 501 439 894 500; x_wconf 83' lang='lat' dir='ltr'><strong>beneﬁciorum</strong></span> <span class='ocrx_word' id='word_1_7' title='bbox 928 443 1329 514; x_wconf 86' lang='lat' dir='ltr'><strong>subministrat,</strong></span> <span class='ocrx_word' id='word_1_8' title='bbox 1356 447 1496 508; x_wconf 86' lang='lat' dir='ltr'><strong>inter</strong></span> <span class='ocrx_word' id='word_1_9' title='bbox 1541 450 1813 508; x_wconf 83' lang='lat' dir='ltr'><strong>beneﬁcos</strong></span> <span class='ocrx_word' id='word_1_10' title='bbox 1851 468 1952 506; x_wconf 89' lang='lat' dir='ltr'><strong>nu-</strong></span> <span class='ocrx_word' id='word_1_11' title='bbox 1976 451 2023 510; x_wconf 82' lang='grc' dir='ltr'><strong>Δ</strong></span> <span class='ocrx_word' id='word_1_12' title='bbox 2056 462 2299 520; x_wconf 77' lang='lat' dir='ltr'><strong>rogatus,</strong></span> <span class='ocrx_word' id='word_1_13' title='bbox 2333 462 2392 507; x_wconf 93' lang='lat' dir='ltr'><strong>ut</strong></span> <span class='ocrx_word' id='word_1_14' title='bbox 2421 467 2543 506; x_wconf 91' lang='lat' dir='ltr'><strong>eum</strong></span> <span class='ocrx_word' id='word_1_15' title='bbox 2576 467 2641 507; x_wconf 78' lang='lat' dir='ltr'><strong>ex</strong></span> <span class='ocrx_word' id='word_1_16' title='bbox 2671 453 2772 510; x_wconf 90' lang='lat' dir='ltr'><strong>hoc</strong></span> <span class='ocrx_word' id='word_1_17' title='bbox 2825 454 3063 523; x_wconf 87' lang='lat' dir='ltr'><strong>periculo</strong></span> <span class='ocrx_word' id='word_1_18' title='bbox 3096 457 3348 526; x_wconf 85' lang='lat' dir='ltr'><strong>eriperet,</strong></span> <span class='ocrx_word' id='word_1_19' title='bbox 3392 469 3614 526; x_wconf 86' lang='lat' dir='ltr'><strong>respon-</strong></span> 
     </span>
    </p>
   </div>
   <div class='ocr_carea' id='block_1_4' title="bbox 373 533 756 589">
    <p class='ocr_par' dir='ltr' id='par_1_4' title="bbox 373 533 756 589">
     <span class='ocr_line' id='line_1_4' title="bbox 373 533 756 589; baseline -0.008 0"><span class='ocrx_word' id='word_1_20' title='bbox 373 542 637 589; x_wconf 83' lang='lat' dir='ltr'><strong>lneratum</strong></span> <span class='ocrx_word' id='word_1_21' title='bbox 667 533 756 587; x_wconf 92' lang='lat' dir='ltr'><strong>iri.</strong></span> 
     </span>
    </p>
   </div>
   <div class='ocr_carea' id='block_1_5' title="bbox 432 622 1946 702">
    <p class='ocr_par' dir='ltr' id='par_1_5' title="bbox 432 622 1946 702">
     <span class='ocr_line' id='line_1_5' title="bbox 432 622 1946 702; baseline 0.009 -28"><span class='ocrx_word' id='word_1_22' title='bbox 432 622 669 678; x_wconf 81' lang='lat' dir='ltr'><strong>Basilius</strong></span> <span class='ocrx_word' id='word_1_23' title='bbox 708 624 762 677; x_wconf 92' lang='lat' dir='ltr'><strong>in</strong></span> <span class='ocrx_word' id='word_1_24' title='bbox 793 625 1024 694; x_wconf 82' lang='lat' dir='ltr'><strong>epistola</strong></span> <span class='ocrx_word' id='word_1_25' title='bbox 1053 627 1161 681; x_wconf 69' lang='lat'><strong>282</strong></span> <span class='ocrx_word' id='word_1_26' title='bbox 1203 630 1508 700; x_wconf 84' lang='lat' dir='ltr'><strong>episcopum</strong></span> <span class='ocrx_word' id='word_1_27' title='bbox 1547 633 1831 702; x_wconf 85' lang='lat' dir='ltr'><strong>quemdam</strong></span> <span class='ocrx_word' id='word_1_28' title='bbox 1860 633 1946 686; x_wconf 77' lang='lat' dir='ltr'><strong>in-</strong></span> 
     </span>
    </p>
   </div>
   <div class='ocr_carea' id='block_1_6' title="bbox 376 711 1945 793">
    <p class='ocr_par' dir='ltr' id='par_1_6' title="bbox 376 711 1945 793">
     <span class='ocr_line' id='line_1_6' title="bbox 376 711 1945 793; baseline 0.011 -34"><span class='ocrx_word' id='word_1_29' title='bbox 376 711 508 764; x_wconf 80' lang='lat' dir='ltr'><strong>vitat</strong></span> <span class='ocrx_word' id='word_1_30' title='bbox 557 712 625 766; x_wconf 82' lang='lat' dir='ltr'><strong>ad</strong></span> <span class='ocrx_word' id='word_1_31' title='bbox 682 713 883 768; x_wconf 84' lang='lat' dir='ltr'><strong>festum</strong></span> <span class='ocrx_word' id='word_1_32' title='bbox 931 728 1245 773; x_wconf 90' lang='lat' dir='ltr'><strong>sanctorum</strong></span> <span class='ocrx_word' id='word_1_33' title='bbox 1293 731 1612 793; x_wconf 86' lang='lat' dir='ltr'><strong>martyrum,</strong></span> <span class='ocrx_word' id='word_1_34' title='bbox 1653 739 1758 777; x_wconf 93' lang='lat' dir='ltr'><strong>non</strong></span> <span class='ocrx_word' id='word_1_35' title='bbox 1826 725 1945 778; x_wconf 89' lang='lat' dir='ltr'><strong>sine</strong></span> 
     </span>
    </p>
   </div>
   <div class='ocr_carea' id='block_1_7' title="bbox 371 805 1941 883">
    <p class='ocr_par' dir='ltr' id='par_1_7' title="bbox 371 805 1941 883">
     <span class='ocr_line' id='line_1_7' title="bbox 371 805 1941 883; baseline 0.009 -29"><span class='ocrx_word' id='word_1_36' title='bbox 371 812 530 856; x_wconf 84' lang='lat' dir='ltr'><strong>acuta</strong></span> <span class='ocrx_word' id='word_1_37' title='bbox 571 805 1004 872; x_wconf 86' lang='lat' dir='ltr'><strong>reprehensione</strong></span> <span class='ocrx_word' id='word_1_38' title='bbox 1059 811 1196 878; x_wconf 91' lang='lat' dir='ltr'><strong>quod</strong></span> <span class='ocrx_word' id='word_1_39' title='bbox 1243 828 1348 866; x_wconf 93' lang='lat' dir='ltr'><strong>non</strong></span> <span class='ocrx_word' id='word_1_40' title='bbox 1397 823 1626 869; x_wconf 90' lang='lat' dir='ltr'><strong>vocatus</strong></span> <span class='ocrx_word' id='word_1_41' title='bbox 1664 826 1941 883; x_wconf 75' lang='lat' dir='ltr'><strong>queratur,</strong></span> 
     </span>
    </p>
   </div>
   <div class='ocr_carea' id='block_1_8' title="bbox 373 897 1944 975">
    <p class='ocr_par' dir='ltr' id='par_1_8' title="bbox 373 897 1944 975">
     <span class='ocr_line' id='line_1_8' title="bbox 373 897 1944 975; baseline 0.014 -34"><span class='ocrx_word' id='word_1_42' title='bbox 373 903 596 947; x_wconf 81' lang='lat' dir='ltr'><strong>vocatus</strong></span> <span class='ocrx_word' id='word_1_43' title='bbox 625 911 732 948; x_wconf 92' lang='lat' dir='ltr'><strong>non</strong></span> <span class='ocrx_word' id='word_1_44' title='bbox 764 898 966 952; x_wconf 91' lang='lat' dir='ltr'><strong>veniat.</strong></span> <span class='ocrx_word' id='word_1_45' title='bbox 993 897 1051 952; x_wconf 92' lang='lat' dir='ltr'><strong>ln</strong></span> <span class='ocrx_word' id='word_1_46' title='bbox 1081 907 1325 970; x_wconf 89' lang='lat' dir='ltr'><strong>sequenti</strong></span> <span class='ocrx_word' id='word_1_47' title='bbox 1352 905 1524 960; x_wconf 68' lang='lat' dir='ltr'><strong>vidum</strong></span> <span class='ocrx_word' id='word_1_48' title='bbox 1559 908 1794 972; x_wconf 80' lang='lat' dir='ltr'><strong>cuidam,</strong></span> <span class='ocrx_word' id='word_1_49' title='bbox 1825 923 1944 975; x_wconf 69' lang='lat' dir='ltr'><strong>quae</strong></span> 
     </span>
    </p>
   </div>
   <div class='ocr_carea' id='block_1_9' title="bbox 373 986 1944 1067">
    <p class='ocr_par' dir='ltr' id='par_1_9' title="bbox 373 986 1944 1067">
     <span class='ocr_line' id='line_1_9' title="bbox 373 986 1944 1067; baseline 0.01 -29"><span class='ocrx_word' id='word_1_50' title='bbox 373 986 520 1040; x_wconf 84' lang='lat' dir='ltr'><strong>illius</strong></span> <span class='ocrx_word' id='word_1_51' title='bbox 542 987 760 1042; x_wconf 90' lang='lat' dir='ltr'><strong>videndi</strong></span> <span class='ocrx_word' id='word_1_52' title='bbox 798 999 852 1044; x_wconf 90' lang='lat' dir='ltr'><strong>et</strong></span> <span class='ocrx_word' id='word_1_53' title='bbox 889 992 1201 1047; x_wconf 84' lang='lat' dir='ltr'><strong>consulendi</strong></span> <span class='ocrx_word' id='word_1_54' title='bbox 1230 997 1422 1064; x_wconf 90' lang='lat' dir='ltr'><strong>cupida</strong></span> <span class='ocrx_word' id='word_1_55' title='bbox 1450 1007 1589 1063; x_wconf 90' lang='lat' dir='ltr'><strong>erat,</strong></span> <span class='ocrx_word' id='word_1_56' title='bbox 1621 1013 1768 1067; x_wconf 88' lang='lat' dir='ltr'><strong>spem</strong></span> <span class='ocrx_word' id='word_1_57' title='bbox 1790 999 1944 1054; x_wconf 81' lang='lat' dir='ltr'><strong>affert</strong></span> 
     </span>
    </p>
   </div>
   <div class='ocr_carea' id='block_1_10' title="bbox 371 1079 1937 1154">
    <p class='ocr_par' dir='ltr' id='par_1_10' title="bbox 371 1079 1937 1154">
     <span class='ocr_line' id='line_1_10' title="bbox 371 1079 1937 1154; baseline 0.006 -22"><span class='ocrx_word' id='word_1_58' title='bbox 371 1079 598 1132; x_wconf 77' lang='lat' dir='ltr'><strong>scillam</strong></span> <span class='ocrx_word' id='word_1_59' title='bbox 621 1081 893 1147; x_wconf 81' lang='lat' dir='ltr'><strong>visurum,</strong></span> <span class='ocrx_word' id='word_1_60' title='bbox 928 1099 1051 1137; x_wconf 92' lang='lat' dir='ltr'><strong>cum</strong></span> <span class='ocrx_word' id='word_1_61' title='bbox 1078 1085 1310 1154; x_wconf 80' lang='lat' dir='ltr'><strong>aliquem</strong></span> <span class='ocrx_word' id='word_1_62' title='bbox 1335 1097 1662 1142; x_wconf 88' lang='lat' dir='ltr'><strong>conventum</strong></span> <span class='ocrx_word' id='word_1_63' title='bbox 1704 1091 1937 1144; x_wconf 86' lang='lat' dir='ltr'><strong>indicet:</strong></span> 
     </span>
    </p>
   </div>
   <div class='ocr_carea' id='block_1_11' title="bbox 372 1171 1939 1246">
    <p class='ocr_par' dir='ltr' id='par_1_11' title="bbox 372 1171 1939 1246">
     <span class='ocr_line' id='line_1_11' title="bbox 372 1171 1939 1246; baseline 0.009 -23"><span class='ocrx_word' id='word_1_64' title='bbox 372 1185 550 1238; x_wconf 86' lang='lat' dir='ltr'><strong>neque</strong></span> <span class='ocrx_word' id='word_1_65' title='bbox 586 1171 733 1225; x_wconf 91' lang='lat' dir='ltr'><strong>enim</strong></span> <span class='ocrx_word' id='word_1_66' title='bbox 766 1173 866 1226; x_wconf 88' lang='lat' dir='ltr'><strong>sibi</strong></span> <span class='ocrx_word' id='word_1_67' title='bbox 903 1183 979 1229; x_wconf 87' lang='lat' dir='ltr'><strong>tot</strong></span> <span class='ocrx_word' id='word_1_68' title='bbox 1011 1177 1240 1245; x_wconf 84' lang='lat' dir='ltr'><strong>negotiis</strong></span> <span class='ocrx_word' id='word_1_69' title='bbox 1271 1190 1532 1246; x_wconf 89' lang='lat' dir='ltr'><strong>occupato</strong></span> <span class='ocrx_word' id='word_1_70' title='bbox 1557 1181 1698 1234; x_wconf 81' lang='lat' dir='ltr'><strong>aliud</strong></span> <span class='ocrx_word' id='word_1_71' title='bbox 1728 1198 1850 1236; x_wconf 88' lang='lat' dir='ltr'><strong>cum</strong></span> <span class='ocrx_word' id='word_1_72' title='bbox 1876 1198 1939 1236; x_wconf 90' lang='lat' dir='ltr'><strong>ea</strong></span> 
     </span>
    </p>
   </div>
   <div class='ocr_carea' id='block_1_12' title="bbox 372 1257 1941 1333">
    <p class='ocr_par' dir='ltr' id='par_1_12' title="bbox 372 1257 1941 1333">
     <span class='ocr_line' id='line_1_12' title="bbox 372 1257 1941 1333; baseline 0.006 -21"><span class='ocrx_word' id='word_1_73' title='bbox 372 1257 717 1327; x_wconf 86' lang='lat' dir='ltr'><strong>colloquendi</strong></span> <span class='ocrx_word' id='word_1_74' title='bbox 767 1269 976 1328; x_wconf 88' lang='lat' dir='ltr'><strong>tempus</strong></span> <span class='ocrx_word' id='word_1_75' title='bbox 1006 1278 1318 1320; x_wconf 90' lang='lat' dir='ltr'><strong>occurrere.</strong></span> <span class='ocrx_word' id='word_1_76' title='bbox 1350 1264 1602 1333; x_wconf 87' lang='lat' dir='ltr'><strong>Ejusdem</strong></span> <span class='ocrx_word' id='word_1_77' title='bbox 1639 1267 1813 1321; x_wconf 74' lang='lat' dir='ltr'><strong>viduae</strong></span> <span class='ocrx_word' id='word_1_78' title='bbox 1855 1283 1941 1322; x_wconf 92' lang='lat' dir='ltr'><strong>ne-</strong></span> 
     </span>
    </p>
   </div>
   <div class='ocr_carea' id='block_1_13' title="bbox 371 1350 1408 1422">
    <p class='ocr_par' dir='ltr' id='par_1_13' title="bbox 371 1350 1408 1422">
     <span class='ocr_line' id='line_1_13' title="bbox 371 1350 1408 1422; baseline 0.005 -17"><span class='ocrx_word' id='word_1_79' title='bbox 371 1350 484 1405; x_wconf 91' lang='lat' dir='ltr'><strong>scio</strong></span> <span class='ocrx_word' id='word_1_80' title='bbox 509 1352 655 1420; x_wconf 90' lang='lat' dir='ltr'><strong>quod</strong></span> <span class='ocrx_word' id='word_1_81' title='bbox 691 1353 962 1406; x_wconf 87' lang='lat' dir='ltr'><strong>somnium</strong></span> <span class='ocrx_word' id='word_1_82' title='bbox 997 1355 1408 1422; x_wconf 87' lang='lat' dir='ltr'><strong>interpretatur.</strong></span> 
     </span>
    </p>
   </div>
   <div class='ocr_carea' id='block_1_14' title="bbox 438 1441 1940 1518">
    <p class='ocr_par' dir='ltr' id='par_1_14' title="bbox 438 1441 1940 1518">
     <span class='ocr_line' id='line_1_14' title="bbox 438 1441 1940 1518; baseline 0.007 -22"><span class='ocrx_word' id='word_1_83' title='bbox 438 1441 782 1497; x_wconf 89' lang='lat' dir='ltr'><strong>Censitorem</strong></span> <span class='ocrx_word' id='word_1_84' title='bbox 823 1455 973 1514; x_wconf 81' lang='lat' dir='ltr'><strong>rogat</strong></span> <span class='ocrx_word' id='word_1_85' title='bbox 1000 1445 1228 1501; x_wconf 88' lang='lat' dir='ltr'><strong>Basilius</strong></span> <span class='ocrx_word' id='word_1_86' title='bbox 1252 1449 1303 1501; x_wconf 95' lang='lat' dir='ltr'><strong>in</strong></span> <span class='ocrx_word' id='word_1_87' title='bbox 1329 1449 1553 1517; x_wconf 90' lang='lat' dir='ltr'><strong>epistola</strong></span> <span class='ocrx_word' id='word_1_88' title='bbox 1577 1449 1703 1518; x_wconf 70' lang='lat'><strong>284,</strong></span> <span class='ocrx_word' id='word_1_89' title='bbox 1739 1460 1798 1504; x_wconf 90' lang='lat' dir='ltr'><strong>ut</strong></span> <span class='ocrx_word' id='word_1_90' title='bbox 1822 1467 1940 1506; x_wconf 94' lang='lat' dir='ltr'><strong>mo-</strong></span> 
     </span>
    </p>
   </div>
   <div class='ocr_carea' id='block_1_15' title="bbox 370 1534 1936 1610">
    <p class='ocr_par' dir='ltr' id='par_1_15' title="bbox 370 1534 1936 1610">
     <span class='ocr_line' id='line_1_15' title="bbox 370 1534 1936 1610; baseline 0.009 -26"><span class='ocrx_word' id='word_1_91' title='bbox 370 1534 598 1596; x_wconf 86' lang='lat' dir='ltr'><strong>nachos,</strong></span> <span class='ocrx_word' id='word_1_92' title='bbox 637 1534 730 1602; x_wconf 93' lang='lat' dir='ltr'><strong>qui</strong></span> <span class='ocrx_word' id='word_1_93' title='bbox 765 1551 863 1588; x_wconf 91' lang='lat' dir='ltr'><strong>nec</strong></span> <span class='ocrx_word' id='word_1_94' title='bbox 891 1539 1134 1605; x_wconf 87' lang='lat' dir='ltr'><strong>pecuniis</strong></span> <span class='ocrx_word' id='word_1_95' title='bbox 1174 1555 1274 1594; x_wconf 89' lang='lat' dir='ltr'><strong>nec</strong></span> <span class='ocrx_word' id='word_1_96' title='bbox 1313 1556 1573 1610; x_wconf 89' lang='lat' dir='ltr'><strong>corporeo</strong></span> <span class='ocrx_word' id='word_1_97' title='bbox 1611 1544 1791 1598; x_wconf 88' lang='lat' dir='ltr'><strong>labore</strong></span> <span class='ocrx_word' id='word_1_98' title='bbox 1825 1559 1936 1598; x_wconf 90' lang='lat' dir='ltr'><strong>rem</strong></span> 
     </span>
    </p>
   </div>
   <div class='ocr_carea' id='block_1_16' title="bbox 368 1624 1940 1706">
    <p class='ocr_par' dir='ltr' id='par_1_16' title="bbox 368 1624 1940 1706">
     <span class='ocr_line' id='line_1_16' title="bbox 368 1624 1940 1706; baseline 0.011 -31"><span class='ocrx_word' id='word_1_99' title='bbox 368 1624 645 1691; x_wconf 85' lang='lat' dir='ltr'><strong>publicam</strong></span> <span class='ocrx_word' id='word_1_100' title='bbox 670 1627 888 1693; x_wconf 87' lang='lat' dir='ltr'><strong>.juvare</strong></span> <span class='ocrx_word' id='word_1_101' title='bbox 925 1637 1194 1694; x_wconf 86' lang='lat' dir='ltr'><strong>pote-rant,</strong></span> <span class='ocrx_word' id='word_1_102' title='bbox 1224 1625 1698 1698; x_wconf 42' lang='lat' dir='ltr'><strong>tributis&#39;eximat,</strong></span> <span class='ocrx_word' id='word_1_103' title='bbox 1731 1637 1940 1706; x_wconf 83' lang='lat' dir='ltr'><strong>sibique</strong></span> 
     </span>
    </p>
   </div>
   <div class='ocr_carea' id='block_1_17' title="bbox 366 1716 1936 1794">
    <p class='ocr_par' dir='ltr' id='par_1_17' title="bbox 366 1716 1936 1794">
     <span class='ocr_line' id='line_1_17' title="bbox 366 1716 1936 1794; baseline 0.008 -26"><span class='ocrx_word' id='word_1_104' title='bbox 366 1727 461 1768; x_wconf 86' lang='lat' dir='ltr'><strong>eos</strong></span> <span class='ocrx_word' id='word_1_105' title='bbox 499 1717 641 1783; x_wconf 92' lang='lat' dir='ltr'><strong>apud</strong></span> <span class='ocrx_word' id='word_1_106' title='bbox 685 1716 850 1771; x_wconf 87' lang='lat' dir='ltr'><strong>Deum</strong></span> <span class='ocrx_word' id='word_1_107' title='bbox 881 1730 1193 1787; x_wconf 80' lang='lat' dir='ltr'><strong>precatores</strong></span> <span class='ocrx_word' id='word_1_108' title='bbox 1216 1721 1318 1776; x_wconf 91' lang='lat' dir='ltr'><strong>hoc</strong></span> <span class='ocrx_word' id='word_1_109' title='bbox 1344 1723 1612 1777; x_wconf 77' lang='lat' dir='ltr'><strong>beneficio</strong></span> <span class='ocrx_word' id='word_1_110' title='bbox 1645 1736 1818 1794; x_wconf 90' lang='lat' dir='ltr'><strong>paret.</strong></span> <span class='ocrx_word' id='word_1_111' title='bbox 1843 1725 1936 1781; x_wconf 77' lang='lat' dir='ltr'><strong>Vi-</strong></span> 
     </span>
    </p>
   </div>
   <div class='ocr_carea' id='block_1_18' title="bbox 366 1807 1933 1887">
    <p class='ocr_par' dir='ltr' id='par_1_18' title="bbox 366 1807 1933 1887">
     <span class='ocr_line' id='line_1_18' title="bbox 366 1807 1933 1887; baseline 0.009 -28"><span class='ocrx_word' id='word_1_112' title='bbox 366 1807 527 1860; x_wconf 90' lang='lat' dir='ltr'><strong>detur</strong></span> <span class='ocrx_word' id='word_1_113' title='bbox 551 1808 717 1862; x_wconf 90' lang='lat' dir='ltr'><strong>etiam</strong></span> <span class='ocrx_word' id='word_1_114' title='bbox 747 1811 1072 1864; x_wconf 84' lang='lat' dir='ltr'><strong>eeusitorem</strong></span> <span class='ocrx_word' id='word_1_115' title='bbox 1093 1813 1287 1882; x_wconf 86' lang='lat' dir='ltr'><strong>alloqui</strong></span> <span class='ocrx_word' id='word_1_116' title='bbox 1319 1814 1370 1867; x_wconf 92' lang='lat' dir='ltr'><strong>in</strong></span> <span class='ocrx_word' id='word_1_117' title='bbox 1405 1818 1632 1885; x_wconf 82' lang='lat' dir='ltr'><strong>epistola</strong></span> <span class='ocrx_word' id='word_1_118' title='bbox 1662 1821 1933 1887; x_wconf 87' lang='lat' dir='ltr'><strong>sequenti,</strong></span> 
     </span>
    </p>
   </div>
   <div class='ocr_carea' id='block_1_19' title="bbox 363 1900 1937 1978">
    <p class='ocr_par' dir='ltr' id='par_1_19' title="bbox 363 1900 1937 1978">
     <span class='ocr_line' id='line_1_19' title="bbox 363 1900 1937 1978; baseline 0.008 -26"><span class='ocrx_word' id='word_1_119' title='bbox 363 1912 486 1966; x_wconf 71' lang='lat' dir='ltr'><strong>quae</strong></span> <span class='ocrx_word' id='word_1_120' title='bbox 515 1914 612 1967; x_wconf 92' lang='lat' dir='ltr'><strong>per</strong></span> <span class='ocrx_word' id='word_1_121' title='bbox 633 1914 966 1954; x_wconf 83' lang='lat' dir='ltr'><strong>teconomum</strong></span> <span class='ocrx_word' id='word_1_122' title='bbox 987 1900 1239 1957; x_wconf 70' lang='lat' dir='ltr'><strong>Ecclesiae</strong></span> <span class='ocrx_word' id='word_1_123' title='bbox 1257 1905 1418 1960; x_wconf 90' lang='lat' dir='ltr'><strong>missa</strong></span> <span class='ocrx_word' id='word_1_124' title='bbox 1444 1916 1543 1960; x_wconf 91' lang='lat' dir='ltr'><strong>est.</strong></span> <span class='ocrx_word' id='word_1_125' title='bbox 1575 1908 1746 1978; x_wconf 80' lang='lat' dir='ltr'><strong>Rogat</strong></span> <span class='ocrx_word' id='word_1_126' title='bbox 1768 1921 1823 1965; x_wconf 92' lang='lat' dir='ltr'><strong>ut</strong></span> <span class='ocrx_word' id='word_1_127' title='bbox 1854 1911 1937 1964; x_wconf 88' lang='lat' dir='ltr'><strong>al-</strong></span> 
     </span>
    </p>
   </div>
   <div class='ocr_carea' id='block_1_20' title="bbox 363 1988 1939 2062">
    <p class='ocr_par' dir='ltr' id='par_1_20' title="bbox 363 1988 1939 2062">
     <span class='ocr_line' id='line_1_20' title="bbox 363 1988 1939 2062; baseline 0.011 -20"><span class='ocrx_word' id='word_1_128' title='bbox 363 1988 505 2045; x_wconf 87' lang='lat' dir='ltr'><strong>levet</strong></span> <span class='ocrx_word' id='word_1_129' title='bbox 528 2007 822 2060; x_wconf 85' lang='lat' dir='ltr'><strong>pauperum</strong></span> <span class='ocrx_word' id='word_1_130' title='bbox 859 1997 1246 2062; x_wconf 88' lang='lat' dir='ltr'><strong>possessiones,</strong></span> <span class='ocrx_word' id='word_1_131' title='bbox 1265 2006 1412 2052; x_wconf 89' lang='lat' dir='ltr'><strong>tanto</strong></span> <span class='ocrx_word' id='word_1_132' title='bbox 1431 1999 1750 2056; x_wconf 84' lang='lat' dir='ltr'><strong>tributorum</strong></span> <span class='ocrx_word' id='word_1_133' title='bbox 1771 2019 1939 2062; x_wconf 89' lang='lat' dir='ltr'><strong>onere</strong></span> 
     </span>
    </p>
   </div>
   <div class='ocr_carea' id='block_1_21' title="bbox 363 2093 1932 2163">
    <p class='ocr_par' dir='ltr' id='par_1_21' title="bbox 363 2093 1932 2163">
     <span class='ocr_line' id='line_1_21' title="bbox 363 2093 1932 2163; baseline 0.008 -25"><span class='ocrx_word' id='word_1_134' title='bbox 363 2098 676 2152; x_wconf 84' lang='lat' dir='ltr'><strong>oppressas,</strong></span> <span class='ocrx_word' id='word_1_135' title='bbox 711 2095 768 2140; x_wconf 94' lang='lat' dir='ltr'><strong>ut</strong></span> <span class='ocrx_word' id='word_1_136' title='bbox 797 2101 1010 2155; x_wconf 89' lang='lat' dir='ltr'><strong>semper</strong></span> <span class='ocrx_word' id='word_1_137' title='bbox 1039 2100 1350 2158; x_wconf 73' lang='lat' dir='ltr'><strong>qumrantur</strong></span> <span class='ocrx_word' id='word_1_138' title='bbox 1377 2093 1476 2158; x_wconf 22' lang='lat' dir='ltr'><strong>qui.</strong></span> <span class='ocrx_word' id='word_1_139' title='bbox 1498 2107 1592 2146; x_wconf 89' lang='lat' dir='ltr'><strong>eas</strong></span> <span class='ocrx_word' id='word_1_140' title='bbox 1619 2095 1932 2163; x_wconf 84' lang='lat' dir='ltr'><strong>suscipiant,</strong></span> 
     </span>
    </p>
   </div>
   <div class='ocr_carea' id='block_1_22' title="bbox 366 2178 1938 2254">
    <p class='ocr_par' dir='ltr' id='par_1_22' title="bbox 366 2178 1938 2254">
     <span class='ocr_line' id='line_1_22' title="bbox 366 2178 1938 2254; baseline 0.01 -27"><span class='ocrx_word' id='word_1_141' title='bbox 366 2190 427 2228; x_wconf 85' lang='lat' dir='ltr'><strong>ac</strong></span> <span class='ocrx_word' id='word_1_142' title='bbox 454 2191 610 2229; x_wconf 91' lang='lat' dir='ltr'><strong>suum</strong></span> <span class='ocrx_word' id='word_1_143' title='bbox 647 2178 823 2246; x_wconf 90' lang='lat' dir='ltr'><strong>potius</strong></span> <span class='ocrx_word' id='word_1_144' title='bbox 868 2179 1086 2248; x_wconf 87' lang='lat' dir='ltr'><strong>insuper</strong></span> <span class='ocrx_word' id='word_1_145' title='bbox 1120 2184 1364 2236; x_wconf 90' lang='lat' dir='ltr'><strong>absumat</strong></span> <span class='ocrx_word' id='word_1_146' title='bbox 1393 2183 1652 2250; x_wconf 78' lang='lat' dir='ltr'><strong>Ecclesia,</strong></span> <span class='ocrx_word' id='word_1_147' title='bbox 1681 2201 1840 2254; x_wconf 88' lang='lat' dir='ltr'><strong>quam</strong></span> <span class='ocrx_word' id='word_1_148' title='bbox 1869 2203 1938 2245; x_wconf 81' lang='lat' dir='ltr'><strong>ex</strong></span> 
     </span>
    </p>
   </div>
   <div class='ocr_carea' id='block_1_23' title="bbox 368 2269 1546 2346">
    <p class='ocr_par' dir='ltr' id='par_1_23' title="bbox 368 2269 1546 2346">
     <span class='ocr_line' id='line_1_23' title="bbox 368 2269 1546 2346; baseline 0.008 -24"><span class='ocrx_word' id='word_1_149' title='bbox 368 2269 456 2322; x_wconf 89' lang='lat' dir='ltr'><strong>bis</strong></span> <span class='ocrx_word' id='word_1_150' title='bbox 484 2271 920 2336; x_wconf 83' lang='lat' dir='ltr'><strong>possessionibus</strong></span> <span class='ocrx_word' id='word_1_151' title='bbox 950 2275 1240 2343; x_wconf 81' lang='lat' dir='ltr'><strong>quidquam</strong></span> <span class='ocrx_word' id='word_1_152' title='bbox 1267 2277 1546 2346; x_wconf 87' lang='lat' dir='ltr'><strong>percipiat.</strong></span> 
     </span>
    </p>
   </div>
   <div class='ocr_carea' id='block_1_24' title="bbox 433 2360 1937 2430">
    <p class='ocr_par' dir='ltr' id='par_1_24' title="bbox 433 2360 1937 2430">
     <span class='ocr_line' id='line_1_24' title="bbox 433 2360 1937 2430; baseline 0.008 -15"><span class='ocrx_word' id='word_1_153' title='bbox 433 2360 772 2430; x_wconf 78' lang='lat' dir='ltr'><strong>Episcopalis</strong></span> <span class='ocrx_word' id='word_1_154' title='bbox 813 2367 1152 2421; x_wconf 86' lang='lat' dir='ltr'><strong>auctoritatis</strong></span> <span class='ocrx_word' id='word_1_155' title='bbox 1185 2369 1532 2424; x_wconf 65' lang='lat' dir='ltr'><strong>defendendae</strong></span> <span class='ocrx_word' id='word_1_156' title='bbox 1557 2371 1790 2426; x_wconf 92' lang='lat' dir='ltr'><strong>studium</strong></span> <span class='ocrx_word' id='word_1_157' title='bbox 1821 2372 1937 2427; x_wconf 90' lang='lat' dir='ltr'><strong>elu-</strong></span> 
     </span>
    </p>
   </div>
   <div class='ocr_carea' id='block_1_25' title="bbox 362 2453 1935 2530">
    <p class='ocr_par' dir='ltr' id='par_1_25' title="bbox 362 2453 1935 2530">
     <span class='ocr_line' id='line_1_25' title="bbox 362 2453 1935 2530; baseline 0.009 -24"><span class='ocrx_word' id='word_1_158' title='bbox 362 2461 450 2507; x_wconf 86' lang='lat' dir='ltr'><strong>cet</strong></span> <span class='ocrx_word' id='word_1_159' title='bbox 479 2453 530 2506; x_wconf 91' lang='lat' dir='ltr'><strong>in</strong></span> <span class='ocrx_word' id='word_1_160' title='bbox 561 2455 786 2523; x_wconf 88' lang='lat' dir='ltr'><strong>epistola</strong></span> <span class='ocrx_word' id='word_1_161' title='bbox 814 2455 938 2508; x_wconf 75' lang='lat'><strong>9.86.</strong></span> <span class='ocrx_word' id='word_1_162' title='bbox 987 2457 1158 2513; x_wconf 84' lang='lat' dir='ltr'><strong>Fures</strong></span> <span class='ocrx_word' id='word_1_163' title='bbox 1187 2461 1236 2513; x_wconf 95' lang='lat' dir='ltr'><strong>in</strong></span> <span class='ocrx_word' id='word_1_164' title='bbox 1277 2461 1507 2530; x_wconf 91' lang='lat' dir='ltr'><strong>quadam</strong></span> <span class='ocrx_word' id='word_1_165' title='bbox 1543 2463 1772 2518; x_wconf 81' lang='lat' dir='ltr'><strong>ecclesia</strong></span> <span class='ocrx_word' id='word_1_166' title='bbox 1807 2466 1935 2520; x_wconf 82' lang='lat' dir='ltr'><strong>vilia</strong></span> 
     </span>
    </p>
   </div>
   <div class='ocr_carea' id='block_1_26' title="bbox 363 2548 1934 2626">
    <p class='ocr_par' dir='ltr' id='par_1_26' title="bbox 363 2548 1934 2626">
     <span class='ocr_line' id='line_1_26' title="bbox 363 2548 1934 2626; baseline 0.011 -30"><span class='ocrx_word' id='word_1_167' title='bbox 363 2560 662 2614; x_wconf 84' lang='lat' dir='ltr'><strong>pauperum</strong></span> <span class='ocrx_word' id='word_1_168' title='bbox 686 2548 1008 2602; x_wconf 87' lang='lat' dir='ltr'><strong>vestimenta</strong></span> <span class='ocrx_word' id='word_1_169' title='bbox 1037 2550 1369 2619; x_wconf 86' lang='lat' dir='ltr'><strong>subripuere,</strong></span> <span class='ocrx_word' id='word_1_170' title='bbox 1399 2563 1454 2606; x_wconf 92' lang='lat' dir='ltr'><strong>et</strong></span> <span class='ocrx_word' id='word_1_171' title='bbox 1491 2553 1557 2607; x_wconf 89' lang='lat' dir='ltr'><strong>ab</strong></span> <span class='ocrx_word' id='word_1_172' title='bbox 1599 2555 1683 2617; x_wconf 89' lang='lat' dir='ltr'><strong>iis,</strong></span> <span class='ocrx_word' id='word_1_173' title='bbox 1737 2557 1934 2626; x_wconf 87' lang='lat' dir='ltr'><strong>quibus</strong></span> 
     </span>
    </p>
   </div>
   <div class='ocr_carea' id='block_1_27' title="bbox 363 2637 1936 2718">
    <p class='ocr_par' dir='ltr' id='par_1_27' title="bbox 363 2637 1936 2718">
     <span class='ocr_line' id='line_1_27' title="bbox 363 2637 1936 2718; baseline 0.008 -28"><span class='ocrx_word' id='word_1_174' title='bbox 363 2637 500 2691; x_wconf 87' lang='lat' dir='ltr'><strong>recti</strong></span> <span class='ocrx_word' id='word_1_175' title='bbox 544 2639 597 2691; x_wconf 92' lang='lat' dir='ltr'><strong>in</strong></span> <span class='ocrx_word' id='word_1_176' title='bbox 652 2640 882 2694; x_wconf 89' lang='lat' dir='ltr'><strong>ecclesia</strong></span> <span class='ocrx_word' id='word_1_177' title='bbox 917 2641 1125 2695; x_wconf 87' lang='lat' dir='ltr'><strong>ordinis</strong></span> <span class='ocrx_word' id='word_1_178' title='bbox 1173 2658 1301 2697; x_wconf 90' lang='lat' dir='ltr'><strong>cura</strong></span> <span class='ocrx_word' id='word_1_179' title='bbox 1337 2647 1646 2712; x_wconf 90' lang='lat' dir='ltr'><strong>commissa,</strong></span> <span class='ocrx_word' id='word_1_180' title='bbox 1688 2664 1936 2718; x_wconf 90' lang='lat' dir='ltr'><strong>compre-</strong></span> 
     </span>
    </p>
   </div>
   <div class='ocr_carea' id='block_1_28' title="bbox 361 2727 1933 2804">
    <p class='ocr_par' dir='ltr' id='par_1_28' title="bbox 361 2727 1933 2804">
     <span class='ocr_line' id='line_1_28' title="bbox 361 2727 1933 2804; baseline 0.008 -22"><span class='ocrx_word' id='word_1_181' title='bbox 361 2727 517 2783; x_wconf 87' lang='lat' dir='ltr'><strong>hensi</strong></span> <span class='ocrx_word' id='word_1_182' title='bbox 574 2739 720 2785; x_wconf 91' lang='lat' dir='ltr'><strong>sunt.</strong></span> <span class='ocrx_word' id='word_1_183' title='bbox 779 2731 914 2786; x_wconf 91' lang='lat' dir='ltr'><strong>Tum</strong></span> <span class='ocrx_word' id='word_1_184' title='bbox 964 2733 1215 2798; x_wconf 83' lang='lat' dir='ltr'><strong>Basilius,</strong></span> <span class='ocrx_word' id='word_1_185' title='bbox 1266 2735 1536 2804; x_wconf 87' lang='lat' dir='ltr'><strong>descripto</strong></span> <span class='ocrx_word' id='word_1_186' title='bbox 1590 2737 1642 2791; x_wconf 93' lang='lat' dir='ltr'><strong>in</strong></span> <span class='ocrx_word' id='word_1_187' title='bbox 1689 2740 1933 2795; x_wconf 90' lang='lat' dir='ltr'><strong>omnium</strong></span> 
     </span>
    </p>
   </div>
   <div class='ocr_carea' id='block_1_29' title="bbox 361 2821 1933 2899">
    <p class='ocr_par' dir='ltr' id='par_1_29' title="bbox 361 2821 1933 2899">
     <span class='ocr_line' id='line_1_29' title="bbox 361 2821 1933 2899; baseline 0.008 -24"><span class='ocrx_word' id='word_1_188' title='bbox 361 2821 536 2875; x_wconf 80' lang='lat' dir='ltr'><strong>ocuiis</strong></span> <span class='ocrx_word' id='word_1_189' title='bbox 561 2822 788 2875; x_wconf 77' lang='lat' dir='ltr'><strong>vestium</strong></span> <span class='ocrx_word' id='word_1_190' title='bbox 820 2824 1144 2890; x_wconf 85' lang='lat' dir='ltr'><strong>inventario,</strong></span> <span class='ocrx_word' id='word_1_191' title='bbox 1170 2834 1221 2878; x_wconf 91' lang='lat' dir='ltr'><strong>et</strong></span> <span class='ocrx_word' id='word_1_192' title='bbox 1255 2837 1431 2881; x_wconf 88' lang='lat' dir='ltr'><strong>vestes</strong></span> <span class='ocrx_word' id='word_1_193' title='bbox 1459 2836 1513 2882; x_wconf 87' lang='lat' dir='ltr'><strong>et</strong></span> <span class='ocrx_word' id='word_1_194' title='bbox 1562 2827 1707 2885; x_wconf 89' lang='lat' dir='ltr'><strong>fures</strong></span> <span class='ocrx_word' id='word_1_195' title='bbox 1765 2832 1933 2899; x_wconf 87' lang='lat' dir='ltr'><strong>recipi</strong></span> 
     </span>
    </p>
   </div>
   <div class='ocr_carea' id='block_1_30' title="bbox 364 2914 1933 2988">
    <p class='ocr_par' dir='ltr' id='par_1_30' title="bbox 364 2914 1933 2988">
     <span class='ocr_line' id='line_1_30' title="bbox 364 2914 1933 2988; baseline 0.007 -22"><span class='ocrx_word' id='word_1_196' title='bbox 364 2926 430 2966; x_wconf 83' lang='lat' dir='ltr'><strong>ac</strong></span> <span class='ocrx_word' id='word_1_197' title='bbox 465 2914 727 2968; x_wconf 88' lang='lat' dir='ltr'><strong>custodiri</strong></span> <span class='ocrx_word' id='word_1_198' title='bbox 752 2914 938 2984; x_wconf 89' lang='lat' dir='ltr'><strong>jussit,</strong></span> <span class='ocrx_word' id='word_1_199' title='bbox 978 2925 1157 2971; x_wconf 81' lang='lat' dir='ltr'><strong>vestes</strong></span> <span class='ocrx_word' id='word_1_200' title='bbox 1211 2919 1425 2984; x_wconf 90' lang='lat' dir='ltr'><strong>quidem</strong></span> <span class='ocrx_word' id='word_1_201' title='bbox 1471 2922 1666 2988; x_wconf 86' lang='lat' dir='ltr'><strong>partim</strong></span> <span class='ocrx_word' id='word_1_202' title='bbox 1717 2923 1933 2977; x_wconf 87' lang='lat' dir='ltr'><strong>tradens</strong></span> 
     </span>
    </p>
   </div>
   <div class='ocr_carea' id='block_1_31' title="bbox 368 3003 1931 3075">
    <p class='ocr_par' dir='ltr' id='par_1_31' title="bbox 368 3003 1931 3075">
     <span class='ocr_line' id='line_1_31' title="bbox 368 3003 1931 3075; baseline 0.005 -18"><span class='ocrx_word' id='word_1_203' title='bbox 368 3003 454 3057; x_wconf 82' lang='lat' dir='ltr'><strong>bis</strong></span> <span class='ocrx_word' id='word_1_204' title='bbox 475 3005 566 3070; x_wconf 91' lang='lat' dir='ltr'><strong>qui</strong></span> <span class='ocrx_word' id='word_1_205' title='bbox 597 3003 822 3058; x_wconf 88' lang='lat' dir='ltr'><strong>aderant</strong></span> <span class='ocrx_word' id='word_1_206' title='bbox 850 3005 1204 3074; x_wconf 88' lang='lat' dir='ltr'><strong>pauperibus,</strong></span> <span class='ocrx_word' id='word_1_207' title='bbox 1238 3011 1431 3075; x_wconf 85' lang='lat' dir='ltr'><strong>partim</strong></span> <span class='ocrx_word' id='word_1_208' title='bbox 1463 3010 1707 3064; x_wconf 89' lang='lat' dir='ltr'><strong>venturis</strong></span> <span class='ocrx_word' id='word_1_209' title='bbox 1753 3027 1931 3064; x_wconf 86' lang='lat' dir='ltr'><strong>reser-</strong></span> 
     </span>
    </p>
   </div>
   <div class='ocr_carea' id='block_1_32' title="bbox 2049 545 3612 614">
    <p class='ocr_par' dir='ltr' id='par_1_32' title="bbox 2049 545 3612 614">
     <span class='ocr_line' id='line_1_32' title="bbox 2049 545 3612 614; baseline 0.001 -14"><span class='ocrx_word' id='word_1_210' title='bbox 2049 545 2136 600; x_wconf 88' lang='lat' dir='ltr'><strong>det</strong></span> <span class='ocrx_word' id='word_1_211' title='bbox 2165 559 2318 614; x_wconf 74' lang='lat' dir='ltr'><strong>aeque</strong></span> <span class='ocrx_word' id='word_1_212' title='bbox 2345 545 2443 598; x_wconf 90' lang='lat' dir='ltr'><strong>sibi</strong></span> <span class='ocrx_word' id='word_1_213' title='bbox 2471 546 2537 598; x_wconf 87' lang='lat' dir='ltr'><strong>ab</strong></span> <span class='ocrx_word' id='word_1_214' title='bbox 2563 545 2796 613; x_wconf 86' lang='lat' dir='ltr'><strong>episcopi</strong></span> <span class='ocrx_word' id='word_1_215' title='bbox 2829 545 3000 601; x_wconf 84' lang='lat' dir='ltr'><strong>otIicio</strong></span> <span class='ocrx_word' id='word_1_216' title='bbox 3027 547 3257 601; x_wconf 91' lang='lat' dir='ltr'><strong>alienum</strong></span> <span class='ocrx_word' id='word_1_217' title='bbox 3292 549 3483 613; x_wconf 88' lang='lat' dir='ltr'><strong>videri,</strong></span> <span class='ocrx_word' id='word_1_218' title='bbox 3516 566 3612 602; x_wconf 79' lang='lat' dir='ltr'><strong>no-</strong></span> 
     </span>
    </p>
   </div>
   <div class='ocr_carea' id='block_1_33' title="bbox 2047 635 3606 706">
    <p class='ocr_par' dir='ltr' id='par_1_33' title="bbox 2047 635 3606 706">
     <span class='ocr_line' id='line_1_33' title="bbox 2047 635 3606 706; baseline 0.003 -16"><span class='ocrx_word' id='word_1_219' title='bbox 2047 644 2232 690; x_wconf 90' lang='lat' dir='ltr'><strong>centes</strong></span> <span class='ocrx_word' id='word_1_220' title='bbox 2259 643 2351 688; x_wconf 88' lang='lat' dir='ltr'><strong>aut</strong></span> <span class='ocrx_word' id='word_1_221' title='bbox 2372 635 2643 702; x_wconf 88' lang='lat' dir='ltr'><strong>judicibus</strong></span> <span class='ocrx_word' id='word_1_222' title='bbox 2673 638 2884 690; x_wconf 90' lang='lat' dir='ltr'><strong>tradere</strong></span> <span class='ocrx_word' id='word_1_223' title='bbox 2939 646 3030 689; x_wconf 90' lang='lat' dir='ltr'><strong>aut</strong></span> <span class='ocrx_word' id='word_1_224' title='bbox 3067 637 3293 691; x_wconf 89' lang='lat' dir='ltr'><strong>traditos</strong></span> <span class='ocrx_word' id='word_1_225' title='bbox 3353 640 3560 706; x_wconf 88' lang='lat' dir='ltr'><strong>eripere</strong></span> <span class='ocrx_word' id='word_1_226' title='bbox 3591 657 3606 694; x_wconf 90' lang='lat'><strong>:</strong></span> 
     </span>
    </p>
   </div>
   <div class='ocr_carea' id='block_1_34' title="bbox 2047 727 3608 797">
    <p class='ocr_par' dir='ltr' id='par_1_34' title="bbox 2047 727 3608 797">
     <span class='ocr_line' id='line_1_34' title="bbox 2047 727 3608 797; baseline 0.002 -17"><span class='ocrx_word' id='word_1_227' title='bbox 2047 728 2162 781; x_wconf 88' lang='lat' dir='ltr'><strong>sive</strong></span> <span class='ocrx_word' id='word_1_228' title='bbox 2188 729 2313 797; x_wconf 90' lang='lat' dir='ltr'><strong>quia</strong></span> <span class='ocrx_word' id='word_1_229' title='bbox 2342 727 2620 797; x_wconf 90' lang='lat' dir='ltr'><strong>improbus</strong></span> <span class='ocrx_word' id='word_1_230' title='bbox 2642 728 2728 782; x_wconf 90' lang='lat' dir='ltr'><strong>ille</strong></span> <span class='ocrx_word' id='word_1_231' title='bbox 2754 739 3036 783; x_wconf 84' lang='lat' dir='ltr'><strong>recantare</strong></span> <span class='ocrx_word' id='word_1_232' title='bbox 3059 731 3340 797; x_wconf 85' lang='lat' dir='ltr'><strong>opprobria</strong></span> <span class='ocrx_word' id='word_1_233' title='bbox 3374 729 3608 793; x_wconf 83' lang='lat' dir='ltr'><strong>nolebat,</strong></span> 
     </span>
    </p>
   </div>
   <div class='ocr_carea' id='block_1_35' title="bbox 2045 818 3606 891">
    <p class='ocr_par' dir='ltr' id='par_1_35' title="bbox 2045 818 3606 891">
     <span class='ocr_line' id='line_1_35' title="bbox 2045 818 3606 891; baseline 0.003 -20"><span class='ocrx_word' id='word_1_234' title='bbox 2045 819 2159 871; x_wconf 87' lang='lat' dir='ltr'><strong>sive</strong></span> <span class='ocrx_word' id='word_1_235' title='bbox 2191 818 2316 888; x_wconf 81' lang='lat' dir='ltr'><strong>quia</strong></span> <span class='ocrx_word' id='word_1_236' title='bbox 2346 833 2411 871; x_wconf 91' lang='lat' dir='ltr'><strong>ne</strong></span> <span class='ocrx_word' id='word_1_237' title='bbox 2437 819 2760 873; x_wconf 89' lang='lat' dir='ltr'><strong>recantando</strong></span> <span class='ocrx_word' id='word_1_238' title='bbox 2786 819 3001 888; x_wconf 87' lang='lat' dir='ltr'><strong>quidem</strong></span> <span class='ocrx_word' id='word_1_239' title='bbox 3031 821 3259 876; x_wconf 87' lang='lat' dir='ltr'><strong>dedecus</strong></span> <span class='ocrx_word' id='word_1_240' title='bbox 3285 820 3474 891; x_wconf 88' lang='lat' dir='ltr'><strong>virgini</strong></span> <span class='ocrx_word' id='word_1_241' title='bbox 3503 823 3606 876; x_wconf 84' lang='lat' dir='ltr'><strong>im-</strong></span> 
     </span>
    </p>
   </div>
   <div class='ocr_carea' id='block_1_36' title="bbox 2044 910 2794 978">
    <p class='ocr_par' dir='ltr' id='par_1_36' title="bbox 2044 910 2794 978">
     <span class='ocr_line' id='line_1_36' title="bbox 2044 910 2794 978; baseline 0.003 -17"><span class='ocrx_word' id='word_1_242' title='bbox 2044 910 2274 978; x_wconf 89' lang='lat' dir='ltr'><strong>positum</strong></span> <span class='ocrx_word' id='word_1_243' title='bbox 2307 910 2438 963; x_wconf 88' lang='lat' dir='ltr'><strong>satis</strong></span> <span class='ocrx_word' id='word_1_244' title='bbox 2469 918 2794 975; x_wconf 90' lang='lat' dir='ltr'><strong>reparasset.</strong></span> 
     </span>
    </p>
   </div>
   <div class='ocr_carea' id='block_1_37' title="bbox 2114 998 3608 1070">
    <p class='ocr_par' dir='ltr' id='par_1_37' title="bbox 2114 998 3608 1070">
     <span class='ocr_line' id='line_1_37' title="bbox 2114 998 3608 1070; baseline 0.002 -19"><span class='ocrx_word' id='word_1_245' title='bbox 2114 998 2402 1054; x_wconf 86' lang='lat' dir='ltr'><strong>Nectarius</strong></span> <span class='ocrx_word' id='word_1_246' title='bbox 2464 998 2662 1055; x_wconf 84' lang='lat' dir='ltr'><strong>Basilio</strong></span> <span class='ocrx_word' id='word_1_247' title='bbox 2690 1015 2755 1052; x_wconf 80' lang='lat' dir='ltr'><strong>ex</strong></span> <span class='ocrx_word' id='word_1_248' title='bbox 2818 999 3094 1067; x_wconf 69' lang='lat' dir='ltr'><strong>prmclaris</strong></span> <span class='ocrx_word' id='word_1_249' title='bbox 3143 998 3354 1053; x_wconf 87' lang='lat' dir='ltr'><strong>dotibus</strong></span> <span class='ocrx_word' id='word_1_250' title='bbox 3381 1015 3409 1053; x_wconf 86' lang='lat' dir='ltr'><strong>a</strong></span> <span class='ocrx_word' id='word_1_251' title='bbox 3440 1015 3608 1070; x_wconf 90' lang='lat' dir='ltr'><strong>puero</strong></span> 
     </span>
    </p>
   </div>
   <div class='ocr_carea' id='block_1_38' title="bbox 2043 1089 3604 1159">
    <p class='ocr_par' dir='ltr' id='par_1_38' title="bbox 2043 1089 3604 1159">
     <span class='ocr_line' id='line_1_38' title="bbox 2043 1089 3604 1159; baseline 0.003 -18"><span class='ocrx_word' id='word_1_252' title='bbox 2043 1098 2222 1153; x_wconf 91' lang='lat' dir='ltr'><strong>notus,</strong></span> <span class='ocrx_word' id='word_1_253' title='bbox 2252 1089 2306 1142; x_wconf 92' lang='lat' dir='ltr'><strong>in</strong></span> <span class='ocrx_word' id='word_1_254' title='bbox 2335 1105 2602 1142; x_wconf 90' lang='lat' dir='ltr'><strong>summum</strong></span> <span class='ocrx_word' id='word_1_255' title='bbox 2639 1089 2973 1158; x_wconf 79' lang='lat' dir='ltr'><strong>Splendorcm</strong></span> <span class='ocrx_word' id='word_1_256' title='bbox 3015 1089 3157 1142; x_wconf 92' lang='lat' dir='ltr'><strong>omni</strong></span> <span class='ocrx_word' id='word_1_257' title='bbox 3207 1090 3463 1144; x_wconf 90' lang='lat' dir='ltr'><strong>virtutum</strong></span> <span class='ocrx_word' id='word_1_258' title='bbox 3513 1107 3604 1159; x_wconf 83' lang='lat' dir='ltr'><strong>ge-</strong></span> 
     </span>
    </p>
   </div>
   <div class='ocr_carea' id='block_1_39' title="bbox 2043 1182 3604 1254">
    <p class='ocr_par' dir='ltr' id='par_1_39' title="bbox 2043 1182 3604 1254">
     <span class='ocr_line' id='line_1_39' title="bbox 2043 1182 3604 1254; baseline 0.001 -18"><span class='ocrx_word' id='word_1_259' title='bbox 2043 1199 2170 1238; x_wconf 86' lang='lat' dir='ltr'><strong>nere</strong></span> <span class='ocrx_word' id='word_1_260' title='bbox 2200 1191 2539 1253; x_wconf 88' lang='lat' dir='ltr'><strong>pervenerat.</strong></span> <span class='ocrx_word' id='word_1_261' title='bbox 2577 1184 2813 1254; x_wconf 82' lang='lat' dir='ltr'><strong>Rogatus</strong></span> <span class='ocrx_word' id='word_1_262' title='bbox 2840 1183 2989 1237; x_wconf 90' lang='lat' dir='ltr'><strong>abeo</strong></span> <span class='ocrx_word' id='word_1_263' title='bbox 3021 1182 3250 1237; x_wconf 88' lang='lat' dir='ltr'><strong>Basilius</strong></span> <span class='ocrx_word' id='word_1_264' title='bbox 3288 1192 3345 1237; x_wconf 93' lang='lat' dir='ltr'><strong>ut</strong></span> <span class='ocrx_word' id='word_1_265' title='bbox 3374 1184 3604 1252; x_wconf 88' lang='lat' dir='ltr'><strong>aliquem</strong></span> 
     </span>
    </p>
   </div>
   <div class='ocr_carea' id='block_1_40' title="bbox 2041 1274 3608 1345">
    <p class='ocr_par' dir='ltr' id='par_1_40' title="bbox 2041 1274 3608 1345">
     <span class='ocr_line' id='line_1_40' title="bbox 2041 1274 3608 1345; baseline 0.001 -18"><span class='ocrx_word' id='word_1_266' title='bbox 2041 1275 2194 1345; x_wconf 81' lang='lat' dir='ltr'><strong>pagis</strong></span> <span class='ocrx_word' id='word_1_267' title='bbox 2224 1276 2665 1343; x_wconf 82' lang='lat' dir='ltr'><strong>chorepiscopum</strong></span> <span class='ocrx_word' id='word_1_268' title='bbox 2693 1275 3011 1343; x_wconf 70' lang='lat' dir='ltr'><strong>przrficeret,</strong></span> <span class='ocrx_word' id='word_1_269' title='bbox 3049 1274 3129 1328; x_wconf 88' lang='lat' dir='ltr'><strong>vel</strong></span> <span class='ocrx_word' id='word_1_270' title='bbox 3160 1275 3346 1328; x_wconf 87' lang='lat' dir='ltr'><strong>saltem</strong></span> <span class='ocrx_word' id='word_1_271' title='bbox 3378 1277 3442 1329; x_wconf 90' lang='lat' dir='ltr'><strong>de</strong></span> <span class='ocrx_word' id='word_1_272' title='bbox 3470 1276 3608 1344; x_wconf 83' lang='lat' dir='ltr'><strong>opti-</strong></span> 
     </span>
    </p>
   </div>
   <div class='ocr_carea' id='block_1_41' title="bbox 2042 1366 3606 1436">
    <p class='ocr_par' dir='ltr' id='par_1_41' title="bbox 2042 1366 3606 1436">
     <span class='ocr_line' id='line_1_41' title="bbox 2042 1366 3606 1436; baseline 0 -17"><span class='ocrx_word' id='word_1_273' title='bbox 2042 1382 2126 1419; x_wconf 90' lang='lat' dir='ltr'><strong>ma</strong></span> <span class='ocrx_word' id='word_1_274' title='bbox 2163 1366 2532 1436; x_wconf 86' lang='lat' dir='ltr'><strong>eligendorum</strong></span> <span class='ocrx_word' id='word_1_275' title='bbox 2563 1367 3073 1434; x_wconf 85' lang='lat' dir='ltr'><strong>chorepiscoporum</strong></span> <span class='ocrx_word' id='word_1_276' title='bbox 3129 1367 3338 1421; x_wconf 87' lang='lat' dir='ltr'><strong>ratione</strong></span> <span class='ocrx_word' id='word_1_277' title='bbox 3393 1369 3606 1421; x_wconf 88' lang='lat' dir='ltr'><strong>c0nsul-</strong></span> 
     </span>
    </p>
   </div>
   <div class='ocr_carea' id='block_1_42' title="bbox 2040 1458 3598 1524">
    <p class='ocr_par' dir='ltr' id='par_1_42' title="bbox 2040 1458 3598 1524">
     <span class='ocr_line' id='line_1_42' title="bbox 2040 1458 3598 1524; baseline 0 -13"><span class='ocrx_word' id='word_1_278' title='bbox 2040 1468 2152 1521; x_wconf 89' lang='lat' dir='ltr'><strong>tus,</strong></span> <span class='ocrx_word' id='word_1_279' title='bbox 2180 1458 2377 1512; x_wconf 78' lang='lat' dir='ltr'><strong>eximia</strong></span> <span class='ocrx_word' id='word_1_280' title='bbox 2421 1459 2586 1511; x_wconf 88' lang='lat' dir='ltr'><strong>tradit</strong></span> <span class='ocrx_word' id='word_1_281' title='bbox 2631 1468 2922 1524; x_wconf 71' lang='lat' dir='ltr'><strong>prmccpta,</strong></span> <span class='ocrx_word' id='word_1_282' title='bbox 2961 1467 3014 1510; x_wconf 90' lang='lat' dir='ltr'><strong>et</strong></span> <span class='ocrx_word' id='word_1_283' title='bbox 3063 1458 3316 1524; x_wconf 83' lang='lat' dir='ltr'><strong>episc0po</strong></span> <span class='ocrx_word' id='word_1_284' title='bbox 3338 1466 3392 1509; x_wconf 92' lang='lat' dir='ltr'><strong>et</strong></span> <span class='ocrx_word' id='word_1_285' title='bbox 3418 1458 3484 1511; x_wconf 88' lang='lat' dir='ltr'><strong>iis</strong></span> <span class='ocrx_word' id='word_1_286' title='bbox 3507 1459 3598 1524; x_wconf 93' lang='lat' dir='ltr'><strong>qui</strong></span> 
     </span>
    </p>
   </div>
   <div class='ocr_carea' id='block_1_43' title="bbox 2041 1547 3600 1618">
    <p class='ocr_par' dir='ltr' id='par_1_43' title="bbox 2041 1547 3600 1618">
     <span class='ocr_line' id='line_1_43' title="bbox 2041 1547 3600 1618; baseline -0.003 -15"><span class='ocrx_word' id='word_1_287' title='bbox 2041 1549 2352 1618; x_wconf 71' lang='lat' dir='ltr'><strong>suffragium</strong></span> <span class='ocrx_word' id='word_1_288' title='bbox 2402 1550 2533 1602; x_wconf 88' lang='lat' dir='ltr'><strong>dant</strong></span> <span class='ocrx_word' id='word_1_289' title='bbox 2570 1549 2966 1602; x_wconf 87' lang='lat' dir='ltr'><strong>convenientia.</strong></span> <span class='ocrx_word' id='word_1_290' title='bbox 3005 1547 3249 1601; x_wconf 89' lang='lat' dir='ltr'><strong>Declarat</strong></span> <span class='ocrx_word' id='word_1_291' title='bbox 3307 1563 3363 1600; x_wconf 89' lang='lat' dir='ltr'><strong>se</strong></span> <span class='ocrx_word' id='word_1_292' title='bbox 3403 1563 3600 1614; x_wconf 82' lang='lat' dir='ltr'><strong>caupu-</strong></span> 
     </span>
    </p>
   </div>
   <div class='ocr_carea' id='block_1_44' title="bbox 2038 1639 3596 1709">
    <p class='ocr_par' dir='ltr' id='par_1_44' title="bbox 2038 1639 3596 1709">
     <span class='ocr_line' id='line_1_44' title="bbox 2038 1639 3596 1709; baseline -0.002 -14"><span class='ocrx_word' id='word_1_293' title='bbox 2038 1657 2184 1706; x_wconf 87' lang='lat' dir='ltr'><strong>ncm,</strong></span> <span class='ocrx_word' id='word_1_294' title='bbox 2211 1657 2315 1694; x_wconf 92' lang='lat' dir='ltr'><strong>non</strong></span> <span class='ocrx_word' id='word_1_295' title='bbox 2346 1641 2771 1709; x_wconf 88' lang='lat' dir='ltr'><strong>dispensatorem</strong></span> <span class='ocrx_word' id='word_1_296' title='bbox 2807 1639 3064 1705; x_wconf 86' lang='lat' dir='ltr'><strong>futurum,</strong></span> <span class='ocrx_word' id='word_1_297' title='bbox 3094 1648 3148 1692; x_wconf 93' lang='lat' dir='ltr'><strong>et</strong></span> <span class='ocrx_word' id='word_1_298' title='bbox 3177 1639 3385 1707; x_wconf 80' lang='lat' dir='ltr'><strong>quidvis</strong></span> <span class='ocrx_word' id='word_1_299' title='bbox 3415 1639 3596 1705; x_wconf 86' lang='lat' dir='ltr'><strong>potius</strong></span> 
     </span>
    </p>
   </div>
   <div class='ocr_carea' id='block_1_45' title="bbox 2039 1730 3604 1800">
    <p class='ocr_par' dir='ltr' id='par_1_45' title="bbox 2039 1730 3604 1800">
     <span class='ocr_line' id='line_1_45' title="bbox 2039 1730 3604 1800; baseline -0.001 -16"><span class='ocrx_word' id='word_1_300' title='bbox 2039 1747 2198 1800; x_wconf 89' lang='lat' dir='ltr'><strong>quam</strong></span> <span class='ocrx_word' id='word_1_301' title='bbox 2231 1731 2545 1785; x_wconf 88' lang='lat' dir='ltr'><strong>electionem</strong></span> <span class='ocrx_word' id='word_1_302' title='bbox 2586 1740 2950 1798; x_wconf 79' lang='lat' dir='ltr'><strong>peracturum,</strong></span> <span class='ocrx_word' id='word_1_303' title='bbox 2983 1731 3026 1783; x_wconf 91' lang='lat' dir='ltr'><strong>si</strong></span> <span class='ocrx_word' id='word_1_304' title='bbox 3075 1730 3198 1798; x_wconf 89' lang='lat' dir='ltr'><strong>quid</strong></span> <span class='ocrx_word' id='word_1_305' title='bbox 3231 1733 3416 1798; x_wconf 78' lang='lat' dir='ltr'><strong>gratim</strong></span> <span class='ocrx_word' id='word_1_306' title='bbox 3445 1746 3604 1784; x_wconf 79' lang='lat' dir='ltr'><strong>causa</strong></span> 
     </span>
    </p>
   </div>
   <div class='ocr_carea' id='block_1_46' title="bbox 2042 1820 3603 1889">
    <p class='ocr_par' dir='ltr' id='par_1_46' title="bbox 2042 1820 3603 1889">
     <span class='ocr_line' id='line_1_46' title="bbox 2042 1820 3603 1889; baseline -0.003 -14"><span class='ocrx_word' id='word_1_307' title='bbox 2042 1829 2136 1876; x_wconf 85' lang='lat' dir='ltr'><strong>aut</strong></span> <span class='ocrx_word' id='word_1_308' title='bbox 2171 1822 2345 1876; x_wconf 88' lang='lat' dir='ltr'><strong>timori</strong></span> <span class='ocrx_word' id='word_1_309' title='bbox 2369 1823 2565 1875; x_wconf 86' lang='lat' dir='ltr'><strong>cedens</strong></span> <span class='ocrx_word' id='word_1_310' title='bbox 2600 1821 2809 1875; x_wconf 83' lang='lat' dir='ltr'><strong>fecerit.</strong></span> <span class='ocrx_word' id='word_1_311' title='bbox 2843 1820 2912 1873; x_wconf 90' lang='lat' dir='ltr'><strong>lis</strong></span> <span class='ocrx_word' id='word_1_312' title='bbox 2939 1830 3113 1873; x_wconf 80' lang='lat' dir='ltr'><strong>autent</strong></span> <span class='ocrx_word' id='word_1_313' title='bbox 3150 1822 3236 1889; x_wconf 92' lang='lat' dir='ltr'><strong>qui</strong></span> <span class='ocrx_word' id='word_1_314' title='bbox 3295 1821 3603 1887; x_wconf 81' lang='lat' dir='ltr'><strong>suffragium</strong></span> 
     </span>
    </p>
   </div>
   <div class='ocr_carea' id='block_1_47' title="bbox 2043 1911 3606 1973">
    <p class='ocr_par' dir='ltr' id='par_1_47' title="bbox 2043 1911 3606 1973">
     <span class='ocr_line' id='line_1_47' title="bbox 2043 1911 3606 1973; baseline -0.004 -5"><span class='ocrx_word' id='word_1_315' title='bbox 2043 1914 2174 1968; x_wconf 87' lang='lat' dir='ltr'><strong>dant</strong></span> <span class='ocrx_word' id='word_1_316' title='bbox 2203 1921 2392 1966; x_wconf 89' lang='lat' dir='ltr'><strong>auctor</strong></span> <span class='ocrx_word' id='word_1_317' title='bbox 2423 1921 2526 1973; x_wconf 90' lang='lat' dir='ltr'><strong>est,</strong></span> <span class='ocrx_word' id='word_1_318' title='bbox 2569 1922 2624 1964; x_wconf 92' lang='lat' dir='ltr'><strong>ut</strong></span> <span class='ocrx_word' id='word_1_319' title='bbox 2651 1912 2795 1966; x_wconf 90' lang='lat' dir='ltr'><strong>dicto</strong></span> <span class='ocrx_word' id='word_1_320' title='bbox 2858 1911 3165 1965; x_wconf 91' lang='lat' dir='ltr'><strong>testimonio</strong></span> <span class='ocrx_word' id='word_1_321' title='bbox 3205 1912 3268 1962; x_wconf 88' lang='lat' dir='ltr'><strong>ab</strong></span> <span class='ocrx_word' id='word_1_322' title='bbox 3302 1911 3446 1962; x_wconf 91' lang='lat' dir='ltr'><strong>omni</strong></span> <span class='ocrx_word' id='word_1_323' title='bbox 3477 1926 3606 1963; x_wconf 80' lang='lat' dir='ltr'><strong>con-</strong></span> 
     </span>
    </p>
   </div>
   <div class='ocr_carea' id='block_1_48' title="bbox 2041 1999 3604 2070">
    <p class='ocr_par' dir='ltr' id='par_1_48' title="bbox 2041 1999 3604 2070">
     <span class='ocr_line' id='line_1_48' title="bbox 2041 1999 3604 2070; baseline -0.001 -14"><span class='ocrx_word' id='word_1_324' title='bbox 2041 2003 2278 2056; x_wconf 86' lang='lat' dir='ltr'><strong>tentione</strong></span> <span class='ocrx_word' id='word_1_325' title='bbox 2339 2002 2665 2066; x_wconf 90' lang='lat' dir='ltr'><strong>abstineant,</strong></span> <span class='ocrx_word' id='word_1_326' title='bbox 2710 2012 2766 2055; x_wconf 91' lang='lat' dir='ltr'><strong>et</strong></span> <span class='ocrx_word' id='word_1_327' title='bbox 2819 2002 2984 2054; x_wconf 89' lang='lat' dir='ltr'><strong>Deum</strong></span> <span class='ocrx_word' id='word_1_328' title='bbox 3032 2010 3337 2070; x_wconf 87' lang='lat' dir='ltr'><strong>precentur,</strong></span> <span class='ocrx_word' id='word_1_329' title='bbox 3366 2010 3422 2054; x_wconf 93' lang='lat' dir='ltr'><strong>ut</strong></span> <span class='ocrx_word' id='word_1_330' title='bbox 3460 1999 3604 2069; x_wconf 91' lang='lat' dir='ltr'><strong>quod</strong></span> 
     </span>
    </p>
   </div>
   <div class='ocr_carea' id='block_1_49' title="bbox 2039 2093 2726 2158">
    <p class='ocr_par' dir='ltr' id='par_1_49' title="bbox 2039 2093 2726 2158">
     <span class='ocr_line' id='line_1_49' title="bbox 2039 2093 2726 2158; baseline -0.003 -10"><span class='ocrx_word' id='word_1_331' title='bbox 2039 2094 2168 2148; x_wconf 86' lang='lat' dir='ltr'><strong>utile</strong></span> <span class='ocrx_word' id='word_1_332' title='bbox 2195 2093 2376 2158; x_wconf 84' lang='lat' dir='ltr'><strong>fuerit,</strong></span> <span class='ocrx_word' id='word_1_333' title='bbox 2414 2109 2517 2148; x_wconf 93' lang='lat' dir='ltr'><strong>non</strong></span> <span class='ocrx_word' id='word_1_334' title='bbox 2542 2095 2726 2147; x_wconf 87' lang='lat' dir='ltr'><strong>lateat.</strong></span> 
     </span>
    </p>
   </div>
   <div class='ocr_carea' id='block_1_50' title="bbox 2109 2183 3604 2253">
    <p class='ocr_par' dir='ltr' id='par_1_50' title="bbox 2109 2183 3604 2253">
     <span class='ocr_line' id='line_1_50' title="bbox 2109 2183 3604 2253; baseline -0.001 -13"><span class='ocrx_word' id='word_1_335' title='bbox 2109 2185 2333 2240; x_wconf 77' lang='lat' dir='ltr'><strong>Videtur</strong></span> <span class='ocrx_word' id='word_1_336' title='bbox 2361 2186 2414 2238; x_wconf 92' lang='lat' dir='ltr'><strong>in</strong></span> <span class='ocrx_word' id='word_1_337' title='bbox 2438 2185 2747 2253; x_wconf 86' lang='lat' dir='ltr'><strong>episcopatu</strong></span> <span class='ocrx_word' id='word_1_338' title='bbox 2777 2183 2975 2252; x_wconf 91' lang='lat' dir='ltr'><strong>scripta</strong></span> <span class='ocrx_word' id='word_1_339' title='bbox 3003 2183 3226 2252; x_wconf 87' lang='lat' dir='ltr'><strong>epistola</strong></span> <span class='ocrx_word' id='word_1_340' title='bbox 3253 2183 3379 2246; x_wconf 71' lang='grc'><strong>291,</strong></span> <span class='ocrx_word' id='word_1_341' title='bbox 3413 2184 3466 2237; x_wconf 92' lang='lat' dir='ltr'><strong>in</strong></span> <span class='ocrx_word' id='word_1_342' title='bbox 3498 2197 3604 2251; x_wconf 86' lang='lat' dir='ltr'><strong>qua</strong></span> 
     </span>
    </p>
   </div>
   <div class='ocr_carea' id='block_1_51' title="bbox 2034 2275 3606 2351">
    <p class='ocr_par' dir='ltr' id='par_1_51' title="bbox 2034 2275 3606 2351">
     <span class='ocr_line' id='line_1_51' title="bbox 2034 2275 3606 2351; baseline -0.004 -21"><span class='ocrx_word' id='word_1_343' title='bbox 2034 2275 2265 2351; x_wconf 79' lang='lat' dir='ltr'><strong>Basilius</strong></span> <span class='ocrx_word' id='word_1_344' title='bbox 2290 2276 2629 2332; x_wconf 87' lang='lat' dir='ltr'><strong>Timotheum</strong></span> <span class='ocrx_word' id='word_1_345' title='bbox 2666 2277 3107 2344; x_wconf 83' lang='lat' dir='ltr'><strong>chorepiscopum</strong></span> <span class='ocrx_word' id='word_1_346' title='bbox 3129 2290 3194 2328; x_wconf 81' lang='lat' dir='ltr'><strong>cx</strong></span> <span class='ocrx_word' id='word_1_347' title='bbox 3229 2289 3436 2328; x_wconf 90' lang='lat' dir='ltr'><strong>summo</strong></span> <span class='ocrx_word' id='word_1_348' title='bbox 3455 2289 3606 2327; x_wconf 68' lang='lat' dir='ltr'><strong>asce.</strong></span> 
     </span>
    </p>
   </div>
   <div class='ocr_carea' id='block_1_52' title="bbox 2041 2365 3601 2435">
    <p class='ocr_par' dir='ltr' id='par_1_52' title="bbox 2041 2365 3601 2435">
     <span class='ocr_line' id='line_1_52' title="bbox 2041 2365 3601 2435; baseline -0.003 -13"><span class='ocrx_word' id='word_1_349' title='bbox 2041 2370 2158 2423; x_wconf 77' lang='lat' dir='ltr'><strong>ticze</strong></span> <span class='ocrx_word' id='word_1_350' title='bbox 2196 2370 2320 2423; x_wconf 61' lang='lat' dir='ltr'><strong>vitae</strong></span> <span class='ocrx_word' id='word_1_351' title='bbox 2370 2367 2584 2421; x_wconf 83' lang='lat' dir='ltr'><strong>fervore</strong></span> <span class='ocrx_word' id='word_1_352' title='bbox 2619 2367 2684 2420; x_wconf 93' lang='lat' dir='ltr'><strong>ad</strong></span> <span class='ocrx_word' id='word_1_353' title='bbox 2739 2367 3017 2421; x_wconf 73' lang='lat' dir='ltr'><strong>stecularia</strong></span> <span class='ocrx_word' id='word_1_354' title='bbox 3067 2367 3279 2435; x_wconf 87' lang='lat' dir='ltr'><strong>negotia</strong></span> <span class='ocrx_word' id='word_1_355' title='bbox 3328 2365 3601 2433; x_wconf 83' lang='lat' dir='ltr'><strong>delapsum</strong></span> 
     </span>
    </p>
   </div>
   <div class='ocr_carea' id='block_1_53' title="bbox 2035 2454 3604 2526">
    <p class='ocr_par' dir='ltr' id='par_1_53' title="bbox 2035 2454 3604 2526">
     <span class='ocr_line' id='line_1_53' title="bbox 2035 2454 3604 2526; baseline -0.004 -12"><span class='ocrx_word' id='word_1_356' title='bbox 2035 2474 2293 2516; x_wconf 88' lang='lat' dir='ltr'><strong>revocare</strong></span> <span class='ocrx_word' id='word_1_357' title='bbox 2348 2459 2414 2512; x_wconf 92' lang='lat' dir='ltr'><strong>ad</strong></span> <span class='ocrx_word' id='word_1_358' title='bbox 2473 2459 2752 2525; x_wconf 89' lang='lat' dir='ltr'><strong>pristinam</strong></span> <span class='ocrx_word' id='word_1_359' title='bbox 2789 2458 3041 2526; x_wconf 83' lang='lat' dir='ltr'><strong>pietatem</strong></span> <span class='ocrx_word' id='word_1_360' title='bbox 3082 2466 3328 2512; x_wconf 87' lang='lat' dir='ltr'><strong>conatur.</strong></span> <span class='ocrx_word' id='word_1_361' title='bbox 3379 2454 3604 2508; x_wconf 80' lang='lat' dir='ltr'><strong>Videtur</strong></span> 
     </span>
    </p>
   </div>
   <div class='ocr_carea' id='block_1_54' title="bbox 2036 2546 3600 2615">
    <p class='ocr_par' dir='ltr' id='par_1_54' title="bbox 2036 2546 3600 2615">
     <span class='ocr_line' id='line_1_54' title="bbox 2036 2546 3600 2615; baseline -0.007 -9"><span class='ocrx_word' id='word_1_362' title='bbox 2036 2554 2175 2606; x_wconf 89' lang='lat' dir='ltr'><strong>idem</strong></span> <span class='ocrx_word' id='word_1_363' title='bbox 2228 2566 2349 2606; x_wconf 91' lang='lat' dir='ltr'><strong>esse</strong></span> <span class='ocrx_word' id='word_1_364' title='bbox 2409 2550 2724 2605; x_wconf 85' lang='lat' dir='ltr'><strong>Timotheus</strong></span> <span class='ocrx_word' id='word_1_365' title='bbox 2784 2549 3224 2615; x_wconf 88' lang='lat' dir='ltr'><strong>chorcpiscopus,</strong></span> <span class='ocrx_word' id='word_1_366' title='bbox 3283 2547 3351 2600; x_wconf 90' lang='lat' dir='ltr'><strong>de</strong></span> <span class='ocrx_word' id='word_1_367' title='bbox 3401 2560 3506 2614; x_wconf 92' lang='lat' dir='ltr'><strong>quo</strong></span> <span class='ocrx_word' id='word_1_368' title='bbox 3548 2546 3600 2597; x_wconf 92' lang='lat' dir='ltr'><strong>in</strong></span> 
     </span>
    </p>
   </div>
   <div class='ocr_carea' id='block_1_55' title="bbox 2036 2638 3597 2712">
    <p class='ocr_par' dir='ltr' id='par_1_55' title="bbox 2036 2638 3597 2712">
     <span class='ocr_line' id='line_1_55' title="bbox 2036 2638 3597 2712; baseline -0.006 -15"><span class='ocrx_word' id='word_1_369' title='bbox 2036 2642 2260 2712; x_wconf 89' lang='lat' dir='ltr'><strong>epistola</strong></span> <span class='ocrx_word' id='word_1_370' title='bbox 2295 2641 2366 2694; x_wconf 66' lang='lat' dir='ltr'><strong>2i</strong></span> <span class='ocrx_word' id='word_1_371' title='bbox 2399 2641 2661 2709; x_wconf 89' lang='lat' dir='ltr'><strong>loquitur.</strong></span> <span class='ocrx_word' id='word_1_372' title='bbox 2717 2639 2888 2693; x_wconf 87' lang='lat' dir='ltr'><strong>Grato</strong></span> <span class='ocrx_word' id='word_1_373' title='bbox 2924 2643 3106 2694; x_wconf 88' lang='lat' dir='ltr'><strong>animo</strong></span> <span class='ocrx_word' id='word_1_374' title='bbox 3134 2639 3355 2706; x_wconf 87' lang='lat' dir='ltr'><strong>suscipit</strong></span> <span class='ocrx_word' id='word_1_375' title='bbox 3381 2638 3543 2690; x_wconf 88' lang='lat' dir='ltr'><strong>missa</strong></span> <span class='ocrx_word' id='word_1_376' title='bbox 3571 2651 3597 2688; x_wconf 90' lang='lat' dir='ltr'><strong>a</strong></span> 
     </span>
    </p>
   </div>
   <div class='ocr_carea' id='block_1_56' title="bbox 2036 2727 3598 2799">
    <p class='ocr_par' dir='ltr' id='par_1_56' title="bbox 2036 2727 3598 2799">
     <span class='ocr_line' id='line_1_56' title="bbox 2036 2727 3598 2799; baseline -0.005 -11"><span class='ocrx_word' id='word_1_377' title='bbox 2036 2733 2324 2789; x_wconf 86' lang='lat' dir='ltr'><strong>Timotheo</strong></span> <span class='ocrx_word' id='word_1_378' title='bbox 2389 2747 2642 2797; x_wconf 89' lang='lat' dir='ltr'><strong>munera,</strong></span> <span class='ocrx_word' id='word_1_379' title='bbox 2675 2732 3027 2799; x_wconf 89' lang='lat' dir='ltr'><strong>vicissimque</strong></span> <span class='ocrx_word' id='word_1_380' title='bbox 3080 2731 3128 2783; x_wconf 92' lang='lat' dir='ltr'><strong>ei</strong></span> <span class='ocrx_word' id='word_1_381' title='bbox 3177 2731 3413 2783; x_wconf 85' lang='lat' dir='ltr'><strong>misisset</strong></span> <span class='ocrx_word' id='word_1_382' title='bbox 3445 2727 3598 2782; x_wconf 80' lang='lat' dir='ltr'><strong>Ponti</strong></span> 
     </span>
    </p>
   </div>
   <div class='ocr_carea' id='block_1_57' title="bbox 2033 2819 3602 2888">
    <p class='ocr_par' dir='ltr' id='par_1_57' title="bbox 2033 2819 3602 2888">
     <span class='ocr_line' id='line_1_57' title="bbox 2033 2819 3602 2888; baseline -0.003 -10"><span class='ocrx_word' id='word_1_383' title='bbox 2033 2823 2373 2887; x_wconf 90' lang='lat' dir='ltr'><strong>munuscula,</strong></span> <span class='ocrx_word' id='word_1_384' title='bbox 2414 2838 2568 2876; x_wconf 87' lang='lat' dir='ltr'><strong>ceras</strong></span> <span class='ocrx_word' id='word_1_385' title='bbox 2593 2831 2648 2877; x_wconf 92' lang='lat' dir='ltr'><strong>et</strong></span> <span class='ocrx_word' id='word_1_386' title='bbox 2691 2837 2882 2888; x_wconf 88' lang='lat' dir='ltr'><strong>acopa,</strong></span> <span class='ocrx_word' id='word_1_387' title='bbox 2924 2821 2967 2874; x_wconf 91' lang='lat' dir='ltr'><strong>si</strong></span> <span class='ocrx_word' id='word_1_388' title='bbox 3017 2831 3144 2873; x_wconf 93' lang='lat' dir='ltr'><strong>tunc</strong></span> <span class='ocrx_word' id='word_1_389' title='bbox 3175 2829 3369 2888; x_wconf 63' lang='lat' dir='ltr'><strong>praesto</strong></span> <span class='ocrx_word' id='word_1_390' title='bbox 3399 2819 3602 2873; x_wconf 82' lang='lat' dir='ltr'><strong>adfuis-</strong></span> 
     </span>
    </p>
   </div>
   <div class='ocr_carea' id='block_1_58' title="bbox 2032 2911 3368 2983">
    <p class='ocr_par' dir='ltr' id='par_1_58' title="bbox 2032 2911 3368 2983">
     <span class='ocr_line' id='line_1_58' title="bbox 2032 2911 3368 2983; baseline -0.003 -13"><span class='ocrx_word' id='word_1_391' title='bbox 2032 2925 2182 2983; x_wconf 90' lang='lat' dir='ltr'><strong>sent;</strong></span> <span class='ocrx_word' id='word_1_392' title='bbox 2210 2915 2302 2968; x_wconf 90' lang='lat' dir='ltr'><strong>sed</strong></span> <span class='ocrx_word' id='word_1_393' title='bbox 2339 2930 2459 2968; x_wconf 90' lang='lat' dir='ltr'><strong>cum</strong></span> <span class='ocrx_word' id='word_1_394' title='bbox 2485 2915 2733 2977; x_wconf 79' lang='lat' dir='ltr'><strong>aderunt,</strong></span> <span class='ocrx_word' id='word_1_395' title='bbox 2761 2916 3046 2965; x_wconf 88' lang='lat' dir='ltr'><strong>missurum</strong></span> <span class='ocrx_word' id='word_1_396' title='bbox 3082 2911 3368 2978; x_wconf 89' lang='lat' dir='ltr'><strong>promittit.</strong></span> 
     </span>
    </p>
   </div>
   <div class='ocr_carea' id='block_1_59' title="bbox 2556 3025 3065 3084">
    <p class='ocr_par' dir='ltr' id='par_1_59' title="bbox 2556 3025 3065 3084">
     <span class='ocr_line' id='line_1_59' title="bbox 2556 3025 3065 3084; baseline -0.006 -1"><span class='ocrx_word' id='word_1_397' title='bbox 2556 3029 2783 3084; x_wconf 84' lang='lat' dir='ltr'><strong>CAPUT</strong></span> <span class='ocrx_word' id='word_1_398' title='bbox 2827 3025 3065 3080; x_wconf 72' lang='lat' dir='ltr'><strong>XXXIX.</strong></span> 
     </span>
    </p>
   </div>
   <div class='ocr_carea' id='block_1_60' title="bbox 363 3092 3596 3198">
    <p class='ocr_par' dir='ltr' id='par_1_60' title="bbox 363 3092 3596 3198">
     <span class='ocr_line' id='line_1_60' title="bbox 363 3092 3596 3198; baseline 0 -28"><span class='ocrx_word' id='word_1_399' title='bbox 363 3107 519 3198; x_wconf 54' lang='grc' dir='ltr'><strong>ξθτξδν</strong></span> <span class='ocrx_word' id='word_1_400' title='bbox 546 3092 695 3147; x_wconf 60' lang='lat' dir='ltr'><strong>fures</strong></span> <span class='ocrx_word' id='word_1_401' title='bbox 728 3103 906 3149; x_wconf 67' lang='lat' dir='ltr'><strong>amem</strong></span> <span class='ocrx_word' id='word_1_402' title='bbox 943 3097 1215 3150; x_wconf 45' lang='lat' dir='ltr'><strong>canonica:</strong></span> <span class='ocrx_word' id='word_1_403' title='bbox 1249 3098 1583 3166; x_wconf 61' lang='grc' dir='ltr'><strong>Ρωηίίθηίίίθ</strong></span> <span class='ocrx_word' id='word_1_404' title='bbox 1615 3103 1928 3172; x_wconf 66' lang='grc' dir='ltr'><strong>⁵“¹)Ῑῖθί⁰η⁵⁶</strong></span> <span class='ocrx_word' id='word_1_405' title='bbox 1957 3140 1999 3198; x_wconf 77' lang='lat' dir='ltr'><strong><em>C</em></strong></span> <span class='ocrx_word' id='word_1_406' title='bbox 2033 3123 2072 3179; x_wconf 82' lang='grc' dir='ltr'><strong>Ι.</strong></span> <span class='ocrx_word' id='word_1_407' title='bbox 2097 3124 2172 3177; x_wconf 86' lang='lat' dir='ltr'><strong>De</strong></span> <span class='ocrx_word' id='word_1_408' title='bbox 2192 3122 2421 3182; x_wconf 76' lang='lat' dir='ltr'><strong>epistolis</strong></span> <span class='ocrx_word' id='word_1_409' title='bbox 2445 3137 2666 3190; x_wconf 82' lang='lat' dir='ltr'><strong>quorum</strong></span> <span class='ocrx_word' id='word_1_410' title='bbox 2692 3120 3188 3198; x_wconf 37' lang='lat' dir='ltr'><strong>teinpus&#39;it‘n-ertftml.</strong></span> <span class='ocrx_word' id='word_1_411' title='bbox 3213 3116 3284 3198; x_wconf 60' lang='lat' dir='ltr'><strong>ll.</strong></span> <span class='ocrx_word' id='word_1_412' title='bbox 3308 3117 3384 3198; x_wconf 49' lang='lat' dir='ltr'><strong>De</strong></span> <span class='ocrx_word' id='word_1_413' title='bbox 3405 3119 3596 3198; x_wconf 54' lang='lat' dir='ltr'><strong>episto-</strong></span> 
     </span>
    </p>
   </div>
   <div class='ocr_carea' id='block_1_61' title="bbox 364 3185 1932 3258">
    <p class='ocr_par' dir='ltr' id='par_1_61' title="bbox 364 3185 1932 3258">
     <span class='ocr_line' id='line_1_61' title="bbox 364 3185 1932 3258; baseline 0.007 -20"><span class='ocrx_word' id='word_1_414' title='bbox 364 3185 471 3239; x_wconf 88' lang='lat' dir='ltr'><strong>Sed</strong></span> <span class='ocrx_word' id='word_1_415' title='bbox 510 3199 632 3238; x_wconf 91' lang='lat' dir='ltr'><strong>cum</strong></span> <span class='ocrx_word' id='word_1_416' title='bbox 658 3188 1161 3242; x_wconf 90' lang='lat' dir='ltr'><strong>commentariensis</strong></span> <span class='ocrx_word' id='word_1_417' title='bbox 1178 3189 1438 3258; x_wconf 87' lang='lat' dir='ltr'><strong>ejusmodi</strong></span> <span class='ocrx_word' id='word_1_418' title='bbox 1475 3192 1747 3246; x_wconf 87' lang='lat' dir='ltr'><strong>hominum</strong></span> <span class='ocrx_word' id='word_1_419' title='bbox 1777 3210 1932 3249; x_wconf 91' lang='lat' dir='ltr'><strong>rece-</strong></span> 
     </span>
    </p>
   </div>
   <div class='ocr_carea' id='block_1_62' title="bbox 361 3277 1930 3351">
    <p class='ocr_par' dir='ltr' id='par_1_62' title="bbox 361 3277 1930 3351">
     <span class='ocr_line' id='line_1_62' title="bbox 361 3277 1930 3351; baseline 0.008 -21"><span class='ocrx_word' id='word_1_420' title='bbox 361 3277 605 3345; x_wconf 87' lang='lat' dir='ltr'><strong>ptionem</strong></span> <span class='ocrx_word' id='word_1_421' title='bbox 649 3278 751 3332; x_wconf 85' lang='lat' dir='ltr'><strong>sibi</strong></span> <span class='ocrx_word' id='word_1_422' title='bbox 791 3280 1069 3334; x_wconf 88' lang='lat' dir='ltr'><strong>vindicare</strong></span> <span class='ocrx_word' id='word_1_423' title='bbox 1103 3281 1286 3348; x_wconf 88' lang='lat' dir='ltr'><strong>vellet,</strong></span> <span class='ocrx_word' id='word_1_424' title='bbox 1345 3285 1622 3338; x_wconf 89' lang='lat' dir='ltr'><strong>contendit</strong></span> <span class='ocrx_word' id='word_1_425' title='bbox 1679 3286 1930 3351; x_wconf 87' lang='lat' dir='ltr'><strong>Basilius,</strong></span> 
     </span>
    </p>
   </div>
   <div class='ocr_carea' id='block_1_63' title="bbox 367 3368 1930 3444">
    <p class='ocr_par' dir='ltr' id='par_1_63' title="bbox 367 3368 1930 3444">
     <span class='ocr_line' id='line_1_63' title="bbox 367 3368 1930 3444; baseline 0.008 -26"><span class='ocrx_word' id='word_1_426' title='bbox 367 3383 488 3435; x_wconf 64' lang='lat' dir='ltr'><strong>qute</strong></span> <span class='ocrx_word' id='word_1_427' title='bbox 518 3369 573 3420; x_wconf 93' lang='lat' dir='ltr'><strong>in</strong></span> <span class='ocrx_word' id='word_1_428' title='bbox 598 3368 844 3424; x_wconf 88' lang='lat' dir='ltr'><strong>ecclesiis</strong></span> <span class='ocrx_word' id='word_1_429' title='bbox 882 3381 1211 3438; x_wconf 89' lang='lat' dir='ltr'><strong>peccantur,</strong></span> <span class='ocrx_word' id='word_1_430' title='bbox 1236 3374 1303 3426; x_wconf 91' lang='lat' dir='ltr'><strong>ab</strong></span> <span class='ocrx_word' id='word_1_431' title='bbox 1351 3375 1622 3444; x_wconf 87' lang='lat' dir='ltr'><strong>episcopis</strong></span> <span class='ocrx_word' id='word_1_432' title='bbox 1654 3378 1930 3431; x_wconf 87' lang='lat' dir='ltr'><strong>emendari</strong></span> 
     </span>
    </p>
   </div>
   <div class='ocr_carea' id='block_1_64' title="bbox 362 3459 1929 3534">
    <p class='ocr_par' dir='ltr' id='par_1_64' title="bbox 362 3459 1929 3534">
     <span class='ocr_line' id='line_1_64' title="bbox 362 3459 1929 3534; baseline 0.008 -23"><span class='ocrx_word' id='word_1_433' title='bbox 362 3459 580 3523; x_wconf 88' lang='lat' dir='ltr'><strong>debere,</strong></span> <span class='ocrx_word' id='word_1_434' title='bbox 614 3474 714 3513; x_wconf 90' lang='lat' dir='ltr'><strong>nec</strong></span> <span class='ocrx_word' id='word_1_435' title='bbox 765 3459 977 3527; x_wconf 88' lang='lat' dir='ltr'><strong>judiees</strong></span> <span class='ocrx_word' id='word_1_436' title='bbox 1027 3477 1147 3516; x_wconf 89' lang='lat' dir='ltr'><strong>esse</strong></span> <span class='ocrx_word' id='word_1_437' title='bbox 1204 3464 1645 3534; x_wconf 88' lang='lat' dir='ltr'><strong>interpellandos.</strong></span> <span class='ocrx_word' id='word_1_438' title='bbox 1695 3468 1846 3534; x_wconf 90' lang='lat' dir='ltr'><strong>Quod</strong></span> <span class='ocrx_word' id='word_1_439' title='bbox 1885 3469 1929 3524; x_wconf 91' lang='lat' dir='ltr'><strong>si</strong></span> 
     </span>
    </p>
   </div>
   <div class='ocr_carea' id='block_1_65' title="bbox 361 3549 1934 3613">
    <p class='ocr_par' dir='ltr' id='par_1_65' title="bbox 361 3549 1934 3613">
     <span class='ocr_line' id='line_1_65' title="bbox 361 3549 1934 3613; baseline 0.009 -14"><span class='ocrx_word' id='word_1_440' title='bbox 361 3549 870 3604; x_wconf 87' lang='lat' dir='ltr'><strong>commentariensis</strong></span> <span class='ocrx_word' id='word_1_441' title='bbox 897 3552 962 3604; x_wconf 91' lang='lat' dir='ltr'><strong>ad</strong></span> <span class='ocrx_word' id='word_1_442' title='bbox 994 3553 1244 3607; x_wconf 89' lang='lat' dir='ltr'><strong>comitem</strong></span> <span class='ocrx_word' id='word_1_443' title='bbox 1292 3555 1378 3608; x_wconf 88' lang='lat' dir='ltr'><strong>his</strong></span> <span class='ocrx_word' id='word_1_444' title='bbox 1404 3556 1469 3609; x_wconf 93' lang='lat' dir='ltr'><strong>de</strong></span> <span class='ocrx_word' id='word_1_445' title='bbox 1500 3558 1664 3611; x_wconf 85' lang='lat' dir='ltr'><strong>rebus</strong></span> <span class='ocrx_word' id='word_1_446' title='bbox 1730 3558 1934 3613; x_wconf 90' lang='lat' dir='ltr'><strong>referre</strong></span> 
     </span>
    </p>
   </div>
   <div class='ocr_carea' id='block_1_66' title="bbox 361 3637 1931 3718">
    <p class='ocr_par' dir='ltr' id='par_1_66' title="bbox 361 3637 1931 3718">
     <span class='ocr_line' id='line_1_66' title="bbox 361 3637 1931 3718; baseline 0.01 -29"><span class='ocrx_word' id='word_1_447' title='bbox 361 3637 526 3701; x_wconf 89' lang='lat' dir='ltr'><strong>velit,</strong></span> <span class='ocrx_word' id='word_1_448' title='bbox 577 3638 811 3693; x_wconf 87' lang='lat' dir='ltr'><strong>libenter</strong></span> <span class='ocrx_word' id='word_1_449' title='bbox 873 3643 1172 3696; x_wconf 87' lang='lat' dir='ltr'><strong>assentitur</strong></span> <span class='ocrx_word' id='word_1_450' title='bbox 1226 3643 1483 3711; x_wconf 89' lang='lat' dir='ltr'><strong>Basilius,</strong></span> <span class='ocrx_word' id='word_1_451' title='bbox 1508 3656 1562 3700; x_wconf 88' lang='lat' dir='ltr'><strong>et</strong></span> <span class='ocrx_word' id='word_1_452' title='bbox 1597 3663 1692 3704; x_wconf 90' lang='lat' dir='ltr'><strong>suo</strong></span> <span class='ocrx_word' id='word_1_453' title='bbox 1730 3648 1841 3718; x_wconf 91' lang='lat' dir='ltr'><strong>juri</strong></span> <span class='ocrx_word' id='word_1_454' title='bbox 1876 3661 1931 3706; x_wconf 91' lang='lat' dir='ltr'><strong>et</strong></span> 
     </span>
    </p>
   </div>
   <div class='ocr_carea' id='block_1_67' title="bbox 361 3727 1694 3800">
    <p class='ocr_par' dir='ltr' id='par_1_67' title="bbox 361 3727 1694 3800">
     <span class='ocr_line' id='line_1_67' title="bbox 361 3727 1694 3800; baseline 0.008 -19"><span class='ocrx_word' id='word_1_455' title='bbox 361 3727 464 3782; x_wconf 72' lang='lat' dir='ltr'><strong>Viri</strong></span> <span class='ocrx_word' id='word_1_456' title='bbox 497 3729 795 3800; x_wconf 83' lang='lat' dir='ltr'><strong>integritati</strong></span> <span class='ocrx_word' id='word_1_457' title='bbox 823 3733 1122 3788; x_wconf 86' lang='lat' dir='ltr'><strong>confidens.</strong></span> <span class='ocrx_word' id='word_1_458' title='bbox 1691 3793 1694 3800; x_wconf 74' lang='grc'>,</span> 
     </span>
    </p>
   </div>
   <div class='ocr_carea' id='block_1_68' title="bbox 434 3817 1932 3894">
    <p class='ocr_par' dir='ltr' id='par_1_68' title="bbox 434 3817 1932 3894">
     <span class='ocr_line' id='line_1_68' title="bbox 434 3817 1932 3894; baseline 0.008 -20"><span class='ocrx_word' id='word_1_459' title='bbox 434 3817 555 3874; x_wconf 83' lang='lat' dir='ltr'><strong>Jam</strong></span> <span class='ocrx_word' id='word_1_460' title='bbox 593 3836 734 3890; x_wconf 62' lang='lat' dir='ltr'><strong>saepe</strong></span> <span class='ocrx_word' id='word_1_461' title='bbox 763 3822 995 3879; x_wconf 90' lang='lat' dir='ltr'><strong>vidimus</strong></span> <span class='ocrx_word' id='word_1_462' title='bbox 1021 3840 1181 3894; x_wconf 89' lang='lat' dir='ltr'><strong>quam</strong></span> <span class='ocrx_word' id='word_1_463' title='bbox 1230 3826 1464 3882; x_wconf 88' lang='lat' dir='ltr'><strong>libenter</strong></span> <span class='ocrx_word' id='word_1_464' title='bbox 1485 3828 1716 3894; x_wconf 88' lang='lat' dir='ltr'><strong>Basilius</strong></span> <span class='ocrx_word' id='word_1_465' title='bbox 1758 3831 1932 3886; x_wconf 93' lang='lat' dir='ltr'><strong>homi-</strong></span> 
     </span>
    </p>
   </div>
   <div class='ocr_carea' id='block_1_69' title="bbox 360 3910 1933 3984">
    <p class='ocr_par' dir='ltr' id='par_1_69' title="bbox 360 3910 1933 3984">
     <span class='ocr_line' id='line_1_69' title="bbox 360 3910 1933 3984; baseline 0.008 -20"><span class='ocrx_word' id='word_1_466' title='bbox 360 3923 458 3964; x_wconf 89' lang='lat' dir='ltr'><strong>nes</strong></span> <span class='ocrx_word' id='word_1_467' title='bbox 487 3910 540 3963; x_wconf 92' lang='lat' dir='ltr'><strong>in</strong></span> <span class='ocrx_word' id='word_1_468' title='bbox 585 3910 845 3980; x_wconf 86' lang='lat' dir='ltr'><strong>judicium</strong></span> <span class='ocrx_word' id='word_1_469' title='bbox 905 3925 1128 3970; x_wconf 86' lang='lat' dir='ltr'><strong>vocatos</strong></span> <span class='ocrx_word' id='word_1_470' title='bbox 1179 3919 1352 3984; x_wconf 88' lang='lat' dir='ltr'><strong>gratia</strong></span> <span class='ocrx_word' id='word_1_471' title='bbox 1390 3933 1482 3972; x_wconf 89' lang='lat' dir='ltr'><strong>sua</strong></span> <span class='ocrx_word' id='word_1_472' title='bbox 1512 3928 1566 3973; x_wconf 92' lang='lat' dir='ltr'><strong>et</strong></span> <span class='ocrx_word' id='word_1_473' title='bbox 1609 3923 1933 3978; x_wconf 90' lang='lat' dir='ltr'><strong>auctoritate</strong></span> 
     </span>
    </p>
   </div>
   <div class='ocr_carea' id='block_1_70' title="bbox 363 4002 1930 4084">
    <p class='ocr_par' dir='ltr' id='par_1_70' title="bbox 363 4002 1930 4084">
     <span class='ocr_line' id='line_1_70' title="bbox 363 4002 1930 4084; baseline 0.008 -28"><span class='ocrx_word' id='word_1_474' title='bbox 363 4002 675 4056; x_wconf 87' lang='lat' dir='ltr'><strong>sublevaret</strong></span> <span class='ocrx_word' id='word_1_475' title='bbox 713 4020 726 4054; x_wconf 90' lang='lat'><strong>:</strong></span> <span class='ocrx_word' id='word_1_476' title='bbox 771 4006 866 4059; x_wconf 90' lang='lat' dir='ltr'><strong>sed</strong></span> <span class='ocrx_word' id='word_1_477' title='bbox 917 4014 1093 4060; x_wconf 89' lang='lat' dir='ltr'><strong>tamen</strong></span> <span class='ocrx_word' id='word_1_478' title='bbox 1127 4008 1286 4076; x_wconf 90' lang='lat' dir='ltr'><strong>hujus</strong></span> <span class='ocrx_word' id='word_1_479' title='bbox 1319 4013 1396 4064; x_wconf 86' lang='lat' dir='ltr'><strong>rei</strong></span> <span class='ocrx_word' id='word_1_480' title='bbox 1450 4010 1664 4066; x_wconf 89' lang='lat' dir='ltr'><strong>modum</strong></span> <span class='ocrx_word' id='word_1_481' title='bbox 1695 4014 1930 4084; x_wconf 90' lang='lat' dir='ltr'><strong>aliquem</strong></span> 
     </span>
    </p>
   </div>
   <div class='ocr_carea' id='block_1_71' title="bbox 360 4095 1931 4175">
    <p class='ocr_par' dir='ltr' id='par_1_71' title="bbox 360 4095 1931 4175">
     <span class='ocr_line' id='line_1_71' title="bbox 360 4095 1931 4175; baseline 0.009 -27"><span class='ocrx_word' id='word_1_482' title='bbox 360 4102 417 4148; x_wconf 86' lang='lat' dir='ltr'><strong>et.</strong></span> <span class='ocrx_word' id='word_1_483' title='bbox 470 4095 740 4148; x_wconf 87' lang='lat' dir='ltr'><strong>delectum</strong></span> <span class='ocrx_word' id='word_1_484' title='bbox 781 4097 986 4150; x_wconf 88' lang='lat' dir='ltr'><strong>sciebat</strong></span> <span class='ocrx_word' id='word_1_485' title='bbox 1047 4101 1336 4154; x_wconf 86' lang='lat' dir='ltr'><strong>tenendum</strong></span> <span class='ocrx_word' id='word_1_486' title='bbox 1392 4117 1535 4157; x_wconf 89' lang='lat' dir='ltr'><strong>esse.</strong></span> <span class='ocrx_word' id='word_1_487' title='bbox 1591 4103 1722 4160; x_wconf 92' lang='lat' dir='ltr'><strong>Cum</strong></span> <span class='ocrx_word' id='word_1_488' title='bbox 1780 4107 1931 4175; x_wconf 79' lang='lat' dir='ltr'><strong>virgo</strong></span> 
     </span>
    </p>
   </div>
   <div class='ocr_carea' id='block_1_72' title="bbox 359 4184 1931 4267">
    <p class='ocr_par' dir='ltr' id='par_1_72' title="bbox 359 4184 1931 4267">
     <span class='ocr_line' id='line_1_72' title="bbox 359 4184 1931 4267; baseline 0.011 -32"><span class='ocrx_word' id='word_1_489' title='bbox 359 4184 610 4253; x_wconf 59' lang='lat' dir='ltr'><strong>quaedam</strong></span> <span class='ocrx_word' id='word_1_490' title='bbox 665 4186 964 4254; x_wconf 91' lang='lat' dir='ltr'><strong>improbum</strong></span> <span class='ocrx_word' id='word_1_491' title='bbox 1004 4189 1276 4244; x_wconf 87' lang='lat' dir='ltr'><strong>hominem</strong></span> <span class='ocrx_word' id='word_1_492' title='bbox 1305 4201 1357 4247; x_wconf 91' lang='lat' dir='ltr'><strong>et</strong></span> <span class='ocrx_word' id='word_1_493' title='bbox 1406 4194 1458 4247; x_wconf 88' lang='lat' dir='ltr'><strong>in</strong></span> <span class='ocrx_word' id='word_1_494' title='bbox 1523 4201 1931 4267; x_wconf 84' lang='lat' dir='ltr'><strong>corrumpendis</strong></span> 
     </span>
    </p>
   </div>
   <div class='ocr_carea' id='block_1_73' title="bbox 359 4276 1930 4346">
    <p class='ocr_par' dir='ltr' id='par_1_73' title="bbox 359 4276 1930 4346">
     <span class='ocr_line' id='line_1_73' title="bbox 359 4276 1930 4346; baseline 0.009 -17"><span class='ocrx_word' id='word_1_495' title='bbox 359 4276 613 4330; x_wconf 90' lang='lat' dir='ltr'><strong>domibus</strong></span> <span class='ocrx_word' id='word_1_496' title='bbox 640 4291 670 4330; x_wconf 91' lang='lat' dir='ltr'><strong>a</strong></span> <span class='ocrx_word' id='word_1_497' title='bbox 698 4292 864 4345; x_wconf 90' lang='lat' dir='ltr'><strong>puero</strong></span> <span class='ocrx_word' id='word_1_498' title='bbox 893 4279 1216 4346; x_wconf 92' lang='lat' dir='ltr'><strong>institutum,</strong></span> <span class='ocrx_word' id='word_1_499' title='bbox 1249 4282 1300 4336; x_wconf 89' lang='lat' dir='ltr'><strong>in</strong></span> <span class='ocrx_word' id='word_1_500' title='bbox 1329 4285 1546 4338; x_wconf 92' lang='lat' dir='ltr'><strong>domum</strong></span> <span class='ocrx_word' id='word_1_501' title='bbox 1575 4301 1726 4340; x_wconf 88' lang='lat' dir='ltr'><strong>suam</strong></span> <span class='ocrx_word' id='word_1_502' title='bbox 1761 4288 1930 4343; x_wconf 90' lang='lat' dir='ltr'><strong>inscia</strong></span> 
     </span>
    </p>
   </div>
   <div class='ocr_carea' id='block_1_74' title="bbox 360 4368 1930 4446">
    <p class='ocr_par' dir='ltr' id='par_1_74' title="bbox 360 4368 1930 4446">
     <span class='ocr_line' id='line_1_74' title="bbox 360 4368 1930 4446; baseline 0.008 -24"><span class='ocrx_word' id='word_1_503' title='bbox 360 4368 508 4422; x_wconf 89' lang='lat' dir='ltr'><strong>illius</strong></span> <span class='ocrx_word' id='word_1_504' title='bbox 546 4384 756 4422; x_wconf 87' lang='lat' dir='ltr'><strong>morum</strong></span> <span class='ocrx_word' id='word_1_505' title='bbox 813 4371 1138 4438; x_wconf 87' lang='lat' dir='ltr'><strong>admisisset,</strong></span> <span class='ocrx_word' id='word_1_506' title='bbox 1171 4373 1330 4442; x_wconf 89' lang='lat' dir='ltr'><strong>eique</strong></span> <span class='ocrx_word' id='word_1_507' title='bbox 1384 4391 1449 4429; x_wconf 80' lang='lat' dir='ltr'><strong>ex</strong></span> <span class='ocrx_word' id='word_1_508' title='bbox 1485 4377 1717 4446; x_wconf 89' lang='lat' dir='ltr'><strong>simplici</strong></span> <span class='ocrx_word' id='word_1_509' title='bbox 1764 4381 1930 4435; x_wconf 89' lang='lat' dir='ltr'><strong>collo-</strong></span> 
     </span>
    </p>
   </div>
   <div class='ocr_carea' id='block_1_75' title="bbox 2107 3187 3594 3246">
    <p class='ocr_par' dir='ltr' id='par_1_75' title="bbox 2107 3187 3594 3246">
     <span class='ocr_line' id='line_1_75' title="bbox 2107 3187 3594 3246; baseline -0.003 0"><span class='ocrx_word' id='word_1_510' title='bbox 2107 3195 2170 3246; x_wconf 80' lang='lat' dir='ltr'><strong>lis</strong></span> <span class='ocrx_word' id='word_1_511' title='bbox 2199 3195 2385 3246; x_wconf 78' lang='lat' dir='ltr'><strong>Basilii</strong></span> <span class='ocrx_word' id='word_1_512' title='bbox 2410 3187 2474 3243; x_wconf 77' lang='lat' dir='ltr'><strong>ad</strong></span> <span class='ocrx_word' id='word_1_513' title='bbox 2504 3191 2779 3243; x_wconf 79' lang='lat' dir='ltr'><strong>Libanium</strong></span> <span class='ocrx_word' id='word_1_514' title='bbox 2803 3200 2852 3240; x_wconf 83' lang='lat' dir='ltr'><strong>et</strong></span> <span class='ocrx_word' id='word_1_515' title='bbox 2879 3189 3080 3240; x_wconf 84' lang='lat' dir='ltr'><strong>Libanii</strong></span> <span class='ocrx_word' id='word_1_516' title='bbox 3104 3191 3171 3240; x_wconf 81' lang='lat' dir='ltr'><strong>ad</strong></span> <span class='ocrx_word' id='word_1_517' title='bbox 3206 3187 3483 3240; x_wconf 69' lang='lat' dir='ltr'><strong>Basiliam.</strong></span> <span class='ocrx_word' id='word_1_518' title='bbox 3508 3187 3594 3242; x_wconf 88' lang='lat' dir='ltr'><strong>Ill.</strong></span> 
     </span>
    </p>
   </div>
   <div class='ocr_carea' id='block_1_76' title="bbox 2105 3258 3595 3324">
    <p class='ocr_par' dir='ltr' id='par_1_76' title="bbox 2105 3258 3595 3324">
     <span class='ocr_line' id='line_1_76' title="bbox 2105 3258 3595 3324; baseline -0.003 -7"><span class='ocrx_word' id='word_1_519' title='bbox 2105 3264 2338 3317; x_wconf 75' lang='lat' dir='ltr'><strong>Maxime</strong></span> <span class='ocrx_word' id='word_1_520' title='bbox 2376 3265 2545 3314; x_wconf 79' lang='lat' dir='ltr'><strong>dubia:</strong></span> <span class='ocrx_word' id='word_1_521' title='bbox 2576 3263 2834 3314; x_wconf 83' lang='lat' dir='ltr'><strong>videntur.</strong></span> <span class='ocrx_word' id='word_1_522' title='bbox 2870 3259 2953 3311; x_wconf 71' lang='lat' dir='ltr'><strong>IV.</strong></span> <span class='ocrx_word' id='word_1_523' title='bbox 2993 3258 3096 3311; x_wconf 78' lang='lat' dir='ltr'><strong>Sex</strong></span> <span class='ocrx_word' id='word_1_524' title='bbox 3123 3259 3352 3324; x_wconf 80' lang='lat' dir='ltr'><strong>cpistolw</strong></span> <span class='ocrx_word' id='word_1_525' title='bbox 3383 3261 3595 3324; x_wconf 67' lang='lat' dir='ltr'><strong>spuria}.</strong></span> 
     </span>
    </p>
   </div>
   <div class='ocr_carea' id='block_1_77' title="bbox 2104 3370 3599 3432">
    <p class='ocr_par' dir='ltr' id='par_1_77' title="bbox 2104 3370 3599 3432">
     <span class='ocr_line' id='line_1_77' title="bbox 2104 3370 3599 3432; baseline -0.006 0"><span class='ocrx_word' id='word_1_526' title='bbox 2104 3379 2144 3432; x_wconf 86' lang='lat' dir='ltr'><strong>l.</strong></span> <span class='ocrx_word' id='word_1_527' title='bbox 2176 3377 2327 3431; x_wconf 87' lang='lat' dir='ltr'><strong>Nunc</strong></span> <span class='ocrx_word' id='word_1_528' title='bbox 2355 3375 2593 3429; x_wconf 89' lang='lat' dir='ltr'><strong>breviter</strong></span> <span class='ocrx_word' id='word_1_529' title='bbox 2616 3374 2770 3427; x_wconf 90' lang='lat' dir='ltr'><strong>nobis</strong></span> <span class='ocrx_word' id='word_1_530' title='bbox 2804 3371 3148 3426; x_wconf 56' lang='lat' dir='ltr'><strong>recensendas</strong></span> <span class='ocrx_word' id='word_1_531' title='bbox 3180 3380 3305 3424; x_wconf 88' lang='lat' dir='ltr'><strong>sunt</strong></span> <span class='ocrx_word' id='word_1_532' title='bbox 3333 3370 3453 3424; x_wconf 71' lang='lat' dir='ltr'><strong>alia:</strong></span> <span class='ocrx_word' id='word_1_533' title='bbox 3495 3371 3599 3424; x_wconf 87' lang='lat' dir='ltr'><strong>Ba-</strong></span> 
     </span>
    </p>
   </div>
   <div class='ocr_carea' id='block_1_78' title="bbox 2031 3461 3600 3540">
    <p class='ocr_par' dir='ltr' id='par_1_78' title="bbox 2031 3461 3600 3540">
     <span class='ocr_line' id='line_1_78' title="bbox 2031 3461 3600 3540; baseline -0.008 -15"><span class='ocrx_word' id='word_1_534' title='bbox 2031 3472 2138 3526; x_wconf 89' lang='lat' dir='ltr'><strong>silii</strong></span> <span class='ocrx_word' id='word_1_535' title='bbox 2172 3467 2431 3540; x_wconf 72' lang='lat' dir='ltr'><strong>epistolai,</strong></span> <span class='ocrx_word' id='word_1_536' title='bbox 2465 3482 2583 3535; x_wconf 74' lang='lat' dir='ltr'><strong>qum</strong></span> <span class='ocrx_word' id='word_1_537' title='bbox 2607 3481 2725 3518; x_wconf 91' lang='lat' dir='ltr'><strong>cum</strong></span> <span class='ocrx_word' id='word_1_538' title='bbox 2755 3464 2899 3517; x_wconf 86' lang='lat' dir='ltr'><strong>nulla</strong></span> <span class='ocrx_word' id='word_1_539' title='bbox 2938 3463 3196 3531; x_wconf 90' lang='lat' dir='ltr'><strong>temporis</strong></span> <span class='ocrx_word' id='word_1_540' title='bbox 3228 3471 3350 3514; x_wconf 90' lang='lat' dir='ltr'><strong>nota</strong></span> <span class='ocrx_word' id='word_1_541' title='bbox 3383 3461 3600 3529; x_wconf 86' lang='lat' dir='ltr'><strong>signen-</strong></span> 
     </span>
    </p>
   </div>
   <div class='ocr_carea' id='block_1_79' title="bbox 2030 3553 3598 3622">
    <p class='ocr_par' dir='ltr' id='par_1_79' title="bbox 2030 3553 3598 3622">
     <span class='ocr_line' id='line_1_79' title="bbox 2030 3553 3598 3622; baseline -0.008 -3"><span class='ocrx_word' id='word_1_542' title='bbox 2030 3573 2120 3618; x_wconf 93' lang='lat' dir='ltr'><strong>tur</strong></span> <span class='ocrx_word' id='word_1_543' title='bbox 2170 3575 2354 3616; x_wconf 85' lang='lat' dir='ltr'><strong>earum</strong></span> <span class='ocrx_word' id='word_1_544' title='bbox 2410 3560 2653 3612; x_wconf 88' lang='lat' dir='ltr'><strong>ordinem</strong></span> <span class='ocrx_word' id='word_1_545' title='bbox 2707 3571 2774 3609; x_wconf 79' lang='lat' dir='ltr'><strong>ex</strong></span> <span class='ocrx_word' id='word_1_546' title='bbox 2833 3556 2962 3622; x_wconf 90' lang='lat' dir='ltr'><strong>ipsis</strong></span> <span class='ocrx_word' id='word_1_547' title='bbox 3019 3556 3227 3620; x_wconf 88' lang='lat' dir='ltr'><strong>rebus,</strong></span> <span class='ocrx_word' id='word_1_548' title='bbox 3301 3554 3367 3607; x_wconf 91' lang='lat' dir='ltr'><strong>de</strong></span> <span class='ocrx_word' id='word_1_549' title='bbox 3402 3553 3598 3620; x_wconf 88' lang='lat' dir='ltr'><strong>quibus</strong></span> 
     </span>
    </p>
   </div>
   <div class='ocr_carea' id='block_1_80' title="bbox 2032 3643 3595 3722">
    <p class='ocr_par' dir='ltr' id='par_1_80' title="bbox 2032 3643 3595 3722">
     <span class='ocr_line' id='line_1_80' title="bbox 2032 3643 3595 3722; baseline -0.01 -13"><span class='ocrx_word' id='word_1_550' title='bbox 2032 3663 2219 3722; x_wconf 80' lang='lat' dir='ltr'><strong>agunt,</strong></span> <span class='ocrx_word' id='word_1_551' title='bbox 2277 3650 2628 3719; x_wconf 87' lang='lat' dir='ltr'><strong>repetendum</strong></span> <span class='ocrx_word' id='word_1_552' title='bbox 2673 3647 2945 3699; x_wconf 79' lang='lat' dir='ltr'><strong>duximus.</strong></span> <span class='ocrx_word' id='word_1_553' title='bbox 2992 3645 3124 3698; x_wconf 69' lang='lat' dir='ltr'><strong>Aliae</strong></span> <span class='ocrx_word' id='word_1_554' title='bbox 3188 3643 3329 3696; x_wconf 90' lang='lat' dir='ltr'><strong>enim</strong></span> <span class='ocrx_word' id='word_1_555' title='bbox 3382 3643 3595 3712; x_wconf 82' lang='lat' dir='ltr'><strong>egregia</strong></span> 
     </span>
    </p>
   </div>
   <div class='ocr_carea' id='block_1_81' title="bbox 2032 3737 3600 3814">
    <p class='ocr_par' dir='ltr' id='par_1_81' title="bbox 2032 3737 3600 3814">
     <span class='ocr_line' id='line_1_81' title="bbox 2032 3737 3600 3814; baseline -0.008 -14"><span class='ocrx_word' id='word_1_556' title='bbox 2032 3761 2240 3800; x_wconf 90' lang='lat' dir='ltr'><strong>morum</strong></span> <span class='ocrx_word' id='word_1_557' title='bbox 2267 3753 2528 3814; x_wconf 70' lang='lat' dir='ltr'><strong>prmcepta</strong></span> <span class='ocrx_word' id='word_1_558' title='bbox 2563 3740 2802 3803; x_wconf 87' lang='lat' dir='ltr'><strong>tradunt,</strong></span> <span class='ocrx_word' id='word_1_559' title='bbox 2827 3737 2946 3790; x_wconf 69' lang='lat' dir='ltr'><strong>alite</strong></span> <span class='ocrx_word' id='word_1_560' title='bbox 2967 3737 3385 3805; x_wconf 84' lang='lat' dir='ltr'><strong>propinquorum</strong></span> <span class='ocrx_word' id='word_1_561' title='bbox 3425 3745 3600 3787; x_wconf 81' lang='lat' dir='ltr'><strong>morte</strong></span> 
     </span>
    </p>
   </div>
   <div class='ocr_carea' id='block_1_82' title="bbox 2032 3827 3598 3895">
    <p class='ocr_par' dir='ltr' id='par_1_82' title="bbox 2032 3827 3598 3895">
     <span class='ocr_line' id='line_1_82' title="bbox 2032 3827 3598 3895; baseline -0.008 -3"><span class='ocrx_word' id='word_1_562' title='bbox 2032 3839 2259 3893; x_wconf 82' lang='lat' dir='ltr'><strong>aﬂlictos</strong></span> <span class='ocrx_word' id='word_1_563' title='bbox 2293 3834 2660 3895; x_wconf 79' lang='lat' dir='ltr'><strong>consolantur,</strong></span> <span class='ocrx_word' id='word_1_564' title='bbox 2685 3831 2802 3884; x_wconf 73' lang='lat' dir='ltr'><strong>alia:</strong></span> <span class='ocrx_word' id='word_1_565' title='bbox 2844 3827 3367 3883; x_wconf 85' lang='lat' dir='ltr'><strong>commendationem</strong></span> <span class='ocrx_word' id='word_1_566' title='bbox 3393 3840 3598 3895; x_wconf 83' lang='lat' dir='ltr'><strong>egeno-</strong></span> 
     </span>
    </p>
   </div>
   <div class='ocr_carea' id='block_1_83' title="bbox 2032 3916 3507 3993">
    <p class='ocr_par' dir='ltr' id='par_1_83' title="bbox 2032 3916 3507 3993">
     <span class='ocr_line' id='line_1_83' title="bbox 2032 3916 3507 3993; baseline -0.012 -10"><span class='ocrx_word' id='word_1_567' title='bbox 2032 3945 2171 3993; x_wconf 88' lang='lat' dir='ltr'><strong>rum,</strong></span> <span class='ocrx_word' id='word_1_568' title='bbox 2202 3927 2320 3980; x_wconf 74' lang='lat' dir='ltr'><strong>alitc</strong></span> <span class='ocrx_word' id='word_1_569' title='bbox 2341 3925 2568 3992; x_wconf 88' lang='lat' dir='ltr'><strong>denique</strong></span> <span class='ocrx_word' id='word_1_570' title='bbox 2600 3921 2830 3973; x_wconf 90' lang='lat' dir='ltr'><strong>amicam</strong></span> <span class='ocrx_word' id='word_1_571' title='bbox 2871 3919 3070 3972; x_wconf 85' lang='lat' dir='ltr'><strong>habent</strong></span> <span class='ocrx_word' id='word_1_572' title='bbox 3103 3916 3507 3972; x_wconf 89' lang='lat' dir='ltr'><strong>salutationem.</strong></span> 
     </span>
    </p>
   </div>
   <div class='ocr_carea' id='block_1_84' title="bbox 2102 4005 3593 4087">
    <p class='ocr_par' dir='ltr' id='par_1_84' title="bbox 2102 4005 3593 4087">
     <span class='ocr_line' id='line_1_84' title="bbox 2102 4005 3593 4087; baseline -0.007 -16"><span class='ocrx_word' id='word_1_573' title='bbox 2102 4019 2272 4087; x_wconf 87' lang='lat' dir='ltr'><strong>Digna</strong></span> <span class='ocrx_word' id='word_1_574' title='bbox 2311 4017 2423 4068; x_wconf 89' lang='lat' dir='ltr'><strong>visa</strong></span> <span class='ocrx_word' id='word_1_575' title='bbox 2475 4023 2557 4068; x_wconf 89' lang='lat' dir='ltr'><strong>est</strong></span> <span class='ocrx_word' id='word_1_576' title='bbox 2585 4027 2704 4080; x_wconf 77' lang='lat' dir='ltr'><strong>qum</strong></span> <span class='ocrx_word' id='word_1_577' title='bbox 2757 4026 2947 4079; x_wconf 86' lang='lat' dir='ltr'><strong>agmen</strong></span> <span class='ocrx_word' id='word_1_578' title='bbox 3006 4009 3227 4062; x_wconf 89' lang='lat' dir='ltr'><strong>duceret</strong></span> <span class='ocrx_word' id='word_1_579' title='bbox 3253 4005 3481 4074; x_wconf 86' lang='lat' dir='ltr'><strong>epistola</strong></span> <span class='ocrx_word' id='word_1_580' title='bbox 3527 4008 3593 4060; x_wconf 89' lang='lat' dir='ltr'><strong>ad</strong></span> 
     </span>
    </p>
   </div>
   <div class='ocr_carea' id='block_1_85' title="bbox 2031 4098 3592 4172">
    <p class='ocr_par' dir='ltr' id='par_1_85' title="bbox 2031 4098 3592 4172">
     <span class='ocr_line' id='line_1_85' title="bbox 2031 4098 3592 4172; baseline -0.01 -7"><span class='ocrx_word' id='word_1_581' title='bbox 2031 4110 2327 4165; x_wconf 88' lang='lat' dir='ltr'><strong>Palladium</strong></span> <span class='ocrx_word' id='word_1_582' title='bbox 2355 4121 2545 4162; x_wconf 91' lang='lat' dir='ltr'><strong>recens</strong></span> <span class='ocrx_word' id='word_1_583' title='bbox 2577 4105 2927 4172; x_wconf 83' lang='lat' dir='ltr'><strong>baptizatum,</strong></span> <span class='ocrx_word' id='word_1_584' title='bbox 2955 4115 3112 4170; x_wconf 89' lang='lat' dir='ltr'><strong>quem</strong></span> <span class='ocrx_word' id='word_1_585' title='bbox 3150 4098 3382 4152; x_wconf 84' lang='lat' dir='ltr'><strong>Basilius</strong></span> <span class='ocrx_word' id='word_1_586' title='bbox 3413 4099 3592 4153; x_wconf 88' lang='lat' dir='ltr'><strong>horta-</strong></span> 
     </span>
    </p>
   </div>
   <div class='ocr_carea' id='block_1_86' title="bbox 2033 4190 3600 4266">
    <p class='ocr_par' dir='ltr' id='par_1_86' title="bbox 2033 4190 3600 4266">
     <span class='ocr_line' id='line_1_86' title="bbox 2033 4190 3600 4266; baseline -0.01 -10"><span class='ocrx_word' id='word_1_587' title='bbox 2033 4213 2140 4266; x_wconf 91' lang='lat' dir='ltr'><strong>tur,</strong></span> <span class='ocrx_word' id='word_1_588' title='bbox 2193 4210 2250 4254; x_wconf 94' lang='lat' dir='ltr'><strong>ut</strong></span> <span class='ocrx_word' id='word_1_589' title='bbox 2283 4199 2488 4252; x_wconf 79' lang='lat' dir='ltr'><strong>fidelem</strong></span> <span class='ocrx_word' id='word_1_590' title='bbox 2520 4212 2578 4249; x_wconf 84' lang='lat' dir='ltr'><strong>se</strong></span> <span class='ocrx_word' id='word_1_591' title='bbox 2613 4194 2852 4248; x_wconf 86' lang='lat' dir='ltr'><strong>thesauri</strong></span> <span class='ocrx_word' id='word_1_592' title='bbox 2903 4192 3179 4244; x_wconf 88' lang='lat' dir='ltr'><strong>custodem</strong></span> <span class='ocrx_word' id='word_1_593' title='bbox 3243 4190 3506 4258; x_wconf 70' lang='lat' dir='ltr'><strong>praebeat,</strong></span> <span class='ocrx_word' id='word_1_594' title='bbox 3534 4203 3600 4242; x_wconf 87' lang='lat' dir='ltr'><strong>ac</strong></span> 
     </span>
    </p>
   </div>
   <div class='ocr_carea' id='block_1_87' title="bbox 2029 4281 3598 4358">
    <p class='ocr_par' dir='ltr' id='par_1_87' title="bbox 2029 4281 3598 4358">
     <span class='ocr_line' id='line_1_87' title="bbox 2029 4281 3598 4358; baseline -0.01 -10"><span class='ocrx_word' id='word_1_595' title='bbox 2029 4294 2174 4348; x_wconf 92' lang='lat' dir='ltr'><strong>omni</strong></span> <span class='ocrx_word' id='word_1_596' title='bbox 2223 4307 2352 4347; x_wconf 91' lang='lat' dir='ltr'><strong>cura</strong></span> <span class='ocrx_word' id='word_1_597' title='bbox 2383 4289 2678 4358; x_wconf 89' lang='lat' dir='ltr'><strong>depositum</strong></span> <span class='ocrx_word' id='word_1_598' title='bbox 2708 4287 2913 4354; x_wconf 80' lang='lat' dir='ltr'><strong>regium</strong></span> <span class='ocrx_word' id='word_1_599' title='bbox 2954 4293 3255 4338; x_wconf 87' lang='lat' dir='ltr'><strong>conservet.</strong></span> <span class='ocrx_word' id='word_1_600' title='bbox 3291 4281 3437 4334; x_wconf 82' lang='lat' dir='ltr'><strong>illius</strong></span> <span class='ocrx_word' id='word_1_601' title='bbox 3461 4295 3598 4333; x_wconf 73' lang='lat' dir='ltr'><strong>uxor</strong></span> 
     </span>
    </p>
   </div>
   <div class='ocr_carea' id='block_1_88' title="bbox 2032 4373 3597 4449">
    <p class='ocr_par' dir='ltr' id='par_1_88' title="bbox 2032 4373 3597 4449">
     <span class='ocr_line' id='line_1_88' title="bbox 2032 4373 3597 4449; baseline -0.01 -10"><span class='ocrx_word' id='word_1_602' title='bbox 2032 4383 2600 4444; x_wconf 85' lang='lat' dir='ltr'><strong>inviseratBasilium,</strong></span> <span class='ocrx_word' id='word_1_603' title='bbox 2629 4381 2717 4449; x_wconf 91' lang='lat' dir='ltr'><strong>qui</strong></span> <span class='ocrx_word' id='word_1_604' title='bbox 2749 4379 3028 4432; x_wconf 92' lang='lat' dir='ltr'><strong>dimidium</strong></span> <span class='ocrx_word' id='word_1_605' title='bbox 3081 4385 3287 4429; x_wconf 91' lang='lat' dir='ltr'><strong>tantum</strong></span> <span class='ocrx_word' id='word_1_606' title='bbox 3342 4373 3597 4427; x_wconf 84' lang='lat' dir='ltr'><strong>desiderii</strong></span> 
     </span>
    </p>
   </div>
   <div class='ocr_carea' id='block_1_89' title="bbox 359 4461 3599 4540">
    <p class='ocr_par' dir='ltr' id='par_1_89' title="bbox 359 4461 3599 4540">
     <span class='ocr_line' id='line_1_89' title="bbox 359 4461 3599 4540; baseline 0.002 -27"><span class='ocrx_word' id='word_1_607' title='bbox 359 4462 488 4531; x_wconf 91' lang='lat' dir='ltr'><strong>quio</strong></span> <span class='ocrx_word' id='word_1_608' title='bbox 527 4461 741 4531; x_wconf 89' lang='lat' dir='ltr'><strong>cognita</strong></span> <span class='ocrx_word' id='word_1_609' title='bbox 770 4471 952 4528; x_wconf 89' lang='lat' dir='ltr'><strong>esset;</strong></span> <span class='ocrx_word' id='word_1_610' title='bbox 1003 4463 1052 4518; x_wconf 92' lang='lat' dir='ltr'><strong>is</strong></span> <span class='ocrx_word' id='word_1_611' title='bbox 1105 4479 1170 4518; x_wconf 91' lang='lat' dir='ltr'><strong>eo</strong></span> <span class='ocrx_word' id='word_1_612' title='bbox 1216 4465 1556 4535; x_wconf 67' lang='lat' dir='ltr'><strong>impudentiae</strong></span> <span class='ocrx_word' id='word_1_613' title='bbox 1607 4471 1846 4536; x_wconf 91' lang='lat' dir='ltr'><strong>devenit,</strong></span> <span class='ocrx_word' id='word_1_614' title='bbox 1875 4482 1930 4526; x_wconf 94' lang='lat' dir='ltr'><strong>ut</strong></span> <span class='ocrx_word' id='word_1_615' title='bbox 1961 4486 2006 4540; x_wconf 82' lang='grc' dir='ltr'><strong>ι)</strong></span> <span class='ocrx_word' id='word_1_616' title='bbox 2035 4473 2114 4526; x_wconf 91' lang='lat' dir='ltr'><strong>sui</strong></span> <span class='ocrx_word' id='word_1_617' title='bbox 2168 4472 2512 4540; x_wconf 84' lang='lat' dir='ltr'><strong>adimpletum</strong></span> <span class='ocrx_word' id='word_1_618' title='bbox 2576 4469 2829 4533; x_wconf 83' lang='lat' dir='ltr'><strong>ducebat,</strong></span> <span class='ocrx_word' id='word_1_619' title='bbox 2890 4467 3013 4536; x_wconf 85' lang='lat' dir='ltr'><strong>quia</strong></span> <span class='ocrx_word' id='word_1_620' title='bbox 3062 4482 3168 4521; x_wconf 91' lang='lat' dir='ltr'><strong>non</strong></span> <span class='ocrx_word' id='word_1_621' title='bbox 3227 4466 3401 4533; x_wconf 87' lang='lat' dir='ltr'><strong>ipsqu</strong></span> <span class='ocrx_word' id='word_1_622' title='bbox 3432 4463 3599 4516; x_wconf 81' lang='lat' dir='ltr'><strong>etiam</strong></span> 
     </span>
    </p>
   </div>
   <div class='ocr_carea' id='block_1_90' title="bbox 360 4554 1928 4623">
    <p class='ocr_par' dir='ltr' id='par_1_90' title="bbox 360 4554 1928 4623">
     <span class='ocr_line' id='line_1_90' title="bbox 360 4554 1928 4623; baseline 0.009 -17"><span class='ocrx_word' id='word_1_623' title='bbox 360 4554 626 4623; x_wconf 83' lang='lat' dir='ltr'><strong>virginem</strong></span> <span class='ocrx_word' id='word_1_624' title='bbox 672 4563 784 4607; x_wconf 91' lang='lat' dir='ltr'><strong>tota</strong></span> <span class='ocrx_word' id='word_1_625' title='bbox 843 4556 977 4608; x_wconf 90' lang='lat' dir='ltr'><strong>urbe</strong></span> <span class='ocrx_word' id='word_1_626' title='bbox 1035 4556 1366 4621; x_wconf 89' lang='lat' dir='ltr'><strong>decantaret,</strong></span> <span class='ocrx_word' id='word_1_627' title='bbox 1403 4574 1466 4613; x_wconf 88' lang='lat' dir='ltr'><strong>ac</strong></span> <span class='ocrx_word' id='word_1_628' title='bbox 1507 4559 1714 4617; x_wconf 84' lang='lat' dir='ltr'><strong>famoso</strong></span> <span class='ocrx_word' id='word_1_629' title='bbox 1753 4563 1928 4620; x_wconf 92' lang='lat' dir='ltr'><strong>libello</strong></span> 
     </span>
    </p>
   </div>
   <div class='ocr_carea' id='block_1_91' title="bbox 358 4644 1930 4714">
    <p class='ocr_par' dir='ltr' id='par_1_91' title="bbox 358 4644 1930 4714">
     <span class='ocr_line' id='line_1_91' title="bbox 358 4644 1930 4714; baseline 0.009 -14"><span class='ocrx_word' id='word_1_630' title='bbox 358 4644 612 4700; x_wconf 71' lang='lat' dir='ltr'><strong>eet-lesize</strong></span> <span class='ocrx_word' id='word_1_631' title='bbox 639 4644 809 4700; x_wconf 87' lang='lat' dir='ltr'><strong>valvis</strong></span> <span class='ocrx_word' id='word_1_632' title='bbox 851 4645 1010 4701; x_wconf 76' lang='lat' dir='ltr'><strong>aﬂixo</strong></span> <span class='ocrx_word' id='word_1_633' title='bbox 1042 4646 1323 4704; x_wconf 87' lang='lat' dir='ltr'><strong>laceraret.</strong></span> <span class='ocrx_word' id='word_1_634' title='bbox 1357 4650 1413 4705; x_wconf 82' lang='lat' dir='ltr'><strong>in</strong></span> <span class='ocrx_word' id='word_1_635' title='bbox 1451 4653 1700 4707; x_wconf 83' lang='lat' dir='ltr'><strong>exsilium</strong></span> <span class='ocrx_word' id='word_1_636' title='bbox 1732 4657 1930 4714; x_wconf 90' lang='lat' dir='ltr'><strong>missus</strong></span> 
     </span>
    </p>
   </div>
   <div class='ocr_carea' id='block_1_92' title="bbox 358 4738 1928 4808">
    <p class='ocr_par' dir='ltr' id='par_1_92' title="bbox 358 4738 1928 4808">
     <span class='ocr_line' id='line_1_92' title="bbox 358 4738 1928 4808; baseline 0.009 -15"><span class='ocrx_word' id='word_1_637' title='bbox 358 4748 441 4793; x_wconf 81' lang='lat' dir='ltr'><strong>est</strong></span> <span class='ocrx_word' id='word_1_638' title='bbox 485 4740 558 4793; x_wconf 84' lang='lat' dir='ltr'><strong>ob</strong></span> <span class='ocrx_word' id='word_1_639' title='bbox 590 4738 730 4793; x_wconf 89' lang='lat' dir='ltr'><strong>hanc</strong></span> <span class='ocrx_word' id='word_1_640' title='bbox 784 4741 1084 4808; x_wconf 88' lang='lat' dir='ltr'><strong>nequitiam</strong></span> <span class='ocrx_word' id='word_1_641' title='bbox 1148 4758 1161 4793; x_wconf 92' lang='lat'><strong>:</strong></span> <span class='ocrx_word' id='word_1_642' title='bbox 1221 4744 1314 4798; x_wconf 85' lang='lat' dir='ltr'><strong>sed</strong></span> <span class='ocrx_word' id='word_1_643' title='bbox 1380 4747 1595 4802; x_wconf 89' lang='lat' dir='ltr'><strong>rediens</strong></span> <span class='ocrx_word' id='word_1_644' title='bbox 1641 4749 1928 4807; x_wconf 89' lang='lat' dir='ltr'><strong>maledicta</strong></span> 
     </span>
    </p>
   </div>
   <div class='ocr_carea' id='block_1_93' title="bbox 356 4829 1926 4909">
    <p class='ocr_par' dir='ltr' id='par_1_93' title="bbox 356 4829 1926 4909">
     <span class='ocr_line' id='line_1_93' title="bbox 356 4829 1926 4909; baseline 0.008 -27"><span class='ocrx_word' id='word_1_645' title='bbox 356 4842 452 4882; x_wconf 86' lang='lat' dir='ltr'><strong>sua</strong></span> <span class='ocrx_word' id='word_1_646' title='bbox 479 4829 781 4894; x_wconf 87' lang='lat' dir='ltr'><strong>renovavit,</strong></span> <span class='ocrx_word' id='word_1_647' title='bbox 817 4838 872 4884; x_wconf 91' lang='lat' dir='ltr'><strong>et</strong></span> <span class='ocrx_word' id='word_1_648' title='bbox 895 4831 1179 4889; x_wconf 89' lang='lat' dir='ltr'><strong>calumniis</strong></span> <span class='ocrx_word' id='word_1_649' title='bbox 1224 4835 1279 4888; x_wconf 92' lang='lat' dir='ltr'><strong>in</strong></span> <span class='ocrx_word' id='word_1_650' title='bbox 1311 4837 1622 4905; x_wconf 81' lang='lat' dir='ltr'><strong>pudicitiam</strong></span> <span class='ocrx_word' id='word_1_651' title='bbox 1674 4841 1926 4909; x_wconf 83' lang='lat' dir='ltr'><strong>virginis,</strong></span> 
     </span>
    </p>
   </div>
   <div class='ocr_carea' id='block_1_94' title="bbox 357 4919 1927 4998">
    <p class='ocr_par' dir='ltr' id='par_1_94' title="bbox 357 4919 1927 4998">
     <span class='ocr_line' id='line_1_94' title="bbox 357 4919 1927 4998; baseline 0.008 -25"><span class='ocrx_word' id='word_1_652' title='bbox 357 4919 562 4986; x_wconf 87' lang='lat' dir='ltr'><strong>forum,</strong></span> <span class='ocrx_word' id='word_1_653' title='bbox 599 4921 902 4993; x_wconf 75' lang='lat' dir='ltr'><strong>gymnasia,</strong></span> <span class='ocrx_word' id='word_1_654' title='bbox 937 4923 1144 4978; x_wconf 89' lang='lat' dir='ltr'><strong>theatra</strong></span> <span class='ocrx_word' id='word_1_655' title='bbox 1181 4935 1236 4979; x_wconf 90' lang='lat' dir='ltr'><strong>et</strong></span> <span class='ocrx_word' id='word_1_656' title='bbox 1278 4929 1419 4982; x_wconf 79' lang='lat' dir='ltr'><strong>:edes</strong></span> <span class='ocrx_word' id='word_1_657' title='bbox 1448 4927 1812 4998; x_wconf 88' lang='lat' dir='ltr'><strong>improborum</strong></span> <span class='ocrx_word' id='word_1_658' title='bbox 1846 4934 1927 4988; x_wconf 92' lang='lat' dir='ltr'><strong>sui</strong></span> 
     </span>
    </p>
   </div>
   <div class='ocr_carea' id='block_1_95' title="bbox 355 5012 1928 5093">
    <p class='ocr_par' dir='ltr' id='par_1_95' title="bbox 355 5012 1928 5093">
     <span class='ocr_line' id='line_1_95' title="bbox 355 5012 1928 5093; baseline 0.009 -27"><span class='ocrx_word' id='word_1_659' title='bbox 355 5012 618 5067; x_wconf 84' lang='lat' dir='ltr'><strong>similium</strong></span> <span class='ocrx_word' id='word_1_660' title='bbox 657 5013 916 5084; x_wconf 85' lang='lat' dir='ltr'><strong>implevit.</strong></span> <span class='ocrx_word' id='word_1_661' title='bbox 971 5014 1126 5070; x_wconf 81' lang='lat' dir='ltr'><strong>Hunc</strong></span> <span class='ocrx_word' id='word_1_662' title='bbox 1172 5017 1446 5073; x_wconf 92' lang='lat' dir='ltr'><strong>hominem</strong></span> <span class='ocrx_word' id='word_1_663' title='bbox 1502 5018 1733 5078; x_wconf 90' lang='lat' dir='ltr'><strong>Basilius</strong></span> <span class='ocrx_word' id='word_1_664' title='bbox 1755 5027 1928 5093; x_wconf 76' lang='lat' dir='ltr'><strong>poenis</strong></span> 
     </span>
    </p>
   </div>
   <div class='ocr_carea' id='block_1_96' title="bbox 355 5101 1928 5173">
    <p class='ocr_par' dir='ltr' id='par_1_96' title="bbox 355 5101 1928 5173">
     <span class='ocr_line' id='line_1_96' title="bbox 355 5101 1928 5173; baseline 0.007 -17"><span class='ocrx_word' id='word_1_665' title='bbox 355 5102 410 5156; x_wconf 92' lang='lat' dir='ltr'><strong>in</strong></span> <span class='ocrx_word' id='word_1_666' title='bbox 434 5101 673 5173; x_wconf 89' lang='lat' dir='ltr'><strong>episcopi</strong></span> <span class='ocrx_word' id='word_1_667' title='bbox 700 5113 966 5172; x_wconf 89' lang='lat' dir='ltr'><strong>potestate</strong></span> <span class='ocrx_word' id='word_1_668' title='bbox 985 5105 1173 5172; x_wconf 87' lang='lat' dir='ltr'><strong>positis</strong></span> <span class='ocrx_word' id='word_1_669' title='bbox 1201 5108 1461 5171; x_wconf 87' lang='lat' dir='ltr'><strong>coercuit,</strong></span> <span class='ocrx_word' id='word_1_670' title='bbox 1489 5123 1519 5162; x_wconf 90' lang='lat' dir='ltr'><strong>a</strong></span> <span class='ocrx_word' id='word_1_671' title='bbox 1550 5112 1928 5168; x_wconf 88' lang='lat' dir='ltr'><strong>communione</strong></span> 
     </span>
    </p>
   </div>
   <div class='ocr_carea' id='block_1_97' title="bbox 355 5193 1924 5272">
    <p class='ocr_par' dir='ltr' id='par_1_97' title="bbox 355 5193 1924 5272">
     <span class='ocr_line' id='line_1_97' title="bbox 355 5193 1924 5272; baseline 0.007 -25"><span class='ocrx_word' id='word_1_672' title='bbox 355 5193 503 5248; x_wconf 91' lang='lat' dir='ltr'><strong>illum</strong></span> <span class='ocrx_word' id='word_1_673' title='bbox 552 5194 919 5249; x_wconf 87' lang='lat' dir='ltr'><strong>ecclesiastica</strong></span> <span class='ocrx_word' id='word_1_674' title='bbox 962 5210 1286 5252; x_wconf 89' lang='lat' dir='ltr'><strong>removens:</strong></span> <span class='ocrx_word' id='word_1_675' title='bbox 1356 5198 1624 5269; x_wconf 91' lang='lat' dir='ltr'><strong>simulque</strong></span> <span class='ocrx_word' id='word_1_676' title='bbox 1662 5202 1924 5272; x_wconf 82' lang='lat' dir='ltr'><strong>virginem</strong></span> 
     </span>
    </p>
   </div>
   <div class='ocr_carea' id='block_1_98' title="bbox 353 5291 1926 5364">
    <p class='ocr_par' dir='ltr' id='par_1_98' title="bbox 353 5291 1926 5364">
     <span class='ocr_line' id='line_1_98' title="bbox 353 5291 1926 5364; baseline 0.006 -20"><span class='ocrx_word' id='word_1_677' title='bbox 353 5291 601 5346; x_wconf 87' lang='lat' dir='ltr'><strong>hortatus</strong></span> <span class='ocrx_word' id='word_1_678' title='bbox 632 5299 738 5353; x_wconf 88' lang='lat' dir='ltr'><strong>est,</strong></span> <span class='ocrx_word' id='word_1_679' title='bbox 780 5299 840 5345; x_wconf 92' lang='lat' dir='ltr'><strong>ut</strong></span> <span class='ocrx_word' id='word_1_680' title='bbox 881 5307 941 5346; x_wconf 87' lang='lat' dir='ltr'><strong>se</strong></span> <span class='ocrx_word' id='word_1_681' title='bbox 968 5309 1078 5346; x_wconf 92' lang='lat' dir='ltr'><strong>non</strong></span> <span class='ocrx_word' id='word_1_682' title='bbox 1129 5293 1502 5364; x_wconf 90' lang='lat' dir='ltr'><strong>ulcisceretur,</strong></span> <span class='ocrx_word' id='word_1_683' title='bbox 1536 5298 1633 5354; x_wconf 88' lang='lat' dir='ltr'><strong>sed</strong></span> <span class='ocrx_word' id='word_1_684' title='bbox 1697 5298 1926 5354; x_wconf 86' lang='lat' dir='ltr'><strong>Domino</strong></span> 
     </span>
    </p>
   </div>
   <div class='ocr_carea' id='block_1_99' title="bbox 351 5380 1924 5457">
    <p class='ocr_par' dir='ltr' id='par_1_99' title="bbox 351 5380 1924 5457">
     <span class='ocr_line' id='line_1_99' title="bbox 351 5380 1924 5457; baseline 0.007 -22"><span class='ocrx_word' id='word_1_685' title='bbox 351 5380 611 5437; x_wconf 90' lang='lat' dir='ltr'><strong>ultionem</strong></span> <span class='ocrx_word' id='word_1_686' title='bbox 635 5384 997 5452; x_wconf 84' lang='lat' dir='ltr'><strong>permitteret.</strong></span> <span class='ocrx_word' id='word_1_687' title='bbox 1029 5385 1098 5457; x_wconf 83' lang='lat' dir='ltr'><strong>At</strong></span> <span class='ocrx_word' id='word_1_688' title='bbox 1137 5386 1293 5456; x_wconf 86' lang='lat' dir='ltr'><strong>virgo</strong></span> <span class='ocrx_word' id='word_1_689' title='bbox 1325 5388 1669 5444; x_wconf 81' lang='lat' dir='ltr'><strong>vehementer</strong></span> <span class='ocrx_word' id='word_1_690' title='bbox 1699 5406 1819 5443; x_wconf 93' lang='lat' dir='ltr'><strong>cum</strong></span> <span class='ocrx_word' id='word_1_691' title='bbox 1858 5406 1924 5446; x_wconf 92' lang='lat' dir='ltr'><strong>eo</strong></span> 
     </span>
    </p>
   </div>
   <div class='ocr_carea' id='block_1_100' title="bbox 350 5473 1924 5546">
    <p class='ocr_par' dir='ltr' id='par_1_100' title="bbox 350 5473 1924 5546">
     <span class='ocr_line' id='line_1_100' title="bbox 350 5473 1924 5546; baseline 0.004 -18"><span class='ocrx_word' id='word_1_692' title='bbox 350 5473 733 5544; x_wconf 81' lang='lat' dir='ltr'><strong>expostulavit,</strong></span> <span class='ocrx_word' id='word_1_693' title='bbox 773 5481 917 5544; x_wconf 89' lang='lat' dir='ltr'><strong>quod</strong></span> <span class='ocrx_word' id='word_1_694' title='bbox 944 5490 1124 5530; x_wconf 93' lang='lat' dir='ltr'><strong>secum</strong></span> <span class='ocrx_word' id='word_1_695' title='bbox 1159 5489 1382 5546; x_wconf 91' lang='lat' dir='ltr'><strong>paterno</strong></span> <span class='ocrx_word' id='word_1_696' title='bbox 1413 5481 1592 5535; x_wconf 91' lang='lat' dir='ltr'><strong>animo</strong></span> <span class='ocrx_word' id='word_1_697' title='bbox 1622 5496 1729 5534; x_wconf 92' lang='lat' dir='ltr'><strong>non</strong></span> <span class='ocrx_word' id='word_1_698' title='bbox 1777 5481 1924 5536; x_wconf 82' lang='lat' dir='ltr'><strong>dole-</strong></span> 
     </span>
    </p>
   </div>
   <div class='ocr_carea' id='block_1_101' title="bbox 351 5563 1918 5635">
    <p class='ocr_par' dir='ltr' id='par_1_101' title="bbox 351 5563 1918 5635">
     <span class='ocr_line' id='line_1_101' title="bbox 351 5563 1918 5635; baseline 0.006 -20"><span class='ocrx_word' id='word_1_699' title='bbox 351 5571 451 5628; x_wconf 87' lang='lat' dir='ltr'><strong>ret,</strong></span> <span class='ocrx_word' id='word_1_700' title='bbox 487 5578 549 5618; x_wconf 91' lang='lat' dir='ltr'><strong>ac</strong></span> <span class='ocrx_word' id='word_1_701' title='bbox 602 5563 760 5618; x_wconf 60' lang='lat' dir='ltr'><strong>fama}</strong></span> <span class='ocrx_word' id='word_1_702' title='bbox 785 5563 1080 5633; x_wconf 90' lang='lat' dir='ltr'><strong>jacturam,</strong></span> <span class='ocrx_word' id='word_1_703' title='bbox 1117 5581 1234 5635; x_wconf 66' lang='lat' dir='ltr'><strong>qua:</strong></span> <span class='ocrx_word' id='word_1_704' title='bbox 1276 5569 1438 5622; x_wconf 88' lang='lat' dir='ltr'><strong>totius</strong></span> <span class='ocrx_word' id='word_1_705' title='bbox 1486 5569 1620 5623; x_wconf 90' lang='lat' dir='ltr'><strong>cleri</strong></span> <span class='ocrx_word' id='word_1_706' title='bbox 1664 5569 1918 5624; x_wconf 91' lang='lat' dir='ltr'><strong>damnum</strong></span> 
     </span>
    </p>
   </div>
   <div class='ocr_carea' id='block_1_102' title="bbox 350 5654 1920 5730">
    <p class='ocr_par' dir='ltr' id='par_1_102' title="bbox 350 5654 1920 5730">
     <span class='ocr_line' id='line_1_102' title="bbox 350 5654 1920 5730; baseline 0.007 -27"><span class='ocrx_word' id='word_1_707' title='bbox 350 5660 487 5712; x_wconf 83' lang='lat' dir='ltr'><strong>erat,</strong></span> <span class='ocrx_word' id='word_1_708' title='bbox 515 5654 788 5724; x_wconf 83' lang='lat' dir='ltr'><strong>negligere</strong></span> <span class='ocrx_word' id='word_1_709' title='bbox 809 5654 1047 5723; x_wconf 91' lang='lat' dir='ltr'><strong>juberet.</strong></span> <span class='ocrx_word' id='word_1_710' title='bbox 1080 5656 1264 5725; x_wconf 85' lang='lat' dir='ltr'><strong>itaque</strong></span> <span class='ocrx_word' id='word_1_711' title='bbox 1292 5659 1494 5713; x_wconf 89' lang='lat' dir='ltr'><strong>instare</strong></span> <span class='ocrx_word' id='word_1_712' title='bbox 1529 5660 1720 5730; x_wconf 82' lang='lat' dir='ltr'><strong>virgini</strong></span> <span class='ocrx_word' id='word_1_713' title='bbox 1749 5660 1920 5714; x_wconf 89' lang='lat' dir='ltr'><strong>noluit</strong></span> 
     </span>
    </p>
   </div>
   <div class='ocr_carea' id='block_1_103' title="bbox 350 5740 1919 5814">
    <p class='ocr_par' dir='ltr' id='par_1_103' title="bbox 350 5740 1919 5814">
     <span class='ocr_line' id='line_1_103' title="bbox 350 5740 1919 5814; baseline 0.008 -20"><span class='ocrx_word' id='word_1_714' title='bbox 350 5740 599 5811; x_wconf 80' lang='lat' dir='ltr'><strong>Basilius,</strong></span> <span class='ocrx_word' id='word_1_715' title='bbox 637 5754 694 5801; x_wconf 88' lang='lat' dir='ltr'><strong>et</strong></span> <span class='ocrx_word' id='word_1_716' title='bbox 745 5754 932 5812; x_wconf 87' lang='lat' dir='ltr'><strong>postea</strong></span> <span class='ocrx_word' id='word_1_717' title='bbox 994 5747 1062 5803; x_wconf 90' lang='lat' dir='ltr'><strong>ab</strong></span> <span class='ocrx_word' id='word_1_718' title='bbox 1114 5747 1294 5814; x_wconf 87' lang='lat' dir='ltr'><strong>aliquo</strong></span> <span class='ocrx_word' id='word_1_719' title='bbox 1341 5749 1688 5814; x_wconf 66' lang='lat' dir='ltr'><strong>schphantte</strong></span> <span class='ocrx_word' id='word_1_720' title='bbox 1744 5751 1919 5808; x_wconf 90' lang='lat' dir='ltr'><strong>amico</strong></span> 
     </span>
    </p>
   </div>
   <div class='ocr_carea' id='block_1_104' title="bbox 2031 4562 2594 4618">
    <p class='ocr_par' dir='ltr' id='par_1_104' title="bbox 2031 4562 2594 4618">
     <span class='ocr_line' id='line_1_104' title="bbox 2031 4562 2594 4618; baseline -0.009 0"><span class='ocrx_word' id='word_1_721' title='bbox 2031 4563 2328 4618; x_wconf 81' lang='lat' dir='ltr'><strong>Palladium</strong></span> <span class='ocrx_word' id='word_1_722' title='bbox 2369 4562 2594 4615; x_wconf 87' lang='lat' dir='ltr'><strong>viderat.</strong></span> 
     </span>
    </p>
   </div>
   <div class='ocr_carea' id='block_1_105' title="bbox 2101 4646 3593 4708">
    <p class='ocr_par' dir='ltr' id='par_1_105' title="bbox 2101 4646 3593 4708">
     <span class='ocr_line' id='line_1_105' title="bbox 2101 4646 3593 4708; baseline -0.009 0"><span class='ocrx_word' id='word_1_723' title='bbox 2101 4653 2462 4708; x_wconf 88' lang='lat' dir='ltr'><strong>Christianam</strong></span> <span class='ocrx_word' id='word_1_724' title='bbox 2492 4653 2543 4703; x_wconf 94' lang='lat' dir='ltr'><strong>in</strong></span> <span class='ocrx_word' id='word_1_725' title='bbox 2574 4651 2774 4704; x_wconf 88' lang='lat' dir='ltr'><strong>morbis</strong></span> <span class='ocrx_word' id='word_1_726' title='bbox 2808 4661 2859 4703; x_wconf 88' lang='lat' dir='ltr'><strong>et</strong></span> <span class='ocrx_word' id='word_1_727' title='bbox 2886 4651 3042 4702; x_wconf 78' lang='lat' dir='ltr'><strong>rebus</strong></span> <span class='ocrx_word' id='word_1_728' title='bbox 3073 4646 3313 4699; x_wconf 87' lang='lat' dir='ltr'><strong>adversis</strong></span> <span class='ocrx_word' id='word_1_729' title='bbox 3334 4653 3593 4699; x_wconf 82' lang='lat' dir='ltr'><strong>constan-</strong></span> 
     </span>
    </p>
   </div>
   <div class='ocr_carea' id='block_1_106' title="bbox 2033 4735 3596 4808">
    <p class='ocr_par' dir='ltr' id='par_1_106' title="bbox 2033 4735 3596 4808">
     <span class='ocr_line' id='line_1_106' title="bbox 2033 4735 3596 4808; baseline -0.006 -10"><span class='ocrx_word' id='word_1_730' title='bbox 2033 4743 2159 4798; x_wconf 91' lang='lat' dir='ltr'><strong>tiam</strong></span> <span class='ocrx_word' id='word_1_731' title='bbox 2184 4743 2363 4796; x_wconf 88' lang='lat' dir='ltr'><strong>laudat</strong></span> <span class='ocrx_word' id='word_1_732' title='bbox 2394 4741 2620 4794; x_wconf 80' lang='lat' dir='ltr'><strong>Basilius</strong></span> <span class='ocrx_word' id='word_1_733' title='bbox 2651 4741 2701 4793; x_wconf 90' lang='lat' dir='ltr'><strong>in</strong></span> <span class='ocrx_word' id='word_1_734' title='bbox 2732 4741 2958 4808; x_wconf 80' lang='lat' dir='ltr'><strong>epistola</strong></span> <span class='ocrx_word' id='word_1_735' title='bbox 2984 4739 3048 4790; x_wconf 90' lang='lat' dir='ltr'><strong>ad</strong></span> <span class='ocrx_word' id='word_1_736' title='bbox 3072 4736 3368 4797; x_wconf 65' lang='lat' dir='ltr'><strong>lulianum,</strong></span> <span class='ocrx_word' id='word_1_737' title='bbox 3396 4735 3461 4787; x_wconf 87' lang='lat' dir='ltr'><strong>de</strong></span> <span class='ocrx_word' id='word_1_738' title='bbox 3489 4749 3596 4802; x_wconf 92' lang='lat' dir='ltr'><strong>quo</strong></span> 
     </span>
    </p>
   </div>
   <div class='ocr_carea' id='block_1_107' title="bbox 2029 4822 3595 4891">
    <p class='ocr_par' dir='ltr' id='par_1_107' title="bbox 2029 4822 3595 4891">
     <span class='ocr_line' id='line_1_107' title="bbox 2029 4822 3595 4891; baseline -0.01 -3"><span class='ocrx_word' id='word_1_739' title='bbox 2029 4835 2170 4890; x_wconf 87' lang='lat' dir='ltr'><strong>scire</strong></span> <span class='ocrx_word' id='word_1_740' title='bbox 2193 4841 2314 4885; x_wconf 85' lang='lat' dir='ltr'><strong>avet</strong></span> <span class='ocrx_word' id='word_1_741' title='bbox 2345 4848 2411 4885; x_wconf 88' lang='lat' dir='ltr'><strong>an</strong></span> <span class='ocrx_word' id='word_1_742' title='bbox 2448 4846 2637 4883; x_wconf 87' lang='lat' dir='ltr'><strong>manus</strong></span> <span class='ocrx_word' id='word_1_743' title='bbox 2665 4845 2815 4882; x_wconf 89' lang='lat' dir='ltr'><strong>usum</strong></span> <span class='ocrx_word' id='word_1_744' title='bbox 2851 4827 3131 4891; x_wconf 79' lang='lat' dir='ltr'><strong>receperit,</strong></span> <span class='ocrx_word' id='word_1_745' title='bbox 3157 4842 3223 4877; x_wconf 90' lang='lat' dir='ltr'><strong>an</strong></span> <span class='ocrx_word' id='word_1_746' title='bbox 3258 4825 3330 4876; x_wconf 90' lang='lat' dir='ltr'><strong>illi</strong></span> <span class='ocrx_word' id='word_1_747' title='bbox 3375 4822 3595 4889; x_wconf 66' lang='lat' dir='ltr'><strong>reliquae</strong></span> 
     </span>
    </p>
   </div>
   <div class='ocr_carea' id='block_1_108' title="bbox 2030 4913 3590 4980">
    <p class='ocr_par' dir='ltr' id='par_1_108' title="bbox 2030 4913 3590 4980">
     <span class='ocr_line' id='line_1_108' title="bbox 2030 4913 3590 4980; baseline -0.009 0"><span class='ocrx_word' id='word_1_748' title='bbox 2030 4941 2117 4980; x_wconf 86' lang='lat' dir='ltr'><strong>res</strong></span> <span class='ocrx_word' id='word_1_749' title='bbox 2158 4925 2280 4977; x_wconf 69' lang='lat' dir='ltr'><strong>vita:</strong></span> <span class='ocrx_word' id='word_1_750' title='bbox 2309 4939 2371 4976; x_wconf 78' lang='lat' dir='ltr'><strong>ex</strong></span> <span class='ocrx_word' id='word_1_751' title='bbox 2410 4923 2675 4976; x_wconf 89' lang='lat' dir='ltr'><strong>sententia</strong></span> <span class='ocrx_word' id='word_1_752' title='bbox 2729 4920 2913 4972; x_wconf 82' lang='lat' dir='ltr'><strong>ﬂuant.</strong></span> <span class='ocrx_word' id='word_1_753' title='bbox 2949 4917 3165 4971; x_wconf 78' lang='lat' dir='ltr'><strong>Videtur</strong></span> <span class='ocrx_word' id='word_1_754' title='bbox 3204 4917 3249 4968; x_wconf 89' lang='lat' dir='ltr'><strong>is</strong></span> <span class='ocrx_word' id='word_1_755' title='bbox 3303 4914 3483 4967; x_wconf 69' lang='lat' dir='ltr'><strong>Basilii</strong></span> <span class='ocrx_word' id='word_1_756' title='bbox 3513 4913 3590 4966; x_wconf 87' lang='lat' dir='ltr'><strong>vi-</strong></span> 
     </span>
    </p>
   </div>
   <div class='ocr_carea' id='block_1_109' title="bbox 2029 5003 3600 5073">
    <p class='ocr_par' dir='ltr' id='par_1_109' title="bbox 2029 5003 3600 5073">
     <span class='ocr_line' id='line_1_109' title="bbox 2029 5003 3600 5073; baseline -0.008 -3"><span class='ocrx_word' id='word_1_757' title='bbox 2029 5016 2189 5070; x_wconf 89' lang='lat' dir='ltr'><strong>dendi</strong></span> <span class='ocrx_word' id='word_1_758' title='bbox 2225 5030 2383 5067; x_wconf 89' lang='lat' dir='ltr'><strong>causa</strong></span> <span class='ocrx_word' id='word_1_759' title='bbox 2419 5014 2719 5066; x_wconf 68' lang='lat' dir='ltr'><strong>Cmsaream</strong></span> <span class='ocrx_word' id='word_1_760' title='bbox 2756 5010 2989 5073; x_wconf 85' lang='lat' dir='ltr'><strong>venisse,</strong></span> <span class='ocrx_word' id='word_1_761' title='bbox 3047 5007 3141 5061; x_wconf 90' lang='lat' dir='ltr'><strong>sed</strong></span> <span class='ocrx_word' id='word_1_762' title='bbox 3201 5006 3350 5058; x_wconf 89' lang='lat' dir='ltr'><strong>illutn</strong></span> <span class='ocrx_word' id='word_1_763' title='bbox 3395 5003 3600 5057; x_wconf 79' lang='lat' dir='ltr'><strong>Basilio</strong></span> 
     </span>
    </p>
   </div>
   <div class='ocr_carea' id='block_1_110' title="bbox 2033 5095 3596 5179">
    <p class='ocr_par' dir='ltr' id='par_1_110' title="bbox 2033 5095 3596 5179">
     <span class='ocr_line' id='line_1_110' title="bbox 2033 5095 3596 5179; baseline -0.01 -16"><span class='ocrx_word' id='word_1_764' title='bbox 2033 5125 2131 5179; x_wconf 85' lang='lat' dir='ltr'><strong>per</strong></span> <span class='ocrx_word' id='word_1_765' title='bbox 2167 5108 2380 5177; x_wconf 89' lang='lat' dir='ltr'><strong>negotia</strong></span> <span class='ocrx_word' id='word_1_766' title='bbox 2411 5116 2618 5158; x_wconf 88' lang='lat' dir='ltr'><strong>tantum</strong></span> <span class='ocrx_word' id='word_1_767' title='bbox 2661 5103 2844 5155; x_wconf 86' lang='lat' dir='ltr'><strong>videre</strong></span> <span class='ocrx_word' id='word_1_768' title='bbox 2895 5100 3065 5165; x_wconf 88' lang='lat' dir='ltr'><strong>licuit,</strong></span> <span class='ocrx_word' id='word_1_769' title='bbox 3106 5109 3361 5168; x_wconf 89' lang='lat' dir='ltr'><strong>quantum</strong></span> <span class='ocrx_word' id='word_1_770' title='bbox 3414 5095 3499 5164; x_wconf 89' lang='lat' dir='ltr'><strong>qui</strong></span> <span class='ocrx_word' id='word_1_771' title='bbox 3538 5109 3596 5148; x_wconf 91' lang='lat' dir='ltr'><strong>se</strong></span> 
     </span>
    </p>
   </div>
   <div class='ocr_carea' id='block_1_111' title="bbox 2030 5184 3594 5261">
    <p class='ocr_par' dir='ltr' id='par_1_111' title="bbox 2030 5184 3594 5261">
     <span class='ocr_line' id='line_1_111' title="bbox 2030 5184 3594 5261; baseline -0.01 -10"><span class='ocrx_word' id='word_1_772' title='bbox 2030 5200 2080 5252; x_wconf 92' lang='lat' dir='ltr'><strong>iu</strong></span> <span class='ocrx_word' id='word_1_773' title='bbox 2124 5200 2256 5251; x_wconf 84' lang='lat' dir='ltr'><strong>mari</strong></span> <span class='ocrx_word' id='word_1_774' title='bbox 2288 5197 2513 5250; x_wconf 85' lang='lat' dir='ltr'><strong>invicem</strong></span> <span class='ocrx_word' id='word_1_775' title='bbox 2567 5201 2915 5261; x_wconf 70' lang='lat' dir='ltr'><strong>praitcreunt.</strong></span> <span class='ocrx_word' id='word_1_776' title='bbox 2959 5189 3090 5242; x_wconf 87' lang='lat' dir='ltr'><strong>Eum</strong></span> <span class='ocrx_word' id='word_1_777' title='bbox 3133 5198 3308 5242; x_wconf 90' lang='lat' dir='ltr'><strong>tamen</strong></span> <span class='ocrx_word' id='word_1_778' title='bbox 3347 5184 3594 5249; x_wconf 88' lang='lat' dir='ltr'><strong>Basilius,</strong></span> 
     </span>
    </p>
   </div>
   <div class='ocr_carea' id='block_1_112' title="bbox 2028 5278 3592 5358">
    <p class='ocr_par' dir='ltr' id='par_1_112' title="bbox 2028 5278 3592 5358">
     <span class='ocr_line' id='line_1_112' title="bbox 2028 5278 3592 5358; baseline -0.006 -18"><span class='ocrx_word' id='word_1_779' title='bbox 2028 5291 2175 5346; x_wconf 80' lang='lat' dir='ltr'><strong>velut</strong></span> <span class='ocrx_word' id='word_1_780' title='bbox 2207 5305 2271 5343; x_wconf 79' lang='lat' dir='ltr'><strong>ex</strong></span> <span class='ocrx_word' id='word_1_781' title='bbox 2302 5303 2480 5358; x_wconf 83' lang='lat' dir='ltr'><strong>ungue</strong></span> <span class='ocrx_word' id='word_1_782' title='bbox 2515 5286 2747 5344; x_wconf 90' lang='lat' dir='ltr'><strong>leonem,</strong></span> <span class='ocrx_word' id='word_1_783' title='bbox 2778 5298 2843 5337; x_wconf 80' lang='lat' dir='ltr'><strong>ex</strong></span> <span class='ocrx_word' id='word_1_784' title='bbox 2881 5280 3028 5335; x_wconf 88' lang='lat' dir='ltr'><strong>brevi</strong></span> <span class='ocrx_word' id='word_1_785' title='bbox 3060 5280 3431 5350; x_wconf 83' lang='lat' dir='ltr'><strong>experimento</strong></span> <span class='ocrx_word' id='word_1_786' title='bbox 3462 5278 3592 5330; x_wconf 88' lang='lat' dir='ltr'><strong>satis</strong></span> 
     </span>
    </p>
   </div>
   <div class='ocr_carea' id='block_1_113' title="bbox 2027 5389 2375 5452">
    <p class='ocr_par' dir='ltr' id='par_1_113' title="bbox 2027 5389 2375 5452">
     <span class='ocr_line' id='line_1_113' title="bbox 2027 5389 2375 5452; baseline -0.02 -14"><span class='ocrx_word' id='word_1_787' title='bbox 2027 5389 2375 5452; x_wconf 83' lang='lat' dir='ltr'><strong>cognoverat.</strong></span> 
     </span>
    </p>
   </div>
   <div class='ocr_carea' id='block_1_114' title="bbox 2099 5460 3596 5538">
    <p class='ocr_par' dir='ltr' id='par_1_114' title="bbox 2099 5460 3596 5538">
     <span class='ocr_line' id='line_1_114' title="bbox 2099 5460 3596 5538; baseline -0.009 -12"><span class='ocrx_word' id='word_1_788' title='bbox 2099 5473 2175 5526; x_wconf 82' lang='lat' dir='ltr'><strong>Ex</strong></span> <span class='ocrx_word' id='word_1_789' title='bbox 2203 5468 2425 5538; x_wconf 88' lang='lat' dir='ltr'><strong>epistola</strong></span> <span class='ocrx_word' id='word_1_790' title='bbox 2452 5466 2576 5529; x_wconf 68' lang='lat'><strong>294,</strong></span> <span class='ocrx_word' id='word_1_791' title='bbox 2608 5467 2740 5521; x_wconf 92' lang='lat' dir='ltr'><strong>duos</strong></span> <span class='ocrx_word' id='word_1_792' title='bbox 2786 5465 3165 5535; x_wconf 80' lang='lat' dir='ltr'><strong>cognoscimus</strong></span> <span class='ocrx_word' id='word_1_793' title='bbox 3218 5461 3399 5516; x_wconf 90' lang='lat' dir='ltr'><strong>Basilii</strong></span> <span class='ocrx_word' id='word_1_794' title='bbox 3433 5460 3596 5515; x_wconf 82' lang='lat' dir='ltr'><strong>disci-</strong></span> 
     </span>
    </p>
   </div>
   <div class='ocr_carea' id='block_1_115' title="bbox 2027 5553 3592 5635">
    <p class='ocr_par' dir='ltr' id='par_1_115' title="bbox 2027 5553 3592 5635">
     <span class='ocr_line' id='line_1_115' title="bbox 2027 5553 3592 5635; baseline -0.01 -17"><span class='ocrx_word' id='word_1_795' title='bbox 2027 5564 2200 5635; x_wconf 88' lang='lat' dir='ltr'><strong>pulos,</strong></span> <span class='ocrx_word' id='word_1_796' title='bbox 2234 5563 2452 5616; x_wconf 88' lang='lat' dir='ltr'><strong>Festum</strong></span> <span class='ocrx_word' id='word_1_797' title='bbox 2484 5569 2539 5612; x_wconf 90' lang='lat' dir='ltr'><strong>et</strong></span> <span class='ocrx_word' id='word_1_798' title='bbox 2587 5558 2860 5628; x_wconf 79' lang='lat' dir='ltr'><strong>Magnum,</strong></span> <span class='ocrx_word' id='word_1_799' title='bbox 2889 5572 3115 5628; x_wconf 88' lang='lat' dir='ltr'><strong>quorum</strong></span> <span class='ocrx_word' id='word_1_800' title='bbox 3156 5555 3355 5611; x_wconf 91' lang='lat' dir='ltr'><strong>teneris</strong></span> <span class='ocrx_word' id='word_1_801' title='bbox 3382 5553 3592 5606; x_wconf 86' lang='lat' dir='ltr'><strong>anima-</strong></span> 
     </span>
    </p>
   </div>
   <div class='ocr_carea' id='block_1_116' title="bbox 2026 5648 3594 5722">
    <p class='ocr_par' dir='ltr' id='par_1_116' title="bbox 2026 5648 3594 5722">
     <span class='ocr_line' id='line_1_116' title="bbox 2026 5648 3594 5722; baseline -0.007 -13"><span class='ocrx_word' id='word_1_802' title='bbox 2026 5655 2128 5708; x_wconf 90' lang='lat' dir='ltr'><strong>bus</strong></span> <span class='ocrx_word' id='word_1_803' title='bbox 2167 5669 2287 5708; x_wconf 89' lang='lat' dir='ltr'><strong>cum</strong></span> <span class='ocrx_word' id='word_1_804' title='bbox 2315 5649 2568 5720; x_wconf 84' lang='lat' dir='ltr'><strong>pietatem</strong></span> <span class='ocrx_word' id='word_1_805' title='bbox 2614 5651 2916 5715; x_wconf 91' lang='lat' dir='ltr'><strong>insevisset,</strong></span> <span class='ocrx_word' id='word_1_806' title='bbox 2951 5651 3170 5722; x_wconf 90' lang='lat' dir='ltr'><strong>optabat</strong></span> <span class='ocrx_word' id='word_1_807' title='bbox 3222 5663 3340 5704; x_wconf 89' lang='lat' dir='ltr'><strong>eam</strong></span> <span class='ocrx_word' id='word_1_808' title='bbox 3374 5648 3440 5702; x_wconf 88' lang='lat' dir='ltr'><strong>ad</strong></span> <span class='ocrx_word' id='word_1_809' title='bbox 3478 5661 3594 5701; x_wconf 80' lang='lat' dir='ltr'><strong>ma-</strong></span> 
     </span>
    </p>
   </div>
   <div class='ocr_carea' id='block_1_117' title="bbox 2027 5745 2988 5812">
    <p class='ocr_par' dir='ltr' id='par_1_117' title="bbox 2027 5745 2988 5812">
     <span class='ocr_line' id='line_1_117' title="bbox 2027 5745 2988 5812; baseline -0.005 -8"><span class='ocrx_word' id='word_1_810' title='bbox 2027 5757 2178 5804; x_wconf 90' lang='lat' dir='ltr'><strong>turos</strong></span> <span class='ocrx_word' id='word_1_811' title='bbox 2210 5745 2416 5802; x_wconf 85' lang='lat' dir='ltr'><strong>fruetus</strong></span> <span class='ocrx_word' id='word_1_812' title='bbox 2445 5746 2758 5812; x_wconf 87' lang='lat' dir='ltr'><strong>perductam</strong></span> <span class='ocrx_word' id='word_1_813' title='bbox 2787 5745 2988 5801; x_wconf 88' lang='lat' dir='ltr'><strong>videre.</strong></span> 
     </span>
    </p>
   </div>
  </div>
