4040 6216
407 377 567 421 αιἰιιι

1756 356 2293 415 PROLEGOMENA.

472 482 702 537 Basilius
731 482 857 536 vita
902 480 1296 535 anachoretica
1340 480 1498 551 longe
1529 481 1981 551 praferebatcoe—
2009 490 2057 546 Α
2084 482 2274 536 bastia
2305 480 2397 549 qui
2439 477 2582 534 illius
2620 477 2833 532 litteras
2865 474 3095 530 libenter
3134 474 3383 543 accipere
3419 470 3654 540 solebat,

405 574 726 641 nobiticam;
758 574 1023 642 huiusque
1058 573 1291 626 instituti
1344 582 1536 627 auctor
1589 573 1690 627 fuit
1720 574 1775 628 in
1801 573 1977 630 Ponto

404 677 458 721 et
483 666 839 736 Cappadocia,
877 667 1074 733 quibus
1122 666 1174 718 in
1215 665 1349 721 locis
1388 666 1479 719 vix
1520 674 1676 720 antea
1698 667 1976 736 cognitum

405 767 544 812 crat.
578 757 754 824 Quare
782 773 901 810 cum
934 758 1236 811 venissetin
1269 759 1535 827 quoddam
1566 760 1975 826 monasterium,

409 850 498 901 chi
523 848 809 916 separatim
838 857 1032 902 asceta
1066 847 1355 917 degebant,
1383 852 1629 904 hortatus
1662 860 1746 904 est
1778 864 1873 905 eos
1911 851 1979 905 ad

410 938 573 991 vitam
615 951 977 991 communem.
1012 936 1074 990 Hi
1104 938 1299 992 docilis
1348 940 1513 992 animi
1539 940 1980 1009 significationes

411 1033 693 1096 dederunt,
721 1041 775 1086 et
798 1032 863 1085 de
891 1031 980 1095 iis,
1006 1046 1125 1099 qua
1147 1029 1379 1085 Basilius
1407 1031 1762 1097 disseruerat,
1797 1032 1980 1088 Domi-

406 1140 478 1180 no
501 1126 702 1195 gratias
725 1132 974 1194 egerunt.
1034 1122 1278 1192 Cupidus
1328 1123 1537 1178 sciendi
1595 1123 1850 1191 Basilius,
1908 1140 1978 1180 an

405 1211 576 1263 vitam
611 1210 753 1265 illam
817 1210 1044 1265 testibus
1095 1218 1369 1265 carentem
1430 1213 1774 1281 reliquerint,
1816 1213 1981 1269 mittit

407 1302 638 1371 aliquem
679 1318 745 1357 ex
770 1301 1049 1366 fratribus,
1075 1303 1165 1371 qui
1198 1311 1252 1358 et
1296 1303 1438 1372 quod
1470 1304 1647 1359 alacre
1671 1315 1752 1360 est
1780 1321 1982 1376 cogno-

408 1402 543 1459 scat,
570 1403 624 1448 et
682 1394 826 1463 quod
865 1395 1077 1464 pigrum
1143 1394 1371 1460 excitet,
1402 1404 1457 1450 et
1497 1396 1640 1467 quod
1680 1396 1981 1453 reluctatur

404 1485 511 1540 sibi
533 1486 751 1542 indicet.

476 1595 532 1649 In
592 1597 817 1666 epistola
865 1598 973 1654 296
1032 1601 1245 1655 viduam
1325 1601 1577 1656 hortatur
1622 1600 1877 1669 Basilius,
1922 1611 1981 1658 ut

407 1696 635 1741 mortem
666 1705 730 1743 ac
755 1689 847 1744 Dei
864 1689 1125 1757 judicium
1159 1706 1374 1761 semper
1399 1702 1525 1748 ante
1553 1694 1738 1749 oculos
1760 1694 1979 1750 habeat.

406 1779 554 1834 Illius
604 1781 767 1835 etiam
804 1782 968 1836 filiam
1028 1785 1250 1848 salutat,
1286 1786 1443 1854 eique
1481 1794 1671 1841 auctor
1695 1796 1778 1841 est
1829 1799 1888 1841 ut
1923 1787 1978 1841 in

406 1870 729 1926 meditandis
766 1872 1063 1942 Scripturis
1096 1875 1313 1931 assidue
1353 1887 1617 1931 versetur.
1650 1877 1816 1933 Mulas
1854 1894 1982 1935 suas

411 1961 526 2017 hac
550 1962 710 2017 vidua
742 1966 1183 2021 commodaverat
1218 1966 1441 2033 Basilio,
1496 1971 1693 2040 quibus
1728 1970 1818 2025 ille
1862 1972 1983 2042 qui-

406 2053 529 2107 dem
562 2070 720 2124 parce
751 2064 1005 2127 tanquam
1041 2059 1155 2113 suis
1186 2075 1316 2113 usus
1346 2069 1461 2124 est;
1489 2061 1582 2115 sed
1607 2071 1785 2115 tamen
1809 2062 1983 2116 vidua

407 2143 464 2199 in
512 2159 570 2199 se
625 2147 863 2201 animum
910 2157 965 2201 et
998 2148 1235 2202 studium
1266 2164 1392 2219 erga
1424 2152 1516 2205 Dei
1549 2166 1683 2222 opus
1736 2153 1983 2207 conside-

409 2248 561 2299 rans,
610 2248 797 2290 earum
831 2250 983 2290 usum
1035 2237 1249 2307 longius
1293 2242 1640 2308 produxerat.
1699 2242 1866 2298 Aliam
1897 2244 1980 2297 vi-

402 2321 566 2376 duam
606 2322 657 2375 in
713 2324 943 2393 epistola
992 2329 1237 2395 sequenti
1298 2327 1546 2383 hortatur
1591 2329 1656 2383 ad
1698 2332 1979 2399 pietatem,

407 2416 566 2484 eique
613 2418 955 2473 commendat
1010 2418 1315 2488 mulierem,
1365 2438 1485 2492 qua
1518 2422 1660 2478 hanc
1695 2423 1979 2495 epistolam

406 2506 735 2578 perferebat.

479 2622 537 2677 ln
566 2624 791 2693 epistola
823 2623 930 2679 298
975 2627 1239 2683 refellitur
1277 2637 1643 2685 commentum
1696 2629 1977 2699 cujusdam

411 2715 576 2785 plani,
612 2717 702 2785 qui
758 2732 912 2786 aqua
963 2722 1065 2772 vim
1116 2721 1407 2790 quamdam
1461 2722 1635 2778 inesse
1690 2723 1979 2778 absurdam

405 2808 686 2879 fingebat,
736 2820 795 2863 ut
837 2812 1263 2881 simplicioribus
1308 2814 1576 2870 illuderet.
1634 2816 1851 2885 Scripta
1899 2826 1983 2872 est

405 2899 629 2968 epistola
662 2900 767 2956 299
791 2904 907 2958 viro
941 2905 1142 2972 pietate
1184 2905 1406 2975 insigni,
1437 2908 1524 2961 cui
1579 2923 1702 2963 cum
1739 2909 1981 2971 oblatum

405 3000 762 3047 essetmunus
798 2995 1086 3049 censitoris
1116 2997 1169 3050 in
1201 2998 1421 3067 regione
1448 2996 1793 3065 lboritarum,
1815 3001 1983 3071 signi-

404 3081 661 3139 ficaverat
702 3084 903 3141 Basilio
937 3087 1220 3143 molestam
1273 3090 1377 3145 sibi
1445 3106 1567 3146 esse
1609 3093 1687 3147 rei
1749 3094 1978 3162 publica

404 3176 952 3234 administrationem.
1004 3178 1123 3236 Jam
1174 3182 1320 3236 enim
1381 3183 1603 3244 ecivili
1652 3185 1890 3252 potentia
1923 3180 2048 3239 inC

404 3268 578 3324 otium
606 3283 665 3324 se
695 3282 998 3340 receperat.
1029 3269 1290 3327 Hortatur
1328 3288 1450 3329 eum
1500 3274 1735 3331 Basilius
1780 3288 1836 3332 ut
1878 3277 1979 3333 hoc

405 3374 604 3415 munus
636 3361 902 3431 accipiat,
946 3361 1186 3433 illudque
1241 3364 1324 3419 sic
1364 3365 1732 3429 administret,
1771 3379 1829 3422 ut
1878 3384 1979 3425 nec

404 3454 702 3523 potentiam
738 3454 997 3510 formidet
1019 3468 1120 3510 nec
1151 3464 1526 3527 paupertatem
1563 3466 1905 3514 contemnat.

477 3567 790 3639 Sequuntur
829 3577 940 3625 tres
968 3571 1162 3626 littera
1189 3571 1585 3637 consolatoria,
1645 3587 1875 3642 quarum
1922 3575 1975 3628 in

405 3664 581 3732 prima
623 3675 881 3732 parentes
908 3664 1239 3732 consolatur,
1270 3665 1407 3729 filii,
1462 3680 1623 3735 quem
1687 3667 1755 3721 ad
1782 3666 1976 3721 studia

404 3754 709 3809 litterarum
767 3757 1073 3821 miserant,
1120 3765 1297 3811 morte
1358 3754 1632 3824 afﬂictos;
1698 3757 1755 3811 in
1807 3757 1976 3812 altera

406 3844 700 3901 Maximum
734 3846 828 3915 qui
872 3861 1097 3902 uxorem
1126 3847 1415 3915 amiserat;
1453 3848 1506 3901 in
1539 3848 1698 3902 tertia
1750 3864 1975 3904 uxorem

406 3936 670 4001 Brisonis,
708 3936 809 3990 viri
844 3936 1006 3992 rebus
1058 3938 1111 3991 in
1152 3938 1294 3993 bello
1348 3938 1517 4008 gestis
1547 3938 1701 4004 clari,
1730 3955 1889 4010 quem
1922 3942 1976 3996 in

405 4028 524 4097 ipso
553 4029 724 4083 atatis
747 4026 878 4082 ﬂore
923 4038 1139 4098 raptum
1201 4030 1500 4098 imperator
1549 4031 1974 4101 desideraverat,

406 4117 607 4172 milites
663 4117 1001 4187 planxerant,
1053 4119 1276 4187 ejusque
1318 4120 1588 4188 jacttfram
1654 4133 1824 4179 totum
1865 4124 1979 4181 fere

406 4207 708 4264 Romanum
740 4211 1024 4280 imperium
1060 4223 1324 4267 senserat.

479 4322 560 4376 Ex
607 4324 1068 4380 commendatitiis
1120 4324 1305 4379 Basilii
1364 4327 1562 4383 litteris
1633 4333 1975 4405 perspicitur,

399 4422 604 4483 quanta
636 4412 959 4467 auctoritate
992 4413 1132 4482 apud
1160 4424 1456 4483 potestates
1485 4416 1707 4482 valeret,
1734 4429 1786 4474 et
1808 4436 1970 4490 quam

400 4505 632 4559 libenter
692 4504 794 4557 hac
847 4505 1019 4573 gratia
1080 4506 1146 4559 ad
1197 4506 1471 4561 ferendam
1532 4512 1862 4579 pauperibus
1919 4525 2048 4593 elD

401 4593 615 4648 afflictis
645 4608 800 4662 opem
828 4603 1091 4649 uteretur.
1130 4594 1307 4665 Rogat
1340 4598 1590 4651 comitem
1625 4602 1699 4652 rei
1726 4603 1967 4670 privata,

400 4687 455 4742 in
498 4688 723 4757 epistola
758 4688 884 4751 505,
925 4698 981 4740 ιιι
1013 4688 1293 4757 cujusdam
1357 4689 1458 4745 loci
1513 4691 1729 4755 incolis,
1777 4696 1972 4765 quibus

399 4780 757 4847 imperaverat
789 4782 1187 4847 prastationem
1214 4797 1494 4850 equarum,
1546 4784 1686 4839 hanc
1722 4787 1966 4853 multam,

399 4881 582 4939 utpote
609 4872 678 4926 ob
730 4873 861 4927 falsa
917 4874 1143 4927 crimina
1177 4875 1504 4943 impositam,
1545 4880 1805 4933 remittat.
1843 4878 1967 4934 Ple-

400 4978 579 5031 taque
608 4966 874 5031 ejusmodi
908 4967 1149 5035 epistola
1178 4969 1539 5023 censitoribus
1570 4971 1785 5040 scripta
1817 4980 1963 5037 sunt,

396 5056 536 5122 apud
590 5072 724 5123 quos
760 5057 992 5111 Basilius
1026 5060 1397 5126 deprecatoris
1452 5076 1678 5115 munere
1704 5061 1966 5131 fungitur,

397 5162 540 5201 lltlftc
568 5163 666 5215 pro
701 5152 828 5204 totis
857 5151 1029 5219 pagis,
1060 5160 1118 5203 ut
1143 5152 1194 5204 in
1228 5152 1472 5220 epistolis
1501 5151 1605 5206 508
1632 5164 1685 5205 et
1712 5151 1818 5206 510
1868 5168 1967 5222 pro

400 5237 638 5304 Capralis
669 5248 725 5292 et
746 5238 1068 5295 Ariarathia
1101 5241 1325 5306 incolis;
1358 5257 1501 5295 nunc
1531 5256 1627 5310 pro
1675 5242 1886 5306 amicis,
1910 5251 1968 5323 ut

403 5327 455 5380 in
492 5329 718 5396 epistola
749 5330 872 5395 515,
904 5345 1001 5400 pro
1026 5331 1249 5402 Sulpicii
1284 5334 1443 5388 domo
1466 5334 1517 5386 in
1538 5333 1746 5389 Galatia
1775 5351 1789 5400 ;
1825 5350 1968 5389 nunc

405 5434 502 5485 pro
541 5422 857 5476 necessariis
882 5431 935 5476 et
969 5424 1232 5490 cognatis,
1271 5425 1403 5477 utin
1431 5425 1589 5493 epist.
1621 5423 1725 5479 510
1752 5436 1805 5479 et
1839 5426 1963 5480 515.

402 5509 654 5562 Paratum
715 5521 831 5565 erat
870 5512 1172 5580 hospitibus
1218 5523 1274 5566 et
1319 5513 1617 5582 peregrinis
1658 5513 1964 5583 perfugium

398 5599 652 5671 Basilius,
686 5610 740 5655 ut
774 5611 924 5671 patet
968 5617 1037 5655 ex
1068 5602 1295 5672 epistola
1321 5603 1446 5661 519.
1476 5602 1838 5674 Principalem
1869 5604 1966 5659 Se-

459 5798 537 5865 (a)
562 5797 692 5859 Nar.
725 5816 809 5864 et).
843 5803 932 5865 49.
965 5804 1084 5867 l00,
1116 5807 1231 5862 101.

2082 574 2246 627 etiam
2293 582 2455 640 atque
2500 569 2659 623 etiam
2692 577 2866 636 rogat,
2900 575 2959 620 ut
3013 566 3225 621 civibus
3275 563 3657 619 Alexandrinis

2081 663 2365 733 propinqui
2388 662 2586 716 mortui
2618 673 2816 729 corpus
2851 656 3065 727 publico
3088 656 3341 711 mandato
3360 664 3655 724 exportan-

2080 753 2207 806 dum
2268 753 2467 817 tradat,
2533 749 2748 817 illisque
2782 748 2983 817 aliquid
3030 746 3217 801 auxilii
3245 761 3311 801 ex
3351 761 3512 800 cursu
3557 760 3655 814 pu-

2081 843 2225 897 blico
2243 842 2525 897 concedat.
2559 838 2801 895 Notanda
2842 839 3005 894 etiam
3031 838 3259 910 epistola
3307 837 3435 901 507,
3464 838 3517 890 in
3544 850 3656 907 qua

2078 935 2256 988 virum
2288 943 2560 1005 potentem
2594 942 2767 1003 rogat,
2801 942 2861 985 ut
2885 931 3094 987 duobus
3127 930 3461 998 litigantibus
3491 944 3655 1000 opem

2081 1024 2243 1091 ferat,
2296 1025 2592 1096 prohibens
2649 1038 2715 1079 ne
2765 1022 2834 1078 ad
2884 1023 3120 1093 judicem
3146 1022 3455 1089 introeant,
3485 1033 3657 1088 seque

2077 1120 2314 1190 indicem
2357 1121 2465 1177 illis
2494 1120 2738 1191 praebens
2768 1137 2782 1174 :
2808 1119 2949 1189 quod
2980 1121 3025 1174 si
3059 1120 3317 1173 alteruter
3370 1118 3656 1174 sententia

2082 1229 2189 1268 non
2218 1214 2383 1278 cedit,
2413 1212 2590 1268 faveat
2654 1211 2907 1280 injuriam
2937 1211 3257 1284 patienti,et
3281 1225 3433 1281 aqua
3462 1218 3658 1281 postu-

2082 1304 2215 1360 lanti
2239 1307 2598 1374 patrocinium
2626 1306 2919 1374 impendat.

2151 1396 2374 1453 Caetera
2409 1396 2591 1452 Basilii
2623 1398 2885 1467 epistola,
2925 1397 3198 1453 salutandi
3225 1411 3389 1453 causa
3412 1395 3658 1466 scripta,

2081 1485 2360 1556 leporibus
2413 1501 2477 1541 ac
2528 1486 2796 1556 perpolito
2828 1502 3083 1543 sermone
3119 1502 3315 1541 suaves
3341 1496 3396 1541 et
3413 1472 3659 1556 'pietatis

2064 1580 2229 1634 notis
2269 1579 2527 1648 inspersa
2549 1589 2696 1635 sunt.
2727 1580 2929 1635 Eorum
2985 1580 3055 1635 ad
3074 1595 3210 1649 quos
3239 1579 3455 1649 scripta
3502 1585 3657 1643 sunt,

2084 1671 2302 1726 nomina
2335 1686 2444 1726 non
2467 1681 2708 1737 exstant,
2742 1673 2787 1727 si
2815 1671 3055 1741 excipias
3090 1670 3424 1742 Philagrium
3481 1672 3658 1724 Arce-

2082 1776 2235 1826 num,
2269 1760 2540 1816 hominem
2595 1762 2937 1831 eloquentem
2969 1771 3026 1816 et
3083 1761 3151 1816 de
3190 1776 3250 1815 re
3285 1760 3660 1815 ecclesiastica

2010 1842 2054 1897 Β
2083 1853 2286 1921 optime
2316 1853 2661 1919 sentientem,
2682 1854 2990 1909 Pasinicum
3034 1854 3322 1919 medicum,
3354 1851 3660 1919 Magninia-

2083 1959 2213 1998 num
2241 1985 2257 2011 ,
2317 1944 2739 2015 Hyperechium,
2792 1954 2849 2000 et
2891 1945 3224 2011 Phalerium,
3270 1945 3361 2014 qui
3408 1942 3662 1999 fluviales

2082 2036 2262 2105 pisces
2288 2036 2487 2091 Basilio
2525 2038 2773 2091 miserat.
2798 2036 2979 2092 Plena
3015 2046 3142 2092 sunt
3177 2036 3517 2091 acuminibus
3541 2037 3662 2105 epi-

2083 2128 2236 2182 Stola
2286 2130 2353 2181 ad
2391 2128 2660 2182 notarium
2708 2138 2763 2183 et
2827 2128 3134 2196 librarium,
3183 2128 3276 2183 sed
3316 2126 3555 2197 epistola
3584 2127 3661 2181 ad

2085 2219 2344 2274 Theclam
2379 2222 2625 2275 acumina
2649 2222 2817 2291 magis
2852 2222 3096 2278 redolent
3129 2222 3400 2293 ingenium
3425 2220 3660 2290 ,Grego-

2082 2310 2147 2364 rii
2177 2310 2505 2365 Nazianzeni
2536 2311 2633 2381 (a),
2676 2312 2829 2380 cujus
2859 2312 2977 2367 alia
3000 2324 3111 2369 tres
3143 2321 3360 2367 exstant
3383 2311 3449 2365 ad
3500 2327 3660 2366 eam-

2081 2403 2205 2457 dem
2250 2402 2467 2457 littera.
2498 2401 2677 2474 Rogat
2709 2419 2829 2460 eam
2865 2404 2918 2459 in
2946 2404 3034 2459 illa
3060 2444 3076 2469 ,
3114 2419 3231 2473 qua
3268 2416 3351 2460 est
3382 2404 3523 2460 inter
3553 2404 3660 2460 Ba-

2080 2493 2330 2560 silianas,
2356 2494 2608 2564 epistola,
2638 2505 2697 2549 ut
2740 2510 2951 2559 eorum,
2994 2496 3087 2566 qui
3141 2504 3460 2566 conceptum
3483 2496 3663 2550 eccle,

2080 2583 2175 2639 sia
2202 2585 2583 2653 exstruebant,
2603 2587 2781 2657 aridas
2811 2586 2994 2643 fauces
3044 2603 3267 2642 uvarum
3297 2588 3506 2657 liquore
3567 2602 3658 2643 reo

2080 2688 2249 2737 creet.
2278 2678 2417 2734 Anni
2446 2680 2593 2734 enim
2647 2681 2906 2749 praeteriti
2961 2680 3153 2751 frigus,
3184 2680 3413 2751 gemmis
3461 2680 3658 2736 vitium

2081 2770 2328 2835 succisis,
2364 2771 2475 2825 vini
2530 2771 2816 2841 penuriam
2865 2772 3187 2826 adduxerat.
3230 2770 3508 2840 Templum
3551 2770 3659 2825 Na-

2082 2863 2406 2918 zianzenum
2476 2863 2693 2933 magnis
2765 2865 3072 2933 sumptibus
3125 2879 3155 2919 a
3202 2863 3661 2935 Gregorio-patre

2081 2956 2358 3015 conditum
2384 2956 2643 3011 discimus
2670 2970 2739 3011 ex
2778 2955 3032 3026 Theologi
3065 2966 3205 3013 orat.
3240 2957 3328 3012 19.

2155 3044 2219 3100 fl.
2256 3045 2476 3100 Littera
2498 3045 2683 3103 Basilii
2717 3047 2782 3100 ad
2812 3045 3123 3112 Libanium,
3155 3057 3211 3102 et
3239 3062 3375 3117 quas
3410 3062 3438 3101 a
3490 3045 3661 3102 Liba-

2082 3135 2172 3191 nio
2202 3136 2433 3193 Basilius
2456 3138 2682 3209 accepit,
2710 3139 2753 3193 si
2779 3155 2907 3193 vere
2937 3140 3153 3210 utrique
3179 3139 3475 3195 tribuenda
3505 3149 3660 3206 sunt,

2082 3230 2274 3300 partim
2315 3231 2366 3284 in
2388 3245 2607 3287 secessu
2654 3231 2837 3287 Basilii
2871 3233 3086 3301 scripta
3122 3241 3267 3295 sunt,
3302 3234 3494 3302 partim
3529 3248 3658 3289 cm

2079 3321 2135 3377 in
2208 3323 2648 3395 presbyterorum
2719 3325 2977 3379 cathedra
3048 3325 3307 3391 sederet,
3382 3325 3658 3381 nonnulla:

2079 3426 2367 3486 postquam
2399 3416 2464 3471 ad
2492 3419 2862 3485 episcopatum
2896 3417 3164 3486 pervenit.

2148 3507 2230 3559 Ad
2289 3521 2565 3562 secessum
2616 3508 2915 3562 referenda
2975 3510 3229 3564 videntur
3257 3508 3657 3579 epistolaila,

2078 3596 2277 3666 quibus
2320 3597 2552 3654 Basilius
2609 3598 2961 3670 Cappadoces
3022 3601 3392 3656 adolescentes
3425 3600 3658 3657 Libanio

2078 3691 2445 3755 commendat,
2469 3692 2625 3760 eique
2649 3692 2701 3746 in
2734 3693 3072 3762 disciplinam
3103 3694 3283 3746 tradit.
3311 3692 3443 3746 Nam
3468 3694 3658 3763 prima:

2078 3780 2412 3849 respondens
2442 3779 2697 3836 Libanius
2736 3783 2966 3837 miratur
2994 3792 3049 3836 et
3100 3782 3303 3849 laudat,
3336 3784 3477 3852 quod
3520 3784 3569 3837 ei
3620 3800 3657 3838 a

2078 3871 2352 3926 nonnullis
2374 3873 2679 3927 nuntiatum
2714 3882 2853 3938 erat,
2879 3873 3136 3929 Basilium
3167 3874 3290 3928 vita
3325 3890 3494 3945 genus
3515 3890 3658 3943 pra-

2077 3959 2468 4014 stantissimum
2524 3962 2833 4031 ingressum
2894 3978 3049 4027 esse,
3099 3974 3264 4033 atque
3319 3964 3422 4019 hoc
3480 3965 3657 4035 magis

2077 4061 2323 4121 spectare
2362 4054 2631 4123 quomodo
2663 4055 2873 4109 amicus
2903 4056 3012 4111 Deo
3058 4062 3285 4124 evadat,
3316 4073 3478 4128 quam
3523 4075 3657 4128 quo-

2076 4144 2239 4196 modo
2277 4157 2465 4196 aurum
2504 4143 2739 4213 colligat.
2774 4143 2941 4200 Paulo
2987 4156 3107 4214 post
3143 4146 3307 4200 aliam
3356 4148 3649 4216 epistolam

2076 4231 2159 4286 sic
2186 4232 2397 4287 orditur
2422 4232 2652 4289 Basilius
2686 4251 2700 4287 :
2738 4232 2875 4289 Ecce
2900 4237 2991 4289 tibi
3016 4247 3064 4289 et
3102 4238 3238 4291 alius
3266 4241 3402 4293 venit
3446 4237 3657 4307 Cappa-

2076 4324 2202 4393 dox,
2236 4334 2341 4379 etc.
2378 4324 2531 4380 Hunc
2560 4328 2921 4382 comitabatur
2960 4329 3099 4384 alius
3154 4331 3399 4399 aqualis,
3453 4332 3655 4388 nobilis

2076 4423 2133 4469 et
2170 4415 2286 4485 ipse
2309 4430 2372 4469 ac
2400 4413 2601 4469 Basilio
2628 4416 2848 4483 charus,
2884 4418 2981 4474 sed
3012 4420 3238 4474 minime
3268 4422 3419 4475 dives
3439 4460 3454 4483 ,
3485 4435 3653 4489 quem

2078 4511 2257 4558 tamen
2288 4503 2523 4558 Basilius
2547 4518 2653 4558 non
2681 4504 2886 4559 idcirco
2921 4507 3063 4575 apud
3105 4505 3389 4560 Libanium
3440 4508 3655 4561 minore

2077 4609 2240 4664 quam
2271 4597 2407 4650 alios
2433 4596 2485 4649 in
2531 4596 2708 4664 pretio
2741 4596 2983 4651 futurum
3033 4608 3232 4668 sperat.
3266 4598 3416 4653 lianc
3455 4600 3654 4668 episto-

2077 4686 2182 4740 lam
2208 4686 2469 4740 Libanius
2491 4687 2557 4740 ad
2587 4687 2788 4741 caelum
2814 4686 2991 4752 effert,
3041 4703 3209 4758 seque
3257 4688 3344 4742 illa
3396 4690 3649 4759 privatim

2078 4777 2217 4831 lecta
2247 4779 2587 4832 exclamasse
2623 4789 2829 4843 narrat,
2886 4777 3059 4833 Victus
3082 4796 3220 4844 sum,
3247 4789 3302 4834 et
3339 4796 3461 4835 cum
3501 4794 3651 4834 eam-

2073 4867 2194 4920 dem
2245 4867 2464 4935 legisset
2522 4867 2745 4937 Alypius
2801 4884 2985 4924 coram
3046 4870 3288 4940 pluribus
3340 4872 3647 4938 honoratis,

2072 4972 2263 5012 omnes
2296 4960 2491 5015 Basilio
2523 4962 2757 5031 palmam
2787 4961 3065 5017 detulisse.
3091 4962 3359 5017 (laterum
3402 4965 3649 5033 pecunia

2069 5061 2439 5121 contemptum
2471 5069 2579 5120 pra
2629 5068 2687 5107 se
2739 5051 2843 5107 fert
2866 5052 3144 5117 Libanius,
3177 5069 3241 5109 ac
3271 5069 3533 5124 pauperes
3562 5044 3647 5112 di;

2069 5145 2253 5199 scendi
2305 5145 2578 5199 studiosos
2622 5144 2792 5213 pluris
2815 5147 2953 5213 apud
3002 5160 3062 5200 se
3098 5162 3261 5215 quam
3295 5146 3494 5203 divites
3525 5147 3645 5204 ﬁeri

2070 5234 2334 5300 declarat,
2368 5236 2616 5302 quamvis
2667 5236 2782 5302 ipse
2813 5236 3010 5290 talibus
3042 5253 3146 5291 non
3207 5253 3334 5291 usus
3368 5239 3441 5292 sit
3466 5242 3646 5310 magi-

2072 5325 2223 5379 stris.
2259 5325 2473 5381 Laudes
2537 5327 2774 5381 vicissim
2814 5328 3063 5396 rependit
3113 5329 3340 5385 Lihanio
3386 5330 3645 5399 Basilius,

2072 5426 2124 5472 et
2160 5418 2263 5471 iste
2281 5434 2469 5473 rursus
2497 5419 2661 5473 instat
2687 5419 2740 5473 in
2773 5420 3081 5475 extollendo
3097 5420 3319 5476 Basilio.

2145 5510 2253 5565 Sex
2283 5510 2611 5579 litterarum,
2646 5527 2764 5581 qua
2797 5510 2999 5568 Basilio
3049 5514 3367 5583 presbytero
3421 5514 3647 5581 scripta

2071 5600 2344 5669 videntur,
2381 5601 2495 5657 hac
2519 5602 2619 5657 fuit
2648 5603 2886 5661 occasio.
2936 5602 3108 5676 Rogat
3133 5602 3361 5660 Basilius
3382 5603 3456 5675 (ὁ)
3480 5601 3646 5659 Liba-

2138 5809 2212 5871 (b)
2255 5809 2349 5871 Ep.
2377 5809 2504 5864 ‘251.
