4040 6216
1672 376 1835 433 νιΤΑ
1876 375 1931 430 S.
1974 375 2057 429 BA
2066 374 2239 431 SILI].

3429 394 3551 437 ειη

311 497 454 553 nium
478 503 537 549 ut
564 492 633 549 ad
656 508 716 549 se
748 494 930 549 mittat
962 502 1288 559 orationem,
1323 508 1483 563 quam
1509 493 1563 547 in
1614 493 1887 546 hominem
1917 497 1959 551 Λ
1991 492 2151 559 paulo
2182 499 2300 560 post
2323 489 2502 544 Basilii
2540 489 2770 544 reditum
2820 489 2873 545 in
2909 491 3300 561 Cappadociam
3351 495 3549 560 scripta

311 598 604 648 morosum,
630 583 1081 653 frequentissimo
1103 594 1369 637 conventu
1416 599 1481 637 ac
1534 583 1768 637 maxima
1794 597 1885 636 ce-

310 678 579 741 lebritate,
605 675 1076 745 pronuntiaverat.
1102 674 1263 729 Mittit
1286 673 1542 728 Libanius
1573 674 1711 727 hanc
1759 687 1883 724 ora-

315 772 541 833 tionem,
567 783 738 838 seque
773 777 1008 823 tremere
1042 767 1329 836 signiﬁcat.
1381 766 1598 820 Lectam
1650 764 1882 818 Basilius

306 859 364 912 in
393 866 543 912 astra
577 858 741 912 tollit.
767 856 989 911 Gratias
1045 857 1153 925 agit
1198 855 1477 917 Libanius,
1527 869 1592 907 ac
1642 853 1881 906 vicissim

304 949 442 1018 petit
468 952 779 1002 orationem
805 946 989 999 Basilii
1020 946 1073 998 in
1106 945 1369 1009 ebriosos,
1392 959 1552 1012 quam
1592 942 1881 1012 perlectam

304 1041 536 1094 Athenis
585 1054 749 1108 quam
807 1037 1147 1106 Cappadocia
1207 1036 1505 1105 digniorem
1550 1034 1777 1102 iudicat.
1812 1034 1883 1087 At

305 1131 540 1185 Basilius
591 1130 782 1183 Attica:
841 1129 1166 1195 eloquentia:
1210 1127 1420 1181 laudem
1451 1127 1502 1179 in
1528 1127 1701 1194 ipsum
1726 1124 1882 1178 Liba-

304 1223 459 1274 niuin
501 1229 801 1288 retorquet,
829 1232 994 1287 seque
1031 1219 1364 1286 piscatorum
1393 1215 1721 1284 discipulum
1756 1228 1882 1269 esse

304 1312 442 1380 proli
453 1322 560 1365 tetu
571 1326 615 1366 r.

381 1406 509 1457 Duae
551 1412 759 1455 tantum
790 1401 1033 1470 epistolze
1069 1408 1224 1454 notas
1253 1399 1592 1467 episcopatus
1616 1395 1875 1451 referunt.

306 1496 570 1551 Libanius
610 1497 851 1548 avaritiae
877 1495 1155 1562 episcopos
1181 1500 1418 1552 accusat,
1452 1500 1503 1543 et
1542 1499 1748 1558 quanto
1777 1503 1880 1542 ca:-

306 1588 441 1640 teris
474 1586 691 1640 doctior
729 1584 982 1647 Basilius,
1024 1591 1172 1637 tanto
1222 1582 1614 1634 restrictiorem
1676 1581 1728 1632 in
1782 1579 1881 1632 lar-

307 1681 508 1749 giendo
534 1679 779 1731 futurum
829 1676 1157 1745 suspicatur.
1198 1675 1338 1727 Petit
1368 1685 1544 1726 tamen
1570 1674 1638 1727 ab
1674 1687 1737 1725 eo
1768 1680 1879 1725 tre-

308 1784 463 1827 centa
493 1774 665 1841 tigna,
703 1788 767 1825 ne
792 1773 892 1825 sub
920 1771 1010 1823 dio
1066 1770 1307 1823 hiemare
1337 1777 1581 1835 cogatur.
1644 1765 1875 1818 Basilius

1985 592 2089 649 est,
2126 597 2247 636 cum
2277 582 2522 636 Alcimus
2543 581 2765 643 Romam
2793 582 3139 650 proﬁciscens
3173 598 3358 637 curam
3393 584 3550 637 insti-

1986 676 2307 729 tuendorum
2341 689 2623 741 puerorum
2651 675 2697 727 ei
2730 675 3087 741 imposuisset.

2055 766 2160 818 Sed
2198 765 2369 834 prima
2417 764 2543 817 sede
2600 774 2883 831 utramque
2922 762 3200 831 epistolam
3261 777 3386 816 erce
3446 763 3550 816 alia

1983 855 2180 924 pellere
2233 857 2443 908 nititur.
2477 854 2610 907 Nam
2646 854 2723 924 (d)
2757 869 2875 907 cum
2909 854 3216 907 adolescens
3263 854 3548 923 Cappadox

1985 949 2050 1001 ad
2092 946 2373 1000 Lilianium
2426 946 2659 1000 venisset
2710 960 2830 999 cum
2874 945 3065 998 litteris
3094 945 3273 998 Basilii
3313 960 3548 1012 conque—

1984 1026 2173 1100 reniis,
2216 1038 2353 1103 quod
2403 1042 2483 1090 sui
2535 1035 2815 1090 Libanium
2874 1036 3103 1102 cepisset
3141 1036 3368 1101 oblivio;
3412 1020 3549 1106 quo—

1982 1131 2142 1185 modo
2193 1131 2294 1185 hoc
2343 1132 2547 1184 crimen
2600 1146 2628 1183 a
2676 1145 2735 1183 se
2787 1131 3065 1198 propulsat
3101 1130 3390 1185 Libanius?
3430 1131 3550 1187 Non

1983 1222 2210 1290 scriptas
2242 1239 2271 1275 a
2301 1237 2360 1277 se
2415 1223 2674 1291 epistolas
2708 1233 3112 1286 commemorat,
3154 1226 3245 1278 sed
3285 1226 3359 1278 ait
3398 1240 3457 1280 se
3484 1228 3551 1282 de

1983 1312 2181 1367 Basilio
2223 1315 2272 1366 in
2316 1314 2543 1382 patriam
2609 1328 2825 1367 reverso
2893 1314 3180 1367 sollicitum
3228 1314 3413 1379 fuisse,
3458 1330 3548 1370 ec-

1982 1406 2122 1474 quod
2147 1406 2270 1457 vitaa
2302 1419 2472 1473 genus
2508 1404 2788 1471 amplexus
2834 1414 2997 1469 esset,
3026 1421 3151 1458 num
3183 1407 3234 1458 in
3262 1406 3376 1459 foro
3426 1422 3550 1460 ver-

1982 1506 2214 1559 saretur,
2249 1512 2374 1549 nuni
2408 1496 2655 1549 rhetores
2692 1494 2931 1549 eﬂiceret
2962 1497 3334 1565 Cappadocum
3380 1497 3546 1563 ﬁlios;

1952 1596 2038 1641 .at
2073 1586 2162 1641 ubi
2196 1602 2261 1639 ex
2305 1587 2575 1640 nonnullis
2603 1603 2633 1641 c
2672 1589 3007 1655 Cappadocia
3050 1590 3389 1643 venientibus
3414 1590 3549 1643 didi-

1981 1678 2145 1733 cisset
2192 1694 2315 1733 eum
2362 1678 2517 1747 longe
2573 1681 3002 1746 praestantiorem
3060 1680 3200 1733 viain
3250 1681 3548 1748 ingressum

1982 1785 2121 1832 esse,
2178 1778 2289 1823 tum
2342 1785 2467 1823 vero
2498 1771 2682 1822 beatos
2725 1770 2826 1823 sibi
2869 1779 2922 1822 et
2960 1770 3306 1839 Cappadoces
3332 1782 3383 1824 et
3407 1772 3551 1824 Basi-

305 1866 537 1920 Libanio
562 1866 915 1934 judicandum
944 1863 1227 1928 relinquit,
1258 1861 1361 1913 utri
1392 1860 1499 1913 sint
1545 1860 1870 1923 tenaciores,
1904 1825 1948 1882 Β
1978 1862 2106 1915 lium
2144 1862 2286 1915 visos
2334 1876 2471 1915 esse.
2530 1860 2645 1914 Non
2698 1861 2968 1914 immerito
3022 1876 3150 1930 ergo
3186 1862 3296 1915 base
3344 1861 3550 1916 Libanii

305 1959 546 2028 epierpi
571 1974 637 2010 an
672 1958 968 2026 sophistae;
1020 1970 1141 2009 cum
1178 1954 1431 2021 sophistae
1490 1951 1730 2006 venalem
1764 1950 1877 2003 elo-

305 2050 584 2119 quentiam
617 2057 939 2117 proponant,
995 2047 1374 2116 episc0porum
1440 2044 1619 2097 nullus
1656 2042 1877 2097 omnino

309 2140 606 2210 vectigales
636 2140 930 2207 discipulos
976 2137 1164 2191 faciat.
1226 2134 1391 2189 Mittit
1453 2134 1678 2188 Libanio
1736 2132 1876 2203 quod

308 2235 563 2303 petierat,
606 2244 661 2287 et
689 2233 856 2287 debiti
909 2232 1180 2287 solutione
1202 2230 1420 2283 ﬂuvium
1454 2228 1731 2297 Alphieuni
1781 2226 1878 2280 0b-

311 2324 555 2393 stringit.

374 2414 550 2483 Magni
574 2414 700 2466 facit
724 2412 824 2466 has
842 2410 1099 2479 epistolas
1125 2408 1532 2472 Tillemontius,
1560 2424 1659 2462 nec
1688 2406 1879 2475 probat

306 2523 396 2561 eas
452 2508 503 2559 in
544 2506 765 2559 dubium
818 2505 1083 2558 revocari.
1116 2502 1303 2572 Neque
1355 2502 1497 2554 enim
1549 2511 1641 2554 aut
1692 2497 1877 2551 Basilii

306 2602 603 2654 amicitiam
656 2614 778 2651 cum
843 2599 1082 2660 ethnico,
1113 2606 1205 2649 aut
1254 2596 1394 2665 quod
1437 2594 1694 2647 Libanius
1722 2591 1877 2660 plena

306 2706 469 2744 Ini-nu
503 2704 772 2743 secessum
804 2688 987 2741 Basilii
1017 2689 1222 2751 laudat,
1253 2686 1388 2740 satis
1420 2684 1724 2752 argumenti
1758 2696 1879 2735 esse

307 2782 475 2843 ducit,
512 2796 611 2834 cur
638 2783 720 2835 lia:
744 2781 1062 2849 rejiciantur
1088 2780 1350 2848 epistolaz.
1386 2777 1695 2831 Assentirer
1729 2776 1878 2843 equi-

305 2876 427 2929 dem
459 2874 825 2940 Tillemontlo,
863 2874 905 2927 si
932 2874 1015 2927 his
1045 2882 1249 2926 tantum
1282 2872 1347 2925 de
1392 2870 1574 2923 causis
1613 2868 1759 2937 rejici
1792 2868 1882 2920 de-

306 2967 517 3021 bereiit.
548 2967 655 3021 Sed
695 2966 814 3021 alia:
868 2969 1111 3021 rationes
1162 2973 1457 3034 suppetunt
1491 2964 1648 3032 longe
1668 2960 1880 3033 graviq-

306 3075 416 3115 res.

375 3194 463 3248 Ill.
493 3194 552 3247 1ο
598 3192 743 3247 Nihil
772 3192 969 3246 habent
999 3192 1081 3245 lia:
1111 3189 1325 3257 litterae,
1361 3190 1405 3243 si
1432 3203 1593 3243 unum
1617 3194 1711 3240 aut
1754 3195 1827 3239 ait

304 3301 426 3339 rum
486 3285 663 3339 locum
723 3283 979 3351 excipias,
1028 3282 1169 3350 quod
1221 3294 1472 3349 magnum
1518 3277 1700 3332 Basilii
1731 3276 1881 3343 inge-

305 3377 455 3430 niem
490 3374 751 3437 redoleat,
788 3373 919 3426 nihil
974 3375 1116 3441 quod
1172 3370 1545 3424 Libaniifama
1590 3383 1691 3421 non
1727 3366 1881 3436 longe

308 3466 491 3519 minus
544 3464 633 3517 sit.
694 3463 809 3517 Non
869 3476 1103 3531 agnosco
1134 3459 1390 3513 Basilium
1446 3460 1498 3513 in
1547 3459 1646 3512 hoc
1677 3456 1880 3511 insulso

305 3556 490 3623 lepore
529 3555 603 3627 (α)
657 3573 670 3608 :
745 3553 870 3608 Velo
924 3553 1070 3606 niveo
1121 3561 1285 3605 tectus
1331 3551 1605 3621 epistolam
1656 3550 1878 3619 scripsi,

304 3663 463 3718 quam
510 3663 627 3699 cuni
696 3647 956 3714 acceperis
1009 3654 1060 3697 et
1112 3660 1271 3695 manu
1325 3643 1643 3711 contigeris,
1691 3642 1880 3694 senties

304 3754 462 3807 quam
497 3738 565 3789 sit
600 3736 773 3805 gelida
798 3776 813 3801 ,
848 3750 1107 3804 quamque
1158 3734 1351 3801 referat
1389 3749 1506 3785 eum
1536 3746 1688 3800 aquo
1720 3732 1881 3783 missa

306 3842 406 3894 est,
430 3829 730 3882 latitantem
787 3844 877 3881 nec
925 3838 1075 3881 extra
1098 3828 1235 3879 (edes
1274 3826 1567 3893 prospicere
1602 3822 1877 3875 valentem.

307 3922 474 3977 Multo
515 3923 695 3975 minus
730 3922 955 3975 dixisset
997 3918 1228 3972 Basilius
1268 3917 1343 3988 (b)
1401 3916 1615 3969 Libanii
1672 3914 1878 3968 oratio-

305 4033 428 4069 nem
493 4014 768 4067 admirans
828 4028 839 4061 :
899 4010 943 4065 0
992 4027 1154 4063 musa:
1214 4019 1263 4061 et
1310 4010 1499 4060 littera:
1544 4015 1592 4059 et
1641 4005 1876 4069 Athenae,

305 4106 489 4176 qualia
552 4104 821 4174 largimini
868 4103 1050 4155 vestris
1100 4098 1459 4154 amatoribus!
1518 4097 1650 4163 Quis
1695 4095 1882 4164 probet

306 4198 437 4249 illud
465 4195 681 4250 Libanii
710 4196 779 4267 (c)
808 4212 822 4246 :
856 4193 1061 4246 Ilorreo
1101 4209 1162 4245 ac
1194 4203 1353 4245 tremo
1380 4229 1394 4254 ,
1445 4205 1562 4241 cum
1594 4205 1705 4240 eam
1743 4186 1880 4239 diem

306 4304 511 4342 mecum
545 4297 760 4356 reputo,
788 4302 890 4355 qua
925 4301 1092 4338 meam
1122 4283 1364 4349 inspicies
1404 4281 1692 4335 orationem
1723 4295 1740 4333 :
1774 4280 1878 4331 imo

306 4379 466 4431 etiam
496 4378 605 4445 fere
627 4388 791 4428 mente
822 4374 999 4442 lapsus
1018 4390 1132 4427 sunt
1154 4373 1179 4425 ?

375 4512 435 4565 2°
466 4511 631 4565 Multa
687 4510 739 4564 in
776 4510 859 4563 his
889 4524 917 4561 e

307 4620 492 4659 secum
527 4601 961 4656 disconveniunt.
998 4597 1131 4652 Tres
1165 4597 1410 4665 epistola:
1442 4598 1518 4649 ita
1559 4610 1741 4649 secum
1790 4608 1887 4659 pii-

307 4704 493 4765 gnaiit,
525 4704 584 4746 ut
612 4691 752 4745 nulla
774 4692 841 4743 sit
873 4707 941 4744 ex
966 4691 1157 4751 tribus,
1186 4703 1422 4757 quatuon
1446 4685 1617 4755 prima
1644 4683 1885 4738 omnium

308 4785 510 4851 si-ripta
552 4782 820 4834 videatur.
860 4780 1012 4833 Hunc
1040 4780 1142 4833 sibi
1168 4779 1345 4833 locum
1384 4776 1626 4829 vindicat
1656 4774 1885 4843 epistola

309 4875 435 4938 545,
461 4890 624 4943 quam
656 4876 736 4927 sic
764 4874 951 4941 incipit
981 4872 1269 4926 Libaiiius:
1308 4869 1478 4939 Magis
1504 4868 1728 4921 arbitror
1756 4866 1885 4919 mihi

310 4986 437 5035 Opus
471 4983 580 5020 esse
612 4968 969 5031 excusatione,
999 4965 1137 5032 quod
1167 4980 1270 5016 non
1301 4963 1425 5015 olim
1476 4961 1545 5013 ad
1578 4971 1624 5014 te
1663 4959 1885 5014 scribere

310 5060 631 5128 inceperim,
667 5075 824 5128 quam
865 5074 1000 5110 nunc
1036 5056 1356 5109 recusatione
1385 5056 1523 5124 quod
1545 5052 1770 5105 scribere
1799 5052 1883 5104 in-

311 5154 523 5217 cipiam.
572 5151 724 5203 Tunc
754 5150 987 5218 primum
1034 5162 1161 5215 ergo
1189 5146 1460 5200 scribebat
1504 5142 1784 5205 Libanius’,
1832 5149 1887 5195 et

312 5246 463 5310 prior
488 5243 771 5296 scribebat
798 5239 1019 5293 Basilio.
1046 5239 1150 5293 Sed
1178 5235 1451 5306 quomodo
1483 5237 1532 5288 id
1564 5234 1882 5289 conciliabi-

312 5352 434 5389 mus
485 5351 607 5388 cum
657 5336 886 5402 epistola
921 5332 1047 5395 558,
1099 5333 1150 5383 iii
1198 5346 1302 5400 qua
1351 5329 1581 5384 Basilius
1614 5330 1885 5394 laudatur,

312 5426 459 5495 quod
478 5426 748 5480 scribendi
780 5426 1044 5493 incceptor
1076 5423 1274 5476 fuerit?
1300 5422 1377 5476 Eo
1400 5422 1607 5490 :equius
1652 5420 1885 5488 videtur,

312 5529 372 5570 ut
410 5516 530 5572 haec
550 5517 777 5586 epistola
804 5517 910 5573 558
930 5519 1164 5588 primum
1196 5515 1456 5571 sortiatur
1490 5513 1693 5579 locum,
1744 5513 1885 5582 quod

380 5716 463 5788 (α)
493 5717 591 5788 Ερ-
626 5717 751 5771 55οο

381 5787 459 5859 (ὁ)
493 5787 588 5857 Ep.
628 5788 752 5843 555.

1980 1955 2210 2025 epistola
2256 1954 2496 2009 omnium
2532 1954 2706 2023 prima
2744 1954 2809 2005 ad
2851 1953 3104 2019 Basiliiim
3136 1954 3333 2023 scripta
3365 1954 3548 2007 videa-

1981 2061 2085 2105 tur.
2151 2050 2280 2104 Illud
2342 2050 2501 2102 etiam
2561 2050 2798 2101 occurrit
2844 2048 3183 2109 incommodi,
3243 2047 3382 2114 quod
3428 2062 3547 2099 cuin

1978 2143 2178 2210 scripta
2246 2143 2489 2195 videatur
2551 2157 2657 2193 non
2722 2140 2903 2194 inultis
2954 2140 3108 2193 annis
3163 2148 3282 2209 post
3320 2139 3547 2192 reditum

1978 2234 2161 2288 Basilii
2205 2233 2256 2287 in
2319 2232 2751 2302 Cappadociam,
2805 2244 2930 2285 tunc
2967 2243 3142 2284 tamen
3178 2232 3548 2299 presbyterum

1980 2328 2149 2381 fuisse
2207 2326 2464 2380 Basilium
2515 2336 2606 2378 aut
2659 2326 2970 2392 episcopum
3024 2338 3090 2376 ex
3143 2324 3249 2375 alio
3303 2322 3420 2376 loco
3457 2336 3551 2387 pa-

1980 2426 2110 2472 teat.
2183 2418 2273 2471 Sic
2329 2419 2471 2471 cnim
2528 2417 2713 2483 incipit
2775 2416 2999 2470 Basilius
3056 2414 3331 2482 epistolam
3397 2412 3546 2466 557:

1979 2508 2115 2562 Ecce
2138 2509 2232 2561 tibi
2259 2520 2306 2563 et
2337 2508 2473 2561 alius
2502 2510 2635 2561 venit
2666 2508 2971 2574 Cappadox,
3000 2522 3140 2558 meus
3170 2516 3215 2558 et
3241 2507 3346 2573 ipse
3383 2504 3550 2572 ﬁlius.

1983 2599 2171 2653 Omnes
2201 2600 2335 2653 enim
2364 2601 2509 2653 nobis
2538 2601 2752 2664 adoptat
2790 2600 3023 2668 dignitas
3050 2599 3166 2662 illa,
3192 2601 3247 2652 in
3280 2617 3379 2667 qua
3415 2616 3551 2653 nunc

1980 2706 2179 2745 sumus.
2224 2690 2373 2743 lianc
2390 2699 2566 2742 autem
2596 2689 2882 2757 epistolam
2913 2689 3068 2756 paulo
3093 2698 3211 2756 post
3244 2691 3552 2755 praeceden-

1982 2786 2088 2829 tem
2141 2778 2395 2845 scriptam
2454 2792 2574 2831 esse
2630 2786 2778 2845 patet
2827 2793 2889 2831 ex
2931 2780 3277 2846 responsione
3320 2778 3551 2849 Libanii.

1981 2865 2104 2921 Scio
2138 2878 2205 2933 te,
2250 2868 2445 2936 inquit,
2499 2870 2594 2921 hoc
2626 2870 2804 2921 crebro
2833 2871 3168 2937 scripturum,
3212 2870 3343 2923 Ecce
3370 2871 3460 2921 tibi
3503 2880 3550 2924 et

1982 2957 2119 3011 alius
2144 2960 2275 3011 venit
2302 2956 2605 3026 Cappadox.
2638 2958 2833 3012 Multos
2863 2976 3105 3028 namque,
3131 2969 3277 3028 puto,
3302 2961 3550 3014 missurus

1982 3064 2055 3101 es.
2089 3047 2333 3102 Nondum
2365 3062 2493 3115 ergo
2530 3048 2729 3102 multos
2779 3049 3005 3102 miserat.
3051 3049 3296 3113 Basilius,
3332 3052 3424 3103 sed
3450 3050 3553 3103 ini-

1830 3200 1881 3239 θ·
1908 3163 1951 3221 C
1988 3139 2117 3192 tium
2150 3139 2382 3193 ducebat
2426 3139 2677 3193 mittendi
2712 3150 2764 3193 et
2795 3141 3090 3194 scribendi.
3122 3143 3189 3193 At
3212 3141 3255 3194 si
3282 3149 3422 3194 tanta
3454 3140 3553 3195 fuit

1985 3231 2238 3285 Basilium
2263 3232 2405 3287 inter
2441 3244 2495 3286 et
2522 3230 2812 3285 'Libanium
2850 3233 3216 3295 necessitudo,
3252 3243 3449 3301 quanta
3485 3246 3553 3287 ex

1986 3322 2071 3377 his
2102 3322 2294 3377 litteris
2343 3324 2691 3391 perspicitur,
2745 3325 2832 3377 vix
2869 3324 3127 3379 credibile
3171 3335 3254 3379 est
3294 3334 3409 3378 tum
3458 3325 3555 3378 de-

1989 3431 2131 3469 mum
2164 3416 2303 3469 inter
2331 3430 2424 3469 eos
2454 3415 2726 3469 silentium
2771 3418 2943 3486 rumpi
2974 3416 3226 3486 coepisse,
3257 3432 3378 3471 cum
3402 3417 3557 3470 Basi-

1986 3506 2091 3562 lius
2112 3506 2439 3562 sacerdotio
2462 3506 2796 3578 fungeretur,
2835 3509 2884 3566 id
2918 3518 3019 3571 est,
3053 3507 3209 3562 anuis
3240 3522 3427 3560 novem
3464 3515 3559 3560 aut

1986 3597 2172 3652 decem
2204 3607 2323 3667 post
2369 3598 2554 3652 Basilii
2584 3600 2812 3652 reditum
2856 3602 2906 3653 in
2954 3599 3367 3670 Cappadosiain.
3420 3595 3556 3662 Hoc,

1988 3689 2229 3757 inquam,
2262 3688 2351 3741 vix
2386 3688 2645 3741 credibile
2679 3698 2782 3749 est,
2820 3703 2881 3742 ac
2908 3699 3166 3757 praeterea
3200 3701 3399 3758 pugnat
3430 3702 3555 3743 cura

1987 3780 2089 3833 alia
2139 3781 2384 3848 epistola,
2434 3782 2483 3833 in
2534 3796 2637 3849 qua
2678 3780 2940 3835 Basilium
2997 3781 3270 3833 laudatum
3322 3780 3556 3835 vidimus

1988 3873 2129 3941 quod
2160 3873 2306 3939 prior
2349 3872 2679 3940 scripsisset,
2708 3881 2843 3936 tum,
2875 3887 2995 3924 cum
3021 3871 3442 3925 adolescentium
3474 3873 3552 3925 iu«

1990 3963 2378 4016 stituendorum
2412 3978 2607 4015 munus
2636 3962 2986 4030 suscepisset,
3012 3962 3081 4014 'id
3127 3970 3211 4014 est
3240 3971 3362 4015 octo
3400 3961 3556 4016 annis

1988 4062 2270 4120 antequam
2294 4054 2572 4122 presbyter
2596 4051 2766 4106 ﬁeret.

2058 4189 2327 4243 Praeterea
2364 4204 2429 4242 ex
2458 4188 2682 4256 epistola
2719 4188 2822 4242 545
2855 4188 3121 4258 colligitur
3146 4189 3425 4242 Libauiuni
3458 4190 3561 4241 Ba-

1986 4281 2092 4338 sitii
2128 4279 2561 4348 condiscipulum
2611 4280 2818 4347 fuisse;
2865 4281 2981 4349 ipse
3010 4295 3135 4334 vero
3171 4281 3411 4349 magistri
3440 4296 3559 4332 mu-

1988 4389 2088 4428 nus
2136 4374 2457 4427 sustinuisse
2497 4389 2553 4427 se
2605 4374 2807 4427 indicat
2860 4374 2911 4425 in
2960 4374 3119 4441 epist.
3162 4373 3286 4426 555.
3322 4370 3454 4423 Nam
3506 4373 3557 4424 in

923 4507 1128 4577 υίειοιες
1155 4515 1207 4560 ει
1235 4521 1357 4561 cum
1399 4505 1581 4559 ansam
1822 4509 1878 4554 ει
1910 4515 1952 4569 ι)
1989 4466 3255 4577 ’δὲὶπτιῑτιξξςξξιιὶτέῖξτέξῑν.ξέιπιι,ῑτῐ,ιῖτῖεξ³ίξ’ῑὶίξξιξ
3276 4478 3559 4577 iis:

1986 4572 2105 4611 eum
2145 4556 2343 4611 Basilio
2395 4567 2727 4619 versaretur,
2781 4570 3011 4623 eumque
3044 4563 3257 4624 rogaret
3293 4566 3350 4607 ut
3384 4569 3443 4607 se
3473 4555 3556 4604 in-

1985 4649 2297 4702 troduceret
2328 4648 2378 4700 in
2423 4646 2746 4714 profundum
2797 4644 3067 4699 llomerici
3109 4645 3328 4709 furoris,
3366 4644 3416 4695 id
3453 4646 3556 4694 iiii-

1985 4750 2199 4809 petrare
2254 4756 2357 4793 non
2392 4740 2644 4808 potuerit.
2688 4739 2741 4791 In
2775 4738 2943 4791 altera
3003 4746 3180 4789 autem
3217 4735 3394 4788 Basilii
3430 4750 3559 4788 ora-

1983 4834 2185 4886 tionem
2227 4842 2413 4884 contra
2453 4830 2697 4884 ebriosos
2731 4832 2804 4883 sie
2840 4830 3047 4883 extollit
3084 4828 3348 4893 laudibus,
3395 4837 3453 4881 ut
3500 4842 3561 4883 se

1991 4924 2117 4975 talia
2153 4923 2297 4975 illum
2328 4938 2431 4975 non
2470 4923 2720 4976 docuisse
2748 4923 2999 4974 fateatur.
3036 4918 3298 4972 Videntur
3332 4935 3461 4987 ergo
3480 4921 3560 4972 hie

1991 5013 2171 5067 Basilii
2206 5014 2269 5065 ad
2311 5012 2596 5066 Libaniiini
2630 5023 2684 5066 et
2728 5011 2939 5065 Libanii
2986 5011 3051 5063 ad
3082 5010 3337 5063 Basilium
3371 5009 3564 5064 litterae

1993 5104 2046 5158 in
2084 5105 2321 5155 maxime
2350 5101 2529 5155 dubiis
2557 5104 2835 5169 ponendae.

2062 5237 2151 5293 1V.
2181 5240 2285 5293 Sex
2328 5246 2637 5306 sequentes,
2671 5245 2727 5287 ut
2773 5224 3056 5286 manifeste
3091 5230 3309 5298 spuriie,
3353 5228 3419 5281 ab
3452 5243 3570 5281 om-

1992 5332 2148 5387 nibus
2183 5329 2395 5398 explodi
2432 5328 2651 5393 debent,
2701 5325 2746 5378 si
2788 5335 2965 5378 tamen
3013 5321 3250 5389 excipias
3301 5319 3566 5380 ultimam,

1994 5438 2157 5492 quam
2193 5420 2571 5474 'l‘illeinontius
2615 5433 2721 5472 non
2750 5416 2969 5471 omnino
3003 5413 3348 5481 rejieiendam
3392 5418 3564 5478 putat,

1995 5511 2245 5581 quamvis
2274 5510 2413 5563 illius
2445 5508 2683 5563 rationes
2704 5520 2812 5583 non
2841 5504 2990 5560 valde
3024 5500 3324 5572 probabiles
3349 5498 3479 5564 sint,
3509 5502 3570 5550 ut

2078 5709 2144 5779 (c)
2174 5709 2269 5775 Ep.
2307 5708 2430 5779 552.

2075 5782 2149 5850 (ά)
2179 5780 2273 5847 Ep.
2300 5778 2422 5833 556.
