4040 6216
1670 338 1825 393 νιτΑ
1864 341 1920 393 S.
1963 341 2232 398 BASILII.

3453 362 3578 405 οικι

326 453 621 511 esosculari
658 468 766 507 non
825 453 1019 522 possit.
1051 452 1401 508 Caesariensis
1446 455 1700 509 Ecclesia:
1747 467 1897 512 tanto
1926 462 1971 517 A
1997 461 2202 519 modus.
2236 470 2343 513 tum
2381 461 2539 514 etiam
2586 459 2651 513 ad
2689 458 3004 530 loquendum
3035 458 3248 511 minime
3275 469 3577 527 promptum

326 555 640 600 ornamento
669 543 917 611 spoliatae
964 542 1198 596 solitudo
1242 544 1339 612 (α),
1384 545 1741 612 spectaculum
1786 554 1904 597 erat

322 638 581 705 Gregorio
613 635 961 689 Nazianzeno
997 649 1217 702 prorsus
1247 634 1605 688 intolerabile.
1627 635 1740 701 Ipse
1775 648 1903 688 vero

325 738 566 781 mortuus
598 742 666 780 ex
724 728 901 778 media
955 736 1108 793 parte
1157 736 1208 778 et
1242 727 1507 779 dissectus
1547 726 1651 780 sibi
1683 726 1902 778 videba-

324 832 410 874 tur
445 821 543 887 (b),
587 818 789 873 amisso
828 820 918 871 tali
955 820 1124 877 soeio,
1156 833 1184 869 a
1219 834 1324 885 quo
1353 819 1515 870 etiam
1560 834 1653 885 per
1680 827 1900 869 noctur-

321 926 420 964 nas
449 912 708 972 visiones,
735 920 790 961 ut
824 910 951 963 olim
982 925 1102 962 eum
1132 912 1355 971 viveret,
1401 912 1794 963 admonebatur
1847 918 1902 961 et

321 1004 711 1070 castigabatur,
739 1003 782 1055 si
819 1001 946 1070 quid
980 1001 1197 1053 fecisset
1224 1002 1396 1053 minus
1421 1002 1635 1053 decore.
1671 1000 1899 1054 Carmen

321 1093 549 1147 funebre
582 1094 866 1147 duodecim
901 1095 970 1161 (c)
996 1132 1010 1155 ,
1038 1103 1097 1145 ut
1128 1093 1525 1168 ipse.appellat,
1551 1092 1904 1161 epigramma-

321 1187 411 1238 tiis
430 1193 712 1247 constans,
751 1185 831 1237 sui
875 1186 926 1236 in
958 1183 1211 1237 Basiliam
1260 1184 1459 1234 amoris
1497 1192 1899 1235 monumentum

323 1292 445 1330 esse
471 1277 659 1329 voluit.
698 1276 805 1330 Sed
841 1276 1010 1329 multo
1043 1278 1259 1329 uberius
1294 1275 1562 1328 desiderio
1599 1290 1695 1327 suo
1737 1275 1899 1328 satis-

324 1367 479 1431 fecit,
515 1383 639 1421 cum
681 1383 930 1421 reversus
959 1367 1423 1433 ConstantinOpoli
1459 1366 1510 1418 in
1556 1365 1754 1419 Basilio
1780 1365 1899 1418 exi-

320 1460 430 1511 mia
468 1459 716 1511 oratione
744 1457 1008 1509 laudando
1038 1472 1229 1510 onmes
1265 1456 1463 1526 ingenii
1498 1465 1553 1509 et
1580 1455 1899 1523 eloquentia:

322 1554 467 1602 vires
526 1550 784 1619 profudit.
819 1550 1075 1602 Testatur
1111 1548 1187 1617 (ιι)
1229 1548 1337 1615 jam
1374 1548 1569 1601 multos
1598 1548 1807 1617 publice
1838 1561 1900 1600 ac

321 1642 577 1707 privatim
636 1640 738 1693 hoc
796 1638 1047 1692 laudandi
1086 1638 1267 1691 Basilii
1310 1652 1534 1691 munere
1583 1637 1897 1706 perfunctos

325 1728 513 1781 fuisse.

392 1818 682 1872 Prmclaris
714 1818 870 1871 etiam
898 1819 1232 1873 orationibus
1257 1819 1540 1872 laudarunt
1568 1818 1625 1872 S.
1651 1818 1899 1887 Ephrarm
1933 1810 1974 1866 Β

321 1924 376 1968 et
425 1926 647 1968 sanctus
706 1913 997 1982 Gregorius
1051 1914 1344 1985 Nyssenus.
1395 1912 1539 1966 Nihil
1593 1914 1767 1966 dicam
1837 1912 1903 1967 de

322 2006 801 2073 S.Amphilocitio,
819 2008 900 2057 cui
922 2008 1096 2059 oratio
1124 2004 1434 2058 attribuitur
1460 2005 1511 2057 itt
1534 2016 1778 2057 sanctum
1797 2002 1901 2056 Ba-

322 2099 503 2152 siliam
534 2097 653 2165 ipso
686 2096 1129 2150 Circumcisionis
1162 2097 1245 2150 die
1279 2097 1644 2159 pronuntiata,
1674 2111 1779 2164 quo
1804 2096 1904 2149 Ba-

324 2191 486 2244 silius
530 2191 780 2257 migravit
830 2190 880 2240 in
926 2188 1143 2242 ctelum.
1194 2187 1318 2241 Iltec
1353 2188 1548 2251 oratio,
1602 2188 1783 2241 itidem
1848 2196 1904 2241 ut

325 2291 532 2350 septem
575 2281 692 2334 alia:
724 2297 753 2333 a
791 2280 1115 2334 Combelisio
1159 2281 1257 2333 sub
1291 2280 1652 2347 Amphilochii
1686 2279 1905 2335 nomine

324 2372 379 2424 in
411 2372 585 2425 lucem
616 2372 797 2435 editm,
831 2371 1075 2439 pluribus
1111 2371 1324 2425 videtur
1380 2387 1484 2424 non
1540 2372 1903 2424 certissimum

324 2481 448 2519 esse
481 2476 908 2524 monumentum,
929 2465 1177 2531 quamvis
1208 2480 1310 2517 non
1345 2472 1450 2516 tam
1476 2463 1761 2515 manifeste
1781 2478 1903 2529 Spu-

326 2560 404 2610 ria
460 2556 551 2619 sit,
586 2570 745 2623 quam
802 2556 984 2608 Basilii
1037 2554 1152 2607 Vita
1198 2554 1370 2609 eidem
1402 2552 1575 2607 aIIicta
1622 2553 1902 2621 Amphilo-

326 2647 470 2699 chio.

397 2738 464 2791 ll.
494 2738 681 2791 Sancti
719 2736 903 2790 Basilii
937 2736 1163 2807 eIIigiem
1214 2735 1294 2790 sic
1347 2736 1670 2803 descriptam
1706 2734 1905 2803 reperit

325 2830 589 2884 Baronitrs
623 2831 693 2897 te)
726 2834 773 2883 in
800 2845 1068 2898 anonymo
1101 2828 1391 2882 Vaticano:
1426 2828 1647 2897 Magnus
1670 2827 1902 2881 Basilius

324 2936 541 2987 procero
565 2917 663 2985 [ait
694 2920 875 2971 habitu
906 2919 1138 2984 corporis
1166 2928 1213 2970 et
1247 2928 1405 2980 recto,
1429 2918 1621 2978 siccus,
1647 2918 1859 2986 gracilis
1883 2934 1902 2981 ;

325 3012 471 3064 color
493 3010 611 3079 ejus
654 3012 853 3078 fuscus,
894 3010 1063 3062 vultus
1112 3018 1430 3075 temperatus
1465 3010 1685 3077 pallore,
1722 3008 1900 3077 justus

326 3121 506 3167 nasus,
541 3105 823 3171 supercilia
854 3104 904 3156 in
926 3101 1098 3163 orbem
1122 3103 1313 3171 inﬂexa
1340 3112 1383 3154 et
1410 3104 1671 3165 adducta;
1700 3103 1903 3169 cogita-

328 3198 501 3251 bundo
530 3197 720 3250 similis
752 3196 875 3264 fuit,
910 3212 1091 3263 pauca:
1119 3196 1170 3248 in
1200 3195 1341 3248 vultu
1376 3210 1539 3262 rugas,
1568 3211 1739 3262 eraque
1764 3196 1903 3245 reni-

327 3291 528 3353 dentes,
563 3306 709 3359 gence
738 3288 992 3356 oblongaz,
1014 3299 1242 3355 tempora
1270 3288 1593 3357 aliquantum
1611 3303 1758 3351 cava,
1777 3303 1903 3355 pro-

328 3381 492 3433 missa
516 3381 679 3432 barba
702 3390 749 3432 et
788 3379 1063 3431 mediocris
1096 3378 1328 3431 canities.

398 3473 550 3525 Illius
585 3472 750 3524 animi
780 3470 976 3536 eﬂigies
1004 3484 1069 3521 ex
1102 3471 1260 3523 rebus
1286 3470 1469 3538 gestis,
1504 3483 1642 3537 quas
1677 3483 1903 3521 enarra-

330 3581 389 3619 re
411 3565 594 3618 conati
627 3579 835 3626 smnus,
872 3563 1005 3616 satis
1026 3562 1367 3630 perspicitur.
1400 3561 1517 3630 Ipse
1552 3576 1678 3614 vero
1704 3561 1902 3615 sesein

330 3656 551 3723 scriptis
582 3670 646 3707 ac
684 3654 979 3722 przesertim
1010 3654 1064 3705 in
1108 3652 1348 3720 epistolis
1380 3651 1604 3704 mirifice
1644 3651 1902 3720 depingit.

333 3748 479 3802 Illius
525 3750 767 3819 gravitas
795 3756 848 3801 et
893 3745 1196 3800 constantia
1234 3742 1504 3797 nonnullis
1537 3743 1707 3796 fastus
1734 3753 1789 3796 et
1824 3758 1908 3795 su-

331 3843 517 3911 perbia
554 3856 677 3895 esse
712 3842 1014 3899 videbatur,
1045 3838 1137 3889 sed
1166 3837 1498 3890 demonstrat
1527 3834 1817 3904 Gregorius
1838 3832 1905 3901 (Γ)

332 3936 606 3987 neminem
650 3934 717 3986 ab
740 3934 842 3986 hoc
873 3932 1001 3987 vitio
1034 3930 1201 3999 magis
1231 3928 1463 3981 alienum
1494 3926 1694 3993 fuisse,
1747 3941 1905 3993 quant

332 4024 611 4087 Basiliam,
664 4025 754 4093 qui
782 4039 848 4077 ne
893 4024 1132 4092 leprosos
1161 4021 1373 4089 quidem
1414 4017 1715 4072 deosculari
1759 4017 1908 4069 dedi-

332 4119 622 4184 gnabatur.
665 4116 794 4168 Erat
848 4114 989 4167 illius
1021 4114 1281 4167 severitas
1326 4127 1533 4164 summa
1577 4109 1908 4177 benignitate

336 4218 634 4278 temperata
666 4207 736 4277 (p.
772 4206 918 4275 56f),
953 4207 1026 4259 ita
1074 4215 1131 4259 ut
1166 4206 1308 4258 illius
1345 4203 1425 4257 vel
1461 4202 1738 4271 pertenuis
1769 4201 1909 4253 risus

333 4301 573 4356 laudatio
602 4311 764 4368 esset,
791 4310 845 4354 et
872 4300 1141 4355 silentium
1168 4296 1491 4366 objurgatio.
1539 4294 1654 4348 Non
1703 4293 1909 4360 lepidus

336 4396 559 4462 quidam
600 4406 741 4454 erat,
763 4404 815 4446 et
838 4394 1044 4446 facetus
1069 4388 1639 4443 autcircutnforaneus
1668 4403 1679 4437 :
1709 4384 1799 4437 sed
1831 4394 1882 4436 ta

2002 568 2130 615 esse,
2194 556 2282 605 sed
2336 553 2701 622 utplurimum
2763 552 3170 621 cogitabundum
3228 561 3385 622 atque
3435 553 3577 606 intro

2002 643 2271 695 collectum
2306 644 2377 713 (id
2398 644 2533 712 quod
2554 643 2704 696 multi
2732 660 2834 696 non
2859 652 2991 697 recte
3014 644 3304 703 imitantes,
3333 659 3424 695 nec
3452 646 3575 695 ani-

2003 737 2405 799 maduertentes,
2442 737 2495 788 in
2541 737 2777 787 odiosam
2820 735 3103 803 quamdam
3131 735 3395 786 tristitiam
3442 735 3575 786 inci-

2001 827 2244 895 derunt);
2276 830 2426 880 vestis
2452 827 2607 879 etiam
2637 843 2819 895 genus,
2855 838 2899 877 et
2928 826 3105 877 lectuli
3136 827 3349 891 species,
3386 835 3432 878 et
3474 825 3575 878 cibi

2000 920 2241 971 sumendi
2280 919 2464 970 modus
2500 931 2761 985 :quorum
2802 916 2929 967 nihil
2952 916 3039 967 ille
3072 916 3249 967 dedita
3286 932 3460 981 Opera,
3484 916 3573 967 sed

2000 1012 2306 1079 simpliciter
2328 1029 2387 1063 at:
2415 1010 2636 1079 fortuito
2669 1010 2969 1077 factitabat.
3008 1009 3081 1059 Ac
3117 1009 3307 1059 multos
3326 1008 3433 1074 iam
3468 1006 3574 1058 Ba-

2000 1104 2148 1156 silios
2189 1105 2353 1169 specie
2386 1112 2532 1155 tenus
2571 1103 2745 1156 videre
2785 1100 2928 1164 licet,
2972 1111 3179 1153 statuas
3237 1102 3483 1151 nimirum
3518 1098 3573 1151 in

2003 1194 2235 1259 umbris;
2276 1195 2498 1245 multum
2539 1194 2674 1244 enim
2714 1191 2869 1258 fuerit
2901 1191 2943 1241 si
2991 1190 3255 1256 repetitam
3288 1186 3463 1241 Eclms
3482 1206 3574 1241 vo-

2003 1303 2109 1338 cem
2135 1303 2243 1339 esse
2265 1286 2469 1338 dixero.
2494 1284 2632 1338 Nam
2661 1283 2752 1335 illa
2783 1282 3016 1349 quamvis
3044 1292 3353 1345 postremam
3378 1282 3571 1332 dunta—

2001 1386 2089 1429 xat
2124 1377 2263 1428 vocis
2310 1384 2510 1443 partem
2542 1373 2838 1439 expressius
2879 1382 3049 1421 tamen
3067 1368 3253 1437 efﬁngit
3275 1407 3289 1429 ,
3318 1369 3367 1419 lii
3400 1379 3573 1419 autem

2002 1467 2208 1533 longius
2233 1466 2296 1517 ab
2325 1483 2383 1517 eo
2409 1466 2625 1527 distant,
2648 1479 2803 1532 quant
2837 1473 3087 1531 quantum
3119 1461 3362 1512 accedere
3382 1475 3576 1510 concu-

2000 1560 2225 1625 piscunt.
2268 1556 2412 1608 Illud
2439 1572 2553 1609 vero
2581 1572 2681 1607 non
2705 1556 2817 1622 jam
2846 1554 3012 1621 parvi,
3054 1553 3141 1605 sed
3176 1552 3396 1603 maximi
3418 1552 3574 1602 etiam

2001 1646 2244 1698 momenti
2304 1647 2369 1696 ad
2427 1645 2648 1713 gloriam
2719 1642 2859 1693 haud
2917 1641 3172 1693 immerito
3218 1641 3571 1699 existimatur,

2002 1737 2428 1790 consuetudinem
2466 1751 2579 1786 cum
2612 1751 2667 1786 eo
2705 1734 2988 1802 aliquando
3030 1732 3293 1791 habuisse,
3324 1740 3412 1781 aut
3457 1747 3573 1781 eum

2003 1829 2242 1890 coluisse,
2296 1837 2385 1879 aut
2441 1826 2707 1895 quidpiam
2759 1826 2821 1875 ab
2848 1841 2905 1875 eo
2932 1823 3054 1891 joco
3097 1825 3171 1874 vel
3208 1824 3342 1874 serio
3378 1823 3573 1872 dictum

2003 1931 2093 1974 aut
2147 1922 2346 1989 factum
2395 1921 2697 1972 monimenti
2767 1916 2879 1969 loco
2932 1918 3069 1985 ferre
3118 1916 3572 1985 (quemadmodum

2007 2013 2118 2078 ipse
2139 2027 2341 2080 quoque
2371 2026 2450 2062 me
2470 2012 2564 2061 hoc
2590 2008 2793 2059 nomine
2810 2024 2943 2073 sa'pe
2968 2006 3247 2073 gloriatum
3274 2022 3381 2057 esse
3409 2004 3573 2069 scio):

2004 2104 2251 2173 quoniam
2294 2118 2411 2169 qua:
2462 2101 2525 2153 ab
2579 2101 2672 2151 illo
2726 2100 2861 2151 velut
2921 2100 3083 2150 obiter
3132 2097 3346 2162 ﬁebant,
3410 2096 3573 2147 multo

2003 2196 2369 2265 prwstantiora
2423 2202 2596 2256 erant,
2648 2208 2802 2260 quant
2836 2208 2893 2243 ea
2932 2192 2984 2241 in
3025 2190 3213 2258 quibus
3265 2188 3358 2239 alii
3396 2187 3573 2240 elabo-

2005 2301 2144 2343 rant.

2076 2379 2214 2434 Idem
2240 2380 2303 2433 dc
2331 2378 2524 2432 Basilio
2551 2392 2613 2430 ac
2652 2376 2715 2429 de
2765 2375 3007 2445 pluribus
3063 2374 3181 2427 aliis
3215 2372 3575 2427 sanctissimis

2005 2472 2134 2526 viris
2169 2472 2271 2524 dici
2313 2481 2511 2539 potest,
2562 2468 2940 2521 miraculorum
2969 2466 3122 2520 donis
3151 2467 3437 2518 instructos
3481 2479 3575 2516 eos

2006 2580 2109 2617 non
2158 2564 2349 2625 fuisse,
2400 2562 2493 2616 sed
2544 2561 2768 2629 gradum
2814 2561 3137 2621 sanctitatis,
3184 2559 3249 2611 ad
3285 2574 3445 2625 quam
3478 2572 3573 2609 eos

2005 2656 2206 2711 Christi
2240 2655 2412 2724 gratia
2444 2653 2653 2716 evexit,
2688 2651 2858 2716 majus
2893 2653 3157 2718 quoddam
3191 2666 3309 2704 esse
3349 2654 3569 2710 donum,

2007 2764 2163 2816 quam
2201 2746 2437 2813 prodigia
2466 2751 2521 2795 et
2544 2742 2827 2795 tniraCuIa.
2854 2740 3115 2793 Nonnulla
3150 2751 3323 2792 tamen
3353 2740 3417 2792 de
3449 2754 3576 2791 sane

2007 2851 2092 2890 elo
2136 2835 2329 2888 Basilio
2356 2847 2667 2895 narrantur,
2703 2847 2822 2898 qua:
2854 2831 2903 2883 in
2935 2829 3193 2898 prodigiis
3219 2836 3272 2880 et
3299 2828 3576 2880 miraculis

2009 2929 2276 2983 numerari
2317 2929 2567 2981 debeant.
2610 2924 2810 2977 Praeter
2836 2938 2896 2977 ea
2921 2962 2935 2985 ,
2969 2937 3086 2991 qua:
3118 2935 3257 2973 anno
3287 2919 3392 2972 ’572
3425 2929 3573 2987 gesta

2006 3023 2309 3085 retulimus,
2338 3035 2458 3071 cum
2494 3018 2685 3071 Valens
2721 3018 2979 3070 Caesarea?
3016 3022 3320 3068 versaretur
3342 3052 3359 3078 ,
3393 3019 3577 3064 narrat

2014 3114 2311 3182 Gregorius
2347 3111 2616 3181 Nyssenus
2650 3108 2721 3177 (g)
2754 3109 2869 3176 eius
2920 3107 3170 3175 precibus
3207 3106 3435 3157 imbrem
3498 3103 3576 3157 'Ii-

2010 3208 2209 3260 vinitus
2282 3219 2595 3257 com-essunt
2646 3200 2857 3264 fuisse,
2930 3214 3050 3251 cum
3110 3198 3330 3251 siccitas
3382 3197 3577 3251 hiemis

2009 3297 2206 3351 nullam
2228 3310 2375 3364 spem
2398 3293 2605 3363 frugum
2634 3291 3255 3359 relinlinere-videretur:
3276 3304 3336 3341 ac
3358 3288 3431 3358 (p.
3452 3288 3577 3359 493')

2011 3404 2076 3443 eo
2101 3380 2576 3454 noctu'aliquaudo
2612 3394 2821 3447 orante,
2862 3388 3079 3437 domum
3117 3382 3402 3452 aﬂ‘ulgente
3444 3383 3565 3436 divi-

2007 3481 2153 3534 nitus
2182 3478 2412 3547 quodam
2453 3476 2654 3528 lumine
2689 3474 2984 3527 refulsisse.

2081 3573 2202 3625 Dies
2235 3568 2405 3622 festus
2426 3570 2595 3621 sancti
2627 3567 2811 3619 Basilii
2842 3581 2945 3618 non
2982 3563 3147 3617 multo
3178 3574 3299 3633 post
3341 3564 3457 3632 ejus
3484 3564 3577 3618 ob-

2008 3664 2139 3716 itum
2201 3661 2521 3714 celebratus.
2566 3657 2820 3710 Testatur
2869 3656 3011 3708 enim
3062 3654 3351 3722 Gregorius
3384 3651 3576 3722 Nysso—

2007 3771 2107 3809 nus
2133 3755 2207 3825 (p.
2242 3752 2363 3821 479)
2394 3752 2532 3803 diem
2566 3748 2756 3802 festum
2786 3747 2854 3800 dc
2887 3747 3028 3800 illius
3062 3747 3277 3798 nomine
3308 3755 3429 3813 post
3474 3743 3573 3795 Na-

2008 3848 2112 3901 tale
2140 3845 2369 3908 Domini,
2399 3854 2451 3898 et
2490 3842 2731 3895 natalitia
2778 3840 2947 3894 sancti
2981 3837 3275 3906 Stephani,
3310 3836 3577 3899 S.'Petri,

2010 3940 2067 3995 S.
2101 3939 2305 4001 Jacobi,
2344 3938 2399 3990 S.
2419 3934 2642 3989 Joannis
2674 3932 2805 3987 etS.
2837 3930 2982 3983 Pauli
3016 3942 3325 3983 occurrere.
3349 3926 3578 3994 Amphio

2008 4032 2237 4094 l0t'bllIS,
2276 4038 2331 4081 ut
2356 4027 2465 4094 jam
2518 4026 2769 4086 diximus,
2797 4038 2889 4076 seu
2925 4020 3103 4089 quivis
3154 4018 3289 4071 alius
3319 4017 3579 4070 orationis

2010 4142 2169 4193 supra
2207 4124 2362 4177 dicta:
2410 4129 2619 4185 auctor,
2673 4118 2865 4171 festum
2911 4112 3083 4166 sancti
3118 4110 3299 4165 Basilii
3339 4110 3425 4162 die
3464 4107 3578 4161 Cir-

2008 4214 2355 4269 cumcisionis
2388 4212 2441 4264 in
2500 4209 2752 4265 omnibus
2800 4207 2950 4260 orbis
2988 4216 3255 4258 terrarum
3289 4202 3421 4256 locis
3442 4199 3578 4255 cele-

2010 4307 2152 4361 brari
2180 4307 2372 4360 docet:
2406 4307 2548 4373 quod
2585 4304 2800 4373 quidem
2834 4302 2900 4353 de
2934 4298 3127 4351 vicinis
3160 4296 3467 4365 regionibus
3496 4296 3566 4347 in-

2013 4408 2339 4469 terpretatur
2384 4396 2781 4452 Tillemontius.
2837 4395 2980 4447 Idem
3020 4408 3136 4446 mos
3190 4389 3327 4457 apud
3367 4387 3579 4442 Graecos

337 4503 463 4540 men
502 4488 697 4539 fatetur
723 4484 1015 4553 Gregorius
1060 4483 1325 4536 neminem
1360 4480 1412 4533 in
1444 4479 1673 4531 canibus
1712 4476 1909 4544 jucun-
1940 4521 1984 4575 Ι)
2014 4492 2400 4563 perseveravit,
2466 4506 2562 4544 “ec
2607 4488 2790 4542 Basilii
2838 4485 3033 4539 feslum
3090 4498 3119 4536 a
3168 4479 3578 4535 circumcisione

338 4580 549 4633 diorem
591 4578 724 4630 etin
764 4577 1031 4629 narrando
1066 4574 1395 4627 festiviorem
1442 4570 1761 4623 exstitisse:
1812 4582 1904 4618 ne-

340 4673 542 4725 minem
584 4670 635 4723 in
658 4670 889 4737 iocando
917 4669 1242 4737 argutioretn
1272 4672 1328 4720 et
1366 4664 1415 4716 in
1441 4660 1772 4731 objurgando
1828 4658 1908 4711 lea

340 4765 576 4817 niorem.
1307 4771 1316 4778 ”

414 4853 497 4908 III.
543 4853 752 4917 Quanta
791 4850 1098 4905 exstiterint
1138 4849 1202 4903 de
1233 4847 1435 4901 Basilio
1472 4846 1748 4900 hominum
1774 4841 1914 4911 judi-

342 4942 428 4998 cia
459 4942 713 5011 praeclare
744 4939 1036 5009 Gregorius
1064 4940 1147 4992 his
1180 4936 1360 4991 verbis
1410 4946 1661 4989 testatum
1694 4934 1911 5000 reliquit

344 5034 419 5105 (p.
446 5035 573 5103 5'70)
607 5050 621 5085 :
656 5032 824 5085 Tanta
856 5032 1042 5099 ipsius,
1076 5030 1269 5096 inquit,
1290 5029 1451 5081 virtus
1484 5026 1763 5095 gloria’que
1787 5041 1915 5089 pra:-

343 5126 543 5177 stantia
562 5122 687 5190 fuit,
707 5129 765 5173 ut
796 5121 956 5171 multa
980 5120 1137 5171 etiam
1164 5133 1227 5171 ex
1246 5120 1422 5185 parvis
1450 5115 1589 5166 illius
1608 5113 1911 5175 virtutibus,

345 5225 501 5283 atque
516 5216 647 5266 adeo
674 5228 740 5265 ea:
768 5210 1029 5276 corporeis
1047 5208 1333 5277 defectibus
1360 5206 1422 5258 ab
1447 5205 1567 5256 aliis
1596 5204 1662 5255 ad
1694 5203 1915 5271 gloriam

348 5307 674 5374 nominisque
729 5302 1024 5356 claritatem
1079 5299 1371 5366 parandam
1441 5295 1736 5362 excogitata
1790 5294 1917 5345 sint.

346 5395 509 5465 Cujus
538 5396 743 5465 generis
786 5404 931 5460 sunt,
978 5391 1171 5461 pallor,
1218 5389 1402 5456 barba,
1441 5394 1611 5440 certus
1647 5383 1919 5438 incedendi

418 5554 494 5625 (ᾳ)
521 5552 651 5606 Naz.
686 5551 892 5625 ep._?_i7.

515 5625 646 5695 δίη.
666 5621 864 5695 οιξβι.

411 5691 484 5824 5:)
507 5694 695 5748 Carm.
719 5691 812 5747 65.

474 5770 487 5827 )
514 5764 612 5824 0r.
634 5763 723 5821 20.

2017 4585 2358 4653 disjungitur.
2394 4583 2545 4652 Apud
2576 4582 2796 4635 Latinos
2833 4580 2974 4632 illius
3010 4591 3154 4630 mors
3182 4581 3475 4626 aunotatur
3518 4571 3578 4623 ac

2018 4676 2158 4729 diem
2234 4674 2673 4729 Circuntcisiouis
2728 4672 2783 4726 in
2832 4668 3209 4738 tllartyroloyio
3263 4664 3485 4719 Usuardi
3531 4670 3579 4715 et

2019 4769 2139 4823 aliis
2180 4769 2593 4837 posterioribus.
2629 4767 2697 4819 At
2744 4767 2859 4820 dies
2912 4764 3079 4816 festus
3135 4759 3377 4813 dill'ertur
3416 4772 3577 4824 usque

2021 4863 2087 4916 ad
2121 4862 2263 4916 diem
2290 4860 2356 4913 I4
2382 4860 2549 4924 Junii,
2586 4876 2692 4929 quo
2726 4859 2811 4911 die
2868 4857 3060 4909 festum
3093 4852 3272 4906 Basilii
3310 4864 3451 4904 nono
3488 4864 3577 4902 sa:-

2018 4954 2138 5009 culo
2172 4954 2433 5009 celebrari
2479 4954 2695 5008 solitum
2744 4952 2909 5003 fuisse
2932 4965 2993 5001 ex
3049 4946 3297 5001 Usuardo
3328 4943 3574 5012 perspici-

2021 5060 2157 5100 IDUS.

2590 5132 2815 5189 CAPUT
2849 5130 2984 5185 XLI.

2022 5247 2063 5302 I.
2094 5246 2303 5310 Quanta
2339 5247 2478 5311 apud
2532 5242 2771 5312 antiquos
2810 5244 2979 5299 sancti
3024 5242 3212 5296 Basilii
3244 5256 3455 5312 operum
3498 5240 3567 5290 ad

2092 5318 2325 5373 miratio.
2372 5316 2436 5369 Il.
2495 5316 2566 5368 De
2602 5311 2777 5368 navem
2836 5313 3063 5367 homilits
3097 5314 3152 5365 in
3208 5311 3568 5363 Hexaemeron

2094 5384 2177 5439 III.
2215 5385 2291 5439 De
2318 5388 2480 5439 tribus
2506 5386 2735 5440 [comitiis
2780 5400 2894 5475 qua:
2939 5395 3058 5438 sunt
3098 5384 3161 5437 de
3198 5380 3422 5434 hominis
3452 5392 3565 5433 stru

2096 5542 2167 5680 (ἢ
2208 5542 2284 5595 Ad
2316 5556 2401 5594 an.
2432 5542 2557 5596 578.

2099 5618 2115 5678 (
2208 5612 2338 5666 Naz.
2368 5626 2449 5664 or.
2472 5611 2557 5665 20.

2099 5611 2167 5678 (Ι)
2208 5612 2338 5666 Naz.
2368 5626 2449 5664 or.
2472 5611 2562 5665 20.

2103 5685 2177 5753 (g)
2218 5682 2313 5739 0r.
2349 5680 2403 5735 in
2430 5680 2591 5736 Basil.
