4040 6216
483 330 572 372 2ιεί
585 333 622 371 Il

548 444 714 486 ctura.
751 431 839 485 IV.
870 432 942 485 De
961 430 1191 485 homiliis
1225 431 1280 485 in
1317 429 1580 485 Psalmos.
1613 428 1676 482 V.
1709 428 1783 484 De
1827 432 2053 484 nonnul-
2078 439 2126 495 Α

547 504 611 554 lis
652 503 706 556 in
751 500 1306 570 Psalmosﬂltomiliis.
1351 516 1469 570 qua
1509 501 1700 567 spuria?
1748 513 1836 552 aut
1877 503 2051 555 dubia:

547 573 932 625 existimantur.
988 569 1074 622 Vl.
1105 570 1180 622 De
1225 570 1352 621 locis
1403 570 1690 631 nonnullis.
1720 586 1837 632 qua:
1875 572 1929 623 in
1949 584 2053 640 {ge-

548 643 739 695 nuinas
760 639 1004 693 homilias
1045 648 1225 693 assuta
1259 640 1509 692 dicuntur
1532 640 1715 705 fuisse.
1883 655 1891 662 '

545 790 587 844 1.
628 792 931 859 Antequam
965 790 1092 845 huic
1117 790 1527 860 pertractationi
1565 790 1723 845 linem
1756 791 2050 860 imponam,

473 882 708 936 breviter
727 884 1059 938 recensenda
1094 884 1264 938 sancti
1295 883 1481 937 Basilii
1523 898 1707 953 opera,
1729 900 1793 939 ac
1829 899 2053 954 praeser-

473 973 569 1026 tim
618 973 672 1026 in
727 974 997 1029 nonnullis
1041 975 1421 1029 examinandis
1468 975 1885 1040 immorandum,
1932 990 2053 1044 quas

473 1077 756 1133 perperam
788 1065 836 1117 ei
860 1064 1189 1132 abjudicata.
1227 1064 1331 1119 Sed
1356 1065 1410 1119 in
1445 1065 1637 1134 primis
1658 1077 1860 1134 quanta
1886 1065 2053 1119 fuerit

474 1155 620 1234 illius
651 1155 978 1224 scriptorum
1006 1155 1146 1226 apud
1176 1156 1428 1225 antiquos
1472 1156 1784 1222 admiratio,
1817 1171 1883 1211 ex
1911 1156 2050 1211 Gre-

470 1246 606 1317 gorii
641 1247 948 1302 testimonio
968 1248 1336 1317 spectandum.
1359 1246 1613 1311 Quaznam
1639 1248 1792 1302 hodie
1815 1248 1945 1312 alia,
1972 1249 2053 1301 in-

469 1339 707 1411 quit(a),
744 1340 903 1393 ullius
946 1353 1221 1394 conventus
1254 1340 1439 1394 laetitia
1470 1341 1495 1394 ?
1532 1357 1649 1410 qua:
1699 1343 2050 1395 conviviorum

469 1430 705 1496 voluptas
732 1429 757 1482 Ρ
780 1446 895 1498 qua:
925 1428 1026 1501 fori
1062 1431 1087 1484 7
1123 1446 1238 1497 qua:
1278 1429 1636 1484 Ecclesiarum
1668 1431 1692 1484 1’
1718 1447 1836 1501 quae
1855 1433 2051 1499 princi-

468 1536 592 1588 pum
632 1531 679 1574 et
728 1522 1048 1588 privatorum
1088 1522 1335 1577 deliciae?
1374 1541 1490 1594 qua:
1537 1525 1931 1589 monachorum,
1959 1536 2049 1579 aut

467 1626 646 1663 eorum
690 1611 782 1679 qui
813 1615 1057 1667 societate
1103 1617 1332 1684 gaudent
1359 1617 1382 1668 ?
1408 1633 1525 1681 qum
1568 1633 1780 1681 eorum,
1811 1618 1900 1686 qui
1923 1633 1978 1670 se
2016 1633 2050 1670 a

470 1703 688 1771 negotiis
719 1716 1067 1771 removerunt,
1095 1707 1172 1759 vel
1203 1723 1383 1760 eorum
1423 1710 1511 1778 qui
1547 1709 1602 1761 in
1635 1710 1784 1763 rebus
1810 1708 2046 1779 gerendis

1832 313 2366 370 PROLEGOMENA.

2224 431 2289 487 ll.
2324 432 2404 486 Ex
2427 431 2493 486 iis
2514 444 2634 501 quas
2656 435 2878 485 sanctus
2890 428 3125 490 Basilius
3155 428 3210 483 in
3226 425 3563 497 explicandis
3586 422 3743 480 Scri-

2154 523 2330 590 pturis
2361 521 2696 585 elaboravit,
2730 519 2935 574 nu‘llum
2965 533 3101 588 opus
3143 518 3407 588 majorem
3439 516 3609 571 habet
3637 515 3745 568 ad-

2155 613 2516 679 mirationem,
2552 628 2714 682 quam
2745 626 2934 666 novem
2971 612 3027 664 in
3070 609 3440 664 Hexaemeron
3473 607 3738 662 homilias.

2153 703 2346 771 Quanti
2387 706 2488 758 hoc
2520 718 2655 771 opus
2697 703 2903 759 faceret
2932 701 3329 764 Nazianzenus,
3368 717 3436 755 ex
3478 700 3567 754 his
3613 704 3743 769 quas

2157 795 2316 850 modo
2354 794 2634 849 attulimus
2665 794 2895 865 perspici
2923 803 3119 863 potest.
3151 793 3268 849 Non
3300 794 3513 861 parcior
3547 792 3600 847 in
3636 806 3737 847 eo-

2153 886 2273 940 dem
2303 902 2468 957 opere
2518 887 2790 941 laudando
2819 885 3115 957 Nyssenus,
3146 886 3229 940 vel
3257 886 3436 955 potius
3466 899 3572 940 non
3612 884 3740 940 sine

2152 980 2571 1050 exaggeratione
2602 980 2733 1034 illud
2768 981 2972 1035 laudat.
3009 979 3181 1047 Hujus
3215 977 3589 1033 testimonium
3641 977 3742 1031 ba-

2150 1071 2248 1127 bes
2276 1073 2327 1126 in
2364 1070 2570 1127 Monito
2602 1074 2686 1128 his
2712 1072 2952 1127 homiliis
2979 1072 3221 1142 prazlixo.

2224 1164 2329 1219 Sed
2358 1164 2491 1218 nihil
2525 1166 2591 1219 ad
2643 1165 2806 1234 hujus
2840 1164 3022 1234 operis
3057 1162 3581 1218 commendationem
3610 1161 3741 1217 illu-

2150 1257 2318 1313 strius
2355 1256 2533 1313 aﬂ'erri
2574 1267 2771 1327 potest,
2797 1272 2960 1327 quam
2987 1255 3250 1326 judicium
3287 1255 3462 1310 sancti
3495 1254 3738 1309 Ambro-

2150 1348 2214 1403 sii
2243 1348 2356 1417 qui,
2387 1348 2637 1417 quamvis
2668 1347 2898 1412 Basilio,
2929 1357 2988 1401 ut
3016 1346 3094 1401 ait
3136 1344 3533 1405 Tillemontius,
3583 1341 3738 1396 nulla

2130 1437 2204 1491 .in
2240 1452 2301 1491 re
2322 1441 2560 1502 cederet,
2591 1434 2711 1504 ejus
2743 1444 2923 1489 tamen
2978 1434 3207 1503 vestigia
3236 1445 3483 1501 premere
3511 1427 3738 1483 indeco—

2149 1544 2268 1583 rum
2306 1529 2408 1582 sibi
2443 1542 2564 1582 esse
2592 1531 2700 1581 non
2730 1527 2906 1591 duxit,
2939 1532 3103 1594 atque
3121 1539 3189 1579 ex
3227 1522 3313 1577 his
3337 1536 3527 1606 novem
3550 1517 3738 1575 homi-

2148 1621 2237 1675 liis
2267 1620 2498 1690 plurima
2528 1620 2582 1673 in
2621 1633 2757 1689 opus
2805 1616 2983 1674 simile
3032 1614 3331 1681 transtulit,
3363 1628 3428 1668 ac
3464 1626 3563 1683 pro
3614 1610 3738 1665 suis

2150 1728 2283 1769 usus
2305 1721 2408 1768 est.
2428 1712 2797 1767 Pronuntiata:
2825 1712 3040 1766 fuerunt
3054 1706 3490 1779 Quadragesima:
3521 1714 3737 1774 tempo-

468 1802 739 1846 versantur
770 1794 796 1847 ?
825 1809 941 1859 qua:
987 1811 1168 1850 eorum
1210 1798 1299 1867 qui
1342 1799 1603 1868 profante,
1635 1798 1712 1853 vel
1748 1815 1928 1853 eorum
1959 1800 2052 1869 qui
2085 1790 2128 1846 Β
2158 1819 2218 1858 re
2246 1802 2318 1877 (c)
2350 1819 2365 1856 :
2395 1818 2460 1858 ac
2499 1803 2632 1857 duas
2672 1802 2888 1872 quidem
2935 1802 3146 1871 priores
3189 1800 3376 1856 eodem
3418 1799 3505 1852 die
3539 1796 3738 1854 habuit

467 1895 659 1938 nostra
693 1885 985 1954 disciplina:
1019 1888 1255 1941 studium
1296 1891 1612 1959 proﬁtentur
1640 1892 1665 1945 1’
1697 1889 1817 1946 Una
1861 1901 1910 1946 et
1956 1907 2051 1959 per

464 1975 664 2041 omnia,
688 1986 733 2028 et
772 1978 1003 2029 maxima
1034 1978 1335 2044 oblectatio.
1358 1981 1502 2035 illius
1532 1981 1799 2037 volumina
1823 1992 1870 2037 et
1893 1982 2047 2036 lucu-

464 2064 749 2120 brationes.
776 2065 888 2120 Nec
911 2069 1253 2136 scriptoribus
1290 2074 1507 2125 materia
1538 2073 1651 2127 ulla
1677 2074 1786 2127 alia
1816 2083 1866 2128 et
1901 2075 2048 2142 copia

463 2166 578 2225 post
599 2172 716 2210 eum
739 2168 926 2225 prmter
950 2159 1114 2226 ipsius
1138 2162 1332 2227 scripta
1376 2164 1624 2232 suppetit.
1659 2163 1896 2218 Silentur
1916 2174 2050 2219 vete-

464 2263 550 2312 ra,
572 2263 890 2316 quwcunque
913 2250 966 2301 in
992 2250 1289 2304 divinorum
1317 2253 1651 2307 oraculorum
1681 2254 2049 2324 explanatione

465 2351 497 2388 a
533 2336 843 2403 quibusdam
883 2336 1154 2390 elaborata
1196 2350 1317 2392 sunt
1347 2355 1368 2393 :
1405 2358 1539 2396 nova
1569 2344 1947 2411 pradicantur,
1975 2356 2052 2398 at-

466 2443 562 2498 que
600 2428 646 2481 is
679 2427 820 2497 apud
874 2444 967 2482 nos
1024 2431 1416 2487 eruditissimus
1462 2436 1712 2504 habetur,
1760 2439 1851 2507 qui
1884 2437 2046 2494 libros

466 2521 626 2585 ipsius
651 2535 808 2589 quam
839 2520 1066 2575 maxime
1102 2523 1379 2595 intelligit,
1416 2543 1478 2581 ac
1519 2528 1700 2598 lingua
1726 2539 1918 2596 versat,
1949 2547 2048 2585 au-

466 2614 707 2681 ribusque
738 2611 981 2665 instillat.
1018 2611 1165 2669 Unus
1192 2620 1331 2671 enim
1379 2622 1612 2675 omnium
1641 2621 1755 2677 loco
1791 2625 2046 2679 studiosis

466 2706 532 2758 ad
552 2708 895 2764 eruditionem
921 2714 1331 2783 comparandam
1359 2713 1569 2784 suﬁicit.
1604 2714 1720 2770 Hoc
1744 2726 1950 2772 tantum
1982 2720 2047 2773 de

465 2812 521 2851 to
565 2798 761 2854 dicam.
798 2801 928 2856 Cum
962 2804 1321 2859 Hexaemeron
1354 2806 1498 2860 illius
1550 2808 1605 2860 in
1645 2825 1833 2863 manus
1873 2826 2043 2877 sumo,

465 2895 617 2954 atque
642 2889 695 2942 in
723 2906 811 2944 ore
831 2891 1015 2959 habeo,
1039 2912 1156 2948 cum
1178 2893 1427 2949 Crentore
1465 2895 1776 2968 conjungor,
1809 2916 1871 2953 ac
1908 2918 2048 2956 crea-

465 2976 619 3033 tionis
655 2983 883 3037 rationes
931 3001 1206 3054 cognosco,
1244 2984 1644 3057 Creatoremque
1687 2993 1853 3061 magis
1880 2995 2047 3048 admi-

465 3085 552 3124 ror
572 3089 633 3126 ac
668 3078 923 3145 suspicio,
948 3095 1106 3147 quam
1140 3083 1287 3142 prius
1316 3080 1565 3148 solebam,
1604 3099 1723 3136 cum
1746 3085 1858 3139 solo
1896 3104 2020 3153 aspe

473 3173 560 3215 ctu
603 3166 855 3235 magistro
892 3146 1081 3223 uterer.
1117 3169 1248 3223 Cum
1290 3172 1451 3226 libros
1499 3146 1608 3237 eos,
1639 3174 1825 3244 quibus
1871 3146 2042 3233 Iiwre-
2071 3146 2117 3207 c

465 3252 690 3308 tirorum
747 3259 941 3327 scripta
989 3260 1206 3330 refutat,
1263 3262 1397 3333 lego,
1444 3264 1829 3321 Sodomiticum
1874 3271 2044 3340 ignem

466 3359 618 3399 cerno
643 3364 743 3417 quo
778 3351 1027 3418 improbae
1073 3369 1136 3406 ac
1173 3355 1444 3411 scelerata:
1481 3357 1676 3427 lingua:
1719 3361 1774 3413 in
1819 3362 2043 3416 cinerem

466 3437 792 3506 rediguntur,
829 3452 922 3494 aut
966 3442 1219 3498 Cltalana:
1266 3448 1478 3511 turrim,
1534 3459 1588 3502 ut
1632 3452 1766 3505 male
1810 3464 2048 3506 constru-

465 3540 620 3597 ctam,
648 3533 721 3585 ita
754 3544 891 3587 recte
942 3536 1289 3605 interruptam
1333 3549 1488 3607 atque
1525 3541 1766 3596 deletam.
1796 3541 1927 3595 Cum
1958 3560 2041 3609 ea,

466 3641 576 3695 qua:
606 3624 669 3678 de
703 3622 907 3692 Spiritu
940 3638 1122 3681 sancto
1161 3630 1407 3698 scripsit,
1437 3631 1633 3693 evolvo,
1668 3631 1862 3698 Deum,
1892 3649 2039 3704 quem

465 3718 648 3782 habeo,
696 3719 991 3782 nanciscor,
1032 3720 1299 3774 veritatem
1348 3721 1509 3775 libero
1541 3730 1590 3775 et
1638 3722 1823 3791 ﬁdenti
1863 3726 2041 3778 animo

464 3808 710 3875 praedico,
752 3810 899 3864 illius
939 3810 1173 3865 videlicet
1221 3812 1491 3881 tlteologiw
1526 3825 1680 3883 atque
1726 3812 2046 3886 contempla-

464 3901 592 3955 tioni
615 3903 875 3958 insistens.
907 3901 1038 3957 Cum
1066 3903 1203 3959 alias
1243 3904 1357 3975 ejus
1394 3908 1755 3960 enarrationes
1793 3909 2039 3978 perlego,

464 4009 592 4061 quas
614 3993 702 4058 iis,
737 3995 827 4064 qui
855 3993 1101 4049 itebetiori
1131 3995 1338 4064 ingenio
1365 4008 1486 4051 sunt
1526 3999 1749 4067 explicat
1774 4000 2041 4069 trifariam

465 4083 517 4136 in
549 4083 729 4136 solidis
762 4084 846 4137 sui
891 4085 1083 4139 tabulis
1113 4088 1433 4150 describens,
1459 4104 1518 4141 eo
1564 4089 1824 4156 adducor,
1846 4100 1904 4143 ut
1937 4107 2041 4147 non

464 4173 518 4228 in
543 4183 753 4227 externo
792 4173 983 4229 litterte
1019 4179 1211 4230 cortice
1235 4180 1413 4246 pedem
1439 4179 1621 4249 figam,
1658 4196 1748 4234 nec
1767 4184 2039 4238 verborum

465 4273 667 4319 tantum
696 4266 1020 4334 superﬁciem
1050 4278 1293 4338 spectem,
1338 4272 1428 4324 sed
1461 4271 1681 4325 ulterius
1710 4274 2037 4343 progrediar,

463 4368 617 4429 atque
636 4374 700 4412 ea:
728 4360 991 4428 profundo
1027 4362 1081 4415 in
1125 4362 1447 4431 profundum
1469 4373 1755 4428 transeam,
1792 4368 2039 4436 abyssum

2148 1889 2398 1959 Basilius,
2421 1894 2513 1964 qui
2539 1894 2693 1948 initio
2724 1893 2978 1948 secundae
3003 1898 3395 1947 commemorat
3421 1888 3736 1943 orationem

2150 1989 2429 2045 matutinis
2459 1989 2608 2043 boris
2638 1988 3065 2057 pronuntiatam.
3106 1984 3267 2040 initio
3284 1982 3485 2044 .tertite
3521 1980 3736 2051 pariter

2149 2095 2538 2144 commemorat
2571 2085 2883 2140 hesternam
2915 2082 3369 2152 disputationem;
3398 2079 3491 2134 sed
3543 2084 3730 2130 tamen

2148 2194 2374 2236 necesse
2401 2186 2486 2233 est
2518 2193 2630 2233 uno
2665 2176 2850 2246 aliquo
2879 2175 2967 2230 die
2989 2173 3157 2230 semel
3183 2181 3393 2227 tantum
3432 2167 3730 2224 conciona-

2151 2280 2237 2326 tus
2261 2271 2351 2336 sit,
2385 2272 2500 2326 sive
2533 2270 2713 2340 aliqua
2751 2267 3093 2339 aegritudine,
3121 2266 3235 2321 sive
3281 2259 3733 2331 occupationibus

2148 2362 2418 2417 detentus.
2444 2360 2581 2416 Nam
2611 2362 2713 2416 sub
2764 2358 2927 2414 linem
2952 2366 3162 2413 octavae.
3194 2351 3430 2409 homilias
3458 2348 3734 2420 promittit

2150 2455 2509 2523 vespertinam
2546 2453 2624 2526 (p.
2655 2452 2768 2524 80),
2794 2466 2955 2522 quam
2977 2449 3167 2504 eodem
3197 2446 3302 2510 die,
3345 2454 3586 2514 tempore
3630 2440 3734 2497 ad-

2148 2556 2584 2615 vesperascente,
2623 2544 2858 2601 absolvit
2886 2544 2963 2615 (p.
2991 2541 3103 2615 88).

2219 2638 2475 2694 Basilium
2503 2654 2569 2694 ex
2599 2647 2844 2708 tempore
2888 2633 3200 2691 concionari
3243 2630 3459 2687 solitum
3487 2641 3610 2684 esse
3637 2639 3732 2683 rev

2149 2727 2254 2786 fert
2283 2729 2540 2798 Ruﬁnus;
2573 2731 2734 2799 idque
2763 2729 2830 2783 de
2861 2726 2961 2781 bis‘
2993 2724 3291 2795 praesertim
3322 2735 3513 2776 novem
3548 2716 3732 2777 homi-

2147 2818 2237 2876 liis
2265 2820 2519 2891 opinatur
2547 2817 2949 2883 Tillemontius,
2988 2815 3298 2884 conjectura
3326 2814 3485 2869 ducta
3525 2826 3593 2867 ex
3623 2810 3731 2866 hoc

2147 2913 2296 2969 milia
2327 2924 2516 2968 octava
2565 2912 2642 2984 (p.
2692 2911 2805 2985 7t),
2849 2911 2942 2967 ubi
2989 2909 3228 2965 Basilius
3275 2920 3583 2963 sermonem
3619 2902 3730 2959 ali-

2147 3007 2383 3076 quandiu
2424 3007 2786 3075 interrumpit.
2841 3019 2905 3060 ac
2951 3001 3211 3060 nonnulla
3249 2998 3613 3071 praetermissa
3666 2996 3728 3051 in

2148 3099 2461 3155 memoriam
2498 3112 2753 3170 revocare
2787 3098 3039 3161 instituit,
3074 3095 3377 3150 acutiorum
3405 3090 3728 3147 auditorum

2154 3193 2355 3247 mutuis
2389 3192 2532 3246 inter
2571 3205 2630 3247 se
2653 3189 2872 3246 nutibus
2894 3188 3220 3245 admonitus.
3243 3186 3350 3242 Sed
3379 3200 3503 3241 cum
3543 3181 3732 3238 multa

2147 3283 2329 3339 Basilii
2360 3284 2659 3349 orationes,
2707 3283 2857 3338 velut
2888 3282 2943 3337 in
2984 3280 3163 3350 gulam
3209 3287 3266 3333 et
3296 3277 3637 3340 ebrietatem,
3666 3272 3727 3328 in

2144 3375 2520 3442 fmueratores,
2544 3386 2601 3429 et
2628 3374 2747 3428 aliae
2773 3372 3063 3443 ejusmodi,
3087 3372 3162 3426 ita
3189 3369 3440 3426 omnibus
3466 3367 3732 3437 eloquen-

2146 3470 2235 3524 tia:
2266 3468 2509 3522 numeris
2539 3466 2799 3522 absolutae
2824 3475 2971 3531 sunt,
3005 3477 3065 3520 ut
3087 3472 3312 3536 paratus
3335 3476 3397 3516 ac
3435 3460 3732 3516 meditatus

2143 3560 2358 3615 venisse
2401 3558 2683 3624 videatur;
2722 3566 2833 3613 tum
2890 3557 3053 3611 etiam
3100 3557 3241 3611 idem
3287 3555 3354 3609 de
3403 3553 3487 3608 his
3532 3564 3729 3606 novem

2144 3650 2381 3706 homiliis
2406 3649 2712 3714 dicendum,
2743 3662 2863 3718 qua:
2889 3650 3053 3704 rebus
3084 3657 3140 3703 et
3167 3654 3327 3701 acute
3369 3645 3623 3716 cogitatis
3668 3653 3731 3701 et

2142 3739 2354 3795 erudite
2387 3739 2630 3795 collectis
2657 3748 2712 3794 et
2748 3739 3103 3808 comportatis
3144 3736 3369 3792 din‘erue
3400 3744 3548 3793 sunt.

2213 3831 2324 3888 Has
2369 3846 2561 3887 novem
2616 3831 2870 3888 homilias
2916 3840 3047 3886 ante
3083 3830 3454 3901 episcopatum
3509 3829 3731 3884 habitas

2142 3924 2310 3980 fuisse
2338 3925 2588 3996 conjicio.
2612 3923 2918 3979 Verisimile
2950 3922 3093 3977 enim
3122 3930 3208 3976 est
3248 3921 3572 3991 posteriores
3601 3934 3729 3974 esse

2140 4016 2393 4073 homilias
2432 4017 2485 4070 in
2516 4015 2798 4082 Psahnos;
2834 4028 2968 4084 quas
3004 4013 3261 4077 Basilius,
3291 4022 3349 4065 ut
3376 4011 3534 4066 modo
3570 4011 3729 4063 vide-

2143 4109 2339 4175 bimus,
2363 4109 2646 4180 presbyter
2695 4109 2902 4164 habuit.
2940 4107 3052 4162 Etsi
3105 4106 3251 4160 enim
3292 4113 3499 4160 certum
3542 4113 3599 4157 et
3627 4116 3730 4157 ex-

2144 4201 2412 4272 ploratum
2450 4215 2559 4255 non
2594 4210 2682 4255 est
2716 4201 2858 4270 quod
2908 4209 3136 4254 testatur
3165 4198 3544 4253 Cassiodosus.
3569 4194 3729 4249 Basi-

2143 4290 2274 4344 lium
2322 4290 2746 4346 commentarios
2797 4291 2851 4344 in
2907 4298 3073 4343 lotam
3140 4289 3472 4357 Scripturam
3530 4298 3729 4341 conte-

2140 4383 2355 4448 xuisse;
2378 4382 2505 4452 quia
2534 4391 2711 4436 tamen
2739 4380 3000 4451 plurimos
3018 4380 3183 4435 libros
3209 4381 3596 4449 interpretatus
3615 4386 3725 4443 est,

463 4467 553 4518 per
582 4449 826 4521 abyssum
870 4452 1116 4506 invocans
1143 4452 1240 4524 (b),
1265 4470 1327 4506 ac
1360 4470 1454 4522 per
1483 4456 1661 4509 lumen
1697 4456 1871 4512 lumen
1901 4459 2040 4512 inve-

2152 4472 2421 4537 probabile
2451 4483 2534 4527 est
2583 4487 2708 4529 eum
2758 4473 2949 4528 ordine
2997 4473 3180 4540 aliquo
3209 4469 3561 4541 processisse,
3602 4478 3657 4523 et
3690 4482 3728 4522 a

464 4542 630 4607 niens,
667 4543 1007 4613 quoadusque
1033 4546 1100 4597 ad
1123 4561 1386 4599 summum
1415 4549 1623 4600 tandem
1646 4550 1889 4603 uerticem
1921 4566 2039 4620 per-

464 4649 667 4690 uenero.
711 4631 843 4688 Cum
897 4647 1189 4706 martyrum
1223 4638 1458 4690 encomia
1498 4636 1631 4708 lego,
1681 4655 1868 4708 corpus
1917 4656 2041 4694 con-

464 4736 656 4793 temno,
684 4737 734 4780 et
758 4743 874 4780 cum
899 4728 965 4782 iis
988 4729 1076 4799 qui
1109 4728 1356 4783 laudibus
1384 4730 1695 4799 eﬂ'eruntur,
1722 4733 1899 4786 animo
1929 4749 2041 4786 ver-

464 4838 569 4885 sor,
596 4832 749 4891 atque
794 4821 862 4875 ad
906 4833 1170 4876 certamen
1207 4823 1427 4876 excitor.
1473 4822 1604 4877 Cum
1639 4825 1903 4877 orationes
1951 4841 2039 4878 eas

464 4930 592 4978 quas
612 4915 675 4967 de.
714 4913 947 4971 moribus
990 4932 1050 4968 ac
1100 4916 1223 4968 bene
1252 4915 1451 4969 vivendi
1498 4916 1699 4970 ratione
1728 4916 1958 4985 scripsit,
1981 4917 2039 4970 in

466 5022 651 5059 manus
674 5007 895 5074 accipio,
929 5009 1106 5061 animo
1121 5018 1169 5062 et
1195 5024 1414 5076 corpore
1440 5024 1656 5077 purgor,
1690 5007 2039 5076 templumque

468 5093 561 5148 Dei
590 5111 759 5164 capax
796 5095 1008 5164 efﬁcior,
1052 5109 1206 5168 atque
1259 5100 1661 5153 instrumentum
1707 5099 1964 5153 musicum
2000 5117 2033 5151 a

464 5187 671 5250 Spiritu
714 5189 984 5257 pulsatum
1032 5187 1364 5260 divinumque
1395 5189 1620 5260 gloriam
1655 5201 1704 5244 et
1748 5191 2034 5259 potentiam

463 5296 670 5335 canens.
711 5278 817 5335 Per
844 5298 932 5334 eas
969 5283 1206 5351 corrigor
1238 5291 1285 5336 et
1308 5282 1592 5336 concinnor
1613 5324 1629 5349 ,
1670 5292 1827 5353 atque
1860 5282 2037 5337 divina

463 5372 688 5439 quadam
710 5374 1078 5427 immutatione
1103 5373 1243 5428 alius
1271 5388 1335 5428 ea:
1356 5373 1460 5427 alio
1493 5373 1702 5443 eﬁicior.
1736 5372 1868 5429 Vide
1897 5373 2040 5430 Pho-

463 5461 593 5514 tiutn
627 5461 745 5516 cod.
786 5462 884 5516 Ml
921 5471 977 5517 et
1008 5463 1129 5519 191.

532 5596 612 5741 it}
644 5596 783 5741 ἓὲεἲῖ
810 5600 1011 5734 ξξ;,²ἓ;

559 5668 610 5733 b)
644 5668 783 5722 [’sal.
810 5686 919 5734 xu,
953 5672 1006 5726 8.

533 5738 607 5810 (c)
647 5738 843 5795 llomil.
874 5740 927 5796 8.

2144 4564 2414 4634 prioribus
2449 4565 2601 4620 libris
2627 4564 2839 4619 initium
2881 4564 3125 4618 duxisse.
3400 4634 3404 4638 Α

2216 4650 2486 4707 Praeterea
2517 4653 2569 4707 in
2598 4654 2683 4708 his
2742 4654 2984 4709 homiliis
3026 4652 3171 4707 nulla
3200 4652 3728 4707 Pneumatomacho-

2146 4759 2264 4797 rum
2294 4743 2515 4797 han-esis
2551 4743 2788 4806 mentio,
2823 4759 2943 4812 qua:
2988 4743 3142 4797 initio
3174 4744 3511 4811 episcopatus
3538 4741 3727 4796 Basiiii

2146 4833 2230 4886 vel
2259 4833 2416 4902 paulo
2457 4841 2585 4887 ante
2625 4834 2860 4903 grassari
2891 4834 3079 4902 coepit.
3128 4831 3281 4898 Quod
3317 4832 3363 4886 si
3395 4845 3586 4885 novem
3620 4830 3729 4886 illa:

2145 4924 2421 5005 orationes
2449 4933 2576 4978 ante
2628 4924 2997 4994 episcopatum
3044 4924 3439 4994 pronuntiata},
3481 4935 3585 4976 non
3609 4920 3728 4989 jam

2146 5025 2333 5068 sancto
2364 5014 2613 5081 Epltrmm
2642 5024 2864 5084 accepta
2912 5015 3099 5069 referri
3132 5024 3310 5085 potest
3344 5011 3731 5082 interpretatio

2141 5104 2333 5177 horum
2381 5105 2701 5168 verborum,
2738 5103 2803 5156 Et
2853 5105 3081 5172 Spiritus
3113 5104 3205 5159 Dei
3255 5104 3519 5173 ferebatur
3567 5118 3731 5171 super

2142 5210 2307 5263 aquas
2331 5192 2443 5266 (ά),
2475 5209 2634 5263 quam
2667 5194 2983 5268 Basilius(e)
3007 5213 3035 5250 a
3060 5196 3178 5251 viro
3200 5196 3336 5265 Syro
3352 5193 3631 5264 accepisse
3664 5208 3729 5249 se
3801 5189 3807 5193 ’

2155 5295 2410 5340 testatur.
2459 5287 2743 5343 Libentius
2789 5284 2925 5343 ‘cum
2992 5287 3342 5343 Tillemontio
3392 5285 3725 5357 conjicerem

2150 5375 2211 5431 S.
2270 5377 2563 5431 Eusebium
2631 5379 3068 5435 Samosatensem
3117 5379 3206 5435 hic
3259 5377 3557 5448 designari,
3593 5376 3642 5430 si
3673 5376 3727 5431 ei

2151 5478 2477 5538 congrueret
2524 5470 2666 5539 quod
2719 5470 2789 5526 de
2831 5471 2921 5528 illo
2950 5470 3090 5543 Syro
3124 5472 3202 5527 ait
3237 5469 3508 5538 Basilius,
3538 5481 3665 5524 eum
3692 5481 3728 5521 a

2210 5605 2288 5678 (εί)
2321 5606 2455 5663 Gen.
2484 5624 2532 5676 ι,
2569 5607 2623 5661 2.

2224 5679 2296 5748 (c)
2335 5678 2530 5736 Homil.
2557 5680 2613 5749 2,
2642 5694 2698 5751 p.
2730 5679 2820 5737 18.
