4040 6216
1682 334 1842 390 VITA
1883 334 1938 389 S.
1981 332 2245 389 BASILII.

3424 348 3591 391 CL’XIII

337 460 523 516 mundi
570 458 834 527 sapientia
866 464 1076 510 tantum
1096 454 1398 519 distitisse,
1429 462 1690 523 quantum
1726 455 1790 507 ad
1834 469 1911 507 re—
1940 460 1986 516 Α
2013 457 2079 508 ad
2116 452 2313 524 ingenii
2349 450 2794 506 exercitationem
2830 449 3082 518 eligeret;
3112 462 3232 504 cum
3286 428 3617 518 prtesert‘im-

339 569 457 624 r.nm
490 566 737 605 verarum
777 549 1067 603 scientiam
1104 547 1589 615 appropinquabat.
1614 544 1745 597 Nam
1797 560 1921 598 san-

338 652 484 695 ctum
527 639 818 694 Eusebium
867 652 1140 691 sacrarum
1187 637 1402 705 quidem
1437 636 1742 688 litterarum
1775 633 1921 702 peri-

341 734 609 786 tissimum
671 730 841 784 fuisse
871 732 1110 793 scimus;
1157 738 1211 783 at
1260 729 1311 780 in
1349 727 1590 781 externis
1623 725 1920 792 disciplinis

341 823 539 890 hospes
564 823 727 875 fuisse
754 837 859 874 non
891 822 1223 888 perhibetur.
1253 817 1394 871 Nihil
1423 832 1551 885 ergo
1583 826 1748 882 vetat,
1779 830 1914 889 quo-

342 915 524 967 minus
554 914 796 981 ignotum
840 911 995 964 nobis
1030 926 1152 963 esse
1184 910 1379 980 Syrum
1406 910 1551 961 illutn
1586 907 1843 961 fateatur.

414 1006 503 1059 111.
535 1005 871 1058 Promiserat
907 1002 1136 1056 Basilius
1166 1002 1241 1069 (α)
1277 1016 1334 1053 se
1366 1000 1773 1070 eitplanaturum
1821 999 1919 1052 ho-

344 1100 509 1154 minis
561 1096 965 1167 generationem
1017 1112 1031 1146 :
1078 1095 1169 1146 sed
1222 1102 1397 1143 tamen
1465 1090 1747 1159 promissis
1813 1103 1918 1141 non

343 1192 562 1244 videtur
606 1187 839 1241 stetisse.
884 1185 1016 1237 Nam
1065 1199 1253 1238 novem
1294 1192 1499 1235 tantum
1550 1182 1825 1236 orationes
1868 1181 1920 1233 in

343 1284 718 1338 Hexaemeron
794 1288 1151 1332 numerantur
1227 1277 1295 1330 ab
1357 1276 1685 1344 Hieronymo
1737 1274 1810 1345 (ιι)
1870 1283 1923 1327 et

345 1376 669 1431 Cassiodoro
691 1370 1037 1441 (c).Testatur
1053 1371 1304 1423 Socrates
1324 1368 1400 1438 (ά)
1421 1382 1554 1433 opus
1579 1367 1781 1428 Basilii,
1800 1381 1920 1420 cum

347 1466 723 1533 imperfectum
747 1472 911 1525 esset,
954 1477 983 1514 a
1013 1460 1273 1529 Gregorio
1305 1461 1470 1527 ipsius
1509 1458 1922 1530 fratre_absolu-

350 1566 463 1609 tum
520 1555 709 1607 fuisse.
741 1554 915 1621 Atque
962 1552 1077 1618 ipse
1115 1551 1274 1602 etiam
1328 1548 1623 1618 Gregorius
1666 1548 1734 1615 (e)
1787 1548 1925 1601 hanc

348 1642 452 1697 sibi
486 1642 551 1695 de
584 1640 818 1695 hominis
856 1640 1070 1707 opiticio
1100 1639 1370 1693 scribendi
1400 1654 1619 1691 causam
1664 1652 1784 1691 esse
1831 1638 1926 1690 de-

348 1734 548 1796 clarat,
582 1733 722 1801 quod
775 1742 1025 1787 vereatur
1072 1747 1136 1785 ne
1171 1730 1402 1785 Basilius
1447 1731 1922 1799 reprehensionem

349 1841 457 1879 non
492 1824 733 1895 effugiat,
768 1825 814 1879 si
847 1825 990 1878 illius
1023 1825 1074 1878 in
1100 1838 1234 1893 opus
1268 1838 1363 1878 sex
1397 1824 1606 1877 diermn
1647 1823 1929 1877 elucubra-
1959 1807 2002 1866 Β

346 1915 483 1970 tioni
518 1915 663 1969 desit
693 1928 1038 1983 eorum,qu:e
1087 1914 1155 1968 ad
1187 1914 1463 1968 hominem
1505 1922 1779 1981 spectant,
1802 1927 1929 1967 cou-

345 2005 631 2060 sideratio.

422 2097 651 2153 Exstant
686 2095 751 2166 (Γ)
790 2104 968 2149 tamen
1011 2095 1153 2150 inter
1189 2110 1353 2165 opera
1393 2095 1571 2150 Basilii
1607 2097 1724 2150 dua:
1754 2096 1930 2152 homi-

346 2185 438 2240 lia
468 2186 537 2239 de
571 2186 801 2239 hominis
833 2196 1125 2251 structura,
1149 2186 1345 2255 quibus
1374 2189 1531 2240 tertia
1568 2189 1635 2242 de
1679 2190 1933 2257 paradiso
1968 2196 1971 2197 ⁷

349 2276 681 2347 adjungitur.
729 2276 866 2332 Sunt
902 2278 985 2331 hie
1008 2278 1279 2331 orationes
1320 2277 1383 2330 ad
1421 2277 1608 2333 Basilii
1662 2280 1932 2348 promissa

349 2369 681 2441 perﬁcienda
726 2370 856 2424 satis
893 2371 1169 2439 appositae,
1221 2386 1283 2425 ac
1310 2371 1382 2424 ita
1418 2370 1558 2424 inter
1594 2385 1653 2425 se
1676 2386 1845 2434 nexae,
1877 2382 1935 2425 ut

350 2477 475 2531 qua:
524 2461 577 2515 in
614 2477 722 2516 una
758 2471 1077 2526 tractantur,
1125 2462 1177 2516 in
1221 2463 1466 2530 sequenti
1527 2463 1931 2519 continuentur.

350 2553 557 2607 Basilio
591 2553 899 2607 tribuuntur
927 2568 957 2605 a
996 2553 1319 2608 Combetisio
1345 2562 1399 2608 et
1432 2553 1642 2622 Dupino
1676 2571 1689 2618 ;
1720 2557 1813 2609 sed
1842 2571 1933 2610 eas

352 2645 735 2701 Tillemontius
780 2646 846 2700 ab
888 2645 1071 2713 aliquo
1102 2646 1334 2714 scriptas
1391 2647 1687 2712 existimat,
1725 2649 1934 2702 exerci-

355 2734 581 2787 tationis
615 2748 801 2801 causa,
834 2748 941 2788 nor;
991 2748 1084 2804 per
1129 2734 1330 2797 dolum,
1384 2745 1479 2789 aut
1527 2736 1724 2791 malum
1772 2738 1933 2791 alieni

356 2826 498 2881 fetus
534 2825 735 2880 Basilio
775 2825 1107 2895 supponendi
1150 2825 1455 2879 consilium.

429 2918 661 2973 Difficile
690 2926 778 2973 est
803 2918 1045 2988 profecto
1073 2918 1172 2974 has
1202 2920 1458 2975 homilias
1510 2929 1697 2974 sancto
1735 2919 1935 2976 Basilio

354 3011 679 3073 attribuere,
716 3026 836 3063 cum
883 3010 1107 3064 accedat
1134 3009 1200 3062 ad
1235 3012 1538 3065 certissima
1583 3020 1821 3065 veterum
1857 3022 1936 3066 te-

356 3103 621 3158 stimonia
656 3102 782 3173 styli
809 3102 1209 3157 dissimilitudo.
1243 3102 1347 3157 Sed
1380 3104 1757 3173 inquirendum
1782 3105 1935 3158 nobis

355 3203 463 3258 est,
502 3197 573 3247 a'n
606 3195 801 3248 merito
838 3194 1114 3249 existimet
1144 3192 1517 3250 Tillemontius
1547 3196 1779 3266 aliquem
1814 3212 1935 3253 sese

356 3288 414 3341 in
437 3288 524 3341 his
547 3286 781 3340 homiliis
802 3286 903 3340 sub
922 3285 1104 3341 Basilii
1126 3289 1339 3342 nomine
1368 3288 1749 3343 elucubrandis
1776 3304 1934 3343 exer-

355 3380 768 3437 citasse.Favet
789 3380 914 3434 huic
934 3380 1215 3434 sententiae
1240 3390 1428 3434 auctor
1460 3380 1649 3449 primae
1682 3381 1933 3443 homiliae,

356 3478 487 3529 dum
525 3475 767 3530 declarat
812 3475 957 3542 (pag.
994 3472 1121 3544 524)
1176 3489 1233 3527 se
1282 3482 1435 3528 vetus
1493 3474 1755 3540 debitum,
1784 3475 1938 3543 cujus

360 3565 689 3620 solutionem
724 3580 865 3634 :egra
888 3564 1137 3617 valetudo
1182 3563 1555 3633 impediverat,
1590 3564 1805 3618 tandem
1837 3565 1936 3616 ali-

359 3658 582 3727 quando
619 3657 947 3727 persolvere.
994 3656 1243 3725 Iniquum
1280 3656 1417 3710 enim
1443 3656 1624 3722 fuerit,
1650 3657 1850 3726 inquit,
1886 3665 1939 3709 ut

360 3766 481 3803 cum
526 3751 735 3813 bestiis,
773 3750 934 3819 deque
983 3748 1293 3801 natatilibus
1336 3757 1379 3803 et
1404 3748 1656 3816 jumentis
1696 3765 1757 3800 ac
1797 3748 1941 3801 volu-

361 3843 561 3908 cribus,
608 3843 672 3894 de
696 3841 835 3909 :caelo
868 3843 989 3894 item
1027 3849 1076 3894 et
1119 3841 1197 3894 his
1240 3857 1357 3910 qua?
1404 3842 1459 3894 in
1497 3840 1654 3904 caelo,-
1696 3842 1761 3893 de
1802 3850 1940 3893 terra

362 3943 412 3987 et
433 3934 701 4001 stirpibus,
733 3949 851 4002 qua
874 3935 928 3986 in
950 3943 1089 3986 terra
1110 3945 1225 3985 sum
1249 3973 1262 3997 ,
1283 3932 1641 3998 didicerimus,
1662 3948 1763 3985 non
1784 3933 1940 3985 etiam

364 4028 430 4078 de
458 4036 640 4079 nostra
665 4026 994 4094 generatione
1028 4040 1092 4078 ea:
1124 4024 1413 4093 Scriptura:
1450 4026 1638 4079 divina:
1674 4024 1788 4077 luce
1818 4028 1943 4077 edo-

364 4131 598 4168 αππιαν.
646 4115 866 4169 Miriﬁce
897 4117 1010 4170 haec
1048 4114 1244 4167 Basilio
1284 4126 1604 4184 congruunt.
1634 4115 1941 4180 Quinetiam

365 4221 490 4261 cum
540 4206 619 4260 ait
659 4222 716 4260 se
758 4216 915 4262 antea
969 4209 1270 4262 ostendisse
1312 4208 1435 4274 quis
1482 4206 1711 4271 dixerit,
1745 4204 1943 4258 Facin—

368 4314 486 4351 mus
518 4298 632 4368 (9),
657 4308 710 4353 et
756 4299 819 4351 ad
846 4314 1003 4369 quem
1047 4300 1276 4361 dixerit,
1312 4314 1416 4351 non
1466 4299 1695 4352 obscure
1746 4299 1946 4351 indicat

368 4392 671 4442 orationem
709 4405 904 4443 nonam
942 4390 993 4442 in
1042 4389 1409 4444 Hexaemeron
1433 4431 1448 4455 ,
1478 4391 1529 4443 in
1571 4406 1673 4457 qua
1720 4390 1833 4443 lucc
1878 4388 1944 4442 ad

2022 545 2202 598 statim
2239 552 2358 611 post
2410 551 2637 595 mortem
2670 541 2839 595 sancti
2878 540 3062 593 Basilii
3095 556 3230 609 opus
3258 539 3421 602 illius,
3453 548 3592 593 teste

2021 634 2227 699 Nicota,
2276 633 2442 687 frater
2487 632 2799 686 absolverit.
2838 631 2972 686 Hinc
3008 632 3170 685 etiam
3209 641 3318 685 tres
3355 633 3593 686 humilia:

2022 728 2365 797 reperiuntur
2387 726 2601 795 quidem
2635 723 2735 778 sub
2766 726 2983 779 nomine
3023 726 3079 779 S.
3110 725 3290 779 Basilii
3322 726 3372 777 in
3402 740 3597 778 recen-

2024 820 2248 873 tioribus
2280 818 2555 871 codicibus
2606 832 2771 879 mss.,
2815 827 2869 869 at
2917 833 3180 886 nusquam
3224 826 3484 886 apparent
3539 815 3594 870 in

2022 910 2437 979 antiquioribus.
2481 909 2596 961 Non
2661 909 2805 961 enim
2857 910 3097 963 eruditos
3153 910 3402 963 librarios
3446 907 3594 962 fraus

2023 1002 2303 1058 manifesta
2358 1002 2620 1058 latuisset.
2662 1004 2732 1055 At
2769 1002 3184 1065 recentioribus,
3231 1017 3353 1055 cum
3399 1001 3599 1055 doctis-

2024 1097 2142 1149 simi
2175 1110 2278 1148 non
2309 1107 2509 1159 essent,
2537 1104 2715 1163 atque,
2737 1102 2795 1146 ut
2820 1093 3113 1146 verisimile
3151 1103 3253 1155 est,
3288 1093 3601 1159 ignorarent

2023 1188 2205 1241 Basilii
2232 1202 2366 1255 opus
2392 1202 2419 1238 a
2449 1185 2617 1240 fratre
2646 1185 2889 1253 Nysseno
2922 1183 3217 1235 absolutum
3252 1184 3439 1243 fuisse,
3472 1197 3600 1248 pru-

2024 1280 2161 1332 clive
2193 1279 2292 1331 fuit
2323 1278 2591 1340 homilias,
2619 1292 2733 1344 quae
2764 1276 2827 1329 ad
2873 1274 2999 1327 illud
3035 1289 3169 1341 Opus
3211 1273 3597 1327 absolvendum

2024 1381 2160 1440 apta:
2190 1370 2528 1432 videbantur,
2570 1369 2749 1421 Basilii
2782 1366 2983 1420 nomini
3014 1365 3283 1432 aflingere.

2094 1466 2151 1519 2°
2177 1464 2312 1517 Tres
2348 1464 2579 1517 humilia:
2614 1477 2716 1515 non
2752 1479 2844 1515 sua
2878 1470 3067 1528 sponte
3101 1459 3261 1511 simul
3298 1457 3602 1526 conjuncta;

2026 1565 2170 1616 sunt,
2201 1555 2293 1608 sed
2326 1554 2437 1608 haec
2472 1572 2498 1606 a
2542 1554 2775 1606 librariis
2824 1553 3065 1606 instituta
3106 1549 3433 1615 coujuuctio.
3470 1546 3602 1599 Nam

2026 1646 2273 1700 secundae
2301 1645 2531 1699 orationi
2563 1646 2765 1699 nullum
2800 1647 2939 1699 inest
2972 1643 3255 1699 consilium
3292 1639 3604 1695 absolvendi

2027 1737 2079 1791 id
2128 1739 2266 1808 quod
2305 1738 2355 1791 in
2409 1739 2581 1805 prima
2628 1738 2815 1792 disseri
2864 1744 3100 1806 emptum
3151 1733 3353 1787 fuerat.
3400 1729 3598 1784 Habita

2030 1831 2174 1885 enim
2200 1837 2281 1884 est
2316 1831 2429 1883 haec
2456 1830 2689 1884 secunda
2716 1829 2933 1882 homilia
2970 1829 3038 1881 ad
3082 1826 3423 1880 occasionem
3453 1822 3605 1876 Scri-

2030 1931 2221 1991 pturai,
2249 1938 2366 1991 quae
2395 1922 2482 1975 illo
2514 1922 2601 1976 die
2646 1922 2781 1975 lecta
2830 1920 3005 1975 fuerat
3039 1938 3052 1973 :
3083 1932 3313 1987 eamque
3352 1920 3430 1971 sic
3478 1930 3606 1969 con-

2032 2014 2200 2068 cludit
2240 2013 2286 2067 is
2318 2030 2347 2066 a
2395 2028 2502 2083 quo
2537 2014 2878 2082 pronuntiata
2911 2022 3013 2077 est,
3047 2020 3105 2064 ut
3136 2025 3195 2065 se
3240 2010 3307 2063 ad
3346 2023 3603 2062 necessa-

2031 2104 2171 2158 rium
2202 2105 2307 2158 iter
2334 2113 2713 2173 pr0perautem
2750 2105 3052 2158 auditorum
3105 2102 3358 2171 precibus
3411 2098 3604 2153 deduci

2031 2196 2288 2266 postulet.
2323 2195 2500 2250 Tertia
2554 2198 2671 2251 sine
2721 2197 2826 2250 ullo
2854 2210 3076 2264 prorsus
3114 2194 3337 2247 exordio
3362 2192 3551 2260 incipit
3579 2204 3609 2243 a

2032 2288 2299 2341 versiculo
2327 2286 2643 2357 Scriptum,
2676 2287 2924 2355 quamvis
2962 2282 3204 2353 prtefatio
3234 2285 3481 2352 quadam
3512 2280 3610 2333 ad-

2036 2380 2206 2433 hiberi
2234 2378 2529 2445 debuisset,
2551 2380 2592 2433 si
2627 2380 2671 2432 is
2696 2380 2784 2447 qui
2810 2377 3100 2432 secandam
3135 2374 3608 2445 pronuntiaverat,

2036 2471 2249 2524 tertiam
2278 2485 2342 2523 ex
2396 2470 2589 2522 itinere
2645 2469 2812 2522 redux
2861 2467 3282 2536 pronuntiasset.
3339 2464 3475 2518 Tota
3524 2478 3611 2516 res

2034 2578 2163 2632 ergo
2188 2565 2238 2616 in
2265 2564 2540 2616 librarium
2571 2562 2805 2632 aliquem
2844 2562 3155 2630 rejicicnda,
3195 2558 3285 2627 qui
3317 2573 3438 2611 cum
3478 2571 3612 2625 Opus

2034 2654 2205 2709 sancti
2258 2654 2440 2707 Basilii
2495 2654 2798 2707 absolutum
2854 2663 2974 2721 post
3010 2652 3151 2705 illius
3182 2660 3409 2704 mortem
3448 2649 3615 2701 fuisse

2036 2746 2291 2812 nesciret,
2317 2745 2477 2798 simul
2530 2744 2812 2813 conjunxit
2857 2754 2963 2797 tres
3017 2742 3136 2794 illas
3182 2740 3461 2805 homilias,
3495 2752 3615 2809 quae

2036 2838 2240 2893 idoneas
2276 2838 2341 2891 ad
2368 2838 2493 2891 illud
2540 2837 2919 2892 absolvendum
2952 2836 3295 2893 videbantur.

2105 2929 2163 2983 5ο
2196 2929 2391 2983 Addita
2416 2942 2538 2982 esse
2571 2936 2624 2981 et
2671 2937 2875 2991 assuta,
2902 2940 3021 2995 quae
3051 2924 3103 2977 in
3143 2924 3315 2992 prima
3366 2922 3616 2976 oratione

2036 3022 2319 3077 consilium
2367 3022 2610 3074 indicant
2657 3020 2973 3074 absolvendi
3016 3019 3197 3089 Operis
3240 3015 3450 3081 Basilii,
3492 3015 3617 3068 imle

2039 3114 2383 3183 perspicitur,
2404 3113 2547 3182 quod
2574 3128 2693 3166 cum
2722 3127 2815 3166 sua
2839 3122 3028 3180 sponte
3064 3113 3178 3164 haec
3207 3109 3383 3163 oratio
3414 3107 3615 3161 nullam

2037 3206 2236 3259 habeat
2268 3219 2389 3259 cum
2418 3206 2627 3257 duabus
2655 3203 2777 3257 aliis
2810 3202 3284 3264 necessitudinem,
3319 3215 3381 3252 ac
3408 3199 3473 3252 de
3498 3200 3620 3268 plu-

2038 3299 2188 3353 ribus
2211 3312 2241 3351 a
2268 3296 2466 3350 Basilio
2495 3296 2774 3365 promissis
2816 3311 2984 3364 pauca
3023 3302 3402 3362 persequatur,
3437 3293 3619 3344 minus

2039 3391 2230 3443 idonea
2279 3390 2352 3442 sit
2388 3388 2455 3441 ad
2513 3387 2901 3443 absolvendum
2935 3402 3071 3455 opus
3119 3387 3170 3439 in
3221 3384 3613 3439 Hexaemeron.

2040 3481 2218 3547 Quare
2251 3479 2545 3535 verisimile
2573 3492 2659 3534 est
2686 3494 2833 3542 eum,
2860 3480 2949 3548 qui
2992 3494 3115 3533 cum
3156 3479 3258 3531 hac
3289 3476 3461 3545 prima
3486 3474 3620 3528 duas

2040 3572 2172 3626 alias
2217 3572 2533 3641 conjunxit,
2567 3586 2632 3625 ea
2687 3571 2851 3624 etiam
2907 3571 2971 3624 de
3025 3584 3125 3625 suo
3166 3568 3461 3631 addidisse,
3503 3579 3622 3635 quae

2043 3664 2101 3719 S.
2145 3665 2341 3718 Basilio
2374 3678 2673 3733 congruere
2702 3664 3042 3716 videbantur.

2112 3756 2197 3810 IV.
2234 3757 2365 3810 Cum
2406 3756 2591 3809 decem
2634 3764 2687 3809 et
2731 3766 2935 3820 septem
2990 3753 3223 3807 humilia:
3270 3754 3322 3806 in
3380 3750 3622 3806 Psalmos

2043 3848 2171 3903 nihil
2198 3862 2417 3917 prorsus
2443 3846 2803 3916 suppeditant,
2830 3861 2895 3899 ex
2928 3860 3034 3913 quo
3056 3844 3310 3898 Basiliam
3349 3853 3475 3895 tunc
3502 3841 3619 3909 epi-

2043 3959 2262 4012 scopum
2292 3942 2477 4004 fuisse,
2515 3951 2607 3994 aut
2638 3938 2751 4007 jam
2784 3941 3048 4008 prodiisse
3079 3940 3326 3993 haeresim
3358 3938 3624 3991 Pneuma-

2046 4032 2420 4083 tomachorutn
2475 4028 2901 4095 perspiciamus;
2948 4036 3055 4080 tum
3100 4042 3229 4081 vero
3258 4028 3377 4081 dure
3412 4042 3477 4079 cx
3519 4026 3624 4079 illis

2045 4126 2229 4177 decem
2272 4132 2326 4175 et
2364 4131 2567 4188 septem
2610 4120 2847 4173 homiliis
2892 4120 3266 4189 presbyterum
3315 4120 3460 4172 illum
3499 4128 3625 4173 tunc

2045 4215 2213 4267 fuisse
2236 4212 2485 4281 probant.
2518 4212 2608 4265 Sic
2638 4212 2779 4264 enim
2805 4210 3041 4279 loquitur
3078 4212 3127 4264 in
3161 4211 3378 4265 homilia
3404 4213 3453 4262 in
3478 4211 3623 4277 psal-

2047 4320 2133 4359 mo
2162 4321 2250 4358 xrv
2284 4304 2356 4374 (p.
2392 4302 2515 4369 110)
2543 4321 2555 4356 :
2593 4304 2703 4356 Ἑνὶ
2746 4303 2920 4367 τούτῳ
2942 4302 3268 4373 διαφέρομεν
3302 4302 3411 4355 τῶν
3458 4303 3624 4355 πλου-

2044 4397 2276 4451 τούντων
2300 4398 2349 4449 οἱ
2381 4396 2628 4465 πένητες,
2660 4399 2725 4466 τῇ
2766 4396 3086 4466 ἁμεριμνίᾳ.
3130 4395 3246 4449 Hac
3275 4412 3380 4448 una
3414 4411 3467 4446 re
3501 4396 3629 4447 divi-

371 4478 565 4532 Filium
594 4480 737 4533 dicta
766 4495 889 4535 esse
912 4481 1232 4535 ostenditur.
1255 4481 1359 4535 Sed
1394 4491 1571 4535 tamen
1612 4500 1715 4534 11011
1750 4484 1942 4535 dCSlllll
1975 4506 2018 4560 D
2046 4491 2180 4541 libus
2222 4506 2312 4541 nos
2365 4504 2616 4556 paupere;
2661 4496 2993 4555 prwslamug,
3038 4504 3285 4539 curarum
3343 4488 3624 4539 vacuitate.

374 4576 633 4639 rationes,
661 4592 758 4630 cur
786 4578 971 4629 malim
1008 4579 1123 4632 haec
1156 4594 1183 4629 a
1225 4578 1464 4632 librariis
1500 4579 1807 4632 recentibus
1858 4592 1945 4630 as-

372 4676 495 4720 suta
534 4670 774 4729 credere,
808 4684 968 4737 quam
998 4680 1106 4723 tres
1160 4670 1279 4723 illas
1310 4670 1557 4723 lminilias
1598 4669 1802 4723 homini
1851 4668 1946 4721 tri-

376 4812 389 4815 -
409 4772 544 4812 uere
589 4758 785 4812 otioso.

445 4848 506 4901 1ο
542 4848 878 4919 Perantiqua:
903 4860 1029 4905 sunt
1053 4850 1153 4905 illa)
1196 4851 1447 4915 homilize,
1486 4868 1549 4905 ac
1577 4862 1814 4904 veterum
1847 4850 1950 4903 Pa-

378 4950 519 4994 trum
554 4942 853 4997 disserendi
884 4944 1146 4998 rationem
1204 4947 1427 4998 omnino
1478 4944 1741 4997 referunt.
1782 4943 1949 4995 Porro

375 5034 647 5087 nemiuem
682 5050 751 5088 ex
781 5036 1016 5102 antiquis
1046 5036 1203 5103 paulo
1240 5039 1548 5105 peritiorem
1586 5036 1747 5089 fuisse
1773 5034 1953 5089 existi-

376 5141 545 5190 mem,
599 5129 689 5196 qui
738 5145 873 5198 Opus
925 5130 1109 5185 Basilii
1159 5132 1213 5184 in
1277 5130 1645 5185 Hexaemeron
1693 5129 1954 5198 Gregorio

377 5217 621 5288 Nysscno
667 5220 974 5275 absolutum
1020 5221 1184 5275 fuisse
1247 5223 1501 5278 nesciret.
1549 5221 1729 5287 Quare
1773 5221 1962 5274 debuit

375 5326 439 5365 ea
474 5327 559 5366 res
578 5312 874 5376 deterrere,
900 5315 1190 5383 quominus
1206 5316 1490 5384 quisquam
1521 5314 1660 5367 hanc
1677 5314 1959 5367 materiam

474 5558 527 5621 α)
569 5556 761 5611 Homil.
802 5558 855 5619 9,
892 5573 941 5625 p.
981 5558 1068 5612 88.

473 5628 525 5695 ὁ)
574 5627 648 5679 De
668 5630 909 5695 scriptor.
941 5628 1141 5683 Eccles.

460 5696 522 5771 te)
570 5696 649 5771 pg
678 5698 1090 5771 instauratum.
1123 5699 1227 5767 1a.,
1254 5715 1371 5771 cap.
1416 5701 1465 5755 1.

449 5764 529 5825 (tt)
572 5764 693 5821 Lib.
721 5784 796 5828 tv.
827 5782 877 5824 c.
897 5768 987 5824 26.

2048 4580 2329 4648 Nunquam
2391 4593 2519 4632 sane
2573 4592 2772 4647 pauper
2819 4592 2938 4631 esse
2985 4578 3143 4631 desiit
3179 4576 3426 4640 Basilius,
3461 4577 3625 4630 etiam

2049 4671 2189 4724 inter
2240 4671 2444 4739 amplos
2477 4672 2679 4724 reditus
2731 4670 3071 4739 episcopatus
3117 4670 3466 4723 Caesariensis
3494 4686 3506 4721 :
3534 4669 3626 4722 sed

2052 4771 2227 4816 tamen
2257 4762 2420 4813 multo
2443 4763 2649 4830 aequius
2665 4770 2719 4816 et
2734 4762 2915 4815 verius
2938 4762 3078 4814 inter
3096 4773 3358 4827 pauperes
3378 4771 3497 4813 sese
3525 4773 3625 4810 nu-

2051 4870 2262 4907 merare
2298 4854 2488 4921 potuit,
2513 4870 2633 4908 cum
2662 4870 2783 4909 eum
2817 4854 3071 4907 omnibus
3101 4853 3261 4905 rebus
3289 4852 3485 4905 nudum
3514 4866 3629 4920 pro-

2050 4945 2233 5011 piuqui
2266 4956 2318 4997 et
2344 4946 2492 4997 cltari
2530 4952 2919 5006 sustentarent,
2953 4958 3113 5011 quam
3151 4958 3271 4996 eum
3306 4943 3418 5011 ipse
3440 4944 3631 5011 opibus

2051 5036 2116 5087 ad
2159 5035 2385 5088 aliorum
2416 5038 2649 5104 inopiam
2683 5036 3095 5089 sustentandam
3130 5034 3449 5089 abun.larct.

2127 5125 2302 5194 Supra
2343 5128 2420 5193 (li)
2460 5127 2739 5181 attulimus
2792 5126 2939 5182 aliud
3004 5126 3374 5180 testimonium
3428 5142 3492 5180 ex
3538 5130 3607 5182 bo

2058 5218 2203 5271 milia
2235 5218 2286 5271 in
2318 5220 2507 5286 psalm.
2538 5233 2683 5272 cxtv.
2733 5218 2867 5271 Cum
2912 5217 3142 5285 p0pu|us
3187 5232 3216 5269 a
3268 5217 3439 5271 media
3473 5226 3632 5271 nocte

2060 5326 2232 5380 usque
2279 5312 2343 5363 ad
2390 5310 2667 5364 meridiem
2717 5310 2769 5363 in
2806 5311 3036 5378 quadam
3078 5318 3373 5380 martyrum
3404 5308 3633 5364 ecclesia

2136 5561 2202 5630 (e)
2247 5558 2397 5630 Tum.
2433 5558 2473 5630 1,
2508 5577 2559 5629 p.
2587 5562 2640 5615 4.

2134 5631 2198 5693 (Γ)
2239 5629 2391 5702 Tum.
2427 5629 2466 5696 l,
2492 5632 2755 5702 appelli,
2790 5646 2843 5702 p.
2878 5632 3001 5687 524.

2138 5703 2211 5765 (g)
2250 5699 2385 5753 Gen.
2420 5721 2456 5760 ι,
2482 5701 2573 5756 26.

2140 5773 2215 5829 ili)
2256 5770 2384 5825 Cat).
2426 5772 2509 5831 10.
2549 5788 2601 5829 n.
2638 5774 2690 5827 2.
