4040 6216
438 323 597 365 CLXIV

1789 297 2300 358 PROLEGOMENA
2313 341 2328 356 .

440 427 660 491 psalmis
688 426 944 482 canendis
965 431 1261 495 occupatus
1290 422 1518 489 fuisset,
1553 422 1768 476 advenit
1795 423 2010 476 tandem
2041 426 2087 481 Α
2118 432 2324 486 rentur,
2377 422 2428 478 id
2476 423 2614 492 quod
2656 423 2896 479 secundo
2941 421 3127 479 Basilii
3165 424 3508 494 episcopatus
3548 441 3699 482 anno

439 521 687 583 Basilius,
729 530 892 588 atque
923 518 1020 571 hac
1051 518 1396 571 excusatione
1426 519 1612 576 utitur,
1640 531 1736 568 cur
1770 515 1855 568 diu
1894 530 2013 566 mo-

437 622 586 664 ratus
618 611 840 665 fuisset:
870 609 930 660 Ei
962 608 1019 660 δὲ
1045 607 1124 659 δεῖ
1153 606 1247 659 καὶ
1294 607 1442 676 ἡμᾶς
1477 602 1614 674 ὑπὲρ
1649 603 1806 674 ἡμῶν
1835 602 2013 654 αὐτῶν

436 701 897 771 ἀπολογήσασθαι,
950 699 1048 769 τῆς
1099 699 1380 769 διατριϐῆς
1428 697 1613 750 ’ἐνεκεν
1663 697 1757 749 καὶ
1790 697 1887 764 τῆς
1921 695 2014 746 ἐπὶ

436 795 684 848 πλεῖστον
711 791 1045 861 ἀπολείψεως
1079 790 1258 861 ὑμῶν,
1292 787 1524 859 ἐροῦμεν
1563 786 1659 853 τὴν
1688 787 1888 848 αἰτίαν,
1928 786 2012 838 ὅτι

433 884 598 953 ἄλλην
637 885 896 955 ὁμότιμον
936 882 1107 954 ταύτῃ
1149 883 1242 934 τοῦ
1268 881 1402 934 Θεοῦ
1447 879 1771 950 Ἐκκλησίαν
1805 881 2016 932 οἰκονο-

437 979 661 1049 μοῦντες
691 979 791 1030 οὐκ
823 976 989 1046 ὀλίγῳ
1029 975 1165 1045 πρὸς
1207 975 1350 1044 ὑμᾶς
1396 973 1771 1045 διειργομένην
1799 972 1876 1042 τῷ
1901 973 2015 1025 διο.-

434 1057 692 1140 στήματι,
720 1069 810 1120 τὸν
841 1068 1028 1137 χρόνον
1057 1066 1245 1119 τοῦτον
1288 1066 1388 1134 τῆς
1439 1065 1648 1135 ἡμέρας
1691 1062 2013 1116 κατανωλώ-

435 1177 627 1230 σαμεν.
665 1159 818 1212 Ἐπεὶ
845 1155 936 1211 οὖν
980 1157 1178 1210 ἔδωκεν
1229 1159 1256 1209 ὁ
1303 1155 1500 1226 Κύριος
1552 1155 1824 1216 κάκείνοις
1875 1154 2013 1223 πλη-

436 1255 606 1324 ρῶσαι
677 1253 773 1323 τὴν
827 1251 1202 1321 λειτουργίαν,
1261 1249 1354 1301 καὶ
1414 1248 1486 1318 μὴ
1537 1247 1855 1317 διαμαρτεῖν
1913 1246 2014 1314 τῆς

433 1342 705 1413 ὑμετέρας
743 1343 984 1408 ἀγάπης,
1027 1339 1251 1391 ἀπόδοτε
1300 1335 1417 1407 μεθ’
1449 1334 1603 1405 ἡμῶν
1647 1335 1745 1404 τὴν
1792 1333 2012 1403 εὐχαρι-

433 1432 585 1488 στίαν
621 1433 698 1504 τῷ
733 1433 1016 1503 εὐεργέτῃ,
1063 1430 1141 1500 τῷ
1189 1431 1286 1498 τὴν
1333 1427 1617 1497 ὁρωμένην
1670 1425 1874 1496 ταύτην
1916 1423 2010 1478 τοῦ

434 1524 685 1596 σώματος
718 1524 874 1595 ἡμῶν
909 1523 1192 1576 ἀσθένειαν
1229 1524 1295 1591 τῇ
1330 1520 1548 1591 ἀοράτῳ
1587 1516 1750 1572 αὑτοῦ
1782 1517 2010 1587 δυνάμει

431 1618 875 1689 χειραγιογοῦντι.
915 1616 1066 1680 Quod
1106 1617 1150 1668 si
1193 1615 1342 1667 nobis
1383 1613 1722 1666 excusatione
1755 1627 1885 1674 opus
1912 1619 2008 1674 est,

429 1715 568 1782 quod
603 1714 794 1764 morati
843 1713 1028 1775 simus,
1074 1721 1119 1764 et
1159 1728 1190 1762 a
1234 1710 1375 1764 vobis
1424 1708 1746 1776 abfuerimus
1785 1709 2007 1774 perdiu,

2114 513 2358 582 contigit.

2185 603 2411 658 Videtur
2447 604 2742 674 Gregorius
2786 605 3166 662 Nazianzenus
3215 609 3468 666 homilias
3508 611 3697 667 Basilii

2116 694 2169 748 in
2206 695 2448 752 Psalmos
2474 699 2736 760 indicare,
2763 715 2886 754 cum
2915 699 3095 754 laudat
3127 701 3267 756 illius
3292 705 3695 769 enarrationes,

2115 786 2169 839 in
2223 787 2418 854 quibus
2476 787 2815 857 Scripturam
2863 791 2949 854 iis,
2999 791 3090 858 qui
3142 792 3496 860 simpliciores
3544 806 3694 861 sunt,

2117 878 2382 932 trifariam
2441 879 2788 948 explanabat.
2845 881 2900 935 Id
2953 882 3156 950 optime
3215 885 3468 939 convenit
3505 886 3590 941 his
3637 887 3694 940 in

2114 968 2354 1036 psalmos
2382 970 2640 1026 homiliis.
2671 969 2785 1024 Non
2821 972 2963 1026 enim
2999 971 3228 1027 Basilius
3257 973 3308 1027 in
3347 974 3539 1030 litterae
3569 991 3694 1030 cor-

2117 1058 2242 1122 tice,
2274 1068 2331 1110 ut
2370 1059 2444 1112 ait
2486 1059 2800 1130 Gregorius,
2844 1063 3034 1130 pedem
3098 1063 3229 1132 figit,
3273 1067 3367 1120 sed
3426 1077 3694 1135 praeterea

2116 1149 2373 1204 moralem
2405 1165 2619 1206 sensum
2650 1163 2705 1207 et
2731 1170 2814 1218 ea,
2843 1169 2963 1223 quae
3007 1156 3074 1208 ad
3109 1156 3386 1211 Christum
3417 1169 3693 1226 spectant,

2115 1241 2426 1312 investigat.
2472 1245 2761 1300 Existimat
2808 1246 3187 1303 Tillemontius
3234 1250 3469 1319 psalmos
3497 1253 3696 1308 ordine

2116 1351 2146 1388 a
2179 1348 2366 1390 sancto
2390 1337 2587 1393 Basilio
2621 1340 2944 1407 explanatos
2975 1341 3160 1406 fuisse,
3194 1353 3354 1413 atque
3393 1361 3458 1400 ex
3494 1361 3694 1416 magno

2116 1427 2206 1481 illo
2257 1430 2597 1485 homiliarum
2655 1449 2883 1488 numero
2922 1449 3216 1504 perpaucas
3261 1437 3328 1490 ad
3368 1453 3466 1492 nos
3499 1454 3696 1508 perve-

2113 1523 2280 1578 nisse.
2316 1523 2409 1577 llis
2441 1523 2743 1580 rationibus
2791 1527 2982 1580 nititur
3037 1528 3382 1584 doctissimus
3434 1532 3692 1601 scriptor,

2114 1618 2256 1684 quod
2294 1618 2436 1670 nulla
2463 1619 2680 1674 videtur
2703 1621 2980 1675 exstitisse
3025 1637 3209 1687 causa,
3243 1638 3339 1675 cur
3368 1623 3465 1678 hos
3509 1626 3696 1693 potius

2113 1723 2273 1777 quam
2299 1709 2420 1763 illos
2439 1710 2503 1763 ad
2531 1711 2922 1780 explanandum
2950 1711 3178 1767 Basilius
3200 1713 3467 1783 elegisset,
3495 1715 3697 1771 deinde

431 1808 568 1859 lianc
607 1806 885 1873 a/feremus
923 1821 1160 1866 causam,
1195 1802 1353 1870 quod,
1381 1819 1497 1854 cum
1523 1801 1684 1853 aliam
1715 1799 1809 1852 Dei
1841 1799 2005 1852 eccle-
2039 1797 2082 1854 B
2112 1801 2254 1868 quod
2315 1801 2694 1856 nonnullorum
2751 1803 3186 1872 explanationem
3248 1821 3352 1859 non
3413 1807 3646 1862 absolvit
3675 1827 3691 1872 ;

429 1898 586 1955 siam,
611 1898 732 1949 huic
763 1899 960 1950 honore
1006 1912 1207 1963 parem,
1254 1895 1706 1956 administremus,
1750 1909 1853 1945 non
1890 1897 2010 1945 'mea

429 1990 598 2043 diocri
632 2007 664 2042 a
707 1990 846 2042 vobis
878 1991 1159 2042 distantem
1188 1988 1486 2050 intervallo,
1532 1989 1632 2039 hoc
1667 1996 1867 2054 tempus
1903 1986 2008 2038 diei

429 2063 926 2150 consumpserinms.
968 2079 1100 2136 Cum
1133 2083 1293 2150 igitur
1335 2081 1535 2133 dederit
1565 2079 1840 2141 Dominus,
1881 2089 1935 2129 ut
1961 2083 2008 2129 et

427 2175 535 2229 illis
562 2176 827 2239 implerem
876 2175 1167 2242 lilurgiam,
1205 2191 1297 2226 nec
1346 2181 1526 2227 vestra:
1569 2173 1797 2224 deessem
1834 2168 2009 2221 citari-

430 2268 550 2331 tati,
585 2282 784 2318 mecum
809 2265 1036 2332 beneﬁca
1072 2264 1316 2333 largitori
1345 2265 1541 2332 gratias
1571 2264 1732 2330 agite,
1754 2262 1845 2331 qui
1873 2263 2008 2312 lianc

428 2375 587 2422 quam
627 2358 812 2412 videtis
877 2359 1115 2424 corporis
1174 2359 1340 2410 nostri
1400 2354 1717 2408 debilitatem
1763 2352 2008 2406 invisibili
2055 2393 2057 2395 .

428 2469 524 2506 sua
546 2452 778 2521 potentia
807 2452 1044 2504 deduxit.
1085 2450 1157 2503 Ex
1207 2451 1288 2503 his
1337 2458 1485 2518 patet.
1519 2463 1680 2501 unam
1729 2461 1795 2500 ex
1827 2445 2009 2500 Cwsa-

432 2543 699 2598 riensibus
753 2543 998 2598 ccclesiis
1046 2542 1240 2597 Basilio
1295 2543 1638 2595 commissam
1698 2539 1896 2606 fuisse,
1944 2553 2008 2592 ae

431 2635 659 2706 proinde
696 2635 933 2688 nondum
975 2633 1285 2703 episcopum
1330 2633 1519 2687 fuisse.
1555 2633 1669 2686 Non
1732 2632 1874 2684 enim
1927 2629 2008 2684 sic

431 2728 683 2784 looualur
707 2729 995 2796 episcOpus
1031 2726 1094 2779 ad
1136 2741 1295 2794 quem
1329 2727 1572 2779 omnium
1627 2723 1880 2778 dimcesis
1919 2737 2007 2777 ec-

427 2817 712 2871 clesiarum
748 2835 877 2872 cura
923 2817 1196 2885 pertinet;
1235 2826 1329 2870 aut
1382 2817 1427 2869 si
1472 2814 1779 2878 ecclesiam,
1816 2813 1868 2866 in
1901 2828 2005 2882 qua

428 2909 703 2978 liturgiam
729 2911 1008 2964 celebrare
1059 2909 1218 2975 solet,
1250 2909 1353 2962 sibi
1385 2909 1452 2961 ad
1486 2907 1777 2976 regendum
1813 2906 2006 2974 praeci-

426 3017 532 3072 pue
562 3003 908 3057 commissam
945 3003 1129 3056 dicere
1163 3001 1353 3070 possit,
1389 3015 1494 3054 non
1531 3007 1708 3052 tamen
1748 3000 1873 3052 huic
1918 3014 2010 3052 ec-

427 3095 605 3152 cEesiae
631 3095 762 3148 alias
805 3095 857 3148 in
895 3095 1039 3162 agris
1077 3103 1168 3147 aut
1199 3093 1266 3146 ad
1297 3093 1484 3146 urbem
1533 3101 1874 3146 constructas
1908 3091 2006 3145 ho-

428 3199 561 3242 nore
589 3199 643 3243 et
680 3186 942 3257 dignitate
976 3200 1135 3256 pares
1165 3185 1462 3240 existimet.

501 3370 558 3427 Si
619 3369 879 3425 Baailium
936 3371 1004 3426 ad
1051 3371 1152 3426 has
1204 3370 1335 3425 duas
1385 3369 1657 3434 homilias,
1712 3370 1919 3439 nempe‘
1951 3371 2004 3424 in

427 3467 620 3537 psalm.
649 3480 742 3520 xiv
769 3475 824 3519 et
852 3479 999 3532 cxtv,
1047 3465 1166 3535 ipso
1215 3465 1547 3534 psalmorum
1595 3464 1787 3519 ordine
1835 3466 2005 3519 addu-

427 3567 573 3614 ctum
612 3572 735 3612 esse
773 3567 1089 3623 constaret,
1134 3567 1377 3614 statuere
1436 3573 1721 3628 possemus
1781 3567 2004 3613 cartcras

421 3663 640 3720 quoque
671 3649 723 3703 in
756 3649 992 3720 psalmos
1034 3649 1288 3703 homilias
1327 3660 1452 3702 ante
1491 3650 1860 3718 episcopatum
1903 3650 2003 3702 ha-

426 3740 570 3797 bitas
604 3742 790 3797 fuisse.
821 3741 925 3797 Sed
951 3742 1172 3798 homilia
1209 3743 1262 3796 in
1295 3742 1488 3812 psalm.
1511 3758 1636 3798 cxtv
1673 3744 1722 3795 in
1750 3743 2000 3806 ecclesia,

425 3833 482 3886 in
516 3848 621 3903 qua
652 3834 881 3890 Basilius
911 3835 1222 3890 concionari
1260 3851 1364 3889 non
1401 3835 1627 3899 solebat,
1659 3833 1724 3887 ad
1754 3835 2001 3888 occasio-

425 3939 549 3979 nem
613 3927 828 3996 psalmi,
875 3927 967 3997 qui
1032 3928 1367 3996 ingrediente
1420 3926 1620 3982 Basilio
1684 3930 1999 3994 canebatnr,

425 4019 776 4085 pronuntiata
843 4029 946 4074 est.
1020 4019 1172 4086 Quod
1231 4030 1438 4087 spectat
1497 4020 1563 4072 ad
1621 4021 1894 4074 homiliam
1946 4021 1998 4074 in

425 4109 620 4179 psalm.
656 4125 772 4174 xw,
810 4110 950 4164 illam
977 4113 1194 4180 quidem
1222 4112 1411 4165 habuit
1447 4111 1695 4174 Basilius.
1734 4122 1792 4166 ιιι
1820 4113 2000 4166 absol-

423 4207 575 4254 veret
607 4215 727 4269 quae
749 4201 920 4270 pridie
952 4202 1020 4256 de
1059 4201 1247 4256 eodem
1283 4203 1488 4271 psalmo
1517 4205 1867 4259 disseruerat.
1894 4204 2000 4260 Sed

423 4305 546 4344 cum
584 4291 800 4344 dubium
832 4292 904 4344 sit
937 4308 1004 4346 an
1051 4293 1328 4347 ltomiliam
1378 4295 1520 4348 illam
1549 4296 1722 4363 pridie
1759 4311 1997 4365 pronun-

423 4383 613 4437 tiatam
651 4383 976 4450 habeamus,
1025 4385 1288 4440 incertum
1319 4387 1484 4441 etiam
1519 4396 1601 4441 est
1635 4397 1814 4442 utrum
1851 4393 1903 4442 in
1936 4384 2010 4444 ea

2031 3143 2078 3205 C

2113 1904 2226 1949 tum
2257 1896 2418 1950 etiam
2449 1896 2573 1965 quia
2607 1897 2660 1950 in
2707 1897 2924 1952 homilia
2965 1899 3016 1952 in
3048 1898 3239 1967 psalm.
3275 1915 3459 1954 xxxvii
3488 1902 3697 1956 cilatur

2111 1986 2330 2040 homilia
2377 1987 2428 2040 in
2483 1987 2677 2056 psalm.
2730 2004 2804 2054 vt,
2853 2001 2908 2043 et
2964 1990 3101 2058 apud
3156 1990 3479 2062 Symeonem
3515 1991 3694 2046 Meta-

2111 2078 2386 2147 phrastem
2442 2080 2674 2134 homilia:
2725 2081 2778 2134 in
2827 2081 3061 2149 psalmos
3099 2097 3177 2146 xt,
3227 2098 3416 2146 xxxiv,
3450 2099 3692 2152 xxxvnt,

2111 2185 2178 2222 LV
2237 2170 2496 2224 citantur.
2569 2171 2906 2225 Sententiam
2970 2172 3298 2228 Tillcmontii
3360 2178 3694 2231 confirmare

2109 2277 2395 2330 possumus
2439 2279 2503 2317 ex
2550 2265 2764 2316 homilia
2797 2265 2848 2318 in
2893 2264 3088 2333 psalm.
3136 2281 3287 2327 xxix,
3319 2265 3406 2318 ubi
3456 2264 3692 2321 Basilius

2110 2353 2254 2404 velut
2285 2353 2336 2405 in
2366 2353 2522 2423 longo
2553 2356 2783 2422 quodam
2821 2370 2884 2408 ac
2929 2370 3032 2407 non
3070 2355 3381 2408 intermisso
3419 2368 3584 2422 opere
3610 2355 3692 2408 ci—

2110 2451 2328 2512 tat-quze
2355 2444 2408 2497 in
2445 2446 2818 2513 superioribus
2851 2446 3089 2499 homiliis
3119 2460 3260 2514 smpe
3302 2447 3533 2499 dixerat.
3569 2446 3692 2500 Sa:-

2107 2551 2169 2605 pe
2193 2537 2388 2588 dictum
2413 2548 2510 2602 est,
2544 2538 2740 2602 inquit,
2771 2541 2833 2589 de
2860 2536 3088 2590 clamore
3113 2539 3180 2588 ad
3213 2536 3518 2600 Dominum,
3543 2537 3687 2605 quod

2107 2625 2176 2679 sit
2208 2626 2321 2695 ejus
2351 2627 2535 2691 solius,
2559 2629 2648 2695 qui
2673 2644 2862 2697 magna
2890 2637 2938 2680 et
2973 2627 3200 2679 caelestia
3233 2627 3390 2694 cupit,
3429 2628 3684 2682 clamare.

2110 2716 2330 2771 Scilicet
2363 2717 2522 2786 hujus
2572 2721 2720 2772 vocis
2769 2731 2910 2785 sche
2963 2717 3296 2786 explicanda:
3340 2720 3686 2774 occasionem

2108 2807 2401 2860 attulerant
2435 2807 2622 2876 psalmi
2644 2810 2694 2860 in
2721 2809 2913 2877 quibus
2942 2822 3084 2869 same
3116 2809 3374 2862 occurrit.
3401 2809 3554 2874 Quod
3582 2825 3684 2863 au-

2109 2907 2216 2953 tem
2243 2909 2452 2970 spectat
2483 2901 2548 2954 ad
2604 2902 2852 2955 homilias
2923 2916 2952 2954 a
3005 2899 3271 2971 Symeone
3318 2899 3686 2969 Metaphraste

2107 2993 2325 3056 citatas,
2360 3001 2470 3047 tota
2513 3009 2597 3047 res
2629 2994 2816 3047 nititur
2843 2993 2993 3048 l'alsis
3027 2991 3287 3067 numeris,
3317 2994 3406 3061 qui
3443 2994 3510 3046 ad
3537 3009 3686 3048 mar-

2109 3080 2287 3149 ginem
2313 3079 2637 3135 Parisiensis
2675 3080 2930 3136 editionis
2958 3081 3180 3150 appositi
3221 3083 3456 3135 fuerant.
3486 3083 3684 3138 Errata

2107 3173 2513 3226 emendavimus
2546 3173 2599 3226 in
2631 3174 2734 3227 hac
2759 3174 3013 3228 editione.
3049 3173 3145 3229 Ubi
3171 3175 3314 3228 enim
3345 3174 3686 3232 indicabatur

2107 3263 2328 3319 homilia
2385 3265 2559 3318 sancti
2610 3264 2798 3318 Basilii
2854 3265 2906 3319 in
2969 3265 3162 3334 psalm.
3221 3281 3277 3319 xt
3342 3267 3683 3334 reposuimus

2107 3354 2298 3423 psalm.
2335 3369 2448 3417 xiv,
2490 3355 2707 3408 homilia
2763 3356 2815 3408 in
2866 3356 3063 3424 psalm.
3112 3371 3280 3410 xxxiv
3325 3356 3594 3412 citabatur
3625 3357 3683 3412 in

2105 3463 2355 3503 sermone
2395 3449 2582 3518 quinto
2625 3465 2772 3503 num.
2812 3450 2848 3502 5
2893 3460 2950 3505 et
2992 3451 3044 3504 in
3093 3453 3324 3520 septimo
3372 3469 3426 3506 ιι.
3479 3453 3530 3507 6.
3575 3453 3683 3509 Sed

2105 3539 2220 3594 hmc
2265 3541 2371 3594 duo
2431 3541 2542 3594 loca
2604 3542 2950 3610 reperiuntur
2993 3542 3044 3594 in
3099 3543 3332 3596 homiliis
3383 3541 3567 3597 Basilii
3623 3544 3679 3598 in

2103 3632 2296 3703 psalm.
2348 3647 2520 3686 xxxnt
2577 3642 2632 3687 ct
2680 3648 2804 3686 va.
2855 3632 3117 3687 Similiter
3164 3649 3285 3703 quae
3336 3635 3387 3688 in
3428 3649 3680 3690 sermone

2104 3725 2208 3786 15,
2252 3740 2400 3778 num.
2445 3724 2495 3791 4,
2541 3725 2854 3795 deprompta
2901 3725 3221 3779 videbantur
3259 3741 3324 3780 ex
3372 3727 3587 3780 homilia
3625 3727 3681 3782 in

2105 3816 2296 3885 psalm.
2338 3832 2424 3884 Lv,
2455 3827 2510 3872 et
2549 3819 2603 3871 in
2643 3833 2894 3874 sermone
2928 3817 3018 3883 14,
3069 3834 3124 3872 ιι.
3165 3817 3223 3882 5,
3267 3833 3332 3874 ex
3377 3819 3595 3873 homilia
3625 3820 3694 3877 in.

2104 3911 2293 3979 psalm.
2339 3927 2570 3976 xxxvnt,
2613 3925 2677 3966 ea
2715 3911 3016 3981 reperimus
3049 3913 3100 3966 in
3132 3912 3371 3966 homiliis
3397 3912 3450 3965 in
3478 3913 3678 3982 psalm.

2103 4017 2188 4056 LIX
2242 4013 2296 4057 et
2332 4019 2442 4058 LXI.

2174 4094 2482 4160 Quinetiam
2518 4096 2584 4150 de
2616 4096 2722 4151 illis
2762 4112 2883 4165 quae
2911 4105 3128 4153 exstant
3169 4097 3356 4152 decem
3387 4106 3442 4152 et
3471 4107 3678 4168 septem

2101 4187 2338 4242 homiliis
2367 4193 2732 4244 controversia
2757 4199 2838 4244 est
2857 4206 2922 4243 an
2947 4190 3148 4244 Basilio
3169 4206 3359 4245 omnes
3381 4191 3678 4246 tribuenda:

2101 4281 2229 4336 sint.
2265 4281 2508 4348 Quatuor
2535 4284 2747 4352 reiecta:
2777 4293 2904 4339 sunt
2947 4286 3000 4338 in
3040 4283 3429 4355 Appendicem,
3459 4297 3518 4339 ut
3544 4301 3678 4355 spu-

2102 4377 2196 4430 ria:
2223 4392 2287 4431 ac
2331 4376 2531 4432 Basilio
2577 4393 2799 4447 prorsus
2839 4378 3089 4447 indignae,
3132 4395 3326 4448 nempe
3362 4381 3536 4448 prima
3578 4381 3678 4437 bo-

422 4475 656 4531 Basilius
699 4486 1006 4546 susceptam
1051 4478 1492 4546 explicandorum
1537 4481 1866 4547 psalmorum
1914 4496 1998 4536 se-
2030 4487 2076 4542 D
2103 4469 2247 4522 milia
2284 4469 2336 4522 ίη
2369 4470 2560 4539 Ρείίιηιο
2605 4485 2718 4534 XIV.
2751 4474 2986 4526 secunda
3035 4473 3088 4526 Ῑη
3132 4473 3322 4542 Psalm-
3354 4489 3546 4536 x3m".
3580 4475 3677 4528 h0-

425 4568 586 4636 riem,
614 4583 682 4623 an
707 4569 943 4624 oblatam
989 4569 1227 4640 aliquam
1275 4573 1620 4626 occasionem
1651 4582 1874 4628 secutus
1901 4574 1994 4629 sit.

417 4661 600 4730 Quare
627 4664 882 4734 temporis
910 4673 1070 4730 notae,
1107 4679 1242 4731 quas
1299 4664 1351 4717 in
1404 4665 1642 4718 homiliis
1689 4665 1741 4718 in
1797 4667 1992 4734 psalm.

420 4769 510 4810 xtv
539 4764 595 4810 et
621 4770 748 4811 cxtv
810 4754 1286 4824 deprehendimus,
1348 4754 1414 4808 ad
1470 4753 1604 4808 alias
1655 4753 1706 4807 in
1759 4755 1996 4824 psalmos

420 4846 670 4901 homilias
709 4863 814 4902 non
851 4849 1122 4917 pertinent
1158 4864 1173 4902 :
1209 4863 1343 4916 quas
1383 4856 1561 4901 tamen
1595 4846 1887 4902 verisimile
1912 4856 1998 4902 est

421 4947 548 4990 ante
588 4939 952 5008 episcopatum
1006 4938 1216 4992 habitas
1272 4937 1456 5002 fuisse,
1511 4947 1794 5006 propterea
1826 4938 1992 5006 quod,

422 5039 480 5082 ut
503 5028 616 5096 jam
662 5029 796 5096 dixi,
830 5029 1030 5083 nullam
1063 5029 1410 5099 episcOpatus
1451 5039 1657 5092 notam,
1719 5029 1852 5082 nihil
1898 5028 1996 5081 ad-

421 5132 609 5175 versus
635 5118 1165 5190 Pneumatomachos
1201 5119 1424 5174 habent.
1461 5119 1768 5186 Quinetiam
1803 5119 1855 5172 in
1893 5121 1993 5172 ho-

421 5211 565 5266 milia
589 5211 658 5265 'in
684 5211 873 5280 psalm.
899 5227 1090 5277 xxvnt,
1119 5229 1176 5267 ιι.
1212 5215 1268 5276 5,
1300 5223 1356 5266 et
1407 5211 1508 5266 sub
1559 5212 1720 5264 tinem
1760 5210 1994 5264 homilia:

419 5300 474 5354 in
502 5301 691 5368 psalm.
732 5316 855 5366 cxv.
906 5304 1198 5358 vehemens
1253 5301 1600 5370 reprehensio
1654 5316 1862 5362 eorum,
1899 5301 1991 5369 qui

418 5389 605 5444 relicta
634 5391 890 5456 ecclesia,
915 5407 1151 5464 synaxes
1178 5394 1229 5447 in
1265 5393 1488 5461 privatis
1509 5390 1715 5446 (edibus
1745 5390 1982 5446 celebra-

417 5481 567 5549 bant,
593 5483 822 5552 probare
845 5485 1014 5554 possit
1043 5484 1140 5538 has
1177 5485 1427 5538 homilias
1461 5493 1588 5539 ante
1620 5481 1831 5538 habitas
1857 5481 1980 5536 fuis-

414 5586 495 5636 se,
525 5586 685 5642 quam
718 5577 1024 5643 persecutio
1063 5576 1114 5630 in
1142 5572 1365 5630 Oriente
1416 5574 1655 5630 Valentis
1701 5574 1988 5643 praesentia

414 5661 835 5734 ingravesceret,
867 5680 932 5718 ac
977 5665 1218 5734 pluribus
1256 5665 1309 5719 in
1354 5665 1489 5721 locis
1520 5663 1784 5718 Catholici
1833 5673 1989 5719 extra

416 5769 598 5814 muros
651 5756 736 5814 vel
786 5757 840 5813 in
895 5757 1123 5826 privatis
1177 5757 1382 5816 aedibus
1443 5758 1766 5828 congregari
1822 5771 1986 5826 coge-

2101 4562 2263 4616 milite
2314 4564 2364 4615 in
2396 4563 2635 4632 psalmos
2675 4579 2861 4619 xxxvii
2914 4576 2968 4620 et
2997 4582 3122 4622 cxv.
3172 4567 3438 4621 Praaterea
3484 4579 3677 4622 auctor

2100 4653 2432 4722 prmfationis
2473 4657 2525 4710 in
2581 4667 2784 4711 tomum
2825 4659 3056 4727 primum
3109 4661 3362 4714 nonnulla
3411 4661 3589 4731 rejicit
3619 4663 3674 4716 in

2099 4746 2218 4799 aliis
2247 4747 2505 4814 homiliis,
2541 4764 2663 4818 qua:
2689 4765 2757 4804 ex
2791 4749 3022 4805 Eusebio
3049 4766 3079 4805 a
3126 4752 3364 4805 librariis
3389 4753 3673 4822 desumpta

2097 4840 2372 4894 existimat
2399 4859 2411 4896 :
2442 4857 2634 4910 nempe
2656 4843 2706 4896 in
2733 4843 2916 4896 ltomil.
2942 4843 2993 4896 in
3015 4843 3209 4912 psalm.
3239 4858 3410 4907 xxxn,
3435 4844 3500 4897 ad
3530 4844 3674 4898 hunc

2097 4931 2444 5000 versiculum,
2491 4932 2652 4986 Verbo
2690 4933 2902 4988 Domini
2935 4935 3051 4988 coeli
3096 4935 3297 5002 ﬁrmati
3320 4946 3440 4988 sunt
3468 4945 3515 4988 et
3559 4937 3672 4999 spi-

2096 5023 2204 5074 ritu
2235 5024 2344 5076 oris
2372 5024 2485 5093 ejus
2525 5025 2693 5078 omnis
2722 5028 2887 5080 virtus
2925 5041 3130 5093 eorum,
3178 5025 3390 5080 initium
3438 5023 3674 5078 homilia

2095 5111 2149 5166 in
2181 5114 2373 5181 psalm.
2408 5130 2555 5182 XLIV,
2583 5116 2801 5188 longum
2835 5118 3199 5187 fragmentum
3223 5120 3276 5174 in
3303 5117 3410 5172 fine
3435 5117 3672 5172 homiliae

2045 5217 2052 5222 ·
2097 5203 2150 5256 in
2183 5205 2374 5272 psalm.
2401 5224 2543 5264 cxw.

2174 5295 2239 5354 ν.
2275 5298 2400 5354 Scio
2429 5301 2763 5356 eruditorum
2816 5302 3094 5356 hominum
3132 5315 3237 5356 non
3265 5301 3452 5370 paucis
3478 5298 3670 5366 displi-

2101 5393 2294 5458 ‘zuisse,
2329 5395 2471 5460 quod
2505 5394 2564 5448 S.
2598 5393 2796 5448 Basilio
2845 5395 2900 5448 in
2951 5394 3161 5449 duobus
3207 5394 3478 5462 prioribus
3509 5391 3670 5446 tomis

2118 5499 2204 5538 am
2234 5483 2398 5538 multa
2429 5485 2731 5554 abjudicata
2762 5487 2872 5540 sint
2899 5500 3082 5556 Opera.
3116 5484 3189 5540 Ut
3210 5500 3397 5541 eorum
3428 5483 3669 5554 querelis

2092 5576 2420 5632 satisfaciam
2453 5592 2554 5632 nec
2602 5578 2654 5631 in
2685 5579 3014 5632 contrariam
3062 5579 3339 5634 incurram
3374 5578 3669 5646 reprehen-

2091 5669 2296 5725 sionem
2317 5709 2332 5733 ,
2355 5681 2555 5738 quanta
2582 5681 2768 5738 p0tero
2793 5672 3024 5726 maxima
3050 5672 3132 5728 his
3157 5672 3209 5725 in
3235 5672 3396 5726 rebus
3411 5671 3667 5724 cautione

2092 5761 2371 5817 versabor.
2419 5757 2573 5825 Quod
2613 5769 2825 5830 spectat
2869 5762 2936 5818 ad
2979 5772 3212 5832 quatuor
3240 5759 3513 5828 homilias,
3541 5771 3667 5833 qua
