  <div class='ocr_page' id='page_1' title='image "/cluster/home/n/w/nwhite01/storage/ocr_20150623/29/mdp.39015012934371/174.png"; bbox 0 0 4040 6216; ppageno 0'>
   <div class='ocr_carea' id='block_1_1' title="bbox 1698 368 2258 430">
    <p class='ocr_par' dir='ltr' id='par_1_1' title="bbox 1698 368 2258 430">
     <span class='ocr_line' id='line_1_1' title="bbox 1698 368 2258 430; baseline 0 -1"><span class='ocrx_word' id='word_1_1' title='bbox 1698 368 1854 430; x_wconf 74' lang='lat' dir='ltr'><strong>VITA</strong></span> <span class='ocrx_word' id='word_1_2' title='bbox 1890 374 1945 427; x_wconf 89' lang='lat' dir='ltr'><strong>S.</strong></span> <span class='ocrx_word' id='word_1_3' title='bbox 1989 370 2258 429; x_wconf 80' lang='lat' dir='ltr'><strong>BASILII.</strong></span> 
     </span>
    </p>
   </div>
   <div class='ocr_carea' id='block_1_2' title="bbox 3432 403 3567 444">
    <p class='ocr_par' dir='ltr' id='par_1_2' title="bbox 3432 403 3567 444">
     <span class='ocr_line' id='line_1_2' title="bbox 3432 403 3567 444; baseline 0.007 -1"><span class='ocrx_word' id='word_1_4' title='bbox 3432 403 3567 444; x_wconf 74' lang='lat' dir='ltr'><strong>CLXV</strong></span> 
     </span>
    </p>
   </div>
   <div class='ocr_carea' id='block_1_3' title="bbox 348 475 3569 564">
    <p class='ocr_par' dir='ltr' id='par_1_3' title="bbox 348 475 3569 564">
     <span class='ocr_line' id='line_1_3' title="bbox 348 475 3569 564; baseline 0.009 -35"><span class='ocrx_word' id='word_1_5' title='bbox 348 479 396 529; x_wconf 92' lang='lat' dir='ltr'><strong>in</strong></span> <span class='ocrx_word' id='word_1_6' title='bbox 450 475 807 545; x_wconf 84' lang='lat' dir='ltr'><strong>Appendicem</strong></span> <span class='ocrx_word' id='word_1_7' title='bbox 852 479 1067 550; x_wconf 67' lang='lat' dir='ltr'><strong>refectae</strong></span> <span class='ocrx_word' id='word_1_8' title='bbox 1105 494 1258 550; x_wconf 89' lang='lat' dir='ltr'><strong>sunt;</strong></span> <span class='ocrx_word' id='word_1_9' title='bbox 1292 499 1394 538; x_wconf 91' lang='lat' dir='ltr'><strong>non</strong></span> <span class='ocrx_word' id='word_1_10' title='bbox 1447 486 1629 541; x_wconf 94' lang='lat' dir='ltr'><strong>timide</strong></span> <span class='ocrx_word' id='word_1_11' title='bbox 1693 504 1906 544; x_wconf 79' lang='lat' dir='ltr'><strong>asseve-</strong></span> <span class='ocrx_word' id='word_1_12' title='bbox 1934 504 1980 559; x_wconf 68' lang='grc' dir='ltr'>Α</span> <span class='ocrx_word' id='word_1_13' title='bbox 2006 490 2319 543; x_wconf 86' lang='lat' dir='ltr'><strong>memoriam</strong></span> <span class='ocrx_word' id='word_1_14' title='bbox 2358 504 2612 546; x_wconf 86' lang='lat' dir='ltr'><strong>onerasse</strong></span> <span class='ocrx_word' id='word_1_15' title='bbox 2641 493 2828 550; x_wconf 89' lang='lat' dir='ltr'><strong>alienis</strong></span> <span class='ocrx_word' id='word_1_16' title='bbox 2861 494 3119 564; x_wconf 85' lang='lat' dir='ltr'><strong>ejusmodi</strong></span> <span class='ocrx_word' id='word_1_17' title='bbox 3164 497 3390 554; x_wconf 91' lang='lat' dir='ltr'><strong>divitiis.</strong></span> <span class='ocrx_word' id='word_1_18' title='bbox 3424 501 3569 558; x_wconf 90' lang='lat' dir='ltr'><strong>Inest</strong></span> 
     </span>
    </p>
   </div>
   <div class='ocr_carea' id='block_1_4' title="bbox 348 569 1905 649">
    <p class='ocr_par' dir='ltr' id='par_1_4' title="bbox 348 569 1905 649">
     <span class='ocr_line' id='line_1_4' title="bbox 348 569 1905 649; baseline 0.009 -30"><span class='ocrx_word' id='word_1_19' title='bbox 348 570 474 621; x_wconf 66' lang='lat' dir='ltr'><strong>rabo</strong></span> <span class='ocrx_word' id='word_1_20' title='bbox 510 569 640 622; x_wconf 85' lang='lat' dir='ltr'><strong>nihil</strong></span> <span class='ocrx_word' id='word_1_21' title='bbox 677 571 730 623; x_wconf 91' lang='lat' dir='ltr'><strong>in</strong></span> <span class='ocrx_word' id='word_1_22' title='bbox 762 571 841 626; x_wconf 85' lang='lat' dir='ltr'><strong>eis</strong></span> <span class='ocrx_word' id='word_1_23' title='bbox 871 573 996 642; x_wconf 83' lang='lat' dir='ltr'><strong>legi,</strong></span> <span class='ocrx_word' id='word_1_24' title='bbox 1031 576 1169 643; x_wconf 91' lang='lat' dir='ltr'><strong>quod</strong></span> <span class='ocrx_word' id='word_1_25' title='bbox 1196 574 1393 631; x_wconf 86' lang='lat' dir='ltr'><strong>Basilio</strong></span> <span class='ocrx_word' id='word_1_26' title='bbox 1421 578 1694 649; x_wconf 80' lang='lat' dir='ltr'><strong>indignum</strong></span> <span class='ocrx_word' id='word_1_27' title='bbox 1718 580 1789 634; x_wconf 86' lang='lat' dir='ltr'><strong>sit</strong></span> <span class='ocrx_word' id='word_1_28' title='bbox 1814 592 1905 633; x_wconf 90' lang='lat' dir='ltr'><strong>aut</strong></span> 
     </span>
    </p>
   </div>
   <div class='ocr_carea' id='block_1_5' title="bbox 344 656 1901 739">
    <p class='ocr_par' dir='ltr' id='par_1_5' title="bbox 344 656 1901 739">
     <span class='ocr_line' id='line_1_5' title="bbox 344 656 1901 739; baseline 0.01 -32"><span class='ocrx_word' id='word_1_29' title='bbox 344 656 409 709; x_wconf 83' lang='lat' dir='ltr'><strong>ab</strong></span> <span class='ocrx_word' id='word_1_30' title='bbox 437 658 553 723; x_wconf 87' lang='lat' dir='ltr'><strong>ejus</strong></span> <span class='ocrx_word' id='word_1_31' title='bbox 578 660 817 715; x_wconf 72' lang='lat' dir='ltr'><strong>doctrinm</strong></span> <span class='ocrx_word' id='word_1_32' title='bbox 854 664 1112 719; x_wconf 90' lang='lat' dir='ltr'><strong>alienum.</strong></span> <span class='ocrx_word' id='word_1_33' title='bbox 1152 665 1207 718; x_wconf 89' lang='lat' dir='ltr'><strong>In</strong></span> <span class='ocrx_word' id='word_1_34' title='bbox 1232 668 1447 721; x_wconf 87' lang='lat' dir='ltr'><strong>homilia</strong></span> <span class='ocrx_word' id='word_1_35' title='bbox 1481 669 1534 722; x_wconf 86' lang='lat' dir='ltr'><strong>in</strong></span> <span class='ocrx_word' id='word_1_36' title='bbox 1569 670 1763 739; x_wconf 88' lang='lat' dir='ltr'><strong>psalm.</strong></span> <span class='ocrx_word' id='word_1_37' title='bbox 1790 688 1901 730; x_wconf 71' lang='lat' dir='ltr'><strong>xiv.</strong></span> 
     </span>
    </p>
   </div>
   <div class='ocr_carea' id='block_1_6' title="bbox 342 749 1905 830">
    <p class='ocr_par' dir='ltr' id='par_1_6' title="bbox 342 749 1905 830">
     <span class='ocr_line' id='line_1_6' title="bbox 342 749 1905 830; baseline 0.01 -30"><span class='ocrx_word' id='word_1_38' title='bbox 342 749 468 816; x_wconf 89' lang='lat' dir='ltr'><strong>quid</strong></span> <span class='ocrx_word' id='word_1_39' title='bbox 506 751 578 804; x_wconf 86' lang='lat' dir='ltr'><strong>sit</strong></span> <span class='ocrx_word' id='word_1_40' title='bbox 623 752 1029 809; x_wconf 80' lang='lat' dir='ltr'><strong>tabernaculum</strong></span> <span class='ocrx_word' id='word_1_41' title='bbox 1068 757 1162 812; x_wconf 92' lang='lat' dir='ltr'><strong>Dei</strong></span> <span class='ocrx_word' id='word_1_42' title='bbox 1202 759 1390 814; x_wconf 89' lang='lat' dir='ltr'><strong>eodem</strong></span> <span class='ocrx_word' id='word_1_43' title='bbox 1424 762 1582 815; x_wconf 90' lang='lat' dir='ltr'><strong>modo</strong></span> <span class='ocrx_word' id='word_1_44' title='bbox 1606 763 1905 830; x_wconf 81' lang='lat' dir='ltr'><strong>explicatur</strong></span> 
     </span>
    </p>
   </div>
   <div class='ocr_carea' id='block_1_7' title="bbox 340 840 1907 917">
    <p class='ocr_par' dir='ltr' id='par_1_7' title="bbox 340 840 1907 917">
     <span class='ocr_line' id='line_1_7' title="bbox 340 840 1907 917; baseline 0.013 -27"><span class='ocrx_word' id='word_1_45' title='bbox 340 853 403 891; x_wconf 87' lang='lat' dir='ltr'><strong>ac</strong></span> <span class='ocrx_word' id='word_1_46' title='bbox 435 840 489 892; x_wconf 92' lang='lat' dir='ltr'><strong>in</strong></span> <span class='ocrx_word' id='word_1_47' title='bbox 514 844 743 910; x_wconf 85' lang='lat' dir='ltr'><strong>genuina</strong></span> <span class='ocrx_word' id='word_1_48' title='bbox 775 845 991 900; x_wconf 90' lang='lat' dir='ltr'><strong>homilia</strong></span> <span class='ocrx_word' id='word_1_49' title='bbox 1036 848 1088 901; x_wconf 89' lang='lat' dir='ltr'><strong>in</strong></span> <span class='ocrx_word' id='word_1_50' title='bbox 1127 850 1315 917; x_wconf 88' lang='lat' dir='ltr'><strong>psalm.</strong></span> <span class='ocrx_word' id='word_1_51' title='bbox 1359 868 1550 915; x_wconf 80' lang='lat' dir='ltr'><strong>xxvm,</strong></span> <span class='ocrx_word' id='word_1_52' title='bbox 1585 854 1648 907; x_wconf 91' lang='lat' dir='ltr'><strong>ad</strong></span> <span class='ocrx_word' id='word_1_53' title='bbox 1680 854 1775 909; x_wconf 84' lang='lat' dir='ltr'><strong>has</strong></span> <span class='ocrx_word' id='word_1_54' title='bbox 1809 871 1907 909; x_wconf 88' lang='lat' dir='ltr'><strong>vo-</strong></span> 
     </span>
    </p>
   </div>
   <div class='ocr_carea' id='block_1_8' title="bbox 340 933 1903 1007">
    <p class='ocr_par' dir='ltr' id='par_1_8' title="bbox 340 933 1903 1007">
     <span class='ocr_line' id='line_1_8' title="bbox 340 933 1903 1007; baseline 0.01 -24"><span class='ocrx_word' id='word_1_55' title='bbox 340 945 431 983; x_wconf 82' lang='lat' dir='ltr'><strong>ces</strong></span> <span class='ocrx_word' id='word_1_56' title='bbox 465 933 632 996; x_wconf 85' lang='lat' dir='ltr'><strong>tituli,</strong></span> <span class='ocrx_word' id='word_1_57' title='bbox 655 936 708 986; x_wconf 89' lang='lat' dir='ltr'><strong>in</strong></span> <span class='ocrx_word' id='word_1_58' title='bbox 737 938 881 987; x_wconf 79' lang='lat' dir='ltr'><strong>exitu</strong></span> <span class='ocrx_word' id='word_1_59' title='bbox 912 955 941 989; x_wconf 91' lang='lat' dir='ltr'><strong>a</strong></span> <span class='ocrx_word' id='word_1_60' title='bbox 965 940 1319 994; x_wconf 87' lang='lat' dir='ltr'><strong>tabernaculo.</strong></span> <span class='ocrx_word' id='word_1_61' title='bbox 1352 941 1448 996; x_wconf 84' lang='lat' dir='ltr'><strong>llis</strong></span> <span class='ocrx_word' id='word_1_62' title='bbox 1480 943 1639 997; x_wconf 90' lang='lat' dir='ltr'><strong>etiam</strong></span> <span class='ocrx_word' id='word_1_63' title='bbox 1666 945 1903 1007; x_wconf 81' lang='lat' dir='ltr'><strong>vocibus,</strong></span> 
     </span>
    </p>
   </div>
   <div class='ocr_carea' id='block_1_9' title="bbox 340 1022 1906 1106">
    <p class='ocr_par' dir='ltr' id='par_1_9' title="bbox 340 1022 1906 1106">
     <span class='ocr_line' id='line_1_9' title="bbox 340 1022 1906 1106; baseline 0.011 -33"><span class='ocrx_word' id='word_1_64' title='bbox 340 1022 446 1087; x_wconf 84' lang='lat' dir='ltr'><strong>Qui</strong></span> <span class='ocrx_word' id='word_1_65' title='bbox 472 1028 767 1094; x_wconf 76' lang='lat' dir='ltr'><strong>ingreditur</strong></span> <span class='ocrx_word' id='word_1_66' title='bbox 808 1029 922 1083; x_wconf 89' lang='lat' dir='ltr'><strong>sine</strong></span> <span class='ocrx_word' id='word_1_67' title='bbox 950 1032 1178 1098; x_wconf 81' lang='lat' dir='ltr'><strong>macula,</strong></span> <span class='ocrx_word' id='word_1_68' title='bbox 1215 1034 1301 1102; x_wconf 88' lang='lat' dir='ltr'><strong>pia</strong></span> <span class='ocrx_word' id='word_1_69' title='bbox 1345 1043 1399 1089; x_wconf 92' lang='lat' dir='ltr'><strong>et</strong></span> <span class='ocrx_word' id='word_1_70' title='bbox 1434 1045 1587 1089; x_wconf 88' lang='lat' dir='ltr'><strong>acuta</strong></span> <span class='ocrx_word' id='word_1_71' title='bbox 1624 1038 1906 1106; x_wconf 85' lang='lat' dir='ltr'><strong>apponitur</strong></span> 
     </span>
    </p>
   </div>
   <div class='ocr_carea' id='block_1_10' title="bbox 335 1119 1900 1196">
    <p class='ocr_par' dir='ltr' id='par_1_10' title="bbox 335 1119 1900 1196">
     <span class='ocr_line' id='line_1_10' title="bbox 335 1119 1900 1196; baseline 0.008 -27"><span class='ocrx_word' id='word_1_72' title='bbox 335 1119 650 1171; x_wconf 73' lang='lat' dir='ltr'><strong>observatio</strong></span> <span class='ocrx_word' id='word_1_73' title='bbox 670 1119 744 1188; x_wconf 92' lang='lat' dir='ltr'><strong>(p.</strong></span> <span class='ocrx_word' id='word_1_74' title='bbox 763 1120 877 1189; x_wconf 82' lang='lat'><strong>9&#39;5),</strong></span> <span class='ocrx_word' id='word_1_75' title='bbox 900 1137 1057 1190; x_wconf 86' lang='lat' dir='ltr'><strong>quam</strong></span> <span class='ocrx_word' id='word_1_76' title='bbox 1078 1124 1238 1177; x_wconf 89' lang='lat' dir='ltr'><strong>etiam</strong></span> <span class='ocrx_word' id='word_1_77' title='bbox 1256 1124 1308 1179; x_wconf 92' lang='lat' dir='ltr'><strong>in</strong></span> <span class='ocrx_word' id='word_1_78' title='bbox 1341 1126 1556 1180; x_wconf 87' lang='lat' dir='ltr'><strong>bomilia</strong></span> <span class='ocrx_word' id='word_1_79' title='bbox 1575 1127 1625 1181; x_wconf 92' lang='lat' dir='ltr'><strong>in</strong></span> <span class='ocrx_word' id='word_1_80' title='bbox 1648 1128 1835 1196; x_wconf 89' lang='lat' dir='ltr'><strong>psalm.</strong></span> <span class='ocrx_word' id='word_1_81' title='bbox 1864 1145 1900 1191; x_wconf 80' lang='grc' dir='ltr'><strong>ι,</strong></span> 
     </span>
    </p>
   </div>
   <div class='ocr_carea' id='block_1_11' title="bbox 334 1209 1904 1285">
    <p class='ocr_par' dir='ltr' id='par_1_11' title="bbox 334 1209 1904 1285">
     <span class='ocr_line' id='line_1_11' title="bbox 334 1209 1904 1285; baseline 0.008 -24"><span class='ocrx_word' id='word_1_82' title='bbox 334 1209 583 1272; x_wconf 84' lang='lat' dir='ltr'><strong>reperire</strong></span> <span class='ocrx_word' id='word_1_83' title='bbox 641 1220 743 1263; x_wconf 86' lang='lat' dir='ltr'><strong>est.</strong></span> <span class='ocrx_word' id='word_1_84' title='bbox 804 1210 860 1264; x_wconf 87' lang='lat' dir='ltr'><strong>In</strong></span> <span class='ocrx_word' id='word_1_85' title='bbox 905 1211 1011 1267; x_wconf 90' lang='lat' dir='ltr'><strong>ﬁne</strong></span> <span class='ocrx_word' id='word_1_86' title='bbox 1038 1213 1275 1282; x_wconf 83' lang='lat' dir='ltr'><strong>ejusdem</strong></span> <span class='ocrx_word' id='word_1_87' title='bbox 1319 1216 1369 1269; x_wconf 89' lang='lat' dir='ltr'><strong>in</strong></span> <span class='ocrx_word' id='word_1_88' title='bbox 1396 1218 1583 1285; x_wconf 90' lang='lat' dir='ltr'><strong>psalm.</strong></span> <span class='ocrx_word' id='word_1_89' title='bbox 1619 1234 1707 1272; x_wconf 82' lang='lat' dir='ltr'><strong>xiv</strong></span> <span class='ocrx_word' id='word_1_90' title='bbox 1736 1221 1904 1273; x_wconf 86' lang='lat' dir='ltr'><strong>homi-</strong></span> 
     </span>
    </p>
   </div>
   <div class='ocr_carea' id='block_1_12' title="bbox 335 1298 1901 1374">
    <p class='ocr_par' dir='ltr' id='par_1_12' title="bbox 335 1298 1901 1374">
     <span class='ocr_line' id='line_1_12' title="bbox 335 1298 1901 1374; baseline 0.009 -25"><span class='ocrx_word' id='word_1_91' title='bbox 335 1298 422 1351; x_wconf 68' lang='lat' dir='ltr'><strong>liae</strong></span> <span class='ocrx_word' id='word_1_92' title='bbox 448 1299 687 1353; x_wconf 85' lang='lat' dir='ltr'><strong>delectus</strong></span> <span class='ocrx_word' id='word_1_93' title='bbox 722 1302 936 1368; x_wconf 85' lang='lat' dir='ltr'><strong>quidam</strong></span> <span class='ocrx_word' id='word_1_94' title='bbox 964 1306 1267 1374; x_wconf 69' lang='lat' dir='ltr'><strong>prazcipitur</strong></span> <span class='ocrx_word' id='word_1_95' title='bbox 1289 1315 1339 1359; x_wconf 85' lang='lat' dir='ltr'><strong>et</strong></span> <span class='ocrx_word' id='word_1_96' title='bbox 1367 1309 1546 1361; x_wconf 89' lang='lat' dir='ltr'><strong>cautio</strong></span> <span class='ocrx_word' id='word_1_97' title='bbox 1581 1311 1632 1361; x_wconf 91' lang='lat' dir='ltr'><strong>in</strong></span> <span class='ocrx_word' id='word_1_98' title='bbox 1666 1312 1901 1363; x_wconf 77' lang='lat' dir='ltr'><strong>elecmo-</strong></span> 
     </span>
    </p>
   </div>
   <div class='ocr_carea' id='block_1_13' title="bbox 338 1392 1897 1471">
    <p class='ocr_par' dir='ltr' id='par_1_13' title="bbox 338 1392 1897 1471">
     <span class='ocr_line' id='line_1_13' title="bbox 338 1392 1897 1471; baseline 0.011 -29"><span class='ocrx_word' id='word_1_99' title='bbox 338 1392 490 1460; x_wconf 81' lang='lat' dir='ltr'><strong>synis</strong></span> <span class='ocrx_word' id='word_1_100' title='bbox 524 1402 581 1445; x_wconf 92' lang='lat' dir='ltr'><strong>ut</strong></span> <span class='ocrx_word' id='word_1_101' title='bbox 634 1394 685 1445; x_wconf 92' lang='lat' dir='ltr'><strong>in</strong></span> <span class='ocrx_word' id='word_1_102' title='bbox 735 1395 856 1448; x_wconf 89' lang='lat' dir='ltr'><strong>aliis</strong></span> <span class='ocrx_word' id='word_1_103' title='bbox 908 1395 1090 1450; x_wconf 81' lang='lat' dir='ltr'><strong>Basilii</strong></span> <span class='ocrx_word' id='word_1_104' title='bbox 1134 1399 1285 1461; x_wconf 89' lang='lat' dir='ltr'><strong>locis,</strong></span> <span class='ocrx_word' id='word_1_105' title='bbox 1348 1415 1537 1469; x_wconf 86' lang='lat' dir='ltr'><strong>nempe</strong></span> <span class='ocrx_word' id='word_1_106' title='bbox 1582 1418 1694 1471; x_wconf 81' lang='lat' dir='ltr'><strong>reg.</strong></span> <span class='ocrx_word' id='word_1_107' title='bbox 1749 1403 1897 1459; x_wconf 89' lang='lat' dir='ltr'><strong>brev.</strong></span> 
     </span>
    </p>
   </div>
   <div class='ocr_carea' id='block_1_14' title="bbox 342 1482 1901 1561">
    <p class='ocr_par' dir='ltr' id='par_1_14' title="bbox 342 1482 1901 1561">
     <span class='ocr_line' id='line_1_14' title="bbox 342 1482 1901 1561; baseline 0.008 -24"><span class='ocrx_word' id='word_1_108' title='bbox 342 1482 443 1537; x_wconf 70' lang='lat'><strong>100</strong></span> <span class='ocrx_word' id='word_1_109' title='bbox 476 1494 529 1537; x_wconf 91' lang='lat' dir='ltr'><strong>et</strong></span> <span class='ocrx_word' id='word_1_110' title='bbox 557 1484 681 1549; x_wconf 84' lang='grc'><strong>101,</strong></span> <span class='ocrx_word' id='word_1_111' title='bbox 714 1495 768 1540; x_wconf 91' lang='lat' dir='ltr'><strong>et</strong></span> <span class='ocrx_word' id='word_1_112' title='bbox 809 1502 891 1555; x_wconf 83' lang='lat' dir='ltr'><strong>ep.</strong></span> <span class='ocrx_word' id='word_1_113' title='bbox 940 1488 1060 1553; x_wconf 82' lang='grc'><strong>150,</strong></span> <span class='ocrx_word' id='word_1_114' title='bbox 1100 1505 1154 1544; x_wconf 93' lang='lat' dir='ltr'><strong>n.</strong></span> <span class='ocrx_word' id='word_1_115' title='bbox 1194 1490 1247 1543; x_wconf 73' lang='grc' dir='ltr'><strong>ὅ.</strong></span> <span class='ocrx_word' id='word_1_116' title='bbox 1286 1490 1466 1561; x_wconf 83' lang='lat' dir='ltr'><strong>Neque</strong></span> <span class='ocrx_word' id='word_1_117' title='bbox 1516 1495 1675 1548; x_wconf 91' lang='lat' dir='ltr'><strong>etiam</strong></span> <span class='ocrx_word' id='word_1_118' title='bbox 1707 1494 1901 1550; x_wconf 88' lang='lat' dir='ltr'><strong>Basilio</strong></span> 
     </span>
    </p>
   </div>
   <div class='ocr_carea' id='block_1_15' title="bbox 341 1577 1899 1653">
    <p class='ocr_par' dir='ltr' id='par_1_15' title="bbox 341 1577 1899 1653">
     <span class='ocr_line' id='line_1_15' title="bbox 341 1577 1899 1653; baseline 0.008 -26"><span class='ocrx_word' id='word_1_119' title='bbox 341 1592 443 1629; x_wconf 90' lang='lat' dir='ltr'><strong>non</strong></span> <span class='ocrx_word' id='word_1_120' title='bbox 476 1577 815 1645; x_wconf 81' lang='lat' dir='ltr'><strong>dignissima,</strong></span> <span class='ocrx_word' id='word_1_121' title='bbox 849 1579 894 1631; x_wconf 88' lang='lat' dir='ltr'><strong>si</strong></span> <span class='ocrx_word' id='word_1_122' title='bbox 923 1594 1008 1633; x_wconf 89' lang='lat' dir='ltr'><strong>res</strong></span> <span class='ocrx_word' id='word_1_123' title='bbox 1036 1590 1089 1633; x_wconf 91' lang='lat' dir='ltr'><strong>et</strong></span> <span class='ocrx_word' id='word_1_124' title='bbox 1129 1584 1425 1637; x_wconf 87' lang='lat' dir='ltr'><strong>sententias</strong></span> <span class='ocrx_word' id='word_1_125' title='bbox 1454 1595 1682 1653; x_wconf 83' lang='lat' dir='ltr'><strong>spectes,</strong></span> <span class='ocrx_word' id='word_1_126' title='bbox 1723 1587 1899 1640; x_wconf 85' lang='lat' dir='ltr'><strong>homi-</strong></span> 
     </span>
    </p>
   </div>
   <div class='ocr_carea' id='block_1_16' title="bbox 341 1668 1897 1744">
    <p class='ocr_par' dir='ltr' id='par_1_16' title="bbox 341 1668 1897 1744">
     <span class='ocr_line' id='line_1_16' title="bbox 341 1668 1897 1744; baseline 0.007 -24"><span class='ocrx_word' id='word_1_127' title='bbox 341 1668 407 1720; x_wconf 91' lang='lat' dir='ltr'><strong>lia</strong></span> <span class='ocrx_word' id='word_1_128' title='bbox 441 1669 494 1721; x_wconf 88' lang='lat' dir='ltr'><strong>in</strong></span> <span class='ocrx_word' id='word_1_129' title='bbox 536 1668 729 1738; x_wconf 88' lang='lat' dir='ltr'><strong>psalm.</strong></span> <span class='ocrx_word' id='word_1_130' title='bbox 759 1684 885 1723; x_wconf 74' lang='lat' dir='ltr'><strong>cxv.</strong></span> <span class='ocrx_word' id='word_1_131' title='bbox 931 1671 1040 1725; x_wconf 91' lang='lat' dir='ltr'><strong>Sub</strong></span> <span class='ocrx_word' id='word_1_132' title='bbox 1082 1672 1240 1726; x_wconf 84' lang='lat' dir='ltr'><strong>linem</strong></span> <span class='ocrx_word' id='word_1_133' title='bbox 1284 1673 1654 1742; x_wconf 84' lang='lat' dir='ltr'><strong>vituperantur</strong></span> <span class='ocrx_word' id='word_1_134' title='bbox 1692 1678 1778 1744; x_wconf 94' lang='lat' dir='ltr'><strong>qui</strong></span> <span class='ocrx_word' id='word_1_135' title='bbox 1813 1694 1897 1731; x_wconf 90' lang='lat' dir='ltr'><strong>re-</strong></span> 
     </span>
    </p>
   </div>
   <div class='ocr_carea' id='block_1_17' title="bbox 340 1762 1899 1835">
    <p class='ocr_par' dir='ltr' id='par_1_17' title="bbox 340 1762 1899 1835">
     <span class='ocr_line' id='line_1_17' title="bbox 340 1762 1899 1835; baseline 0.004 -23"><span class='ocrx_word' id='word_1_136' title='bbox 340 1762 459 1814; x_wconf 89' lang='lat' dir='ltr'><strong>licta</strong></span> <span class='ocrx_word' id='word_1_137' title='bbox 510 1762 738 1817; x_wconf 86' lang='lat' dir='ltr'><strong>ecclesia</strong></span> <span class='ocrx_word' id='word_1_138' title='bbox 787 1763 840 1816; x_wconf 94' lang='lat' dir='ltr'><strong>in</strong></span> <span class='ocrx_word' id='word_1_139' title='bbox 893 1763 1116 1831; x_wconf 83' lang='lat' dir='ltr'><strong>privatis</strong></span> <span class='ocrx_word' id='word_1_140' title='bbox 1145 1765 1350 1819; x_wconf 72' lang='lat' dir='ltr'><strong>aedibus</strong></span> <span class='ocrx_word' id='word_1_141' title='bbox 1399 1780 1628 1835; x_wconf 84' lang='lat' dir='ltr'><strong>synaxes</strong></span> <span class='ocrx_word' id='word_1_142' title='bbox 1661 1768 1899 1821; x_wconf 86' lang='lat' dir='ltr'><strong>celebra-</strong></span> 
     </span>
    </p>
   </div>
   <div class='ocr_carea' id='block_1_18' title="bbox 2011 581 3560 660">
    <p class='ocr_par' dir='ltr' id='par_1_18' title="bbox 2011 581 3560 660">
     <span class='ocr_line' id='line_1_18' title="bbox 2011 581 3560 660; baseline 0.01 -27"><span class='ocrx_word' id='word_1_143' title='bbox 2011 581 2149 635; x_wconf 91' lang='lat' dir='ltr'><strong>idem</strong></span> <span class='ocrx_word' id='word_1_144' title='bbox 2177 581 2362 635; x_wconf 87' lang='lat' dir='ltr'><strong>vitium</strong></span> <span class='ocrx_word' id='word_1_145' title='bbox 2395 583 2623 638; x_wconf 67' lang='lat' dir='ltr'><strong>homilim</strong></span> <span class='ocrx_word' id='word_1_146' title='bbox 2667 586 2723 639; x_wconf 91' lang='lat' dir='ltr'><strong>in</strong></span> <span class='ocrx_word' id='word_1_147' title='bbox 2766 587 3028 654; x_wconf 88' lang='lat' dir='ltr'><strong>psalmum</strong></span> <span class='ocrx_word' id='word_1_148' title='bbox 3065 604 3174 652; x_wconf 77' lang='lat' dir='ltr'><strong>xlv,</strong></span> <span class='ocrx_word' id='word_1_149' title='bbox 3211 586 3364 660; x_wconf 77' lang='lat' dir='ltr'><strong>cujus</strong></span> <span class='ocrx_word' id='word_1_150' title='bbox 3404 594 3560 649; x_wconf 89' lang='lat' dir='ltr'><strong>initio</strong></span> 
     </span>
    </p>
   </div>
   <div class='ocr_carea' id='block_1_19' title="bbox 2009 674 3559 752">
    <p class='ocr_par' dir='ltr' id='par_1_19' title="bbox 2009 674 3559 752">
     <span class='ocr_line' id='line_1_19' title="bbox 2009 674 3559 752; baseline 0.008 -25"><span class='ocrx_word' id='word_1_151' title='bbox 2009 674 2247 741; x_wconf 84' lang='lat' dir='ltr'><strong>prolixus</strong></span> <span class='ocrx_word' id='word_1_152' title='bbox 2273 674 2497 729; x_wconf 60' lang='lat' dir='ltr'><strong>‘Eusebii</strong></span> <span class='ocrx_word' id='word_1_153' title='bbox 2553 675 2720 740; x_wconf 88' lang='lat' dir='ltr'><strong>locus,</strong></span> <span class='ocrx_word' id='word_1_154' title='bbox 2762 678 2979 733; x_wconf 88' lang='lat' dir='ltr'><strong>totidem</strong></span> <span class='ocrx_word' id='word_1_155' title='bbox 3036 695 3170 749; x_wconf 90' lang='lat' dir='ltr'><strong>pene</strong></span> <span class='ocrx_word' id='word_1_156' title='bbox 3208 685 3409 752; x_wconf 86' lang='lat' dir='ltr'><strong>verbis,</strong></span> <span class='ocrx_word' id='word_1_157' title='bbox 3463 686 3559 740; x_wconf 89' lang='lat' dir='ltr'><strong>sed</strong></span> 
     </span>
    </p>
   </div>
   <div class='ocr_carea' id='block_1_20' title="bbox 2008 766 3565 839">
    <p class='ocr_par' dir='ltr' id='par_1_20' title="bbox 2008 766 3565 839">
     <span class='ocr_line' id='line_1_20' title="bbox 2008 766 3565 839; baseline 0.01 -21"><span class='ocrx_word' id='word_1_158' title='bbox 2008 768 2183 822; x_wconf 90' lang='lat' dir='ltr'><strong>minus</strong></span> <span class='ocrx_word' id='word_1_159' title='bbox 2218 766 2489 837; x_wconf 83' lang='lat' dir='ltr'><strong>eleganter</strong></span> <span class='ocrx_word' id='word_1_160' title='bbox 2532 770 2858 823; x_wconf 88' lang='lat' dir='ltr'><strong>constructis</strong></span> <span class='ocrx_word' id='word_1_161' title='bbox 2905 770 3120 839; x_wconf 80' lang='lat' dir='ltr'><strong>legitur.</strong></span> <span class='ocrx_word' id='word_1_162' title='bbox 3163 774 3442 833; x_wconf 84' lang='lat' dir='ltr'><strong>Dillicilius</strong></span> <span class='ocrx_word' id='word_1_163' title='bbox 3476 789 3565 833; x_wconf 91' lang='lat' dir='ltr'><strong>est</strong></span> 
     </span>
    </p>
   </div>
   <div class='ocr_carea' id='block_1_21' title="bbox 2005 856 3559 936">
    <p class='ocr_par' dir='ltr' id='par_1_21' title="bbox 2005 856 3559 936">
     <span class='ocr_line' id='line_1_21' title="bbox 2005 856 3559 936; baseline 0.009 -27"><span class='ocrx_word' id='word_1_164' title='bbox 2005 856 2202 911; x_wconf 88' lang='lat' dir='ltr'><strong>Basilio</strong></span> <span class='ocrx_word' id='word_1_165' title='bbox 2226 859 2438 913; x_wconf 82' lang='lat' dir='ltr'><strong>auferre</strong></span> <span class='ocrx_word' id='word_1_166' title='bbox 2468 860 2741 913; x_wconf 87' lang='lat' dir='ltr'><strong>homiliam</strong></span> <span class='ocrx_word' id='word_1_167' title='bbox 2769 860 2820 913; x_wconf 93' lang='lat' dir='ltr'><strong>in</strong></span> <span class='ocrx_word' id='word_1_168' title='bbox 2853 863 3113 928; x_wconf 87' lang='lat' dir='ltr'><strong>psalmum</strong></span> <span class='ocrx_word' id='word_1_169' title='bbox 3139 881 3261 929; x_wconf 76' lang='lat' dir='ltr'><strong>cxv,</strong></span> <span class='ocrx_word' id='word_1_170' title='bbox 3286 883 3403 936; x_wconf 61' lang='lat' dir='ltr'><strong>qua“:</strong></span> <span class='ocrx_word' id='word_1_171' title='bbox 3428 870 3559 923; x_wconf 86' lang='lat' dir='ltr'><strong>nihil</strong></span> 
     </span>
    </p>
   </div>
   <div class='ocr_carea' id='block_1_22' title="bbox 2006 949 3555 1025">
    <p class='ocr_par' dir='ltr' id='par_1_22' title="bbox 2006 949 3555 1025">
     <span class='ocr_line' id='line_1_22' title="bbox 2006 949 3555 1025; baseline 0.008 -23"><span class='ocrx_word' id='word_1_172' title='bbox 2006 949 2163 1002; x_wconf 87' lang='lat' dir='ltr'><strong>habet</strong></span> <span class='ocrx_word' id='word_1_173' title='bbox 2191 964 2255 1003; x_wconf 79' lang='lat' dir='ltr'><strong>ex</strong></span> <span class='ocrx_word' id='word_1_174' title='bbox 2289 950 2512 1004; x_wconf 83' lang='lat' dir='ltr'><strong>Eusebio</strong></span> <span class='ocrx_word' id='word_1_175' title='bbox 2548 950 2764 1004; x_wconf 90' lang='lat' dir='ltr'><strong>totidem</strong></span> <span class='ocrx_word' id='word_1_176' title='bbox 2798 951 2975 1007; x_wconf 85' lang='lat' dir='ltr'><strong>verbis</strong></span> <span class='ocrx_word' id='word_1_177' title='bbox 3008 953 3364 1025; x_wconf 72' lang='lat' dir='ltr'><strong>deéumptum,</strong></span> <span class='ocrx_word' id='word_1_178' title='bbox 3400 974 3499 1014; x_wconf 91' lang='lat' dir='ltr'><strong>nec</strong></span> <span class='ocrx_word' id='word_1_179' title='bbox 3528 977 3555 1013; x_wconf 87' lang='lat' dir='ltr'><strong>a</strong></span> 
     </span>
    </p>
   </div>
   <div class='ocr_carea' id='block_1_23' title="bbox 2006 1039 3555 1112">
    <p class='ocr_par' dir='ltr' id='par_1_23' title="bbox 2006 1039 3555 1112">
     <span class='ocr_line' id='line_1_23' title="bbox 2006 1039 3555 1112; baseline 0.008 -21"><span class='ocrx_word' id='word_1_180' title='bbox 2006 1039 2141 1111; x_wconf 81' lang='lat' dir='ltr'><strong>stylo</strong></span> <span class='ocrx_word' id='word_1_181' title='bbox 2159 1040 2337 1093; x_wconf 84' lang='lat' dir='ltr'><strong>Basilii</strong></span> <span class='ocrx_word' id='word_1_182' title='bbox 2361 1042 2634 1096; x_wconf 87' lang='lat' dir='ltr'><strong>discedere</strong></span> <span class='ocrx_word' id='word_1_183' title='bbox 2658 1040 2890 1107; x_wconf 89' lang='lat' dir='ltr'><strong>videtur,</strong></span> <span class='ocrx_word' id='word_1_184' title='bbox 2920 1043 2964 1096; x_wconf 89' lang='lat' dir='ltr'><strong>si</strong></span> <span class='ocrx_word' id='word_1_185' title='bbox 2993 1046 3228 1112; x_wconf 78' lang='lat' dir='ltr'><strong>excipias</strong></span> <span class='ocrx_word' id='word_1_186' title='bbox 3251 1048 3363 1103; x_wconf 71' lang='lat' dir='ltr'><strong>haec</strong></span> <span class='ocrx_word' id='word_1_187' title='bbox 3393 1056 3555 1104; x_wconf 84' lang='lat' dir='ltr'><strong>verba</strong></span> 
     </span>
    </p>
   </div>
   <div class='ocr_carea' id='block_1_24' title="bbox 2006 1131 3559 1211">
    <p class='ocr_par' dir='ltr' id='par_1_24' title="bbox 2006 1131 3559 1211">
     <span class='ocr_line' id='line_1_24' title="bbox 2006 1131 3559 1211; baseline 0.008 -29"><span class='ocrx_word' id='word_1_188' title='bbox 2006 1132 2165 1183; x_wconf 87' lang='lat' dir='ltr'><strong>modo</strong></span> <span class='ocrx_word' id='word_1_189' title='bbox 2196 1131 2356 1184; x_wconf 86' lang='lat' dir='ltr'><strong>allata</strong></span> <span class='ocrx_word' id='word_1_190' title='bbox 2402 1148 2416 1183; x_wconf 90' lang='lat'><strong>:</strong></span> <span class='ocrx_word' id='word_1_191' title='bbox 2456 1131 2559 1185; x_wconf 85' lang='lat' dir='ltr'><strong>Sed</strong></span> <span class='ocrx_word' id='word_1_192' title='bbox 2598 1134 2798 1186; x_wconf 84' lang='lat' dir='ltr'><strong>utinam</strong></span> <span class='ocrx_word' id='word_1_193' title='bbox 2845 1144 2892 1185; x_wconf 89' lang='lat' dir='ltr'><strong>et</strong></span> <span class='ocrx_word' id='word_1_194' title='bbox 2935 1135 3059 1187; x_wconf 85' lang='lat' dir='ltr'><strong>mihi</strong></span> <span class='ocrx_word' id='word_1_195' title='bbox 3110 1139 3372 1208; x_wconf 85' lang='lat' dir='ltr'><strong>contingat</strong></span> <span class='ocrx_word' id='word_1_196' title='bbox 3405 1143 3559 1211; x_wconf 86' lang='lat' dir='ltr'><strong>digne</strong></span> 
     </span>
    </p>
   </div>
   <div class='ocr_carea' id='block_1_25' title="bbox 2004 1218 3557 1295">
    <p class='ocr_par' dir='ltr' id='par_1_25' title="bbox 2004 1218 3557 1295">
     <span class='ocr_line' id='line_1_25' title="bbox 2004 1218 3557 1295; baseline 0.007 -27"><span class='ocrx_word' id='word_1_197' title='bbox 2004 1219 2226 1283; x_wconf 87' lang='lat' dir='ltr'><strong>credere,</strong></span> <span class='ocrx_word' id='word_1_198' title='bbox 2260 1230 2311 1270; x_wconf 90' lang='lat' dir='ltr'><strong>ut</strong></span> <span class='ocrx_word' id='word_1_199' title='bbox 2345 1235 2480 1271; x_wconf 87' lang='lat' dir='ltr'><strong>nunc</strong></span> <span class='ocrx_word' id='word_1_200' title='bbox 2515 1235 2715 1287; x_wconf 81' lang='lat' dir='ltr'><strong>magna:</strong></span> <span class='ocrx_word' id='word_1_201' title='bbox 2759 1220 2880 1272; x_wconf 91' lang='lat' dir='ltr'><strong>huic</strong></span> <span class='ocrx_word' id='word_1_202' title='bbox 2911 1218 3006 1272; x_wconf 87' lang='lat' dir='ltr'><strong>Dei</strong></span> <span class='ocrx_word' id='word_1_203' title='bbox 3051 1219 3297 1276; x_wconf 75' lang='lat' dir='ltr'><strong>Ecclesia:</strong></span> <span class='ocrx_word' id='word_1_204' title='bbox 3334 1226 3557 1295; x_wconf 84' lang='lat' dir='ltr'><strong>quinque</strong></span> 
     </span>
    </p>
   </div>
   <div class='ocr_carea' id='block_1_26' title="bbox 2003 1309 3555 1385">
    <p class='ocr_par' dir='ltr' id='par_1_26' title="bbox 2003 1309 3555 1385">
     <span class='ocr_line' id='line_1_26' title="bbox 2003 1309 3555 1385; baseline 0.006 -23"><span class='ocrx_word' id='word_1_205' title='bbox 2003 1310 2154 1362; x_wconf 85' lang='lat' dir='ltr'><strong>verba</strong></span> <span class='ocrx_word' id='word_1_206' title='bbox 2178 1309 2360 1378; x_wconf 88' lang='lat' dir='ltr'><strong>loquar</strong></span> <span class='ocrx_word' id='word_1_207' title='bbox 2386 1310 2437 1361; x_wconf 89' lang='lat' dir='ltr'><strong>in</strong></span> <span class='ocrx_word' id='word_1_208' title='bbox 2462 1320 2627 1363; x_wconf 85' lang='lat' dir='ltr'><strong>mente</strong></span> <span class='ocrx_word' id='word_1_209' title='bbox 2659 1326 2788 1363; x_wconf 90' lang='lat' dir='ltr'><strong>mea.</strong></span> <span class='ocrx_word' id='word_1_210' title='bbox 2820 1309 2952 1364; x_wconf 89' lang='lat' dir='ltr'><strong>Cum</strong></span> <span class='ocrx_word' id='word_1_211' title='bbox 2996 1314 3107 1367; x_wconf 64' lang='lat' dir='ltr'><strong>haec</strong></span> <span class='ocrx_word' id='word_1_212' title='bbox 3143 1311 3325 1368; x_wconf 87' lang='lat' dir='ltr'><strong>Basilii</strong></span> <span class='ocrx_word' id='word_1_213' title='bbox 3362 1312 3555 1385; x_wconf 77' lang='lat' dir='ltr'><strong>siylunt</strong></span> 
     </span>
    </p>
   </div>
   <div class='ocr_carea' id='block_1_27' title="bbox 2004 1401 3557 1475">
    <p class='ocr_par' dir='ltr' id='par_1_27' title="bbox 2004 1401 3557 1475">
     <span class='ocr_line' id='line_1_27' title="bbox 2004 1401 3557 1475; baseline 0.005 -22"><span class='ocrx_word' id='word_1_214' title='bbox 2004 1416 2109 1454; x_wconf 91' lang='lat' dir='ltr'><strong>non</strong></span> <span class='ocrx_word' id='word_1_215' title='bbox 2150 1401 2410 1465; x_wconf 90' lang='lat' dir='ltr'><strong>redolent,</strong></span> <span class='ocrx_word' id='word_1_216' title='bbox 2476 1410 2585 1453; x_wconf 90' lang='lat' dir='ltr'><strong>tum</strong></span> <span class='ocrx_word' id='word_1_217' title='bbox 2638 1401 2800 1453; x_wconf 89' lang='lat' dir='ltr'><strong>etiam</strong></span> <span class='ocrx_word' id='word_1_218' title='bbox 2850 1402 3101 1455; x_wconf 89' lang='lat' dir='ltr'><strong>videntur</strong></span> <span class='ocrx_word' id='word_1_219' title='bbox 3150 1406 3219 1459; x_wconf 90' lang='lat' dir='ltr'><strong>ab</strong></span> <span class='ocrx_word' id='word_1_220' title='bbox 3276 1405 3381 1461; x_wconf 90' lang='lat' dir='ltr'><strong>alio</strong></span> <span class='ocrx_word' id='word_1_221' title='bbox 3424 1423 3557 1475; x_wconf 83' lang='lat' dir='ltr'><strong>quo-</strong></span> 
     </span>
    </p>
   </div>
   <div class='ocr_carea' id='block_1_28' title="bbox 2000 1490 3557 1560">
    <p class='ocr_par' dir='ltr' id='par_1_28' title="bbox 2000 1490 3557 1560">
     <span class='ocr_line' id='line_1_28' title="bbox 2000 1490 3557 1560; baseline 0.004 -16"><span class='ocrx_word' id='word_1_222' title='bbox 2000 1491 2122 1544; x_wconf 87' lang='lat' dir='ltr'><strong>dam</strong></span> <span class='ocrx_word' id='word_1_223' title='bbox 2175 1490 2447 1558; x_wconf 88' lang='lat' dir='ltr'><strong>episcopo,</strong></span> <span class='ocrx_word' id='word_1_224' title='bbox 2501 1490 2615 1544; x_wconf 90' lang='lat' dir='ltr'><strong>sive</strong></span> <span class='ocrx_word' id='word_1_225' title='bbox 2670 1490 2984 1560; x_wconf 83' lang='lat' dir='ltr'><strong>presbytero</strong></span> <span class='ocrx_word' id='word_1_226' title='bbox 3030 1493 3326 1550; x_wconf 87' lang='lat' dir='ltr'><strong>Ecclesiam</strong></span> <span class='ocrx_word' id='word_1_227' title='bbox 3380 1497 3557 1553; x_wconf 69' lang='lat' dir='ltr'><strong>Caesa-</strong></span> 
     </span>
    </p>
   </div>
   <div class='ocr_carea' id='block_1_29' title="bbox 2000 1583 3556 1651">
    <p class='ocr_par' dir='ltr' id='par_1_29' title="bbox 2000 1583 3556 1651">
     <span class='ocr_line' id='line_1_29' title="bbox 2000 1583 3556 1651; baseline 0.006 -16"><span class='ocrx_word' id='word_1_228' title='bbox 2000 1583 2230 1637; x_wconf 90' lang='lat' dir='ltr'><strong>riensem</strong></span> <span class='ocrx_word' id='word_1_229' title='bbox 2299 1583 2564 1637; x_wconf 84' lang='lat' dir='ltr'><strong>invisente</strong></span> <span class='ocrx_word' id='word_1_230' title='bbox 2624 1584 2993 1651; x_wconf 90' lang='lat' dir='ltr'><strong>pronuntiata.</strong></span> <span class='ocrx_word' id='word_1_231' title='bbox 3065 1584 3210 1641; x_wconf 89' lang='lat' dir='ltr'><strong>Inest</strong></span> <span class='ocrx_word' id='word_1_232' title='bbox 3263 1589 3403 1641; x_wconf 89' lang='lat' dir='ltr'><strong>enim</strong></span> <span class='ocrx_word' id='word_1_233' title='bbox 3473 1590 3556 1645; x_wconf 89' lang='lat' dir='ltr'><strong>bis</strong></span> 
     </span>
    </p>
   </div>
   <div class='ocr_carea' id='block_1_30' title="bbox 1998 1673 3551 1745">
    <p class='ocr_par' dir='ltr' id='par_1_30' title="bbox 1998 1673 3551 1745">
     <span class='ocr_line' id='line_1_30' title="bbox 1998 1673 3551 1745; baseline 0.004 -18"><span class='ocrx_word' id='word_1_234' title='bbox 1998 1673 2177 1727; x_wconf 85' lang='lat' dir='ltr'><strong>verbis</strong></span> <span class='ocrx_word' id='word_1_235' title='bbox 2231 1674 2437 1741; x_wconf 88' lang='lat' dir='ltr'><strong>species</strong></span> <span class='ocrx_word' id='word_1_236' title='bbox 2500 1675 2741 1741; x_wconf 78' lang='lat' dir='ltr'><strong>quaedam</strong></span> <span class='ocrx_word' id='word_1_237' title='bbox 2805 1675 3115 1730; x_wconf 73' lang='lat' dir='ltr'><strong>honoriﬁca:</strong></span> <span class='ocrx_word' id='word_1_238' title='bbox 3171 1676 3551 1745; x_wconf 88' lang='lat' dir='ltr'><strong>salutationis,</strong></span> 
     </span>
    </p>
   </div>
   <div class='ocr_carea' id='block_1_31' title="bbox 1998 1764 3548 1836">
    <p class='ocr_par' dir='ltr' id='par_1_31' title="bbox 1998 1764 3548 1836">
     <span class='ocr_line' id='line_1_31' title="bbox 1998 1764 3548 1836; baseline 0.004 -18"><span class='ocrx_word' id='word_1_239' title='bbox 1998 1764 2209 1833; x_wconf 89' lang='lat' dir='ltr'><strong>qualem</strong></span> <span class='ocrx_word' id='word_1_240' title='bbox 2270 1764 2339 1819; x_wconf 89' lang='lat' dir='ltr'><strong>ab</strong></span> <span class='ocrx_word' id='word_1_241' title='bbox 2392 1764 2599 1833; x_wconf 88' lang='lat' dir='ltr'><strong>hospite</strong></span> <span class='ocrx_word' id='word_1_242' title='bbox 2656 1764 3009 1820; x_wconf 85' lang='lat' dir='ltr'><strong>concionante</strong></span> <span class='ocrx_word' id='word_1_243' title='bbox 3072 1780 3171 1836; x_wconf 88' lang='lat' dir='ltr'><strong>par</strong></span> <span class='ocrx_word' id='word_1_244' title='bbox 3222 1778 3340 1822; x_wconf 91' lang='lat' dir='ltr'><strong>erat</strong></span> <span class='ocrx_word' id='word_1_245' title='bbox 3397 1771 3548 1824; x_wconf 83' lang='lat' dir='ltr'><strong>adbi-</strong></span> 
     </span>
    </p>
   </div>
   <div class='ocr_carea' id='block_1_32' title="bbox 335 1851 2138 1925">
    <p class='ocr_par' dir='ltr' id='par_1_32' title="bbox 335 1851 2138 1925">
     <span class='ocr_line' id='line_1_32' title="bbox 335 1851 2138 1925; baseline 0.002 -21"><span class='ocrx_word' id='word_1_246' title='bbox 335 1852 485 1916; x_wconf 87' lang='lat' dir='ltr'><strong>bant,</strong></span> <span class='ocrx_word' id='word_1_247' title='bbox 520 1863 584 1906; x_wconf 90' lang='lat' dir='ltr'><strong>nt</strong></span> <span class='ocrx_word' id='word_1_248' title='bbox 628 1851 781 1907; x_wconf 92' lang='lat' dir='ltr'><strong>initio</strong></span> <span class='ocrx_word' id='word_1_249' title='bbox 822 1854 1067 1923; x_wconf 67' lang='lat' dir='ltr'><strong>genuina:</strong></span> <span class='ocrx_word' id='word_1_250' title='bbox 1120 1855 1349 1909; x_wconf 74' lang='lat' dir='ltr'><strong>homilize</strong></span> <span class='ocrx_word' id='word_1_251' title='bbox 1385 1856 1438 1910; x_wconf 91' lang='lat' dir='ltr'><strong>in</strong></span> <span class='ocrx_word' id='word_1_252' title='bbox 1489 1857 1675 1925; x_wconf 89' lang='lat' dir='ltr'><strong>psalm.</strong></span> <span class='ocrx_word' id='word_1_253' title='bbox 1702 1874 1891 1911; x_wconf 83' lang='lat' dir='ltr'><strong>xxvm.</strong></span> <span class='ocrx_word' id='word_1_254' title='bbox 1926 1865 1971 1923; x_wconf 80' lang='grc' dir='ltr'><strong>Β</strong></span> <span class='ocrx_word' id='word_1_255' title='bbox 2001 1855 2138 1909; x_wconf 92' lang='lat' dir='ltr'><strong>beri.</strong></span> 
     </span>
    </p>
   </div>
   <div class='ocr_carea' id='block_1_33' title="bbox 338 1942 1895 2017">
    <p class='ocr_par' dir='ltr' id='par_1_33' title="bbox 338 1942 1895 2017">
     <span class='ocr_line' id='line_1_33' title="bbox 338 1942 1895 2017; baseline 0.006 -23"><span class='ocrx_word' id='word_1_256' title='bbox 338 1942 636 2011; x_wconf 86' lang='lat' dir='ltr'><strong>Displicere</strong></span> <span class='ocrx_word' id='word_1_257' title='bbox 668 1958 781 1999; x_wconf 91' lang='lat' dir='ltr'><strong>non</strong></span> <span class='ocrx_word' id='word_1_258' title='bbox 818 1945 1011 1999; x_wconf 90' lang='lat' dir='ltr'><strong>debent</strong></span> <span class='ocrx_word' id='word_1_259' title='bbox 1034 1961 1151 2015; x_wconf 63' lang='lat' dir='ltr'><strong>quae</strong></span> <span class='ocrx_word' id='word_1_260' title='bbox 1195 1946 1442 2017; x_wconf 81' lang='lat' dir='ltr'><strong>leguntur</strong></span> <span class='ocrx_word' id='word_1_261' title='bbox 1474 1964 1531 2002; x_wconf 93' lang='lat' dir='ltr'><strong>n.</strong></span> <span class='ocrx_word' id='word_1_262' title='bbox 1561 1950 1631 2003; x_wconf 82' lang='lat'><strong>5:</strong></span> <span class='ocrx_word' id='word_1_263' title='bbox 1672 1951 1895 2015; x_wconf 85' lang='lat' dir='ltr'><strong>Quando</strong></span> 
     </span>
    </p>
   </div>
   <div class='ocr_carea' id='block_1_34' title="bbox 333 2036 1897 2109">
    <p class='ocr_par' dir='ltr' id='par_1_34' title="bbox 333 2036 1897 2109">
     <span class='ocr_line' id='line_1_34' title="bbox 333 2036 1897 2109; baseline 0.006 -24"><span class='ocrx_word' id='word_1_264' title='bbox 333 2036 539 2103; x_wconf 78' lang='lat' dir='ltr'><strong>quidem</strong></span> <span class='ocrx_word' id='word_1_265' title='bbox 571 2037 745 2090; x_wconf 86' lang='lat' dir='ltr'><strong>tuoin</strong></span> <span class='ocrx_word' id='word_1_266' title='bbox 782 2038 1046 2105; x_wconf 78' lang='lat' dir='ltr'><strong>infernum</strong></span> <span class='ocrx_word' id='word_1_267' title='bbox 1089 2040 1332 2093; x_wconf 76' lang='lat' dir='ltr'><strong>descensu</strong></span> <span class='ocrx_word' id='word_1_268' title='bbox 1374 2057 1404 2093; x_wconf 90' lang='lat' dir='ltr'><strong>a</strong></span> <span class='ocrx_word' id='word_1_269' title='bbox 1449 2042 1647 2109; x_wconf 80' lang='lat' dir='ltr'><strong>peccati</strong></span> <span class='ocrx_word' id='word_1_270' title='bbox 1683 2042 1897 2095; x_wconf 85' lang='lat' dir='ltr'><strong>vinculis</strong></span> 
     </span>
    </p>
   </div>
   <div class='ocr_carea' id='block_1_35' title="bbox 334 2128 1898 2197">
    <p class='ocr_par' dir='ltr' id='par_1_35' title="bbox 334 2128 1898 2197">
     <span class='ocr_line' id='line_1_35' title="bbox 334 2128 1898 2197; baseline 0.003 -18"><span class='ocrx_word' id='word_1_271' title='bbox 334 2144 415 2179; x_wconf 74' lang='lat' dir='ltr'><strong>me</strong></span> <span class='ocrx_word' id='word_1_272' title='bbox 442 2128 703 2191; x_wconf 83' lang='lat' dir='ltr'><strong>liberasti,</strong></span> <span class='ocrx_word' id='word_1_273' title='bbox 737 2136 892 2197; x_wconf 85' lang='lat' dir='ltr'><strong>atque</strong></span> <span class='ocrx_word' id='word_1_274' title='bbox 912 2129 1191 2183; x_wconf 87' lang='lat' dir='ltr'><strong>humanam</strong></span> <span class='ocrx_word' id='word_1_275' title='bbox 1220 2141 1468 2184; x_wconf 83' lang='lat' dir='ltr'><strong>naturam</strong></span> <span class='ocrx_word' id='word_1_276' title='bbox 1522 2133 1704 2185; x_wconf 88' lang='lat' dir='ltr'><strong>mortis</strong></span> <span class='ocrx_word' id='word_1_277' title='bbox 1743 2139 1898 2185; x_wconf 85' lang='lat' dir='ltr'><strong>astri-</strong></span> 
     </span>
    </p>
   </div>
   <div class='ocr_carea' id='block_1_36' title="bbox 334 2216 1896 2286">
    <p class='ocr_par' dir='ltr' id='par_1_36' title="bbox 334 2216 1896 2286">
     <span class='ocr_line' id='line_1_36' title="bbox 334 2216 1896 2286; baseline 0.003 -19"><span class='ocrx_word' id='word_1_278' title='bbox 334 2228 471 2267; x_wconf 82' lang='lat' dir='ltr'><strong>ctam</strong></span> <span class='ocrx_word' id='word_1_279' title='bbox 506 2216 745 2281; x_wconf 76' lang='lat' dir='ltr'><strong>vinculis,</strong></span> <span class='ocrx_word' id='word_1_280' title='bbox 775 2226 821 2269; x_wconf 89' lang='lat' dir='ltr'><strong>et</strong></span> <span class='ocrx_word' id='word_1_281' title='bbox 854 2219 913 2270; x_wconf 90' lang='lat' dir='ltr'><strong>in</strong></span> <span class='ocrx_word' id='word_1_282' title='bbox 940 2219 1133 2286; x_wconf 79' lang='lat' dir='ltr'><strong>inferni</strong></span> <span class='ocrx_word' id='word_1_283' title='bbox 1162 2219 1480 2285; x_wconf 80' lang='lat' dir='ltr'><strong>carceribus,</strong></span> <span class='ocrx_word' id='word_1_284' title='bbox 1505 2220 1643 2273; x_wconf 86' lang='lat' dir='ltr'><strong>unde</strong></span> <span class='ocrx_word' id='word_1_285' title='bbox 1682 2220 1896 2273; x_wconf 83' lang='lat' dir='ltr'><strong>evadere</strong></span> 
     </span>
    </p>
   </div>
   <div class='ocr_carea' id='block_1_37' title="bbox 337 2308 1897 2377">
    <p class='ocr_par' dir='ltr' id='par_1_37' title="bbox 337 2308 1897 2377">
     <span class='ocr_line' id='line_1_37' title="bbox 337 2308 1897 2377; baseline 0.003 -19"><span class='ocrx_word' id='word_1_286' title='bbox 337 2323 438 2359; x_wconf 84' lang='lat' dir='ltr'><strong>non</strong></span> <span class='ocrx_word' id='word_1_287' title='bbox 463 2308 641 2373; x_wconf 87' lang='lat' dir='ltr'><strong>datur,</strong></span> <span class='ocrx_word' id='word_1_288' title='bbox 684 2310 945 2362; x_wconf 79' lang='lat' dir='ltr'><strong>detentum</strong></span> <span class='ocrx_word' id='word_1_289' title='bbox 992 2311 1277 2374; x_wconf 71' lang='lat' dir='ltr'><strong>exsolvisti,</strong></span> <span class='ocrx_word' id='word_1_290' title='bbox 1322 2312 1514 2363; x_wconf 83' lang='lat' dir='ltr'><strong>idcirco</strong></span> <span class='ocrx_word' id='word_1_291' title='bbox 1557 2312 1651 2364; x_wconf 88' lang='lat' dir='ltr'><strong>tibi</strong></span> <span class='ocrx_word' id='word_1_292' title='bbox 1693 2310 1897 2377; x_wconf 77' lang='lat' dir='ltr'><strong>sacriﬁ-</strong></span> 
     </span>
    </p>
   </div>
   <div class='ocr_carea' id='block_1_38' title="bbox 335 2399 1893 2472">
    <p class='ocr_par' dir='ltr' id='par_1_38' title="bbox 335 2399 1893 2472">
     <span class='ocr_line' id='line_1_38' title="bbox 335 2399 1893 2472; baseline 0.004 -22"><span class='ocrx_word' id='word_1_293' title='bbox 335 2400 483 2462; x_wconf 85' lang='lat' dir='ltr'><strong>cabo,</strong></span> <span class='ocrx_word' id='word_1_294' title='bbox 519 2406 628 2453; x_wconf 88' lang='lat' dir='ltr'><strong>etc.</strong></span> <span class='ocrx_word' id='word_1_295' title='bbox 660 2399 737 2453; x_wconf 91' lang='lat' dir='ltr'><strong>Ex</strong></span> <span class='ocrx_word' id='word_1_296' title='bbox 769 2400 852 2454; x_wconf 93' lang='lat' dir='ltr'><strong>his</strong></span> <span class='ocrx_word' id='word_1_297' title='bbox 881 2401 1059 2471; x_wconf 83' lang='lat' dir='ltr'><strong>colligi</strong></span> <span class='ocrx_word' id='word_1_298' title='bbox 1090 2410 1267 2471; x_wconf 89' lang='lat' dir='ltr'><strong>potest</strong></span> <span class='ocrx_word' id='word_1_299' title='bbox 1304 2412 1577 2457; x_wconf 85' lang='lat' dir='ltr'><strong>auctorem</strong></span> <span class='ocrx_word' id='word_1_300' title='bbox 1604 2402 1762 2472; x_wconf 86' lang='lat' dir='ltr'><strong>hujus</strong></span> <span class='ocrx_word' id='word_1_301' title='bbox 1796 2402 1893 2456; x_wconf 92' lang='lat' dir='ltr'><strong>ho-</strong></span> 
     </span>
    </p>
   </div>
   <div class='ocr_carea' id='block_1_39' title="bbox 335 2489 1894 2564">
    <p class='ocr_par' dir='ltr' id='par_1_39' title="bbox 335 2489 1894 2564">
     <span class='ocr_line' id='line_1_39' title="bbox 335 2489 1894 2564; baseline 0.005 -23"><span class='ocrx_word' id='word_1_302' title='bbox 335 2489 497 2542; x_wconf 76' lang='lat' dir='ltr'><strong>milia:</strong></span> <span class='ocrx_word' id='word_1_303' title='bbox 527 2491 870 2545; x_wconf 81' lang='lat' dir='ltr'><strong>existimasse</strong></span> <span class='ocrx_word' id='word_1_304' title='bbox 913 2492 1057 2560; x_wconf 90' lang='lat' dir='ltr'><strong>ipsos</strong></span> <span class='ocrx_word' id='word_1_305' title='bbox 1102 2494 1267 2547; x_wconf 88' lang='lat' dir='ltr'><strong>etiam</strong></span> <span class='ocrx_word' id='word_1_306' title='bbox 1296 2494 1629 2562; x_wconf 84' lang='lat' dir='ltr'><strong>patriarchas</strong></span> <span class='ocrx_word' id='word_1_307' title='bbox 1653 2505 1708 2548; x_wconf 90' lang='lat' dir='ltr'><strong>et</strong></span> <span class='ocrx_word' id='word_1_308' title='bbox 1723 2494 1894 2564; x_wconf 85' lang='lat' dir='ltr'><strong>justas</strong></span> 
     </span>
    </p>
   </div>
   <div class='ocr_carea' id='block_1_40' title="bbox 334 2579 1891 2638">
    <p class='ocr_par' dir='ltr' id='par_1_40' title="bbox 334 2579 1891 2638">
     <span class='ocr_line' id='line_1_40' title="bbox 334 2579 1891 2638; baseline 0.004 -8"><span class='ocrx_word' id='word_1_309' title='bbox 334 2579 532 2632; x_wconf 85' lang='lat' dir='ltr'><strong>veteris</strong></span> <span class='ocrx_word' id='word_1_310' title='bbox 558 2582 865 2633; x_wconf 89' lang='lat' dir='ltr'><strong>testamenti</strong></span> <span class='ocrx_word' id='word_1_311' title='bbox 899 2581 951 2634; x_wconf 92' lang='lat' dir='ltr'><strong>in</strong></span> <span class='ocrx_word' id='word_1_312' title='bbox 983 2582 1170 2636; x_wconf 84' lang='lat' dir='ltr'><strong>inferis</strong></span> <span class='ocrx_word' id='word_1_313' title='bbox 1209 2591 1335 2637; x_wconf 90' lang='lat' dir='ltr'><strong>ante</strong></span> <span class='ocrx_word' id='word_1_314' title='bbox 1372 2582 1575 2638; x_wconf 86' lang='lat' dir='ltr'><strong>Christi</strong></span> <span class='ocrx_word' id='word_1_315' title='bbox 1606 2583 1891 2638; x_wconf 80' lang='lat' dir='ltr'><strong>adventura</strong></span> 
     </span>
    </p>
   </div>
   <div class='ocr_carea' id='block_1_41' title="bbox 334 2669 1895 2727">
    <p class='ocr_par' dir='ltr' id='par_1_41' title="bbox 334 2669 1895 2727">
     <span class='ocr_line' id='line_1_41' title="bbox 334 2669 1895 2727; baseline 0.004 -8"><span class='ocrx_word' id='word_1_316' title='bbox 334 2669 582 2721; x_wconf 78' lang='lat' dir='ltr'><strong>detentos</strong></span> <span class='ocrx_word' id='word_1_317' title='bbox 614 2677 666 2721; x_wconf 92' lang='lat' dir='ltr'><strong>et</strong></span> <span class='ocrx_word' id='word_1_318' title='bbox 702 2669 936 2723; x_wconf 89' lang='lat' dir='ltr'><strong>inclusos</strong></span> <span class='ocrx_word' id='word_1_319' title='bbox 973 2670 1155 2725; x_wconf 79' lang='lat' dir='ltr'><strong>fuisse.</strong></span> <span class='ocrx_word' id='word_1_320' title='bbox 1210 2670 1320 2725; x_wconf 89' lang='lat' dir='ltr'><strong>Sed</strong></span> <span class='ocrx_word' id='word_1_321' title='bbox 1363 2672 1559 2725; x_wconf 85' lang='lat' dir='ltr'><strong>similia</strong></span> <span class='ocrx_word' id='word_1_322' title='bbox 1604 2683 1895 2727; x_wconf 89' lang='lat' dir='ltr'><strong>occurrunt</strong></span> 
     </span>
    </p>
   </div>
   <div class='ocr_carea' id='block_1_42' title="bbox 333 2760 1893 2832">
    <p class='ocr_par' dir='ltr' id='par_1_42' title="bbox 333 2760 1893 2832">
     <span class='ocr_line' id='line_1_42' title="bbox 333 2760 1893 2832; baseline 0.003 -19"><span class='ocrx_word' id='word_1_323' title='bbox 333 2761 473 2830; x_wconf 84' lang='lat' dir='ltr'><strong>apud</strong></span> <span class='ocrx_word' id='word_1_324' title='bbox 508 2760 645 2813; x_wconf 87' lang='lat' dir='ltr'><strong>alios</strong></span> <span class='ocrx_word' id='word_1_325' title='bbox 707 2761 998 2830; x_wconf 84' lang='lat' dir='ltr'><strong>scriptores</strong></span> <span class='ocrx_word' id='word_1_326' title='bbox 1044 2762 1472 2829; x_wconf 89' lang='lat' dir='ltr'><strong>ecclesiasticos;</strong></span> <span class='ocrx_word' id='word_1_327' title='bbox 1520 2762 1635 2832; x_wconf 89' lang='lat' dir='ltr'><strong>ipse</strong></span> <span class='ocrx_word' id='word_1_328' title='bbox 1666 2762 1893 2818; x_wconf 87' lang='lat' dir='ltr'><strong>Basilius</strong></span> 
     </span>
    </p>
   </div>
   <div class='ocr_carea' id='block_1_43' title="bbox 333 2851 1892 2923">
    <p class='ocr_par' dir='ltr' id='par_1_43' title="bbox 333 2851 1892 2923">
     <span class='ocr_line' id='line_1_43' title="bbox 333 2851 1892 2923; baseline 0.003 -18"><span class='ocrx_word' id='word_1_329' title='bbox 333 2851 521 2905; x_wconf 89' lang='lat' dir='ltr'><strong>homil.</strong></span> <span class='ocrx_word' id='word_1_330' title='bbox 551 2852 605 2903; x_wconf 91' lang='lat' dir='ltr'><strong>in</strong></span> <span class='ocrx_word' id='word_1_331' title='bbox 650 2851 838 2917; x_wconf 86' lang='lat' dir='ltr'><strong>psalm.</strong></span> <span class='ocrx_word' id='word_1_332' title='bbox 869 2867 1063 2917; x_wconf 76' lang='lat' dir='ltr'><strong>XLVIII,</strong></span> <span class='ocrx_word' id='word_1_333' title='bbox 1104 2870 1251 2907; x_wconf 92' lang='lat' dir='ltr'><strong>num.</strong></span> <span class='ocrx_word' id='word_1_334' title='bbox 1289 2853 1342 2918; x_wconf 91' lang='lat'><strong>9,</strong></span> <span class='ocrx_word' id='word_1_335' title='bbox 1373 2856 1450 2908; x_wconf 91' lang='lat' dir='ltr'><strong>sic</strong></span> <span class='ocrx_word' id='word_1_336' title='bbox 1488 2854 1723 2923; x_wconf 90' lang='lat' dir='ltr'><strong>loquitur</strong></span> <span class='ocrx_word' id='word_1_337' title='bbox 1750 2869 1765 2908; x_wconf 89' lang='lat'><strong>:</strong></span> <span class='ocrx_word' id='word_1_338' title='bbox 1791 2855 1892 2909; x_wconf 81' lang='lat' dir='ltr'><strong>De-</strong></span> 
     </span>
    </p>
   </div>
   <div class='ocr_carea' id='block_1_44' title="bbox 330 2942 1894 3015">
    <p class='ocr_par' dir='ltr' id='par_1_44' title="bbox 330 2942 1894 3015">
     <span class='ocr_line' id='line_1_44' title="bbox 330 2942 1894 3015; baseline 0.003 -21"><span class='ocrx_word' id='word_1_339' title='bbox 330 2944 577 3011; x_wconf 79' lang='lat' dir='ltr'><strong>pascebat</strong></span> <span class='ocrx_word' id='word_1_340' title='bbox 605 2942 741 2995; x_wconf 87' lang='lat' dir='ltr'><strong>enim</strong></span> <span class='ocrx_word' id='word_1_341' title='bbox 768 2959 907 2995; x_wconf 89' lang='lat' dir='ltr'><strong>mors</strong></span> <span class='ocrx_word' id='word_1_342' title='bbox 934 2944 997 2996; x_wconf 89' lang='lat' dir='ltr'><strong>ab</strong></span> <span class='ocrx_word' id='word_1_343' title='bbox 1025 2944 1193 2996; x_wconf 83' lang='lat' dir='ltr'><strong>Adam</strong></span> <span class='ocrx_word' id='word_1_344' title='bbox 1222 2944 1290 2997; x_wconf 88' lang='lat' dir='ltr'><strong>ad</strong></span> <span class='ocrx_word' id='word_1_345' title='bbox 1321 2962 1481 3013; x_wconf 87' lang='lat' dir='ltr'><strong>usque</strong></span> <span class='ocrx_word' id='word_1_346' title='bbox 1511 2944 1708 3015; x_wconf 63' lang='grc' dir='ltr'><strong>Μουθίας</strong></span> <span class='ocrx_word' id='word_1_347' title='bbox 1731 2947 1894 2999; x_wconf 86' lang='lat' dir='ltr'><strong>admi-</strong></span> 
     </span>
    </p>
   </div>
   <div class='ocr_carea' id='block_1_45' title="bbox 286 3036 1894 3107">
    <p class='ocr_par' dir='ltr' id='par_1_45' title="bbox 286 3036 1894 3107">
     <span class='ocr_line' id='line_1_45' title="bbox 286 3036 1894 3107; baseline 0.002 -21"><span class='ocrx_word' id='word_1_348' title='bbox 286 3042 309 3053; x_wconf 80' lang='lat'><em>‘</em></span> <span class='ocrx_word' id='word_1_349' title='bbox 330 3036 693 3091; x_wconf 85' lang='lat' dir='ltr'><strong>nistrationem</strong></span> <span class='ocrx_word' id='word_1_350' title='bbox 713 3037 875 3089; x_wconf 84' lang='lat' dir='ltr'><strong>donec</strong></span> <span class='ocrx_word' id='word_1_351' title='bbox 897 3036 1032 3089; x_wconf 73' lang='lat' dir='ltr'><strong>venit</strong></span> <span class='ocrx_word' id='word_1_352' title='bbox 1060 3052 1210 3089; x_wconf 79' lang='lat' dir='ltr'><strong>uerus</strong></span> <span class='ocrx_word' id='word_1_353' title='bbox 1246 3046 1445 3105; x_wconf 82' lang='lat' dir='ltr'><strong>pastor,</strong></span> <span class='ocrx_word' id='word_1_354' title='bbox 1482 3039 1569 3107; x_wconf 87' lang='lat' dir='ltr'><strong>qui</strong></span> <span class='ocrx_word' id='word_1_355' title='bbox 1602 3055 1751 3091; x_wconf 89' lang='lat' dir='ltr'><strong>suam</strong></span> <span class='ocrx_word' id='word_1_356' title='bbox 1778 3041 1894 3092; x_wconf 86' lang='lat' dir='ltr'><strong>ani-</strong></span> 
     </span>
    </p>
   </div>
   <div class='ocr_carea' id='block_1_46' title="bbox 329 3132 1889 3201">
    <p class='ocr_par' dir='ltr' id='par_1_46' title="bbox 329 3132 1889 3201">
     <span class='ocr_line' id='line_1_46' title="bbox 329 3132 1889 3201; baseline 0.004 -19"><span class='ocrx_word' id='word_1_357' title='bbox 329 3147 471 3182; x_wconf 83' lang='lat' dir='ltr'><strong>mum</strong></span> <span class='ocrx_word' id='word_1_358' title='bbox 502 3146 596 3196; x_wconf 89' lang='lat' dir='ltr'><strong>pro</strong></span> <span class='ocrx_word' id='word_1_359' title='bbox 632 3132 812 3184; x_wconf 77' lang='lat' dir='ltr'><strong>oribus</strong></span> <span class='ocrx_word' id='word_1_360' title='bbox 838 3132 1031 3199; x_wconf 82' lang='lat' dir='ltr'><strong>posuit,</strong></span> <span class='ocrx_word' id='word_1_361' title='bbox 1056 3134 1225 3201; x_wconf 76' lang='lat' dir='ltr'><strong>sicque</strong></span> <span class='ocrx_word' id='word_1_362' title='bbox 1253 3149 1341 3187; x_wconf 87' lang='lat' dir='ltr'><strong>eas</strong></span> <span class='ocrx_word' id='word_1_363' title='bbox 1364 3149 1536 3187; x_wconf 81' lang='lat' dir='ltr'><strong>secum</strong></span> <span class='ocrx_word' id='word_1_364' title='bbox 1564 3135 1816 3188; x_wconf 73' lang='lat' dir='ltr'><strong>excitatas</strong></span> <span class='ocrx_word' id='word_1_365' title='bbox 1844 3146 1889 3188; x_wconf 91' lang='lat' dir='ltr'><strong>et</strong></span> 
     </span>
    </p>
   </div>
   <div class='ocr_carea' id='block_1_47' title="bbox 2069 1944 3553 2019">
    <p class='ocr_par' dir='ltr' id='par_1_47' title="bbox 2069 1944 3553 2019">
     <span class='ocr_line' id='line_1_47' title="bbox 2069 1944 3553 2019; baseline 0.007 -26"><span class='ocrx_word' id='word_1_366' title='bbox 2069 1944 2155 2001; x_wconf 87' lang='lat' dir='ltr'><strong>Vl.</strong></span> <span class='ocrx_word' id='word_1_367' title='bbox 2196 1946 2349 2015; x_wconf 76' lang='lat' dir='ltr'><strong>Quod</strong></span> <span class='ocrx_word' id='word_1_368' title='bbox 2407 1955 2613 2015; x_wconf 87' lang='lat' dir='ltr'><strong>spectat</strong></span> <span class='ocrx_word' id='word_1_369' title='bbox 2662 1946 2727 1999; x_wconf 91' lang='lat' dir='ltr'><strong>ad</strong></span> <span class='ocrx_word' id='word_1_370' title='bbox 2774 1948 3020 2015; x_wconf 87' lang='lat' dir='ltr'><strong>quaedam</strong></span> <span class='ocrx_word' id='word_1_371' title='bbox 3072 1948 3209 2012; x_wconf 90' lang='lat' dir='ltr'><strong>loca,</strong></span> <span class='ocrx_word' id='word_1_372' title='bbox 3250 1964 3366 2019; x_wconf 66' lang='lat' dir='ltr'><strong>qua:</strong></span> <span class='ocrx_word' id='word_1_373' title='bbox 3410 1949 3553 2005; x_wconf 52' lang='lat' dir='ltr'><strong>Przec</strong></span> 
     </span>
    </p>
   </div>
   <div class='ocr_carea' id='block_1_48' title="bbox 1996 2037 3552 2097">
    <p class='ocr_par' dir='ltr' id='par_1_48' title="bbox 1996 2037 3552 2097">
     <span class='ocr_line' id='line_1_48' title="bbox 1996 2037 3552 2097; baseline 0.003 -7"><span class='ocrx_word' id='word_1_374' title='bbox 1996 2037 2216 2092; x_wconf 79' lang='lat' dir='ltr'><strong>fationis</strong></span> <span class='ocrx_word' id='word_1_375' title='bbox 2244 2047 2431 2091; x_wconf 84' lang='lat' dir='ltr'><strong>auctor</strong></span> <span class='ocrx_word' id='word_1_376' title='bbox 2462 2038 2739 2092; x_wconf 90' lang='lat' dir='ltr'><strong>contextui</strong></span> <span class='ocrx_word' id='word_1_377' title='bbox 2774 2038 2833 2093; x_wconf 90' lang='lat' dir='ltr'><strong>S.</strong></span> <span class='ocrx_word' id='word_1_378' title='bbox 2871 2038 3055 2093; x_wconf 89' lang='lat' dir='ltr'><strong>Basilii</strong></span> <span class='ocrx_word' id='word_1_379' title='bbox 3096 2050 3280 2095; x_wconf 87' lang='lat' dir='ltr'><strong>assuta</strong></span> <span class='ocrx_word' id='word_1_380' title='bbox 3314 2057 3344 2095; x_wconf 90' lang='lat' dir='ltr'><strong>a</strong></span> <span class='ocrx_word' id='word_1_381' title='bbox 3382 2041 3552 2097; x_wconf 84' lang='lat' dir='ltr'><strong>libra—</strong></span> 
     </span>
    </p>
   </div>
   <div class='ocr_carea' id='block_1_49' title="bbox 1996 2128 3551 2201">
    <p class='ocr_par' dir='ltr' id='par_1_49' title="bbox 1996 2128 3551 2201">
     <span class='ocr_line' id='line_1_49' title="bbox 1996 2128 3551 2201; baseline 0.002 -19"><span class='ocrx_word' id='word_1_382' title='bbox 1996 2130 2091 2183; x_wconf 89' lang='lat' dir='ltr'><strong>riis</strong></span> <span class='ocrx_word' id='word_1_383' title='bbox 2121 2140 2293 2199; x_wconf 86' lang='lat' dir='ltr'><strong>putat,</strong></span> <span class='ocrx_word' id='word_1_384' title='bbox 2334 2128 2613 2183; x_wconf 85' lang='lat' dir='ltr'><strong>fatendum</strong></span> <span class='ocrx_word' id='word_1_385' title='bbox 2648 2144 2777 2184; x_wconf 86' lang='lat' dir='ltr'><strong>sane</strong></span> <span class='ocrx_word' id='word_1_386' title='bbox 2814 2140 2896 2185; x_wconf 90' lang='lat' dir='ltr'><strong>est</strong></span> <span class='ocrx_word' id='word_1_387' title='bbox 2933 2131 3146 2184; x_wconf 89' lang='lat' dir='ltr'><strong>initium</strong></span> <span class='ocrx_word' id='word_1_388' title='bbox 3178 2132 3551 2201; x_wconf 86' lang='lat' dir='ltr'><strong>explicationis</strong></span> 
     </span>
    </p>
   </div>
   <div class='ocr_carea' id='block_1_50' title="bbox 1995 2215 3547 2287">
    <p class='ocr_par' dir='ltr' id='par_1_50' title="bbox 1995 2215 3547 2287">
     <span class='ocr_line' id='line_1_50' title="bbox 1995 2215 3547 2287; baseline 0.003 -17"><span class='ocrx_word' id='word_1_389' title='bbox 1995 2215 2150 2285; x_wconf 87' lang='lat' dir='ltr'><strong>hujus</strong></span> <span class='ocrx_word' id='word_1_390' title='bbox 2185 2217 2461 2282; x_wconf 90' lang='lat' dir='ltr'><strong>versiculi,</strong></span> <span class='ocrx_word' id='word_1_391' title='bbox 2490 2217 2762 2271; x_wconf 86' lang='lat' dir='ltr'><strong>Eructavit</strong></span> <span class='ocrx_word' id='word_1_392' title='bbox 2791 2234 2881 2272; x_wconf 88' lang='lat' dir='ltr'><strong>cor</strong></span> <span class='ocrx_word' id='word_1_393' title='bbox 2909 2236 3077 2273; x_wconf 90' lang='lat' dir='ltr'><strong>meum</strong></span> <span class='ocrx_word' id='word_1_394' title='bbox 3108 2223 3311 2274; x_wconf 87' lang='lat' dir='ltr'><strong>verbum</strong></span> <span class='ocrx_word' id='word_1_395' title='bbox 3337 2221 3547 2287; x_wconf 82' lang='lat' dir='ltr'><strong>bonum,</strong></span> 
     </span>
    </p>
   </div>
   <div class='ocr_carea' id='block_1_51' title="bbox 2005 2308 3548 2380">
    <p class='ocr_par' dir='ltr' id='par_1_51' title="bbox 2005 2308 3548 2380">
     <span class='ocr_line' id='line_1_51' title="bbox 2005 2308 3548 2380; baseline 0.004 -20"><span class='ocrx_word' id='word_1_396' title='bbox 2005 2308 2144 2376; x_wconf 92' lang='lat' dir='ltr'><strong>quod</strong></span> <span class='ocrx_word' id='word_1_397' title='bbox 2204 2308 2424 2363; x_wconf 87' lang='lat' dir='ltr'><strong>totidem</strong></span> <span class='ocrx_word' id='word_1_398' title='bbox 2475 2308 2655 2362; x_wconf 89' lang='lat' dir='ltr'><strong>verbis</strong></span> <span class='ocrx_word' id='word_1_399' title='bbox 2704 2309 2841 2376; x_wconf 88' lang='lat' dir='ltr'><strong>apud</strong></span> <span class='ocrx_word' id='word_1_400' title='bbox 2899 2308 3189 2364; x_wconf 88' lang='lat' dir='ltr'><strong>Eusebium</strong></span> <span class='ocrx_word' id='word_1_401' title='bbox 3249 2313 3548 2380; x_wconf 89' lang='lat' dir='ltr'><strong>reperitur,</strong></span> 
     </span>
    </p>
   </div>
   <div class='ocr_carea' id='block_1_52' title="bbox 2000 2400 3550 2472">
    <p class='ocr_par' dir='ltr' id='par_1_52' title="bbox 2000 2400 3550 2472">
     <span class='ocr_line' id='line_1_52' title="bbox 2000 2400 3550 2472; baseline 0.004 -21"><span class='ocrx_word' id='word_1_402' title='bbox 2000 2413 2121 2452; x_wconf 90' lang='lat' dir='ltr'><strong>cum</strong></span> <span class='ocrx_word' id='word_1_403' title='bbox 2155 2413 2249 2451; x_wconf 87' lang='lat' dir='ltr'><strong>sua</strong></span> <span class='ocrx_word' id='word_1_404' title='bbox 2277 2405 2466 2468; x_wconf 87' lang='lat' dir='ltr'><strong>sponte</strong></span> <span class='ocrx_word' id='word_1_405' title='bbox 2496 2400 2657 2454; x_wconf 90' lang='lat' dir='ltr'><strong>nimis</strong></span> <span class='ocrx_word' id='word_1_406' title='bbox 2686 2400 2950 2469; x_wconf 89' lang='lat' dir='ltr'><strong>prolixum</strong></span> <span class='ocrx_word' id='word_1_407' title='bbox 2979 2415 3120 2466; x_wconf 88' lang='lat' dir='ltr'><strong>esse,</strong></span> <span class='ocrx_word' id='word_1_408' title='bbox 3153 2418 3313 2472; x_wconf 88' lang='lat' dir='ltr'><strong>quam</strong></span> <span class='ocrx_word' id='word_1_409' title='bbox 3342 2412 3400 2457; x_wconf 92' lang='lat' dir='ltr'><strong>ut</strong></span> <span class='ocrx_word' id='word_1_410' title='bbox 3426 2419 3550 2458; x_wconf 92' lang='lat' dir='ltr'><strong>eum</strong></span> 
     </span>
    </p>
   </div>
   <div class='ocr_carea' id='block_1_53' title="bbox 1992 2488 3548 2555">
    <p class='ocr_par' dir='ltr' id='par_1_53' title="bbox 1992 2488 3548 2555">
     <span class='ocr_line' id='line_1_53' title="bbox 1992 2488 3548 2555; baseline 0.003 -12"><span class='ocrx_word' id='word_1_411' title='bbox 1992 2488 2221 2543; x_wconf 91' lang='lat' dir='ltr'><strong>Basilius</strong></span> <span class='ocrx_word' id='word_1_412' title='bbox 2243 2489 2309 2543; x_wconf 91' lang='lat' dir='ltr'><strong>ad</strong></span> <span class='ocrx_word' id='word_1_413' title='bbox 2347 2489 2568 2543; x_wconf 89' lang='lat' dir='ltr'><strong>verbum</strong></span> <span class='ocrx_word' id='word_1_414' title='bbox 2596 2489 2897 2555; x_wconf 89' lang='lat' dir='ltr'><strong>edidicerit,</strong></span> <span class='ocrx_word' id='word_1_415' title='bbox 2931 2501 3041 2546; x_wconf 92' lang='lat' dir='ltr'><strong>tum</strong></span> <span class='ocrx_word' id='word_1_416' title='bbox 3076 2507 3205 2547; x_wconf 84' lang='lat' dir='ltr'><strong>vero</strong></span> <span class='ocrx_word' id='word_1_417' title='bbox 3226 2494 3426 2548; x_wconf 91' lang='lat' dir='ltr'><strong>nullam</strong></span> <span class='ocrx_word' id='word_1_418' title='bbox 3451 2509 3548 2549; x_wconf 85' lang='lat' dir='ltr'><strong>ne-</strong></span> 
     </span>
    </p>
   </div>
   <div class='ocr_carea' id='block_1_54' title="bbox 1993 2581 3550 2655">
    <p class='ocr_par' dir='ltr' id='par_1_54' title="bbox 1993 2581 3550 2655">
     <span class='ocr_line' id='line_1_54' title="bbox 1993 2581 3550 2655; baseline 0.003 -18"><span class='ocrx_word' id='word_1_419' title='bbox 1993 2581 2373 2637; x_wconf 90' lang='lat' dir='ltr'><strong>cessitudinem</strong></span> <span class='ocrx_word' id='word_1_420' title='bbox 2405 2581 2605 2636; x_wconf 89' lang='lat' dir='ltr'><strong>habere</strong></span> <span class='ocrx_word' id='word_1_421' title='bbox 2631 2596 2752 2636; x_wconf 93' lang='lat' dir='ltr'><strong>cum</strong></span> <span class='ocrx_word' id='word_1_422' title='bbox 2784 2583 3141 2652; x_wconf 80' lang='lat' dir='ltr'><strong>explicatione</strong></span> <span class='ocrx_word' id='word_1_423' title='bbox 3170 2586 3405 2655; x_wconf 90' lang='lat' dir='ltr'><strong>ejusdem</strong></span> <span class='ocrx_word' id='word_1_424' title='bbox 3433 2602 3550 2641; x_wconf 85' lang='lat' dir='ltr'><strong>ver-</strong></span> 
     </span>
    </p>
   </div>
   <div class='ocr_carea' id='block_1_55' title="bbox 1994 2672 3547 2741">
    <p class='ocr_par' dir='ltr' id='par_1_55' title="bbox 1994 2672 3547 2741">
     <span class='ocr_line' id='line_1_55' title="bbox 1994 2672 3547 2741; baseline 0.004 -14"><span class='ocrx_word' id='word_1_425' title='bbox 1994 2673 2147 2728; x_wconf 90' lang='lat' dir='ltr'><strong>siculi</strong></span> <span class='ocrx_word' id='word_1_426' title='bbox 2194 2687 2354 2741; x_wconf 89' lang='lat' dir='ltr'><strong>quam</strong></span> <span class='ocrx_word' id='word_1_427' title='bbox 2387 2673 2566 2728; x_wconf 89' lang='lat' dir='ltr'><strong>statim</strong></span> <span class='ocrx_word' id='word_1_428' title='bbox 2619 2672 2773 2728; x_wconf 71' lang='lat' dir='ltr'><strong>aﬁ‘ert</strong></span> <span class='ocrx_word' id='word_1_429' title='bbox 2822 2673 3071 2731; x_wconf 88' lang='lat' dir='ltr'><strong>Basilius.</strong></span> <span class='ocrx_word' id='word_1_430' title='bbox 3122 2677 3192 2730; x_wconf 87' lang='lat' dir='ltr'><strong>At</strong></span> <span class='ocrx_word' id='word_1_431' title='bbox 3249 2677 3388 2732; x_wconf 92' lang='lat' dir='ltr'><strong>Idem</strong></span> <span class='ocrx_word' id='word_1_432' title='bbox 3442 2694 3547 2733; x_wconf 87' lang='lat' dir='ltr'><strong>non</strong></span> 
     </span>
    </p>
   </div>
   <div class='ocr_carea' id='block_1_56' title="bbox 1993 2762 3550 2834">
    <p class='ocr_par' dir='ltr' id='par_1_56' title="bbox 1993 2762 3550 2834">
     <span class='ocr_line' id='line_1_56' title="bbox 1993 2762 3550 2834; baseline 0.003 -18"><span class='ocrx_word' id='word_1_433' title='bbox 1993 2764 2165 2819; x_wconf 89' lang='lat' dir='ltr'><strong>dicam</strong></span> <span class='ocrx_word' id='word_1_434' title='bbox 2193 2764 2258 2818; x_wconf 89' lang='lat' dir='ltr'><strong>de</strong></span> <span class='ocrx_word' id='word_1_435' title='bbox 2286 2762 2650 2833; x_wconf 82' lang='lat' dir='ltr'><strong>explicatione</strong></span> <span class='ocrx_word' id='word_1_436' title='bbox 2700 2764 2860 2834; x_wconf 90' lang='lat' dir='ltr'><strong>hujus</strong></span> <span class='ocrx_word' id='word_1_437' title='bbox 2909 2766 3176 2831; x_wconf 89' lang='lat' dir='ltr'><strong>versiculi,</strong></span> <span class='ocrx_word' id='word_1_438' title='bbox 3228 2766 3393 2821; x_wconf 87' lang='lat' dir='ltr'><strong>Verbo</strong></span> <span class='ocrx_word' id='word_1_439' title='bbox 3442 2768 3550 2821; x_wconf 87' lang='lat' dir='ltr'><strong>Do-</strong></span> 
     </span>
    </p>
   </div>
   <div class='ocr_carea' id='block_1_57' title="bbox 1992 2855 3547 2926">
    <p class='ocr_par' dir='ltr' id='par_1_57' title="bbox 1992 2855 3547 2926">
     <span class='ocr_line' id='line_1_57' title="bbox 1992 2855 3547 2926; baseline 0.003 -19"><span class='ocrx_word' id='word_1_440' title='bbox 1992 2855 2121 2908; x_wconf 83' lang='lat' dir='ltr'><strong>mini</strong></span> <span class='ocrx_word' id='word_1_441' title='bbox 2159 2855 2273 2909; x_wconf 76' lang='lat' dir='ltr'><strong>cteli</strong></span> <span class='ocrx_word' id='word_1_442' title='bbox 2324 2855 2519 2923; x_wconf 83' lang='lat' dir='ltr'><strong>ﬁrmati</strong></span> <span class='ocrx_word' id='word_1_443' title='bbox 2559 2866 2717 2921; x_wconf 90' lang='lat' dir='ltr'><strong>sunt,</strong></span> <span class='ocrx_word' id='word_1_444' title='bbox 2763 2866 2811 2908; x_wconf 89' lang='lat' dir='ltr'><strong>et</strong></span> <span class='ocrx_word' id='word_1_445' title='bbox 2857 2857 3043 2925; x_wconf 86' lang='lat' dir='ltr'><strong>spiritu</strong></span> <span class='ocrx_word' id='word_1_446' title='bbox 3083 2860 3185 2911; x_wconf 89' lang='lat' dir='ltr'><strong>aris</strong></span> <span class='ocrx_word' id='word_1_447' title='bbox 3226 2858 3337 2926; x_wconf 86' lang='lat' dir='ltr'><strong>ejus</strong></span> <span class='ocrx_word' id='word_1_448' title='bbox 3381 2862 3547 2913; x_wconf 88' lang='lat' dir='ltr'><strong>omnis</strong></span> 
     </span>
    </p>
   </div>
   <div class='ocr_carea' id='block_1_58' title="bbox 1992 2945 3547 3017">
    <p class='ocr_par' dir='ltr' id='par_1_58' title="bbox 1992 2945 3547 3017">
     <span class='ocr_line' id='line_1_58' title="bbox 1992 2945 3547 3017; baseline 0.003 -16"><span class='ocrx_word' id='word_1_449' title='bbox 1992 2949 2152 3002; x_wconf 79' lang='lat' dir='ltr'><strong>virtus</strong></span> <span class='ocrx_word' id='word_1_450' title='bbox 2194 2963 2393 3002; x_wconf 89' lang='lat' dir='ltr'><strong>eorum.</strong></span> <span class='ocrx_word' id='word_1_451' title='bbox 2445 2945 2574 3012; x_wconf 64' lang='lat' dir='ltr'><strong>Quae</strong></span> <span class='ocrx_word' id='word_1_452' title='bbox 2623 2949 2762 3017; x_wconf 86' lang='lat' dir='ltr'><strong>apud</strong></span> <span class='ocrx_word' id='word_1_453' title='bbox 2828 2947 3117 3002; x_wconf 88' lang='lat' dir='ltr'><strong>Eusebium</strong></span> <span class='ocrx_word' id='word_1_454' title='bbox 3174 2950 3369 3003; x_wconf 87' lang='lat' dir='ltr'><strong>similia</strong></span> <span class='ocrx_word' id='word_1_455' title='bbox 3420 2961 3547 3005; x_wconf 91' lang='lat' dir='ltr'><strong>sunt</strong></span> 
     </span>
    </p>
   </div>
   <div class='ocr_carea' id='block_1_59' title="bbox 1992 3037 3547 3107">
    <p class='ocr_par' dir='ltr' id='par_1_59' title="bbox 1992 3037 3547 3107">
     <span class='ocr_line' id='line_1_59' title="bbox 1992 3037 3547 3107; baseline 0.001 -15"><span class='ocrx_word' id='word_1_456' title='bbox 1992 3038 2115 3093; x_wconf 89' lang='lat' dir='ltr'><strong>huic</strong></span> <span class='ocrx_word' id='word_1_457' title='bbox 2145 3037 2329 3094; x_wconf 87' lang='lat' dir='ltr'><strong>Basilii</strong></span> <span class='ocrx_word' id='word_1_458' title='bbox 2360 3038 2731 3106; x_wconf 83' lang='lat' dir='ltr'><strong>explicationi,</strong></span> <span class='ocrx_word' id='word_1_459' title='bbox 2777 3053 2845 3092; x_wconf 87' lang='lat' dir='ltr'><strong>ex</strong></span> <span class='ocrx_word' id='word_1_460' title='bbox 2878 3037 3077 3092; x_wconf 85' lang='lat' dir='ltr'><strong>Basilio</strong></span> <span class='ocrx_word' id='word_1_461' title='bbox 3108 3039 3284 3107; x_wconf 90' lang='lat' dir='ltr'><strong>potius</strong></span> <span class='ocrx_word' id='word_1_462' title='bbox 3335 3042 3547 3095; x_wconf 82' lang='lat' dir='ltr'><strong>desum-</strong></span> 
     </span>
    </p>
   </div>
   <div class='ocr_carea' id='block_1_60' title="bbox 1991 3128 3547 3200">
    <p class='ocr_par' dir='ltr' id='par_1_60' title="bbox 1991 3128 3547 3200">
     <span class='ocr_line' id='line_1_60' title="bbox 1991 3128 3547 3200; baseline 0.002 -17"><span class='ocrx_word' id='word_1_463' title='bbox 1991 3140 2078 3200; x_wconf 90' lang='lat' dir='ltr'><strong>pta</strong></span> <span class='ocrx_word' id='word_1_464' title='bbox 2111 3130 2276 3185; x_wconf 87' lang='lat' dir='ltr'><strong>videri</strong></span> <span class='ocrx_word' id='word_1_465' title='bbox 2319 3129 2534 3187; x_wconf 90' lang='lat' dir='ltr'><strong>debent.</strong></span> <span class='ocrx_word' id='word_1_466' title='bbox 2560 3128 2785 3184; x_wconf 88' lang='lat' dir='ltr'><strong>Fatetur</strong></span> <span class='ocrx_word' id='word_1_467' title='bbox 2815 3138 3001 3184; x_wconf 89' lang='lat' dir='ltr'><strong>auctor</strong></span> <span class='ocrx_word' id='word_1_468' title='bbox 3051 3128 3382 3186; x_wconf 73' lang='lat' dir='ltr'><strong>Prazlationis</strong></span> <span class='ocrx_word' id='word_1_469' title='bbox 3412 3147 3547 3185; x_wconf 88' lang='lat' dir='ltr'><strong>non-</strong></span> 
     </span>
    </p>
   </div>
   <div class='ocr_carea' id='block_1_61' title="bbox 328 3216 3543 3295">
    <p class='ocr_par' dir='ltr' id='par_1_61' title="bbox 328 3216 3543 3295">
     <span class='ocr_line' id='line_1_61' title="bbox 328 3216 3543 3295; baseline 0.002 -22"><span class='ocrx_word' id='word_1_470' title='bbox 328 3235 395 3273; x_wconf 69' lang='lat' dir='ltr'><strong>e:</strong></span> <span class='ocrx_word' id='word_1_471' title='bbox 420 3220 616 3285; x_wconf 81' lang='lat' dir='ltr'><strong>inferni</strong></span> <span class='ocrx_word' id='word_1_472' title='bbox 643 3236 849 3272; x_wconf 86' lang='lat' dir='ltr'><strong>carcere</strong></span> <span class='ocrx_word' id='word_1_473' title='bbox 885 3219 953 3271; x_wconf 92' lang='lat' dir='ltr'><strong>ad</strong></span> <span class='ocrx_word' id='word_1_474' title='bbox 994 3223 1385 3276; x_wconf 84' lang='lat' dir='ltr'><strong>resurrectionis</strong></span> <span class='ocrx_word' id='word_1_475' title='bbox 1423 3225 1737 3277; x_wconf 87' lang='lat' dir='ltr'><strong>matutinum</strong></span> <span class='ocrx_word' id='word_1_476' title='bbox 1772 3226 1896 3277; x_wconf 87' lang='lat' dir='ltr'><strong>edu-</strong></span> <span class='ocrx_word' id='word_1_477' title='bbox 1920 3216 1962 3272; x_wconf 87' lang='lat' dir='ltr'><strong><em>C</em></strong></span> <span class='ocrx_word' id='word_1_478' title='bbox 1998 3224 2139 3278; x_wconf 86' lang='lat' dir='ltr'><strong>nulla</strong></span> <span class='ocrx_word' id='word_1_479' title='bbox 2167 3224 2418 3279; x_wconf 86' lang='lat' dir='ltr'><strong>librarios</strong></span> <span class='ocrx_word' id='word_1_480' title='bbox 2447 3239 2478 3277; x_wconf 91' lang='lat' dir='ltr'><strong>e</strong></span> <span class='ocrx_word' id='word_1_481' title='bbox 2530 3225 2763 3294; x_wconf 78' lang='lat' dir='ltr'><strong>genuina</strong></span> <span class='ocrx_word' id='word_1_482' title='bbox 2818 3224 2999 3281; x_wconf 86' lang='lat' dir='ltr'><strong>Basilii</strong></span> <span class='ocrx_word' id='word_1_483' title='bbox 3042 3226 3092 3279; x_wconf 90' lang='lat' dir='ltr'><strong>in</strong></span> <span class='ocrx_word' id='word_1_484' title='bbox 3144 3225 3334 3295; x_wconf 86' lang='lat' dir='ltr'><strong>psalm.</strong></span> <span class='ocrx_word' id='word_1_485' title='bbox 3375 3242 3543 3279; x_wconf 84' lang='lat' dir='ltr'><strong>xxvm</strong></span> 
     </span>
    </p>
   </div>
   <div class='ocr_carea' id='block_1_62' title="bbox 332 3307 1888 3382">
    <p class='ocr_par' dir='ltr' id='par_1_62' title="bbox 332 3307 1888 3382">
     <span class='ocr_line' id='line_1_62' title="bbox 332 3307 1888 3382; baseline 0.004 -22"><span class='ocrx_word' id='word_1_486' title='bbox 332 3320 446 3362; x_wconf 87' lang='lat' dir='ltr'><strong>ctas</strong></span> <span class='ocrx_word' id='word_1_487' title='bbox 466 3309 688 3361; x_wconf 83' lang='lat' dir='ltr'><strong>tradidit</strong></span> <span class='ocrx_word' id='word_1_488' title='bbox 712 3308 821 3361; x_wconf 84' lang='lat' dir='ltr'><strong>suis</strong></span> <span class='ocrx_word' id='word_1_489' title='bbox 844 3308 1063 3377; x_wconf 80' lang='lat' dir='ltr'><strong>angelis.</strong></span> <span class='ocrx_word' id='word_1_490' title='bbox 1088 3307 1220 3364; x_wconf 79' lang='lat' dir='ltr'><strong>Vide</strong></span> <span class='ocrx_word' id='word_1_491' title='bbox 1235 3320 1375 3372; x_wconf 79' lang='lat' dir='ltr'><strong>orat.</strong></span> <span class='ocrx_word' id='word_1_492' title='bbox 1400 3314 1452 3365; x_wconf 89' lang='lat' dir='ltr'><strong>in</strong></span> <span class='ocrx_word' id='word_1_493' title='bbox 1479 3314 1672 3382; x_wconf 86' lang='lat' dir='ltr'><strong>psalm.</strong></span> <span class='ocrx_word' id='word_1_494' title='bbox 1700 3330 1888 3378; x_wconf 78' lang='lat' dir='ltr'><strong>XLVIII,</strong></span> 
     </span>
    </p>
   </div>
   <div class='ocr_carea' id='block_1_63' title="bbox 333 3397 1891 3469">
    <p class='ocr_par' dir='ltr' id='par_1_63' title="bbox 333 3397 1891 3469">
     <span class='ocr_line' id='line_1_63' title="bbox 333 3397 1891 3469; baseline 0.004 -18"><span class='ocrx_word' id='word_1_495' title='bbox 333 3415 452 3469; x_wconf 83' lang='lat' dir='ltr'><strong>pag.</strong></span> <span class='ocrx_word' id='word_1_496' title='bbox 514 3400 637 3453; x_wconf 85' lang='lat' dir='ltr'><strong>I86.</strong></span> <span class='ocrx_word' id='word_1_497' title='bbox 692 3397 934 3452; x_wconf 81' lang='lat' dir='ltr'><strong>Ridicula</strong></span> <span class='ocrx_word' id='word_1_498' title='bbox 988 3400 1257 3455; x_wconf 89' lang='lat' dir='ltr'><strong>immerito</strong></span> <span class='ocrx_word' id='word_1_499' title='bbox 1306 3401 1557 3456; x_wconf 87' lang='lat' dir='ltr'><strong>videntur</strong></span> <span class='ocrx_word' id='word_1_500' title='bbox 1588 3403 1699 3457; x_wconf 67' lang='grc' dir='ltr'><strong>ιιωο</strong></span> <span class='ocrx_word' id='word_1_501' title='bbox 1732 3404 1891 3457; x_wconf 90' lang='lat' dir='ltr'><strong>verba</strong></span> 
     </span>
    </p>
   </div>
   <div class='ocr_carea' id='block_1_64' title="bbox 333 3492 1890 3561">
    <p class='ocr_par' dir='ltr' id='par_1_64' title="bbox 333 3492 1890 3561">
     <span class='ocr_line' id='line_1_64' title="bbox 333 3492 1890 3561; baseline 0.001 -16"><span class='ocrx_word' id='word_1_502' title='bbox 333 3496 409 3560; x_wconf 89' lang='lat' dir='ltr'><strong>(p.</strong></span> <span class='ocrx_word' id='word_1_503' title='bbox 444 3492 569 3557; x_wconf 77' lang='lat'><strong>371)</strong></span> <span class='ocrx_word' id='word_1_504' title='bbox 601 3510 615 3544; x_wconf 87' lang='lat'><strong>:</strong></span> <span class='ocrx_word' id='word_1_505' title='bbox 658 3492 796 3543; x_wconf 82' lang='grc' dir='ltr'>Ἀλλ’</span> <span class='ocrx_word' id='word_1_506' title='bbox 820 3493 929 3546; x_wconf 77' lang='grc' dir='ltr'>εἴθε</span> <span class='ocrx_word' id='word_1_507' title='bbox 961 3492 1128 3561; x_wconf 78' lang='grc' dir='ltr'>κάμοὶ</span> <span class='ocrx_word' id='word_1_508' title='bbox 1152 3492 1359 3559; x_wconf 81' lang='grc' dir='ltr'><strong>γένοιτο</strong></span> <span class='ocrx_word' id='word_1_509' title='bbox 1394 3492 1676 3546; x_wconf 80' lang='grc' dir='ltr'><strong>πιστεῦσαι</strong></span> <span class='ocrx_word' id='word_1_510' title='bbox 1706 3494 1890 3560; x_wconf 70' lang='grc' dir='ltr'><strong>ἀξίως,</strong></span> 
     </span>
    </p>
   </div>
   <div class='ocr_carea' id='block_1_65' title="bbox 331 3582 1894 3659">
    <p class='ocr_par' dir='ltr' id='par_1_65' title="bbox 331 3582 1894 3659">
     <span class='ocr_line' id='line_1_65' title="bbox 331 3582 1894 3659; baseline 0.003 -25"><span class='ocrx_word' id='word_1_511' title='bbox 331 3584 416 3635; x_wconf 69' lang='grc' dir='ltr'><strong>ἵνα</strong></span> <span class='ocrx_word' id='word_1_512' title='bbox 447 3583 664 3653; x_wconf 71' lang='grc' dir='ltr'><strong>λαλήσω</strong></span> <span class='ocrx_word' id='word_1_513' title='bbox 696 3582 790 3637; x_wconf 81' lang='grc' dir='ltr'><strong>νῦν</strong></span> <span class='ocrx_word' id='word_1_514' title='bbox 820 3586 887 3654; x_wconf 79' lang='grc' dir='ltr'><strong>τῇ</strong></span> <span class='ocrx_word' id='word_1_515' title='bbox 931 3583 1222 3655; x_wconf 74' lang='grc' dir='ltr'><strong>Ἐκκλησίᾳ</strong></span> <span class='ocrx_word' id='word_1_516' title='bbox 1257 3583 1349 3638; x_wconf 78' lang='grc' dir='ltr'><strong>τοῦ</strong></span> <span class='ocrx_word' id='word_1_517' title='bbox 1391 3584 1523 3638; x_wconf 75' lang='grc' dir='ltr'><strong>Θεοῦ</strong></span> <span class='ocrx_word' id='word_1_518' title='bbox 1568 3588 1633 3657; x_wconf 76' lang='grc' dir='ltr'><strong>τῇ</strong></span> <span class='ocrx_word' id='word_1_519' title='bbox 1686 3587 1894 3659; x_wconf 79' lang='grc' dir='ltr'><strong>μεγάλῃ</strong></span> 
     </span>
    </p>
   </div>
   <div class='ocr_carea' id='block_1_66' title="bbox 329 3672 1890 3746">
    <p class='ocr_par' dir='ltr' id='par_1_66' title="bbox 329 3672 1890 3746">
     <span class='ocr_line' id='line_1_66' title="bbox 329 3672 1890 3746; baseline 0.004 -21"><span class='ocrx_word' id='word_1_520' title='bbox 329 3672 500 3745; x_wconf 74' lang='grc' dir='ltr'><strong>ταύτῃ</strong></span> <span class='ocrx_word' id='word_1_521' title='bbox 534 3675 695 3727; x_wconf 80' lang='grc' dir='ltr'>πέντε</span> <span class='ocrx_word' id='word_1_522' title='bbox 722 3674 909 3743; x_wconf 80' lang='grc' dir='ltr'>λόγους</span> <span class='ocrx_word' id='word_1_523' title='bbox 950 3676 1007 3727; x_wconf 83' lang='grc' dir='ltr'><strong>ὲν</strong></span> <span class='ocrx_word' id='word_1_524' title='bbox 1055 3674 1132 3745; x_wconf 85' lang='grc' dir='ltr'><strong>τῷ</strong></span> <span class='ocrx_word' id='word_1_525' title='bbox 1173 3676 1253 3727; x_wconf 84' lang='grc' dir='ltr'><strong>νοτ</strong></span> <span class='ocrx_word' id='word_1_526' title='bbox 1297 3692 1419 3746; x_wconf 86' lang='grc' dir='ltr'><strong>μου.</strong></span> <span class='ocrx_word' id='word_1_527' title='bbox 1466 3676 1572 3731; x_wconf 82' lang='lat' dir='ltr'><strong>Sed</strong></span> <span class='ocrx_word' id='word_1_528' title='bbox 1594 3678 1794 3730; x_wconf 87' lang='lat' dir='ltr'><strong>utinam</strong></span> <span class='ocrx_word' id='word_1_529' title='bbox 1844 3688 1890 3731; x_wconf 91' lang='lat' dir='ltr'><strong>et</strong></span> 
     </span>
    </p>
   </div>
   <div class='ocr_carea' id='block_1_67' title="bbox 330 3766 1893 3838">
    <p class='ocr_par' dir='ltr' id='par_1_67' title="bbox 330 3766 1893 3838">
     <span class='ocr_line' id='line_1_67' title="bbox 330 3766 1893 3838; baseline 0.004 -22"><span class='ocrx_word' id='word_1_530' title='bbox 330 3766 459 3817; x_wconf 82' lang='lat' dir='ltr'><strong>mihi</strong></span> <span class='ocrx_word' id='word_1_531' title='bbox 484 3767 747 3835; x_wconf 86' lang='lat' dir='ltr'><strong>contingat</strong></span> <span class='ocrx_word' id='word_1_532' title='bbox 787 3768 943 3836; x_wconf 86' lang='lat' dir='ltr'><strong>digne</strong></span> <span class='ocrx_word' id='word_1_533' title='bbox 976 3768 1198 3829; x_wconf 86' lang='lat' dir='ltr'><strong>credere,</strong></span> <span class='ocrx_word' id='word_1_534' title='bbox 1249 3777 1305 3821; x_wconf 90' lang='lat' dir='ltr'><strong>ut</strong></span> <span class='ocrx_word' id='word_1_535' title='bbox 1363 3785 1498 3821; x_wconf 88' lang='lat' dir='ltr'><strong>nunc</strong></span> <span class='ocrx_word' id='word_1_536' title='bbox 1534 3784 1736 3838; x_wconf 64' lang='lat' dir='ltr'><strong>magna!</strong></span> <span class='ocrx_word' id='word_1_537' title='bbox 1772 3768 1893 3822; x_wconf 84' lang='lat' dir='ltr'><strong>huic</strong></span> 
     </span>
    </p>
   </div>
   <div class='ocr_carea' id='block_1_68' title="bbox 336 3853 1893 3926">
    <p class='ocr_par' dir='ltr' id='par_1_68' title="bbox 336 3853 1893 3926">
     <span class='ocr_line' id='line_1_68' title="bbox 336 3853 1893 3926; baseline 0.004 -20"><span class='ocrx_word' id='word_1_538' title='bbox 336 3854 428 3907; x_wconf 89' lang='lat' dir='ltr'><strong>Dei</strong></span> <span class='ocrx_word' id='word_1_539' title='bbox 450 3853 701 3909; x_wconf 71' lang='lat' dir='ltr'><strong>Ecclesiae</strong></span> <span class='ocrx_word' id='word_1_540' title='bbox 727 3857 954 3925; x_wconf 87' lang='lat' dir='ltr'><strong>quinque</strong></span> <span class='ocrx_word' id='word_1_541' title='bbox 974 3857 1123 3910; x_wconf 78' lang='lat' dir='ltr'><strong>verba</strong></span> <span class='ocrx_word' id='word_1_542' title='bbox 1158 3855 1341 3926; x_wconf 86' lang='lat' dir='ltr'><strong>loquar</strong></span> <span class='ocrx_word' id='word_1_543' title='bbox 1362 3857 1418 3910; x_wconf 91' lang='lat' dir='ltr'><strong>in</strong></span> <span class='ocrx_word' id='word_1_544' title='bbox 1443 3867 1610 3911; x_wconf 88' lang='lat' dir='ltr'><strong>mente</strong></span> <span class='ocrx_word' id='word_1_545' title='bbox 1632 3873 1764 3911; x_wconf 83' lang='lat' dir='ltr'><strong>mea.</strong></span> <span class='ocrx_word' id='word_1_546' title='bbox 1784 3856 1893 3912; x_wconf 89' lang='lat' dir='ltr'><strong>Nec</strong></span> 
     </span>
    </p>
   </div>
   <div class='ocr_carea' id='block_1_69' title="bbox 331 3946 1894 4019">
    <p class='ocr_par' dir='ltr' id='par_1_69' title="bbox 331 3946 1894 4019">
     <span class='ocr_line' id='line_1_69' title="bbox 331 3946 1894 4019; baseline 0.004 -23"><span class='ocrx_word' id='word_1_547' title='bbox 331 3960 451 4013; x_wconf 76' lang='lat' dir='ltr'><strong>qua:</strong></span> <span class='ocrx_word' id='word_1_548' title='bbox 477 3946 721 4013; x_wconf 81' lang='lat' dir='ltr'><strong>proxime</strong></span> <span class='ocrx_word' id='word_1_549' title='bbox 740 3954 1054 4015; x_wconf 84' lang='lat' dir='ltr'><strong>sequuntur,</strong></span> <span class='ocrx_word' id='word_1_550' title='bbox 1083 3947 1177 4000; x_wconf 75' lang='grc' dir='ltr'><strong>καὶ</strong></span> <span class='ocrx_word' id='word_1_551' title='bbox 1214 3948 1402 4018; x_wconf 79' lang='grc' dir='ltr'><strong>μηδεὶς</strong></span> <span class='ocrx_word' id='word_1_552' title='bbox 1452 3949 1894 4019; x_wconf 75' lang='grc' dir='ltr'><strong>καταχλευαζέτω</strong></span> 
     </span>
    </p>
   </div>
   <div class='ocr_carea' id='block_1_70' title="bbox 331 4037 1891 4109">
    <p class='ocr_par' dir='ltr' id='par_1_70' title="bbox 331 4037 1891 4109">
     <span class='ocr_line' id='line_1_70' title="bbox 331 4037 1891 4109; baseline 0.003 -20"><span class='ocrx_word' id='word_1_553' title='bbox 331 4038 424 4090; x_wconf 75' lang='grc' dir='ltr'><strong>τὸν</strong></span> <span class='ocrx_word' id='word_1_554' title='bbox 448 4037 627 4105; x_wconf 81' lang='grc' dir='ltr'><strong>λόγον,</strong></span> <span class='ocrx_word' id='word_1_555' title='bbox 662 4037 773 4092; x_wconf 88' lang='lat' dir='ltr'><strong>Nec</strong></span> <span class='ocrx_word' id='word_1_556' title='bbox 793 4040 1067 4109; x_wconf 82' lang='lat' dir='ltr'><strong>quisquam</strong></span> <span class='ocrx_word' id='word_1_557' title='bbox 1091 4040 1307 4094; x_wconf 82' lang='lat' dir='ltr'><strong>irrideat</strong></span> <span class='ocrx_word' id='word_1_558' title='bbox 1342 4042 1652 4106; x_wconf 84' lang='lat' dir='ltr'><strong>doctrinam,</strong></span> <span class='ocrx_word' id='word_1_559' title='bbox 1685 4042 1736 4094; x_wconf 92' lang='lat' dir='ltr'><strong>in</strong></span> <span class='ocrx_word' id='word_1_560' title='bbox 1774 4056 1891 4094; x_wconf 91' lang='lat' dir='ltr'><strong>eam</strong></span> 
     </span>
    </p>
   </div>
   <div class='ocr_carea' id='block_1_71' title="bbox 332 4128 1895 4198">
    <p class='ocr_par' dir='ltr' id='par_1_71' title="bbox 332 4128 1895 4198">
     <span class='ocr_line' id='line_1_71' title="bbox 332 4128 1895 4198; baseline 0.003 -18"><span class='ocrx_word' id='word_1_561' title='bbox 332 4128 661 4181; x_wconf 90' lang='lat' dir='ltr'><strong>sententiam</strong></span> <span class='ocrx_word' id='word_1_562' title='bbox 695 4129 924 4197; x_wconf 87' lang='lat' dir='ltr'><strong>accipio,</strong></span> <span class='ocrx_word' id='word_1_563' title='bbox 970 4129 1124 4198; x_wconf 89' lang='lat' dir='ltr'><strong>quasi</strong></span> <span class='ocrx_word' id='word_1_564' title='bbox 1166 4139 1423 4183; x_wconf 78' lang='lat' dir='ltr'><strong>vereatur</strong></span> <span class='ocrx_word' id='word_1_565' title='bbox 1449 4140 1637 4185; x_wconf 84' lang='lat' dir='ltr'><strong>auctor</strong></span> <span class='ocrx_word' id='word_1_566' title='bbox 1658 4130 1895 4185; x_wconf 71' lang='lat' dir='ltr'><strong>humilia:</strong></span> 
     </span>
    </p>
   </div>
   <div class='ocr_carea' id='block_1_72' title="bbox 334 4218 1894 4290">
    <p class='ocr_par' dir='ltr' id='par_1_72' title="bbox 334 4218 1894 4290">
     <span class='ocr_line' id='line_1_72' title="bbox 334 4218 1894 4290; baseline 0.003 -19"><span class='ocrx_word' id='word_1_567' title='bbox 334 4232 402 4271; x_wconf 91' lang='lat' dir='ltr'><strong>ne</strong></span> <span class='ocrx_word' id='word_1_568' title='bbox 433 4219 602 4272; x_wconf 91' lang='lat' dir='ltr'><strong>risum</strong></span> <span class='ocrx_word' id='word_1_569' title='bbox 652 4218 985 4276; x_wconf 86' lang='lat' dir='ltr'><strong>auditoribus</strong></span> <span class='ocrx_word' id='word_1_570' title='bbox 1034 4220 1103 4274; x_wconf 90' lang='lat' dir='ltr'><strong>ob</strong></span> <span class='ocrx_word' id='word_1_571' title='bbox 1161 4236 1311 4275; x_wconf 87' lang='lat' dir='ltr'><strong>suam</strong></span> <span class='ocrx_word' id='word_1_572' title='bbox 1350 4220 1746 4290; x_wconf 90' lang='lat' dir='ltr'><strong>simplicitatem</strong></span> <span class='ocrx_word' id='word_1_573' title='bbox 1782 4235 1894 4275; x_wconf 83' lang='lat' dir='ltr'><strong>mo-</strong></span> 
     </span>
    </p>
   </div>
   <div class='ocr_carea' id='block_1_73' title="bbox 330 4310 1892 4380">
    <p class='ocr_par' dir='ltr' id='par_1_73' title="bbox 330 4310 1892 4380">
     <span class='ocr_line' id='line_1_73' title="bbox 330 4310 1892 4380; baseline 0.004 -19"><span class='ocrx_word' id='word_1_574' title='bbox 330 4318 454 4362; x_wconf 77' lang='lat' dir='ltr'><strong>veat</strong></span> <span class='ocrx_word' id='word_1_575' title='bbox 480 4325 497 4375; x_wconf 91' lang='lat'><strong>;</strong></span> <span class='ocrx_word' id='word_1_576' title='bbox 542 4310 635 4363; x_wconf 91' lang='lat' dir='ltr'><strong>sed</strong></span> <span class='ocrx_word' id='word_1_577' title='bbox 663 4310 959 4380; x_wconf 74' lang='lat' dir='ltr'><strong>generatim</strong></span> <span class='ocrx_word' id='word_1_578' title='bbox 986 4320 1166 4366; x_wconf 90' lang='lat' dir='ltr'><strong>monet</strong></span> <span class='ocrx_word' id='word_1_579' title='bbox 1196 4312 1475 4367; x_wconf 89' lang='lat' dir='ltr'><strong>ridendam</strong></span> <span class='ocrx_word' id='word_1_580' title='bbox 1514 4328 1620 4367; x_wconf 91' lang='lat' dir='ltr'><strong>non</strong></span> <span class='ocrx_word' id='word_1_581' title='bbox 1658 4327 1777 4368; x_wconf 88' lang='lat' dir='ltr'><strong>esse</strong></span> <span class='ocrx_word' id='word_1_582' title='bbox 1809 4330 1892 4368; x_wconf 59' lang='lat' dir='ltr'><strong>re-</strong></span> 
     </span>
    </p>
   </div>
   <div class='ocr_carea' id='block_1_74' title="bbox 333 4401 1895 4475">
    <p class='ocr_par' dir='ltr' id='par_1_74' title="bbox 333 4401 1895 4475">
     <span class='ocr_line' id='line_1_74' title="bbox 333 4401 1895 4475; baseline 0.004 -22"><span class='ocrx_word' id='word_1_583' title='bbox 333 4401 586 4470; x_wconf 75' lang='lat' dir='ltr'><strong>Iigionem</strong></span> <span class='ocrx_word' id='word_1_584' title='bbox 618 4401 1000 4469; x_wconf 84' lang='lat' dir='ltr'><strong>Christianam,</strong></span> <span class='ocrx_word' id='word_1_585' title='bbox 1048 4404 1199 4474; x_wconf 87' lang='lat' dir='ltr'><strong>quasi</strong></span> <span class='ocrx_word' id='word_1_586' title='bbox 1244 4405 1362 4460; x_wconf 88' lang='lat' dir='ltr'><strong>sine</strong></span> <span class='ocrx_word' id='word_1_587' title='bbox 1401 4413 1716 4475; x_wconf 74' lang='lat' dir='ltr'><strong>argumento</strong></span> <span class='ocrx_word' id='word_1_588' title='bbox 1742 4407 1895 4461; x_wconf 89' lang='lat' dir='ltr'><strong>audi-</strong></span> 
     </span>
    </p>
   </div>
   <div class='ocr_carea' id='block_1_75' title="bbox 333 4494 1890 4565">
    <p class='ocr_par' dir='ltr' id='par_1_75' title="bbox 333 4494 1890 4565">
     <span class='ocr_line' id='line_1_75' title="bbox 333 4494 1890 4565; baseline 0.004 -20"><span class='ocrx_word' id='word_1_589' title='bbox 333 4502 479 4547; x_wconf 89' lang='lat' dir='ltr'><strong>tores</strong></span> <span class='ocrx_word' id='word_1_590' title='bbox 515 4494 581 4547; x_wconf 89' lang='lat' dir='ltr'><strong>ad</strong></span> <span class='ocrx_word' id='word_1_591' title='bbox 611 4494 1007 4550; x_wconf 80' lang='lat' dir='ltr'><strong>assentiendum</strong></span> <span class='ocrx_word' id='word_1_592' title='bbox 1041 4497 1288 4550; x_wconf 83' lang='lat' dir='ltr'><strong>adducat.</strong></span> <span class='ocrx_word' id='word_1_593' title='bbox 1311 4496 1495 4565; x_wconf 82' lang='lat' dir='ltr'><strong>Neque</strong></span> <span class='ocrx_word' id='word_1_594' title='bbox 1509 4498 1672 4552; x_wconf 85' lang='lat' dir='ltr'><strong>etiam</strong></span> <span class='ocrx_word' id='word_1_595' title='bbox 1688 4497 1890 4553; x_wconf 82' lang='lat' dir='ltr'><strong>Christi</strong></span> 
     </span>
    </p>
   </div>
   <div class='ocr_carea' id='block_1_76' title="bbox 1934 3313 3547 3384">
    <p class='ocr_par' dir='ltr' id='par_1_76' title="bbox 1934 3313 3547 3384">
     <span class='ocr_line' id='line_1_76' title="bbox 1934 3313 3547 3384; baseline 0.001 -13"><span class='ocrx_word' id='word_1_596' title='bbox 1934 3354 1949 3371; x_wconf 91' lang='lat'><strong>.</strong></span> <span class='ocrx_word' id='word_1_597' title='bbox 1993 3313 2211 3369; x_wconf 83' lang='lat' dir='ltr'><strong>humilia</strong></span> <span class='ocrx_word' id='word_1_598' title='bbox 2258 3316 2397 3384; x_wconf 85' lang='lat' dir='ltr'><strong>apud</strong></span> <span class='ocrx_word' id='word_1_599' title='bbox 2433 3314 2723 3370; x_wconf 86' lang='lat' dir='ltr'><strong>Eusebium</strong></span> <span class='ocrx_word' id='word_1_600' title='bbox 2757 3318 3114 3371; x_wconf 86' lang='lat' dir='ltr'><strong>transtulisse.</strong></span> <span class='ocrx_word' id='word_1_601' title='bbox 3163 3318 3304 3371; x_wconf 92' lang='lat' dir='ltr'><strong>Idem</strong></span> <span class='ocrx_word' id='word_1_602' title='bbox 3345 3318 3413 3372; x_wconf 89' lang='lat' dir='ltr'><strong>ab</strong></span> <span class='ocrx_word' id='word_1_603' title='bbox 3467 3320 3547 3372; x_wconf 92' lang='lat' dir='ltr'><strong>eis</strong></span> 
     </span>
    </p>
   </div>
   <div class='ocr_carea' id='block_1_77' title="bbox 1993 3404 3547 3477">
    <p class='ocr_par' dir='ltr' id='par_1_77' title="bbox 1993 3404 3547 3477">
     <span class='ocr_line' id='line_1_77' title="bbox 1993 3404 3547 3477; baseline 0.003 -19"><span class='ocrx_word' id='word_1_604' title='bbox 1993 3404 2195 3459; x_wconf 81' lang='lat' dir='ltr'><strong>factum</strong></span> <span class='ocrx_word' id='word_1_605' title='bbox 2242 3404 2296 3458; x_wconf 92' lang='lat' dir='ltr'><strong>in</strong></span> <span class='ocrx_word' id='word_1_606' title='bbox 2348 3405 2453 3460; x_wconf 88' lang='lat' dir='ltr'><strong>hoc</strong></span> <span class='ocrx_word' id='word_1_607' title='bbox 2496 3406 2786 3472; x_wconf 87' lang='lat' dir='ltr'><strong>versiculo,</strong></span> <span class='ocrx_word' id='word_1_608' title='bbox 2843 3408 2996 3476; x_wconf 89' lang='lat' dir='ltr'><strong>cujus</strong></span> <span class='ocrx_word' id='word_1_609' title='bbox 3027 3407 3335 3477; x_wconf 85' lang='lat' dir='ltr'><strong>explanatio</strong></span> <span class='ocrx_word' id='word_1_610' title='bbox 3367 3424 3547 3462; x_wconf 77' lang='lat' dir='ltr'><strong>ennea-</strong></span> 
     </span>
    </p>
   </div>
   <div class='ocr_carea' id='block_1_78' title="bbox 1993 3496 3545 3568">
    <p class='ocr_par' dir='ltr' id='par_1_78' title="bbox 1993 3496 3545 3568">
     <span class='ocr_line' id='line_1_78' title="bbox 1993 3496 3545 3568; baseline 0.002 -19"><span class='ocrx_word' id='word_1_611' title='bbox 1993 3496 2170 3551; x_wconf 90' lang='lat' dir='ltr'><strong>datior</strong></span> <span class='ocrx_word' id='word_1_612' title='bbox 2203 3496 2368 3551; x_wconf 91' lang='lat' dir='ltr'><strong>multo</strong></span> <span class='ocrx_word' id='word_1_613' title='bbox 2402 3507 2456 3550; x_wconf 92' lang='lat' dir='ltr'><strong>et</strong></span> <span class='ocrx_word' id='word_1_614' title='bbox 2498 3496 2705 3566; x_wconf 91' lang='lat' dir='ltr'><strong>plenior</strong></span> <span class='ocrx_word' id='word_1_615' title='bbox 2745 3506 2831 3551; x_wconf 90' lang='lat' dir='ltr'><strong>est</strong></span> <span class='ocrx_word' id='word_1_616' title='bbox 2877 3498 3017 3567; x_wconf 92' lang='lat' dir='ltr'><strong>apud</strong></span> <span class='ocrx_word' id='word_1_617' title='bbox 3062 3497 3346 3563; x_wconf 84' lang='lat' dir='ltr'><strong>Basiliam,</strong></span> <span class='ocrx_word' id='word_1_618' title='bbox 3382 3515 3545 3568; x_wconf 88' lang='lat' dir='ltr'><strong>quam</strong></span> 
     </span>
    </p>
   </div>
   <div class='ocr_carea' id='block_1_79' title="bbox 1993 3585 3545 3659">
    <p class='ocr_par' dir='ltr' id='par_1_79' title="bbox 1993 3585 3545 3659">
     <span class='ocr_line' id='line_1_79' title="bbox 1993 3585 3545 3659; baseline 0.001 -20"><span class='ocrx_word' id='word_1_619' title='bbox 1993 3586 2134 3654; x_wconf 90' lang='lat' dir='ltr'><strong>apud</strong></span> <span class='ocrx_word' id='word_1_620' title='bbox 2172 3586 2478 3641; x_wconf 87' lang='lat' dir='ltr'><strong>Eusebium.</strong></span> <span class='ocrx_word' id='word_1_621' title='bbox 2535 3585 2799 3642; x_wconf 66' lang='lat' dir='ltr'><strong>Praeterea</strong></span> <span class='ocrx_word' id='word_1_622' title='bbox 2830 3588 2897 3643; x_wconf 92' lang='lat' dir='ltr'><strong>ab</strong></span> <span class='ocrx_word' id='word_1_623' title='bbox 2930 3589 3148 3644; x_wconf 89' lang='lat' dir='ltr'><strong>Eusebii</strong></span> <span class='ocrx_word' id='word_1_624' title='bbox 3184 3590 3425 3659; x_wconf 77' lang='lat' dir='ltr'><strong>ingenio,</strong></span> <span class='ocrx_word' id='word_1_625' title='bbox 3452 3590 3545 3658; x_wconf 90' lang='lat' dir='ltr'><strong>qui</strong></span> 
     </span>
    </p>
   </div>
   <div class='ocr_carea' id='block_1_80' title="bbox 1994 3674 3546 3744">
    <p class='ocr_par' dir='ltr' id='par_1_80' title="bbox 1994 3674 3546 3744">
     <span class='ocr_line' id='line_1_80' title="bbox 1994 3674 3546 3744; baseline 0 -15"><span class='ocrx_word' id='word_1_626' title='bbox 1994 3675 2124 3729; x_wconf 91' lang='lat' dir='ltr'><strong>nihil</strong></span> <span class='ocrx_word' id='word_1_627' title='bbox 2178 3675 2346 3744; x_wconf 79' lang='lat' dir='ltr'><strong>magis</strong></span> <span class='ocrx_word' id='word_1_628' title='bbox 2376 3675 2651 3729; x_wconf 90' lang='lat' dir='ltr'><strong>metuebat</strong></span> <span class='ocrx_word' id='word_1_629' title='bbox 2682 3689 2844 3743; x_wconf 89' lang='lat' dir='ltr'><strong>quam</strong></span> <span class='ocrx_word' id='word_1_630' title='bbox 2901 3689 2967 3729; x_wconf 92' lang='lat' dir='ltr'><strong>ne</strong></span> <span class='ocrx_word' id='word_1_631' title='bbox 3019 3674 3185 3731; x_wconf 86' lang='lat' dir='ltr'><strong>Filius</strong></span> <span class='ocrx_word' id='word_1_632' title='bbox 3213 3685 3266 3729; x_wconf 92' lang='lat' dir='ltr'><strong>et</strong></span> <span class='ocrx_word' id='word_1_633' title='bbox 3313 3675 3546 3744; x_wconf 84' lang='lat' dir='ltr'><strong>Spiritus</strong></span> 
     </span>
    </p>
   </div>
   <div class='ocr_carea' id='block_1_81' title="bbox 1993 3762 3633 3831">
    <p class='ocr_par' dir='ltr' id='par_1_81' title="bbox 1993 3762 3633 3831">
     <span class='ocr_line' id='line_1_81' title="bbox 1993 3762 3633 3831; baseline 0 -13"><span class='ocrx_word' id='word_1_634' title='bbox 1993 3773 2212 3819; x_wconf 91' lang='lat' dir='ltr'><strong>sanctus</strong></span> <span class='ocrx_word' id='word_1_635' title='bbox 2241 3778 2309 3819; x_wconf 87' lang='lat' dir='ltr'><strong>ex</strong></span> <span class='ocrx_word' id='word_1_636' title='bbox 2335 3762 2511 3818; x_wconf 89' lang='lat' dir='ltr'><strong>Patris</strong></span> <span class='ocrx_word' id='word_1_637' title='bbox 2556 3764 2857 3820; x_wconf 88' lang='lat' dir='ltr'><strong>substantia</strong></span> <span class='ocrx_word' id='word_1_638' title='bbox 2888 3779 3004 3819; x_wconf 89' lang='lat' dir='ltr'><strong>esse</strong></span> <span class='ocrx_word' id='word_1_639' title='bbox 3050 3764 3378 3831; x_wconf 87' lang='lat' dir='ltr'><strong>dicerentur,</strong></span> <span class='ocrx_word' id='word_1_640' title='bbox 3412 3764 3545 3818; x_wconf 91' lang='lat' dir='ltr'><strong>alie-</strong></span> <span class='ocrx_word' id='word_1_641' title='bbox 3630 3776 3633 3781; x_wconf 90' lang='lat'>&#39;</span> 
     </span>
    </p>
   </div>
   <div class='ocr_carea' id='block_1_82' title="bbox 1992 3852 3546 3923">
    <p class='ocr_par' dir='ltr' id='par_1_82' title="bbox 1992 3852 3546 3923">
     <span class='ocr_line' id='line_1_82' title="bbox 1992 3852 3546 3923; baseline -0.001 -15"><span class='ocrx_word' id='word_1_642' title='bbox 1992 3854 2272 3910; x_wconf 91' lang='lat' dir='ltr'><strong>nissimum</strong></span> <span class='ocrx_word' id='word_1_643' title='bbox 2299 3852 2400 3908; x_wconf 85' lang='lat' dir='ltr'><strong>fuit</strong></span> <span class='ocrx_word' id='word_1_644' title='bbox 2426 3855 2627 3919; x_wconf 91' lang='lat' dir='ltr'><strong>dicere,</strong></span> <span class='ocrx_word' id='word_1_645' title='bbox 2660 3853 2892 3909; x_wconf 84' lang='lat' dir='ltr'><strong>Verbum</strong></span> <span class='ocrx_word' id='word_1_646' title='bbox 2920 3854 3034 3911; x_wconf 89' lang='lat' dir='ltr'><strong>oris</strong></span> <span class='ocrx_word' id='word_1_647' title='bbox 3070 3866 3122 3909; x_wconf 89' lang='lat' dir='ltr'><strong>et</strong></span> <span class='ocrx_word' id='word_1_648' title='bbox 3146 3854 3401 3923; x_wconf 90' lang='lat' dir='ltr'><strong>Spiritum</strong></span> <span class='ocrx_word' id='word_1_649' title='bbox 3432 3854 3546 3909; x_wconf 89' lang='lat' dir='ltr'><strong>oris</strong></span> 
     </span>
    </p>
   </div>
   <div class='ocr_carea' id='block_1_83' title="bbox 1993 3943 3545 4015">
    <p class='ocr_par' dir='ltr' id='par_1_83' title="bbox 1993 3943 3545 4015">
     <span class='ocr_line' id='line_1_83' title="bbox 1993 3943 3545 4015; baseline -0.001 -15"><span class='ocrx_word' id='word_1_650' title='bbox 1993 3945 2121 4010; x_wconf 88' lang='lat' dir='ltr'><strong>dici,</strong></span> <span class='ocrx_word' id='word_1_651' title='bbox 2154 3955 2211 3999; x_wconf 90' lang='lat' dir='ltr'><strong>ut</strong></span> <span class='ocrx_word' id='word_1_652' title='bbox 2257 3943 2580 4014; x_wconf 85' lang='lat' dir='ltr'><strong>intelligatur</strong></span> <span class='ocrx_word' id='word_1_653' title='bbox 2626 3943 2874 4001; x_wconf 87' lang='lat' dir='ltr'><strong>Salvator</strong></span> <span class='ocrx_word' id='word_1_654' title='bbox 2922 3946 3030 4015; x_wconf 86' lang='lat' dir='ltr'><strong>ipse</strong></span> <span class='ocrx_word' id='word_1_655' title='bbox 3076 3956 3123 4000; x_wconf 89' lang='lat' dir='ltr'><strong>et</strong></span> <span class='ocrx_word' id='word_1_656' title='bbox 3170 3953 3382 4000; x_wconf 88' lang='lat' dir='ltr'><strong>sanctus</strong></span> <span class='ocrx_word' id='word_1_657' title='bbox 3428 3946 3545 4011; x_wconf 83' lang='lat' dir='ltr'><strong>eius</strong></span> 
     </span>
    </p>
   </div>
   <div class='ocr_carea' id='block_1_84' title="bbox 1992 4032 3545 4105">
    <p class='ocr_par' dir='ltr' id='par_1_84' title="bbox 1992 4032 3545 4105">
     <span class='ocr_line' id='line_1_84' title="bbox 1992 4032 3545 4105; baseline 0.001 -17"><span class='ocrx_word' id='word_1_658' title='bbox 1992 4034 2218 4103; x_wconf 85' lang='lat' dir='ltr'><strong>Spiritus</strong></span> <span class='ocrx_word' id='word_1_659' title='bbox 2237 4050 2302 4089; x_wconf 82' lang='lat' dir='ltr'><strong>ea:</strong></span> <span class='ocrx_word' id='word_1_660' title='bbox 2329 4032 2510 4089; x_wconf 89' lang='lat' dir='ltr'><strong>Patre.</strong></span> <span class='ocrx_word' id='word_1_661' title='bbox 2535 4033 2773 4089; x_wconf 86' lang='lat' dir='ltr'><strong>Immane</strong></span> <span class='ocrx_word' id='word_1_662' title='bbox 2798 4045 3055 4105; x_wconf 88' lang='lat' dir='ltr'><strong>quantum</strong></span> <span class='ocrx_word' id='word_1_663' title='bbox 3080 4037 3193 4091; x_wconf 71' lang='lat' dir='ltr'><strong>haac</strong></span> <span class='ocrx_word' id='word_1_664' title='bbox 3218 4036 3284 4091; x_wconf 86' lang='lat' dir='ltr'><strong>ab</strong></span> <span class='ocrx_word' id='word_1_665' title='bbox 3313 4036 3545 4091; x_wconf 90' lang='lat' dir='ltr'><strong>Eusebio</strong></span> 
     </span>
    </p>
   </div>
   <div class='ocr_carea' id='block_1_85' title="bbox 1992 4123 3543 4195">
    <p class='ocr_par' dir='ltr' id='par_1_85' title="bbox 1992 4123 3543 4195">
     <span class='ocr_line' id='line_1_85' title="bbox 1992 4123 3543 4195; baseline 0.001 -15"><span class='ocrx_word' id='word_1_666' title='bbox 1992 4126 2300 4194; x_wconf 87' lang='lat' dir='ltr'><strong>discrepant</strong></span> <span class='ocrx_word' id='word_1_667' title='bbox 2325 4123 2424 4195; x_wconf 91' lang='lat' dir='ltr'><strong>(a),</strong></span> <span class='ocrx_word' id='word_1_668' title='bbox 2469 4126 2563 4195; x_wconf 89' lang='lat' dir='ltr'><strong>qui</strong></span> <span class='ocrx_word' id='word_1_669' title='bbox 2610 4124 2871 4195; x_wconf 91' lang='lat' dir='ltr'><strong>Spiritum</strong></span> <span class='ocrx_word' id='word_1_670' title='bbox 2915 4134 3162 4182; x_wconf 89' lang='lat' dir='ltr'><strong>sanctum</strong></span> <span class='ocrx_word' id='word_1_671' title='bbox 3194 4141 3290 4194; x_wconf 92' lang='lat' dir='ltr'><strong>per</strong></span> <span class='ocrx_word' id='word_1_672' title='bbox 3325 4126 3543 4191; x_wconf 85' lang='lat' dir='ltr'><strong>Filium,</strong></span> 
     </span>
    </p>
   </div>
   <div class='ocr_carea' id='block_1_86' title="bbox 1991 4214 3546 4288">
    <p class='ocr_par' dir='ltr' id='par_1_86' title="bbox 1991 4214 3546 4288">
     <span class='ocr_line' id='line_1_86' title="bbox 1991 4214 3546 4288; baseline 0.003 -19"><span class='ocrx_word' id='word_1_673' title='bbox 1991 4225 2051 4269; x_wconf 91' lang='lat' dir='ltr'><strong>ut</strong></span> <span class='ocrx_word' id='word_1_674' title='bbox 2107 4227 2299 4271; x_wconf 65' lang='lat' dir='ltr'><strong>cratera</strong></span> <span class='ocrx_word' id='word_1_675' title='bbox 2348 4214 2475 4281; x_wconf 89' lang='lat' dir='ltr'><strong>alla,</strong></span> <span class='ocrx_word' id='word_1_676' title='bbox 2534 4226 2776 4272; x_wconf 87' lang='lat' dir='ltr'><strong>creatum</strong></span> <span class='ocrx_word' id='word_1_677' title='bbox 2837 4216 3001 4273; x_wconf 81' lang='lat' dir='ltr'><strong>fuisse</strong></span> <span class='ocrx_word' id='word_1_678' title='bbox 3038 4218 3311 4288; x_wconf 83' lang='lat' dir='ltr'><strong>conceptis</strong></span> <span class='ocrx_word' id='word_1_679' title='bbox 3367 4219 3546 4273; x_wconf 86' lang='lat' dir='ltr'><strong>verbis</strong></span> 
     </span>
    </p>
   </div>
   <div class='ocr_carea' id='block_1_87' title="bbox 1992 4306 2318 4375">
    <p class='ocr_par' dir='ltr' id='par_1_87' title="bbox 1992 4306 2318 4375">
     <span class='ocr_line' id='line_1_87' title="bbox 1992 4306 2318 4375; baseline 0.012 -19"><span class='ocrx_word' id='word_1_680' title='bbox 1992 4306 2318 4375; x_wconf 86' lang='lat' dir='ltr'><strong>pronuntiat.</strong></span> 
     </span>
    </p>
   </div>
   <div class='ocr_carea' id='block_1_88' title="bbox 2064 4386 3543 4467">
    <p class='ocr_par' dir='ltr' id='par_1_88' title="bbox 2064 4386 3543 4467">
     <span class='ocr_line' id='line_1_88' title="bbox 2064 4386 3543 4467; baseline 0.001 -18"><span class='ocrx_word' id='word_1_681' title='bbox 2064 4396 2322 4464; x_wconf 87' lang='lat' dir='ltr'><strong>Superest</strong></span> <span class='ocrx_word' id='word_1_682' title='bbox 2366 4396 2508 4451; x_wconf 89' lang='lat' dir='ltr'><strong>aliud</strong></span> <span class='ocrx_word' id='word_1_683' title='bbox 2562 4394 2920 4466; x_wconf 75' lang='lat' dir='ltr'><strong>fragmentum</strong></span> <span class='ocrx_word' id='word_1_684' title='bbox 2969 4386 3201 4451; x_wconf 65' lang='lat' dir='ltr'><strong>homiliae</strong></span> <span class='ocrx_word' id='word_1_685' title='bbox 3249 4397 3299 4450; x_wconf 93' lang='lat' dir='ltr'><strong>in</strong></span> <span class='ocrx_word' id='word_1_686' title='bbox 3351 4399 3543 4467; x_wconf 88' lang='lat' dir='ltr'><strong>psalm.</strong></span> 
     </span>
    </p>
   </div>
   <div class='ocr_carea' id='block_1_89' title="bbox 1990 4480 3545 4557">
    <p class='ocr_par' dir='ltr' id='par_1_89' title="bbox 1990 4480 3545 4557">
     <span class='ocr_line' id='line_1_89' title="bbox 1990 4480 3545 4557; baseline 0 -16"><span class='ocrx_word' id='word_1_687' title='bbox 1990 4502 2134 4552; x_wconf 75' lang='lat' dir='ltr'><strong>CXIV,</strong></span> <span class='ocrx_word' id='word_1_688' title='bbox 2165 4488 2232 4542; x_wconf 87' lang='lat' dir='ltr'><strong>ab</strong></span> <span class='ocrx_word' id='word_1_689' title='bbox 2265 4488 2348 4543; x_wconf 87' lang='lat' dir='ltr'><strong>his</strong></span> <span class='ocrx_word' id='word_1_690' title='bbox 2372 4489 2615 4552; x_wconf 84' lang='lat' dir='ltr'><strong>vocibus,</strong></span> <span class='ocrx_word' id='word_1_691' title='bbox 2641 4490 2669 4541; x_wconf 86' lang='grc' dir='ltr'><strong>ὁ</strong></span> <span class='ocrx_word' id='word_1_692' title='bbox 2710 4488 2911 4557; x_wconf 84' lang='grc' dir='ltr'><strong>κόσμος</strong></span> <span class='ocrx_word' id='word_1_693' title='bbox 2945 4480 3097 4551; x_wconf 73' lang='grc' dir='ltr'>οὗτος</span> <span class='ocrx_word' id='word_1_694' title='bbox 3136 4488 3295 4551; x_wconf 86' lang='grc' dir='ltr'><strong>αὑτός</strong></span> <span class='ocrx_word' id='word_1_695' title='bbox 3334 4506 3393 4541; x_wconf 82' lang='grc' dir='ltr'>τε</span> <span class='ocrx_word' id='word_1_696' title='bbox 3427 4490 3545 4541; x_wconf 76' lang='grc' dir='ltr'><strong>ἐστὶ</strong></span> 
     </span>
    </p>
   </div>
   <div class='ocr_carea' id='block_1_90' title="bbox 332 4572 3550 4655">
    <p class='ocr_par' dir='ltr' id='par_1_90' title="bbox 332 4572 3550 4655">
     <span class='ocr_line' id='line_1_90' title="bbox 332 4572 3550 4655; baseline -0.002 -20"><span class='ocrx_word' id='word_1_697' title='bbox 332 4584 637 4651; x_wconf 77' lang='lat' dir='ltr'><strong>passionem</strong></span> <span class='ocrx_word' id='word_1_698' title='bbox 668 4586 983 4655; x_wconf 83' lang='lat' dir='ltr'><strong>martyrium</strong></span> <span class='ocrx_word' id='word_1_699' title='bbox 1022 4585 1273 4655; x_wconf 89' lang='lat' dir='ltr'><strong>appellat,</strong></span> <span class='ocrx_word' id='word_1_700' title='bbox 1331 4586 1426 4639; x_wconf 90' lang='lat' dir='ltr'><strong>sed</strong></span> <span class='ocrx_word' id='word_1_701' title='bbox 1470 4586 1583 4640; x_wconf 67' lang='lat' dir='ltr'><strong>btet:</strong></span> <span class='ocrx_word' id='word_1_702' title='bbox 1618 4585 1779 4639; x_wconf 88' lang='lat' dir='ltr'><strong>verba</strong></span> <span class='ocrx_word' id='word_1_703' title='bbox 1811 4584 1887 4655; x_wconf 78' lang='lat' dir='ltr'><strong>(p.</strong></span> <span class='ocrx_word' id='word_1_704' title='bbox 1925 4572 1967 4626; x_wconf 84' lang='lat' dir='ltr'><strong>D</strong></span> <span class='ocrx_word' id='word_1_705' title='bbox 1996 4578 2209 4650; x_wconf 79' lang='grc' dir='ltr'><strong>θνητός,</strong></span> <span class='ocrx_word' id='word_1_706' title='bbox 2257 4592 2428 4649; x_wconf 89' lang='lat' dir='ltr'><strong>usque</strong></span> <span class='ocrx_word' id='word_1_707' title='bbox 2477 4578 2543 4633; x_wconf 90' lang='lat' dir='ltr'><strong>ad</strong></span> <span class='ocrx_word' id='word_1_708' title='bbox 2593 4578 2776 4632; x_wconf 87' lang='lat' dir='ltr'><strong>ﬁnem.</strong></span> <span class='ocrx_word' id='word_1_709' title='bbox 2807 4578 2918 4633; x_wconf 84' lang='lat' dir='ltr'><strong>Cur</strong></span> <span class='ocrx_word' id='word_1_710' title='bbox 2966 4587 3107 4633; x_wconf 89' lang='lat' dir='ltr'><strong>totus</strong></span> <span class='ocrx_word' id='word_1_711' title='bbox 3156 4578 3243 4633; x_wconf 91' lang='lat' dir='ltr'><strong>hic</strong></span> <span class='ocrx_word' id='word_1_712' title='bbox 3286 4580 3455 4643; x_wconf 89' lang='lat' dir='ltr'><strong>locus,</strong></span> <span class='ocrx_word' id='word_1_713' title='bbox 3490 4587 3550 4631; x_wconf 91' lang='lat' dir='ltr'><strong>ut</strong></span> 
     </span>
    </p>
   </div>
   <div class='ocr_carea' id='block_1_91' title="bbox 332 4674 1888 4748">
    <p class='ocr_par' dir='ltr' id='par_1_91' title="bbox 332 4674 1888 4748">
     <span class='ocr_line' id='line_1_91' title="bbox 332 4674 1888 4748; baseline 0.004 -24"><span class='ocrx_word' id='word_1_714' title='bbox 332 4674 458 4743; x_wconf 72' lang='grc'><strong>574)</strong></span> <span class='ocrx_word' id='word_1_715' title='bbox 487 4694 501 4729; x_wconf 89' lang='lat'>:</span> <span class='ocrx_word' id='word_1_716' title='bbox 539 4674 657 4729; x_wconf 83' lang='lat' dir='ltr'><strong>Hoc</strong></span> <span class='ocrx_word' id='word_1_717' title='bbox 682 4685 778 4739; x_wconf 88' lang='lat' dir='ltr'><strong>est,</strong></span> <span class='ocrx_word' id='word_1_718' title='bbox 814 4677 992 4730; x_wconf 87' lang='lat' dir='ltr'><strong>sitiens</strong></span> <span class='ocrx_word' id='word_1_719' title='bbox 1019 4679 1085 4729; x_wconf 87' lang='lat' dir='ltr'><strong>ad</strong></span> <span class='ocrx_word' id='word_1_720' title='bbox 1120 4679 1361 4748; x_wconf 82' lang='lat' dir='ltr'><strong>martyrii</strong></span> <span class='ocrx_word' id='word_1_721' title='bbox 1393 4680 1888 4733; x_wconf 78' lang='lat' dir='ltr'><strong>consummationem</strong></span> 
     </span>
    </p>
   </div>
   <div class='ocr_carea' id='block_1_92' title="bbox 331 4765 1340 4832">
    <p class='ocr_par' dir='ltr' id='par_1_92' title="bbox 331 4765 1340 4832">
     <span class='ocr_line' id='line_1_92' title="bbox 331 4765 1340 4832; baseline 0.006 -15"><span class='ocrx_word' id='word_1_722' title='bbox 331 4768 606 4832; x_wconf 84' lang='lat' dir='ltr'><strong>contendo,</strong></span> <span class='ocrx_word' id='word_1_723' title='bbox 638 4767 704 4820; x_wconf 90' lang='lat' dir='ltr'><strong>ad</strong></span> <span class='ocrx_word' id='word_1_724' title='bbox 734 4765 985 4820; x_wconf 81' lang='lat' dir='ltr'><strong>Davidem</strong></span> <span class='ocrx_word' id='word_1_725' title='bbox 1016 4766 1340 4824; x_wconf 82' lang='lat' dir='ltr'><strong>referuntur.</strong></span> 
     </span>
    </p>
   </div>
   <div class='ocr_carea' id='block_1_93' title="bbox 403 4854 1889 4928">
    <p class='ocr_par' dir='ltr' id='par_1_93' title="bbox 403 4854 1889 4928">
     <span class='ocr_line' id='line_1_93' title="bbox 403 4854 1889 4928; baseline -0.001 -18"><span class='ocrx_word' id='word_1_726' title='bbox 403 4854 509 4910; x_wconf 86' lang='lat' dir='ltr'><strong>Sed</strong></span> <span class='ocrx_word' id='word_1_727' title='bbox 540 4865 718 4911; x_wconf 89' lang='lat' dir='ltr'><strong>tamen</strong></span> <span class='ocrx_word' id='word_1_728' title='bbox 750 4856 890 4909; x_wconf 89' lang='lat' dir='ltr'><strong>inest</strong></span> <span class='ocrx_word' id='word_1_729' title='bbox 932 4855 1014 4910; x_wconf 91' lang='lat' dir='ltr'><strong>his</strong></span> <span class='ocrx_word' id='word_1_730' title='bbox 1054 4857 1289 4911; x_wconf 90' lang='lat' dir='ltr'><strong>homiliis</strong></span> <span class='ocrx_word' id='word_1_731' title='bbox 1321 4858 1566 4928; x_wconf 63' lang='lat' dir='ltr'><strong>quaedam</strong></span> <span class='ocrx_word' id='word_1_732' title='bbox 1597 4872 1717 4912; x_wconf 92' lang='lat' dir='ltr'><strong>cum</strong></span> <span class='ocrx_word' id='word_1_733' title='bbox 1751 4858 1889 4928; x_wconf 86' lang='lat' dir='ltr'><strong>stylo</strong></span> 
     </span>
    </p>
   </div>
   <div class='ocr_carea' id='block_1_94' title="bbox 334 4946 1885 5015">
    <p class='ocr_par' dir='ltr' id='par_1_94' title="bbox 334 4946 1885 5015">
     <span class='ocr_line' id='line_1_94' title="bbox 334 4946 1885 5015; baseline 0.003 -16"><span class='ocrx_word' id='word_1_734' title='bbox 334 4946 515 5001; x_wconf 81' lang='lat' dir='ltr'><strong>Basilii</strong></span> <span class='ocrx_word' id='word_1_735' title='bbox 548 4946 945 5011; x_wconf 85' lang='lat' dir='ltr'><strong>dissimilitudo,</strong></span> <span class='ocrx_word' id='word_1_736' title='bbox 974 4961 1092 5015; x_wconf 65' lang='lat' dir='ltr'><strong>quae</strong></span> <span class='ocrx_word' id='word_1_737' title='bbox 1133 4957 1283 5002; x_wconf 90' lang='lat' dir='ltr'><strong>certo</strong></span> <span class='ocrx_word' id='word_1_738' title='bbox 1316 4947 1434 5003; x_wconf 87' lang='lat' dir='ltr'><strong>illas</strong></span> <span class='ocrx_word' id='word_1_739' title='bbox 1459 4948 1506 5003; x_wconf 92' lang='lat' dir='ltr'><strong>ei</strong></span> <span class='ocrx_word' id='word_1_740' title='bbox 1539 4949 1754 5002; x_wconf 86' lang='lat' dir='ltr'><strong>attribui</strong></span> <span class='ocrx_word' id='word_1_741' title='bbox 1783 4965 1885 5003; x_wconf 89' lang='lat' dir='ltr'><strong>non</strong></span> 
     </span>
    </p>
   </div>
   <div class='ocr_carea' id='block_1_95' title="bbox 332 5034 1887 5105">
    <p class='ocr_par' dir='ltr' id='par_1_95' title="bbox 332 5034 1887 5105">
     <span class='ocr_line' id='line_1_95' title="bbox 332 5034 1887 5105; baseline -0.001 -16"><span class='ocrx_word' id='word_1_742' title='bbox 332 5037 476 5090; x_wconf 88' lang='lat' dir='ltr'><strong>sinit.</strong></span> <span class='ocrx_word' id='word_1_743' title='bbox 510 5034 713 5090; x_wconf 89' lang='lat' dir='ltr'><strong>Idcirco</strong></span> <span class='ocrx_word' id='word_1_744' title='bbox 740 5035 960 5091; x_wconf 87' lang='lat' dir='ltr'><strong>homilia</strong></span> <span class='ocrx_word' id='word_1_745' title='bbox 1014 5037 1068 5089; x_wconf 92' lang='lat' dir='ltr'><strong>in</strong></span> <span class='ocrx_word' id='word_1_746' title='bbox 1109 5036 1300 5105; x_wconf 89' lang='lat' dir='ltr'><strong>psalm.</strong></span> <span class='ocrx_word' id='word_1_747' title='bbox 1344 5051 1510 5091; x_wconf 76' lang='lat' dir='ltr'><strong>xxviii</strong></span> <span class='ocrx_word' id='word_1_748' title='bbox 1542 5036 1653 5091; x_wconf 81' lang='lat' dir='ltr'><strong>fere</strong></span> <span class='ocrx_word' id='word_1_749' title='bbox 1682 5038 1748 5090; x_wconf 88' lang='lat' dir='ltr'><strong>ab</strong></span> <span class='ocrx_word' id='word_1_750' title='bbox 1772 5052 1887 5091; x_wconf 81' lang='lat' dir='ltr'><strong>0m-</strong></span> 
     </span>
    </p>
   </div>
   <div class='ocr_carea' id='block_1_96' title="bbox 333 5125 1885 5195">
    <p class='ocr_par' dir='ltr' id='par_1_96' title="bbox 333 5125 1885 5195">
     <span class='ocr_line' id='line_1_96' title="bbox 333 5125 1885 5195; baseline 0.001 -18"><span class='ocrx_word' id='word_1_751' title='bbox 333 5126 490 5180; x_wconf 86' lang='lat' dir='ltr'><strong>nibus</strong></span> <span class='ocrx_word' id='word_1_752' title='bbox 518 5125 781 5195; x_wconf 89' lang='lat' dir='ltr'><strong>rejicitur.</strong></span> <span class='ocrx_word' id='word_1_753' title='bbox 811 5125 975 5179; x_wconf 85' lang='lat' dir='ltr'><strong>Dubia</strong></span> <span class='ocrx_word' id='word_1_754' title='bbox 1005 5126 1276 5180; x_wconf 91' lang='lat' dir='ltr'><strong>nonnullis</strong></span> <span class='ocrx_word' id='word_1_755' title='bbox 1299 5126 1413 5181; x_wconf 86' lang='lat' dir='ltr'><strong>visa</strong></span> <span class='ocrx_word' id='word_1_756' title='bbox 1456 5137 1539 5181; x_wconf 90' lang='lat' dir='ltr'><strong>est</strong></span> <span class='ocrx_word' id='word_1_757' title='bbox 1585 5127 1800 5181; x_wconf 90' lang='lat' dir='ltr'><strong>homilia</strong></span> <span class='ocrx_word' id='word_1_758' title='bbox 1834 5129 1885 5179; x_wconf 93' lang='lat' dir='ltr'><strong>in</strong></span> 
     </span>
    </p>
   </div>
   <div class='ocr_carea' id='block_1_97' title="bbox 332 5218 1887 5287">
    <p class='ocr_par' dir='ltr' id='par_1_97' title="bbox 332 5218 1887 5287">
     <span class='ocr_line' id='line_1_97' title="bbox 332 5218 1887 5287; baseline -0.002 -14"><span class='ocrx_word' id='word_1_759' title='bbox 332 5220 523 5287; x_wconf 87' lang='lat' dir='ltr'><strong>psalm.</strong></span> <span class='ocrx_word' id='word_1_760' title='bbox 561 5235 764 5275; x_wconf 81' lang='lat' dir='ltr'><strong>xxxvii.</strong></span> <span class='ocrx_word' id='word_1_761' title='bbox 804 5218 1070 5273; x_wconf 73' lang='lat' dir='ltr'><strong>Pranerea</strong></span> <span class='ocrx_word' id='word_1_762' title='bbox 1121 5233 1226 5272; x_wconf 91' lang='lat' dir='ltr'><strong>non</strong></span> <span class='ocrx_word' id='word_1_763' title='bbox 1264 5218 1398 5271; x_wconf 87' lang='lat' dir='ltr'><strong>levis</strong></span> <span class='ocrx_word' id='word_1_764' title='bbox 1438 5218 1691 5273; x_wconf 91' lang='lat' dir='ltr'><strong>momenti</strong></span> <span class='ocrx_word' id='word_1_765' title='bbox 1722 5218 1887 5272; x_wconf 87' lang='lat' dir='ltr'><strong>videri</strong></span> 
     </span>
    </p>
   </div>
   <div class='ocr_carea' id='block_1_98' title="bbox 330 5310 1887 5380">
    <p class='ocr_par' dir='ltr' id='par_1_98' title="bbox 330 5310 1887 5380">
     <span class='ocr_line' id='line_1_98' title="bbox 330 5310 1887 5380; baseline 0.001 -20"><span class='ocrx_word' id='word_1_766' title='bbox 330 5312 488 5365; x_wconf 84' lang='lat' dir='ltr'><strong>debet</strong></span> <span class='ocrx_word' id='word_1_767' title='bbox 518 5311 662 5380; x_wconf 89' lang='lat' dir='ltr'><strong>quod</strong></span> <span class='ocrx_word' id='word_1_768' title='bbox 690 5312 944 5365; x_wconf 81' lang='lat' dir='ltr'><strong>observat</strong></span> <span class='ocrx_word' id='word_1_769' title='bbox 962 5320 1152 5365; x_wconf 88' lang='lat' dir='ltr'><strong>auctor</strong></span> <span class='ocrx_word' id='word_1_770' title='bbox 1177 5310 1514 5365; x_wconf 61' lang='lat' dir='ltr'><strong>Prefationis</strong></span> <span class='ocrx_word' id='word_1_771' title='bbox 1552 5313 1681 5364; x_wconf 88' lang='lat' dir='ltr'><strong>tomi</strong></span> <span class='ocrx_word' id='word_1_772' title='bbox 1708 5311 1887 5380; x_wconf 90' lang='lat' dir='ltr'><strong>primi,</strong></span> 
     </span>
    </p>
   </div>
   <div class='ocr_carea' id='block_1_99' title="bbox 330 5401 1887 5471">
    <p class='ocr_par' dir='ltr' id='par_1_99' title="bbox 330 5401 1887 5471">
     <span class='ocr_line' id='line_1_99' title="bbox 330 5401 1887 5471; baseline -0.003 -14"><span class='ocrx_word' id='word_1_773' title='bbox 330 5405 468 5457; x_wconf 85' lang='lat' dir='ltr'><strong>hanc</strong></span> <span class='ocrx_word' id='word_1_774' title='bbox 505 5405 557 5456; x_wconf 91' lang='lat' dir='ltr'><strong>in</strong></span> <span class='ocrx_word' id='word_1_775' title='bbox 587 5403 849 5471; x_wconf 89' lang='lat' dir='ltr'><strong>psalmum</strong></span> <span class='ocrx_word' id='word_1_776' title='bbox 877 5418 1063 5458; x_wconf 76' lang='lat' dir='ltr'><strong>xxxv&quot;</strong></span> <span class='ocrx_word' id='word_1_777' title='bbox 1091 5402 1363 5456; x_wconf 89' lang='lat' dir='ltr'><strong>homiliam</strong></span> <span class='ocrx_word' id='word_1_778' title='bbox 1391 5417 1457 5457; x_wconf 86' lang='lat' dir='ltr'><strong>ex</strong></span> <span class='ocrx_word' id='word_1_779' title='bbox 1487 5402 1649 5455; x_wconf 83' lang='lat' dir='ltr'><strong>variis</strong></span> <span class='ocrx_word' id='word_1_780' title='bbox 1675 5401 1887 5455; x_wconf 76' lang='lat' dir='ltr'><strong>Eusebii</strong></span> 
     </span>
    </p>
   </div>
   <div class='ocr_carea' id='block_1_100' title="bbox 329 5492 1888 5565">
    <p class='ocr_par' dir='ltr' id='par_1_100' title="bbox 329 5492 1888 5565">
     <span class='ocr_line' id='line_1_100' title="bbox 329 5492 1888 5565; baseline -0.002 -17"><span class='ocrx_word' id='word_1_781' title='bbox 329 5497 462 5551; x_wconf 85' lang='lat' dir='ltr'><strong>locis</strong></span> <span class='ocrx_word' id='word_1_782' title='bbox 491 5496 557 5549; x_wconf 87' lang='lat' dir='ltr'><strong>ad</strong></span> <span class='ocrx_word' id='word_1_783' title='bbox 600 5496 821 5549; x_wconf 86' lang='lat' dir='ltr'><strong>verbum</strong></span> <span class='ocrx_word' id='word_1_784' title='bbox 869 5498 1141 5565; x_wconf 69' lang='lat' dir='ltr'><strong>excerptis</strong></span> <span class='ocrx_word' id='word_1_785' title='bbox 1190 5504 1556 5549; x_wconf 89' lang='lat' dir='ltr'><strong>constructam</strong></span> <span class='ocrx_word' id='word_1_786' title='bbox 1606 5508 1744 5549; x_wconf 86' lang='lat' dir='ltr'><strong>esse.</strong></span> <span class='ocrx_word' id='word_1_787' title='bbox 1775 5492 1888 5546; x_wconf 85' lang='lat' dir='ltr'><strong>Non</strong></span> 
     </span>
    </p>
   </div>
   <div class='ocr_carea' id='block_1_101' title="bbox 326 5586 1889 5658">
    <p class='ocr_par' dir='ltr' id='par_1_101' title="bbox 326 5586 1889 5658">
     <span class='ocr_line' id='line_1_101' title="bbox 326 5586 1889 5658; baseline -0.003 -14"><span class='ocrx_word' id='word_1_788' title='bbox 326 5591 467 5645; x_wconf 90' lang='lat' dir='ltr'><strong>enim</strong></span> <span class='ocrx_word' id='word_1_789' title='bbox 499 5586 777 5658; x_wconf 87' lang='lat' dir='ltr'><strong>probabile</strong></span> <span class='ocrx_word' id='word_1_790' title='bbox 805 5598 885 5643; x_wconf 90' lang='lat' dir='ltr'><strong>est</strong></span> <span class='ocrx_word' id='word_1_791' title='bbox 914 5587 970 5642; x_wconf 92' lang='lat' dir='ltr'><strong>S.</strong></span> <span class='ocrx_word' id='word_1_792' title='bbox 998 5589 1277 5651; x_wconf 76' lang='lat' dir='ltr'><strong>Basiliam,</strong></span> <span class='ocrx_word' id='word_1_793' title='bbox 1307 5590 1431 5642; x_wconf 92' lang='lat' dir='ltr'><strong>dum</strong></span> <span class='ocrx_word' id='word_1_794' title='bbox 1456 5587 1889 5652; x_wconf 90' lang='lat' dir='ltr'><strong>concionaretur,</strong></span> 
     </span>
    </p>
   </div>
   <div class='ocr_carea' id='block_1_102' title="bbox 394 5772 1088 5845">
    <p class='ocr_par' dir='ltr' id='par_1_102' title="bbox 394 5772 1088 5845">
     <span class='ocr_line' id='line_1_102' title="bbox 394 5772 1088 5845; baseline -0.001 -19"><span class='ocrx_word' id='word_1_795' title='bbox 394 5772 470 5845; x_wconf 89' lang='lat' dir='ltr'><strong>(a)</strong></span> <span class='ocrx_word' id='word_1_796' title='bbox 506 5790 524 5829; x_wconf 91' lang='grc' dir='ltr'>ι</span> <span class='ocrx_word' id='word_1_797' title='bbox 559 5774 633 5827; x_wconf 88' lang='lat' dir='ltr'><strong>De</strong></span> <span class='ocrx_word' id='word_1_798' title='bbox 668 5772 847 5836; x_wconf 84' lang='lat' dir='ltr'><strong>theol.,</strong></span> <span class='ocrx_word' id='word_1_799' title='bbox 880 5788 998 5842; x_wconf 86' lang='lat' dir='ltr'><strong>cap.</strong></span> <span class='ocrx_word' id='word_1_800' title='bbox 1036 5772 1088 5827; x_wconf 92' lang='lat'><strong>8.</strong></span> 
     </span>
    </p>
   </div>
   <div class='ocr_carea' id='block_1_103' title="bbox 571 5862 1290 5928">
    <p class='ocr_par' dir='ltr' id='par_1_103' title="bbox 571 5862 1290 5928">
     <span class='ocr_line' id='line_1_103' title="bbox 571 5862 1290 5928; baseline -0.003 -4"><span class='ocrx_word' id='word_1_801' title='bbox 571 5863 847 5928; x_wconf 62' lang='lat' dir='ltr'><strong>Pax-non.</strong></span> <span class='ocrx_word' id='word_1_802' title='bbox 888 5865 1003 5928; x_wconf 75' lang='lat' dir='ltr'><strong>Gn.</strong></span> <span class='ocrx_word' id='word_1_803' title='bbox 1053 5862 1290 5924; x_wconf 78' lang='lat' dir='ltr'><strong>XXIX.</strong></span> 
     </span>
    </p>
   </div>
   <div class='ocr_carea' id='block_1_104' title="bbox 1990 4666 3549 4738">
    <p class='ocr_par' dir='ltr' id='par_1_104' title="bbox 1990 4666 3549 4738">
     <span class='ocr_line' id='line_1_104' title="bbox 1990 4666 3549 4738; baseline -0.001 -17"><span class='ocrx_word' id='word_1_804' title='bbox 1990 4668 2146 4737; x_wconf 87' lang='lat' dir='ltr'><strong>plane</strong></span> <span class='ocrx_word' id='word_1_805' title='bbox 2158 4668 2372 4738; x_wconf 87' lang='lat' dir='ltr'><strong>spurius</strong></span> <span class='ocrx_word' id='word_1_806' title='bbox 2396 4677 2451 4723; x_wconf 89' lang='lat' dir='ltr'><strong>et</strong></span> <span class='ocrx_word' id='word_1_807' title='bbox 2476 4682 2540 4721; x_wconf 88' lang='lat' dir='ltr'><strong>ex</strong></span> <span class='ocrx_word' id='word_1_808' title='bbox 2566 4667 2798 4723; x_wconf 89' lang='lat' dir='ltr'><strong>Eusebio</strong></span> <span class='ocrx_word' id='word_1_809' title='bbox 2830 4676 3075 4736; x_wconf 90' lang='lat' dir='ltr'><strong>sumptus</strong></span> <span class='ocrx_word' id='word_1_810' title='bbox 3103 4666 3393 4735; x_wconf 89' lang='lat' dir='ltr'><strong>rejiciatur,</strong></span> <span class='ocrx_word' id='word_1_811' title='bbox 3411 4667 3549 4720; x_wconf 90' lang='lat' dir='ltr'><strong>mul-</strong></span> 
     </span>
    </p>
   </div>
   <div class='ocr_carea' id='block_1_105' title="bbox 1996 4758 3549 4829">
    <p class='ocr_par' dir='ltr' id='par_1_105' title="bbox 1996 4758 3549 4829">
     <span class='ocr_line' id='line_1_105' title="bbox 1996 4758 3549 4829; baseline -0.003 -14"><span class='ocrx_word' id='word_1_812' title='bbox 1996 4774 2064 4815; x_wconf 75' lang='lat' dir='ltr'><strong>ta:</strong></span> <span class='ocrx_word' id='word_1_813' title='bbox 2102 4760 2396 4816; x_wconf 82' lang='lat' dir='ltr'><strong>all&#39;eruntur</strong></span> <span class='ocrx_word' id='word_1_814' title='bbox 2440 4761 2677 4816; x_wconf 88' lang='lat' dir='ltr'><strong>rationes</strong></span> <span class='ocrx_word' id='word_1_815' title='bbox 2722 4761 2776 4815; x_wconf 93' lang='lat' dir='ltr'><strong>in</strong></span> <span class='ocrx_word' id='word_1_816' title='bbox 2832 4759 3157 4815; x_wconf 70' lang='lat' dir='ltr'><strong>Przefatione</strong></span> <span class='ocrx_word' id='word_1_817' title='bbox 3194 4758 3290 4829; x_wconf 76' lang='grc' dir='ltr'><strong>(ὸ),</strong></span> <span class='ocrx_word' id='word_1_818' title='bbox 3322 4774 3549 4826; x_wconf 88' lang='lat' dir='ltr'><strong>quarum</strong></span> 
     </span>
    </p>
   </div>
   <div class='ocr_carea' id='block_1_106' title="bbox 1992 4851 3549 4922">
    <p class='ocr_par' dir='ltr' id='par_1_106' title="bbox 1992 4851 3549 4922">
     <span class='ocr_line' id='line_1_106' title="bbox 1992 4851 3549 4922; baseline -0.002 -16"><span class='ocrx_word' id='word_1_819' title='bbox 1992 4852 2257 4907; x_wconf 69' lang='lat' dir='ltr'><strong>nonnullae</strong></span> <span class='ocrx_word' id='word_1_820' title='bbox 2290 4852 2491 4921; x_wconf 89' lang='lat' dir='ltr'><strong>aliquid</strong></span> <span class='ocrx_word' id='word_1_821' title='bbox 2524 4852 2848 4922; x_wconf 80' lang='lat' dir='ltr'><strong>suSpicionis</strong></span> <span class='ocrx_word' id='word_1_822' title='bbox 2872 4862 2925 4906; x_wconf 92' lang='lat' dir='ltr'><strong>et</strong></span> <span class='ocrx_word' id='word_1_823' title='bbox 2948 4851 3301 4905; x_wconf 90' lang='lat' dir='ltr'><strong>dubitationis</strong></span> <span class='ocrx_word' id='word_1_824' title='bbox 3328 4852 3380 4903; x_wconf 92' lang='lat' dir='ltr'><strong>in</strong></span> <span class='ocrx_word' id='word_1_825' title='bbox 3408 4852 3549 4904; x_wconf 87' lang='lat' dir='ltr'><strong>hunc</strong></span> 
     </span>
    </p>
   </div>
   <div class='ocr_carea' id='block_1_107' title="bbox 1989 4943 3549 5014">
    <p class='ocr_par' dir='ltr' id='par_1_107' title="bbox 1989 4943 3549 5014">
     <span class='ocr_line' id='line_1_107' title="bbox 1989 4943 3549 5014; baseline -0.001 -17"><span class='ocrx_word' id='word_1_826' title='bbox 1989 4944 2166 4998; x_wconf 90' lang='lat' dir='ltr'><strong>locum</strong></span> <span class='ocrx_word' id='word_1_827' title='bbox 2200 4944 2466 5012; x_wconf 86' lang='lat' dir='ltr'><strong>conjicere</strong></span> <span class='ocrx_word' id='word_1_828' title='bbox 2521 4944 2750 5014; x_wconf 89' lang='lat' dir='ltr'><strong>possint,</strong></span> <span class='ocrx_word' id='word_1_829' title='bbox 2796 4944 2892 4998; x_wconf 89' lang='lat' dir='ltr'><strong>sed</strong></span> <span class='ocrx_word' id='word_1_830' title='bbox 2939 4943 3136 4997; x_wconf 91' lang='lat' dir='ltr'><strong>nullius</strong></span> <span class='ocrx_word' id='word_1_831' title='bbox 3190 4957 3410 5011; x_wconf 88' lang='lat' dir='ltr'><strong>prorsus</strong></span> <span class='ocrx_word' id='word_1_832' title='bbox 3439 4958 3549 4996; x_wconf 92' lang='lat' dir='ltr'><strong>mo-</strong></span> 
     </span>
    </p>
   </div>
   <div class='ocr_carea' id='block_1_108' title="bbox 1994 5030 3551 5102">
    <p class='ocr_par' dir='ltr' id='par_1_108' title="bbox 1994 5030 3551 5102">
     <span class='ocr_line' id='line_1_108' title="bbox 1994 5030 3551 5102; baseline -0.002 -15"><span class='ocrx_word' id='word_1_833' title='bbox 1994 5033 2159 5087; x_wconf 89' lang='lat' dir='ltr'><strong>menti</strong></span> <span class='ocrx_word' id='word_1_834' title='bbox 2198 5048 2317 5102; x_wconf 68' lang='lat' dir='ltr'><strong>quaa</strong></span> <span class='ocrx_word' id='word_1_835' title='bbox 2349 5035 2590 5088; x_wconf 87' lang='lat' dir='ltr'><strong>secundo</strong></span> <span class='ocrx_word' id='word_1_836' title='bbox 2640 5032 2760 5087; x_wconf 86' lang='lat' dir='ltr'><strong>loco</strong></span> <span class='ocrx_word' id='word_1_837' title='bbox 2807 5032 3046 5101; x_wconf 91' lang='lat' dir='ltr'><strong>ponitur.</strong></span> <span class='ocrx_word' id='word_1_838' title='bbox 3094 5030 3379 5101; x_wconf 87' lang='lat' dir='ltr'><strong>Postquam</strong></span> <span class='ocrx_word' id='word_1_839' title='bbox 3423 5036 3551 5086; x_wconf 87' lang='lat' dir='ltr'><strong>scri-</strong></span> 
     </span>
    </p>
   </div>
   <div class='ocr_carea' id='block_1_109' title="bbox 1989 5124 3551 5196">
    <p class='ocr_par' dir='ltr' id='par_1_109' title="bbox 1989 5124 3551 5196">
     <span class='ocr_line' id='line_1_109' title="bbox 1989 5124 3551 5196; baseline 0 -18"><span class='ocrx_word' id='word_1_840' title='bbox 1989 5138 2125 5194; x_wconf 89' lang='lat' dir='ltr'><strong>ptor,</strong></span> <span class='ocrx_word' id='word_1_841' title='bbox 2161 5126 2332 5196; x_wconf 91' lang='lat' dir='ltr'><strong>inquit</strong></span> <span class='ocrx_word' id='word_1_842' title='bbox 2354 5136 2544 5182; x_wconf 87' lang='lat' dir='ltr'><strong>auctor</strong></span> <span class='ocrx_word' id='word_1_843' title='bbox 2573 5124 2932 5190; x_wconf 70' lang='lat' dir='ltr'><strong>Prazl‘ationis,</strong></span> <span class='ocrx_word' id='word_1_844' title='bbox 2956 5142 3154 5179; x_wconf 89' lang='lat' dir='ltr'><strong>omnem</strong></span> <span class='ocrx_word' id='word_1_845' title='bbox 3184 5126 3448 5179; x_wconf 88' lang='lat' dir='ltr'><strong>hominum</strong></span> <span class='ocrx_word' id='word_1_846' title='bbox 3473 5128 3551 5180; x_wconf 77' lang='lat' dir='ltr'><strong>vi—</strong></span> 
     </span>
    </p>
   </div>
   <div class='ocr_carea' id='block_1_110' title="bbox 1989 5216 3550 5283">
    <p class='ocr_par' dir='ltr' id='par_1_110' title="bbox 1989 5216 3550 5283">
     <span class='ocr_line' id='line_1_110' title="bbox 1989 5216 3550 5283; baseline -0.001 -15"><span class='ocrx_word' id='word_1_847' title='bbox 1989 5227 2095 5269; x_wconf 88' lang='lat' dir='ltr'><strong>tam</strong></span> <span class='ocrx_word' id='word_1_848' title='bbox 2129 5216 2293 5271; x_wconf 89' lang='lat' dir='ltr'><strong>tribus</strong></span> <span class='ocrx_word' id='word_1_849' title='bbox 2329 5233 2583 5271; x_wconf 89' lang='lat' dir='ltr'><strong>annorum</strong></span> <span class='ocrx_word' id='word_1_850' title='bbox 2632 5216 3039 5270; x_wconf 87' lang='lat' dir='ltr'><strong>hebdomadibus</strong></span> <span class='ocrx_word' id='word_1_851' title='bbox 3074 5216 3326 5283; x_wconf 79' lang='lat' dir='ltr'><strong>deﬁnivit,</strong></span> <span class='ocrx_word' id='word_1_852' title='bbox 3358 5217 3550 5269; x_wconf 77' lang='lat' dir='ltr'><strong>nihilo-</strong></span> 
     </span>
    </p>
   </div>
   <div class='ocr_carea' id='block_1_111' title="bbox 1994 5307 3550 5377">
    <p class='ocr_par' dir='ltr' id='par_1_111' title="bbox 1994 5307 3550 5377">
     <span class='ocr_line' id='line_1_111' title="bbox 1994 5307 3550 5377; baseline -0.002 -17"><span class='ocrx_word' id='word_1_853' title='bbox 1994 5310 2186 5375; x_wconf 85' lang='lat' dir='ltr'><strong>minus,</strong></span> <span class='ocrx_word' id='word_1_854' title='bbox 2217 5324 2389 5362; x_wconf 86' lang='lat' dir='ltr'><strong>secum</strong></span> <span class='ocrx_word' id='word_1_855' title='bbox 2434 5308 2542 5377; x_wconf 84' lang='lat' dir='ltr'><strong>ipse</strong></span> <span class='ocrx_word' id='word_1_856' title='bbox 2572 5324 2675 5361; x_wconf 87' lang='lat' dir='ltr'><strong>non</strong></span> <span class='ocrx_word' id='word_1_857' title='bbox 2730 5308 3074 5370; x_wconf 85' lang='lat' dir='ltr'><strong>consentiens,</strong></span> <span class='ocrx_word' id='word_1_858' title='bbox 3126 5308 3300 5360; x_wconf 88' lang='lat' dir='ltr'><strong>eodem</strong></span> <span class='ocrx_word' id='word_1_859' title='bbox 3346 5307 3399 5357; x_wconf 91' lang='lat' dir='ltr'><strong>in</strong></span> <span class='ocrx_word' id='word_1_860' title='bbox 3437 5307 3550 5358; x_wconf 87' lang='lat' dir='ltr'><strong>loco</strong></span> 
     </span>
    </p>
   </div>
   <div class='ocr_carea' id='block_1_112' title="bbox 1992 5396 3552 5467">
    <p class='ocr_par' dir='ltr' id='par_1_112' title="bbox 1992 5396 3552 5467">
     <span class='ocr_line' id='line_1_112' title="bbox 1992 5396 3552 5467; baseline -0.003 -17"><span class='ocrx_word' id='word_1_861' title='bbox 1992 5399 2217 5467; x_wconf 82' lang='lat' dir='ltr'><strong>quinque</strong></span> <span class='ocrx_word' id='word_1_862' title='bbox 2245 5407 2489 5460; x_wconf 87' lang='lat' dir='ltr'><strong>recenset,</strong></span> <span class='ocrx_word' id='word_1_863' title='bbox 2524 5407 2723 5467; x_wconf 84' lang='lat' dir='ltr'><strong>tempus</strong></span> <span class='ocrx_word' id='word_1_864' title='bbox 2748 5398 3073 5462; x_wconf 87' lang='lat' dir='ltr'><strong>dentitionis,</strong></span> <span class='ocrx_word' id='word_1_865' title='bbox 3105 5396 3552 5448; x_wconf 85' lang='lat' dir='ltr'><strong>accommodatam</strong></span> 
     </span>
    </p>
   </div>
   <div class='ocr_carea' id='block_1_113' title="bbox 1999 5486 3551 5557">
    <p class='ocr_par' dir='ltr' id='par_1_113' title="bbox 1999 5486 3551 5557">
     <span class='ocr_line' id='line_1_113' title="bbox 1999 5486 3551 5557; baseline -0.001 -16"><span class='ocrx_word' id='word_1_866' title='bbox 1999 5491 2065 5541; x_wconf 90' lang='lat' dir='ltr'><strong>ad</strong></span> <span class='ocrx_word' id='word_1_867' title='bbox 2088 5490 2391 5557; x_wconf 83' lang='lat' dir='ltr'><strong>disciplinas</strong></span> <span class='ocrx_word' id='word_1_868' title='bbox 2446 5490 2747 5543; x_wconf 86' lang='lat' dir='ltr'><strong>ediscendas</strong></span> <span class='ocrx_word' id='word_1_869' title='bbox 2795 5499 3018 5554; x_wconf 68' lang='lat' dir='ltr'><strong>aetatem,</strong></span> <span class='ocrx_word' id='word_1_870' title='bbox 3074 5503 3237 5540; x_wconf 89' lang='lat' dir='ltr'><strong>annos</strong></span> <span class='ocrx_word' id='word_1_871' title='bbox 3291 5486 3551 5556; x_wconf 85' lang='lat' dir='ltr'><strong>ephebios,</strong></span> 
     </span>
    </p>
   </div>
   <div class='ocr_carea' id='block_1_114' title="bbox 1998 5578 3554 5645">
    <p class='ocr_par' dir='ltr' id='par_1_114' title="bbox 1998 5578 3554 5645">
     <span class='ocr_line' id='line_1_114' title="bbox 1998 5578 3554 5645; baseline -0.002 -11"><span class='ocrx_word' id='word_1_872' title='bbox 1998 5592 2192 5634; x_wconf 88' lang='lat' dir='ltr'><strong>statum</strong></span> <span class='ocrx_word' id='word_1_873' title='bbox 2225 5580 2443 5645; x_wconf 81' lang='lat' dir='ltr'><strong>virilem,</strong></span> <span class='ocrx_word' id='word_1_874' title='bbox 2467 5591 2797 5637; x_wconf 88' lang='lat' dir='ltr'><strong>senectutem.</strong></span> <span class='ocrx_word' id='word_1_875' title='bbox 2840 5581 2958 5637; x_wconf 91' lang='lat' dir='ltr'><strong>Non</strong></span> <span class='ocrx_word' id='word_1_876' title='bbox 3006 5590 3168 5635; x_wconf 75' lang='lat' dir='ltr'><strong>totum</strong></span> <span class='ocrx_word' id='word_1_877' title='bbox 3211 5579 3443 5635; x_wconf 86' lang='lat' dir='ltr'><strong>hominis</strong></span> <span class='ocrx_word' id='word_1_878' title='bbox 3470 5578 3554 5632; x_wconf 78' lang='lat' dir='ltr'><strong>vi-</strong></span> 
     </span>
    </p>
   </div>
   <div class='ocr_carea' id='block_1_115' title="bbox 2069 5760 2597 5834">
    <p class='ocr_par' dir='ltr' id='par_1_115' title="bbox 2069 5760 2597 5834">
     <span class='ocr_line' id='line_1_115' title="bbox 2069 5760 2597 5834; baseline 0.002 -20"><span class='ocrx_word' id='word_1_879' title='bbox 2069 5760 2141 5831; x_wconf 90' lang='lat' dir='ltr'><strong>(b)</strong></span> <span class='ocrx_word' id='word_1_880' title='bbox 2181 5760 2246 5816; x_wconf 87' lang='lat' dir='ltr'><strong>N.</strong></span> <span class='ocrx_word' id='word_1_881' title='bbox 2286 5762 2376 5829; x_wconf 78' lang='lat'><strong>57,</strong></span> <span class='ocrx_word' id='word_1_882' title='bbox 2414 5779 2469 5834; x_wconf 77' lang='grc' dir='ltr'><strong>ρ.</strong></span> <span class='ocrx_word' id='word_1_883' title='bbox 2506 5763 2597 5817; x_wconf 74' lang='lat'><strong>53.</strong></span> 
     </span>
    </p>
   </div>
  </div>
