4040 6216
468 313 659 392 tcm‘

1841 303 2367 362 HiULhGUMENA.

486 435 597 485 tam
626 419 857 491 scriptor
892 415 981 473 ille
1009 414 1177 472 tribus
1201 427 1464 470 annorum
1488 413 1909 471 hebdomadibus
1946 418 2037 472 de-
2064 423 2112 481 Α
2139 436 2263 476 num
2315 419 2649 478 eruditorum
2691 388 2989 479 auctoritas
3027 422 3180 494 parvi
3220 423 3479 479 momenti
3531 423 3706 483 videri

484 517 623 581 ﬁnit,
653 512 746 570 sed
779 521 985 579 tempus
1031 507 1173 563 intra
1206 507 1347 573 quod
1387 506 1632 563 homines
1674 522 1921 565 crescere
1950 525 2037 565 so-

480 607 613 664 lent.
643 601 847 659 Similis
876 598 1143 656 sententia
1177 598 1442 667 reperitur
1471 596 1682 652 irrorat.
1713 597 1740 650 1
1770 598 1834 653 de
1862 598 2036 655 homi-

480 700 567 754 nis
598 701 890 755 structura,
929 705 986 744 n.
1015 688 1080 742 l7
1106 697 1161 744 et
1186 685 1273 742 18.

549 782 803 842 Pluribus
834 781 1015 836 Basilii
1047 780 1100 834 in
1126 779 1364 849 psalmos
1401 780 1636 836 homiliis
1666 780 1823 836 nulla:
1851 783 2037 838 insunt

477 885 639 940 noue,
668 889 735 929 ex
759 873 954 942 quibus
979 876 1352 940 pronuntiatas
1378 871 1549 926 fuisse
1565 886 1876 941 cognoscas.
1898 872 2033 928 Nam

476 965 885 1040 gloriﬁcatione,
940 978 1060 1033 quae
1107 962 1411 1034 huiusmodi
1468 965 1743 1019 orationes
1786 966 2034 1021 claudere

474 1060 630 1123 solet,
664 1065 852 1113 carent
913 1055 1145 1110 homilia:
1185 1056 1237 1109 in
1297 1057 1490 1124 psalm.
1542 1072 1635 1122 vn,
1680 1073 1829 1123 xxxx,
1856 1074 2029 1127 xxxu,

471 1166 669 1214 xxxnt,
700 1164 908 1214 xxsvn,
936 1163 1082 1213 xmv,
1113 1164 1235 1215 xcv,
1266 1164 1456 1206 xum.
1489 1148 1593 1204 Sed
1630 1164 1753 1204 cum
1801 1151 2031 1208 Basilius

471 1245 618 1302 dicat
643 1243 718 1315 (a)
747 1244 799 1296 in
835 1241 1051 1296 homilia
1084 1240 1137 1294 in
1183 1240 1373 1310 psalm.
1420 1256 1550 1296 nix
1583 1259 1596 1295 :
1630 1240 1766 1306 Quot
1802 1243 2030 1310 fornica-

470 1346 626 1400 tores,
659 1342 782 1407 quot
817 1335 958 1403 fures
989 1334 1073 1387 hic
1107 1335 1289 1389 stant?
1326 1342 1382 1389 et.
1417 1333 1470 1387 in
1494 1334 1710 1388 homilia
1754 1334 1804 1389 in
1833 1335 2027 1404 psalm.

469 1445 642 1485 xxxm
674 1447 688 1482 :
719 1427 906 1481 Audite
936 1442 1042 1491 vos,
1070 1425 1159 1496 qui
1186 1441 1340 1479 aures
1361 1426 1532 1479 cordis
1570 1424 1768 1479 habetis
1797 1437 2027 1494 apertas,

468 1519 639 1591 liquet
671 1519 770 1573 has
797 1519 931 1573 duas
968 1517 1240 1584 homilias,
1271 1517 1373 1572 etsi
1413 1516 1464 1571 in
1518 1517 1621 1572 line
1675 1517 2024 1588 gloriﬁcatio-

470 1628 589 1668 nem
634 1626 739 1667 non
786 1611 1004 1674 habent,
1055 1608 1430 1678 pronuntiatas
1475 1618 1651 1664 tamen
1695 1609 1747 1663 in
1791 1610 2023 1668 ecclesia

467 1703 663 1769 fuisse;
701 1717 802 1759 nec
826 1703 978 1758 video
1001 1717 1099 1757 cur
1122 1701 1260 1755 idem
1288 1701 1353 1756 de
1376 1700 1498 1757 aliis
1519 1701 1909 1773 gloriﬁcatione
1931 1717 2023 1758 ca-

465 1797 709 1855 rentibus
733 1795 989 1867 judicium
1020 1808 1125 1849 non
1161 1792 1387 1849 feratur.

1019 1961 1023 1971 ι
1040 1906 1266 1963 CAPUT
1302 1907 1462 1962 XLII.

460 2001 503 2058 l.
544 2001 990 2058 Commentarium
1047 2000 1104 2053 in
1162 1996 1362 2053 Isaiam
1411 1999 1713 2069 prophetam
1774 2004 2021 2069 perpauci

509 2070 732 2129 'Basitio
778 2087 882 2125 non
936 2070 1307 2123 attribuerunt.
1361 2067 1421 2123 ll.
1468 2067 1728 2137 Scriptum
1766 2067 2018 2135 ltocopus

530 2143 673 2223 intr?
697 2140 1108 2223 _illudi_temp.us
1142 2154 1260 2223 [quo
1307 2138 1848 2223 Basilius'presbul'er
1878 2140 2014 2223 fuit.

528 2212 797 2279 Scriptum
825 2212 982 2263 etiam
1011 2205 1089 2280 'in
1138 2205 1486 2280 Cappadocia.
1528 2207 1613 2280 Ill.
1645 2205 2018 2280 Basiliihinge-

525 2276 670 2336 nium
705 2288 753 2333 et
774 2280 1040 2333 sententia:
1062 2278 1117 2330 in
1148 2279 1243 2331 Itoc
1268 2276 1667 2331 Commentario.
1697 2277 1784 2331 IV.
1818 2276 2017 2334 Eadem

525 2350 813 2418 Scriptum
852 2348 1254 2418 interpretandis
1282 2350 1435 2401 ratio.
1463 2348 1518 2402 V.
1545 2346 1895 2413 Comparatur
1919 2352 2015 2403 Itoc

525 2415 654 2487 opus
687 2435 806 2473 cum
839 2415 1066 2472 homiliis
1113 2420 1176 2470 de
1198 2415 1406 2486 jejunio
1452 2428 1499 2471 et
1542 2419 1595 2470 in
1638 2419 1882 2472 ebriosos.
1927 2419 2012 2472 Vl.

528 2490 815 2545 Nonnullis
844 2487 965 2543 aliis
990 2487 1253 2557 exemplis
1260 2496 1305 2540 et
1331 2488 1648 2557 argumentis
1675 2490 2016 2557 conﬁrmatur

525 2569 788 2614 auctorem
817 2552 1186 2612 Commentarii
1216 2552 1473 2610 Basiliam
1497 2573 1626 2612 esse.
1659 2552 1997 2614 VilfSolvun

525 2639 613 2683 tur
631 2628 851 2699 objecta.

523 2717 566 2775 ι.
599 2719 844 2775 Debitam
883 2718 939 2773 S.
975 2714 1174 2773 Basilio
1228 2717 1440 2772 laudem
1481 2717 1875 2773 vindicaturum
1928 2733 2014 2775 me

454 2826 630 2882 spero,
690 2811 735 2867 si
787 2810 903 2881 ejus
936 2808 1138 2866 nomini
1169 2809 1433 2887 vindicem
1475 2809 1918 2864 commentarium
1956 2809 2013 2863 in

453 2902 675 2967 Isaiam,
730 2901 825 2973 qui
866 2902 938 2967 ei,
976 2909 1034 2954 ut
1064 2914 1200 2970 opus
1227 2908 1375 2954 tanto
1416 2900 1531 2955 viro
1573 2900 2010 2969 indignissimum,

450 2992 786 3062 abjudicatus
812 3001 896 3047 est
919 2992 972 3045 in
1005 2990 1324 3046 Praelatione
1356 2991 1482 3046 tomi
1511 2990 1549 3055 1,
1588 3006 1642 3061 p.
1671 2990 1758 3045 48.
1789 2989 2011 3047 Jamdu-

449 3090 577 3143 dum
612 3087 760 3141 visus
789 3092 872 3141 est
918 3084 1017 3139 sibi
1060 3085 1314 3139 Erasmus
1350 3083 1710 3152 eloquentiam
1740 3085 1920 3139 Basilii
1958 3085 2011 3139 in

452 3178 554 3234 hoc
598 3192 761 3246 opere
812 3191 918 3230 non
959 3177 1220 3247 reperire,
1261 3175 1403 3244 quod
1443 3175 1576 3231 satis
1619 3176 1666 3229 ei
1710 3175 2011 3244 argumenti

451 3269 572 3336 fuit,
621 3278 680 3323 ut
723 3269 1013 3339 genuinum
1060 3281 1182 3323 esse
1233 3266 1396 3321 ictum
1436 3275 1677 3335 negaret.
1734 3265 2013 3336 Ascripto-

448 3372 564 3413 rem
600 3355 677 3427 (ὁ)
706 3358 807 3412 hac
829 3358 882 3412 in
913 3357 1190 3412 rehahuit
1225 3356 1495 3410 Rivetum.
1523 3355 1642 3424 Ipse
1662 3356 1822 3410 etiam
1859 3356 2014 3411 Peta-

449 3448 568 3502 vius
622 3448 798 3503 obiter
848 3448 1155 3518 pronuntiat
1206 3450 1623 3503 commentarios
1680 3447 1747 3502 ad
1791 3448 2006 3514 Isaiam,

447 3540 538 3608 qui
570 3538 770 3595 Basilio
800 3540 975 3594 solent
1009 3540 1250 3603 inscribi,
1277 3540 1418 3595 illius
1452 3554 1555 3595 non
1582 3554 1722 3603 esse,
1757 3539 1848 3594 sed
1889 3539 2011 3593 nul-

440 3632 552 3688 lam
578 3632 764 3704 judicii
792 3632 874 3688 sui
901 3633 1160 3688 rationem
1187 3635 1408 3704 profert.
1442 3634 1582 3689 lnter
1607 3631 1825 3688 Grcccos
1844 3632 2009 3687 Joan-

432 3738 544 3779 nes
596 3724 943 3796 Drungarius,
988 3725 1167 3781 saeculi
1211 3725 1508 3780 duodecimi
1560 3724 1812 3793 scriptor,
1857 3724 2011 3794 cujus

446 3817 807 3888 fragmentum
842 3825 1022 3872 exstat
1064 3820 1117 3872 in
1163 3815 1383 3870 Collect.
1436 3816 1655 3870 Patrum
1683 3815 2007 3883 ercorum,

428 3909 549 3964 Shoc
583 3923 716 3978 opus
753 3907 812 3962 S.
848 3908 1044 3962 Basilio
1081 3906 1349 3975 abjudicat
1385 3906 1530 3977 (pag.
1570 3906 1719 3977 550).
1750 3907 1841 3962 Sic
1862 3909 2009 3963 enim

443 3999 682 4068 loquitur
722 4017 735 4052 :
770 3999 882 4051 Καὶ
930 4000 1086 4052 τοῦτο
1137 3999 1194 4052 δὲ
1234 3998 1529 4069 κατάδηλον
1583 3997 1721 4052 ποιῶ
1766 4002 1879 4063 τοῖς
1924 4001 2011 4053 ὲν-

418 4090 816 4162 ,τυγχάνουσιν’
857 4089 932 4153 ὼς
960 4092 987 4143 ὀ
1021 4092 1078 4143 ὲν
1105 4089 1280 4157 ἁγίοις
1310 4089 1587 4152 Βασίλειος
1630 4090 1791 4161 μέρος
1829 4108 1881 4144 τι
1910 4090 2009 4162 τῆς

420 4184 500 4238 μὲν
517 4182 671 4254 χερσὶ
690 4181 1023 4254 προφητείας
1058 4181 1396 4252 ήρμήνευσεν
1417 4198 1429 4211 '
1461 4180 1580 4252 ἥτις
1609 4181 1870 4255 ἑρμηνεία
1899 4199 2007 4236 πα-

422 4275 511 4349 ρὰ
535 4274 747 4338 πολλοῖς
772 4273 1187 4344 ἀμφιᾰάλλεται.
1226 4272 1337 4327 Hoc
1374 4282 1548 4326 autem
1572 4273 1785 4327 lectores
1820 4272 2007 4327 admo-

440 4371 574 4423 nitos
614 4368 749 4431 volo,
798 4365 1047 4436 Magnum
1080 4364 1338 4419 Basiliam
1389 4365 1545 4436 hujus
1569 4366 1852 4436 prophetia:
1881 4379 2006 4434 par-

2142 526 2249 568 non
2279 511 2462 578 debet;
2510 514 2606 569 sed
2632 522 2809 569 tamen
2844 514 2975 570 certi
3010 514 3312 585 argumenti
3354 518 3563 583 pondus
3597 532 3705 572 non

2142 603 2366 658 obtinet.
2422 603 2599 670 Quare
2641 605 2745 661 alia
2793 606 3021 661 ineunda
3073 617 3157 661 est
3202 606 3286 661 via
3336 609 3404 662 ad
3450 609 3569 662 veri
3615 594 3725 681 ingi

2139 692 2573 764 vestigationem,
2622 709 2686 749 ac
2738 695 2789 749 in
2828 696 3016 766 primis
3065 696 3396 767 inquirenda:
3442 700 3705 769 temporis

2141 793 2298 840 noue.
3628 858 3631 859 γ

2209 874 2593 944 Antiquitatem
2633 876 2812 947 operis
2841 877 3068 947 plurima
3106 876 3365 946 probant;
3405 877 3500 933 sed
3549 877 3705 932 nobis

2140 974 2264 1019 nota
2296 965 2472 1035 aliqua
2498 980 2632 1035 opus
2658 978 2760 1032 est,
2811 982 2929 1036 qua:
2966 982 3075 1048 non
3119 967 3224 1023 late
3264 977 3464 1036 pateat,
3491 948 3564 1021 ac
3596 983 3704 1021 nun

2139 1058 2295 1114 modo
2340 1059 2590 1114 saeculum
2637 1070 2891 1130 quartum
2936 1060 3195 1131 designet,
3241 1061 3334 1116 sed
3375 1061 3539 1115 etiam
3571 1060 3704 1114 illud

2138 1150 2392 1220 temporis
2418 1152 2672 1223 spatium,
2720 1167 2827 1222 quo
2875 1152 3101 1208 Basilius
3147 1153 3201 1207 in
3234 1152 3467 1207 Ecclesia
3516 1152 3703 1207 Caesa-

2135 1241 2294 1296 riensi
2328 1243 2606 1314 presbyter
2646 1253 2738 1298 aut
2781 1245 3063 1315 episcopus
3095 1245 3218 1299 luit.
3270 1244 3325 1298 ln
3356 1244 3501 1299 hunc
3544 1259 3702 1299 usum

2133 1332 2305 1403 colligi
2334 1345 2573 1402 possunt,
2602 1349 2722 1404 quae
2750 1335 2816 1389 de
2851 1335 3130 1392 Anomoeis
3168 1335 3416 1405 leguntur
3451 1335 3702 1405 pluribus

2134 1425 2184 1479 in
2217 1427 2349 1481 locis
2383 1443 2399 1481 :
2433 1426 2570 1483 Sunt
2603 1428 2860 1492 nonnulli,
2900 1430 3071 1499 inquit
3114 1439 3301 1483 auctor
3348 1428 3705 1484 Commenta-

2133 1516 2197 1570 rii
2238 1516 2311 1588 (p.
2337 1518 2486 1591 555),
2535 1520 2627 1589 qui
2662 1536 2778 1573 cum
2823 1530 2996 1589 patres
3026 1536 3148 1573 suos
3197 1529 3243 1574 et
3278 1518 3474 1573 tradita
3519 1519 3586 1572 ab
3623 1519 3701 1572 eis

2130 1609 2375 1679 dogmata
2418 1616 2559 1684 sequi
2597 1614 2894 1685 fastidiant,
2927 1615 3025 1678 ipsi
3055 1616 3308 1668 Iutaresum
3345 1613 3563 1680 cupiunt
3595 1628 3702 1666 att-

2129 1712 2293 1757 ctores
2318 1720 2441 1758 esse.
2478 1704 2653 1770 Quare
2683 1708 2930 1758 novitates
2946 1706 3201 1773 quasdam
3230 1703 3703 1758 comminiscuntur

2125 1796 2370 1849 adversus
2403 1805 2594 1849 rectum
2625 1811 2933 1861 sermonem,
2979 1796 3238 1848 malitiam
3274 1795 3702 1864 impietatemque

2127 1888 2332 1954 scriptis
2363 1890 2636 1956 prodentes
2666 1903 2685 1942 :
2717 1889 2785 1942 ad
2823 1904 2951 1957 quos
2978 1889 3228 1957 pervenit,
3261 1903 3363 1953 vae,
3413 1888 3482 1940 ad
3514 1899 3701 1955 patres

2125 1978 2353 2033 videlicet
2377 1977 2527 2047 [alsia
2553 1988 2600 2033 et
2623 1978 2930 2033 adulterina:
2951 1980 3196 2043 scientia),
3223 1989 3269 2032 et
3294 1979 3363 2031 ad
3387 1977 3701 2047 dagmatum

2123 2070 2399 2133 impiorum
2428 2071 2723 2139 scriptores.
2758 2070 2908 2125 Tales
2945 2072 3082 2126 enim
3103 2087 3212 2136 eos,
3243 2070 3332 2139 qui
3356 2069 3482 2135 ﬁdei
3506 2069 3699 2135 inopia

2123 2159 2383 2225 laborant,
2425 2158 2701 2228 diripiunt,
2737 2173 2890 2229 atque
2917 2162 2972 2214 in
3000 2161 3207 2215 animas
3232 2176 3350 2214 vero
3382 2158 3474 2212 illo
3501 2174 3699 2227 sponso

2123 2250 2231 2306 Deo
2272 2252 2438 2308 Verbo
2481 2255 2662 2309 viduas
2691 2254 3023 2325 tyrannidem
3069 2261 3325 2307 exercent.
3387 2249 3489 2306 Sed
3547 2259 3597 2304 et
3644 2247 3699 2306 si

2119 2347 2410 2415 quempiam
2433 2346 2540 2401 Deo
2570 2349 2809 2401 orbatum
2831 2347 2893 2400 ob
2916 2355 3183 2415 peccatum
3209 2344 3449 2407 viderint,
3476 2351 3528 2396 et
3554 2344 3699 2397 hunc

2118 2438 2217 2490 sibi
2253 2438 2402 2507 quasi
2427 2438 2660 2508 prtedam
2697 2436 2959 2491 vindicant
2998 2451 3017 2489 :
3056 2436 3242 2505 quippe
3277 2434 3350 2488 eis
3380 2434 3695 2501 promittunt

2118 2529 2448 2582 securitatem
2469 2544 2692 2593 omnem,
2715 2538 2761 2581 et
2793 2527 3138 2595 voluptariam
3168 2525 3324 2578 vitam
3366 2533 3692 2590 proponunt,

2118 2620 2163 2674 si
2190 2620 2340 2674 modo
2385 2635 2470 2674 eos
2508 2619 2767 2689 dogmatis
2789 2616 3123 2672 Divinitatem
3153 2614 3573 2686 Oppugnantibus
3603 2615 3696 2666 in-

2118 2710 2351 2780 telligant
2395 2710 2655 2765 assentiri.
2691 2707 2875 2775 Qualis
2912 2724 3047 2761 nunc
3092 2706 3369 2776 pullulavit
3405 2707 3690 2759 Auamma-

2119 2819 2230 2858 rum
2248 2803 2476 2870 hatresis,
2506 2804 2597 2873 qui
2619 2801 3011 2868 scortatoribus,
3034 2800 3306 2866 adulteris,
3329 2798 3693 2853 masculorum

2118 2894 2572 2960 concubitoribus,
2630 2893 2940 2964 plagiariis,
3002 2893 3230 2961 perjuris
3297 2907 3358 2945 ac
3416 2890 3693 2944 mendaci-

2119 2986 2212 3040 bus
2261 2987 2464 3041 veniam
2504 2994 2828 3054 peccatorum
2880 2983 3213 3052 pollicentur,
3261 2983 3307 3037 si
3354 2980 3522 3035 solum
3570 2995 3691 3035 ειιιε

2118 3078 2366 3131 adversus
2402 3072 2735 3144 Unigenitum
2778 3073 3109 3143 blasphemia:
3141 3073 3309 3127 socios
3338 3070 3455 3124 illos
3486 3070 3689 3125 habue-

2039 3141 2081 3199 ϐ
2116 3167 2242 3221 rint.

2184 3259 2245 3313 ll.
2289 3257 2440 3323 illud,
2486 3258 2642 3311 ὁποία
2694 3259 2728 3329 ὴ
2764 3258 2860 3313 νῦν
2893 3256 3395 3330 παραϐλαστήσασα
3421 3256 3529 3311 τῶν
3558 3257 3691 3311 ἀνο-

2118 3350 2283 3420 μοίων
2314 3349 2543 3421 αἵρεσις,
2579 3347 2764 3413 Qualis
2805 3365 2940 3404 nunc
2996 3349 3274 3419 pullulavit
3311 3348 3688 3403 Anomceoruns

2112 3442 2343 3506 Itwresis,
2372 3456 2478 3495 non
2508 3440 2844 3495 referendum
2871 3442 3176 3497 necessario
3200 3450 3284 3496 est
3304 3441 3369 3495 ad
3397 3442 3568 3510 ipsum
3596 3456 3688 3496 ar-

2115 3533 2354 3597 ticulum,
2381 3548 2486 3603 quo
2514 3533 2750 3588 haeretici
2786 3532 2859 3587 illi
2892 3532 3156 3601 prodiere.
3201 3531 3391 3587 Statim
3419 3533 3562 3587 enim
3595 3543 3686 3586 at-

2112 3637 2217 3693 que
2248 3623 2502 3679 verticem
2545 3622 2765 3677 sustulit
2797 3636 2984 3677 eorum
3034 3621 3302 3691 impietas,
3330 3621 3685 3676 vehementer

2110 3717 2179 3770 ab
2208 3714 2275 3770 iis
2309 3714 2399 3784 qui
2434 3713 2753 3769 Semiariani
2793 3713 3062 3778 dicuntur,
3098 3712 3389 3784 oppugnati
3425 3721 3586 3779 sunt;
3621 3723 3683 3768 et

2110 3820 2231 3861 cum
2257 3806 2310 3859 in
2329 3805 2676 3861 offensionem
2710 3803 2807 3874 ipsi
2834 3803 3148 3865 Constantio
3180 3804 3472 3868 venissent,
3504 3803 3680 3871 pluri-

2115 3912 2259 3950 mum
2299 3895 2497 3963 negotii
2543 3894 2781 3950 habuere
2815 3894 2868 3948 in
2911 3890 3052 3948 illius
3092 3893 3450 3963 recolligenda
3478 3892 3680 3964 gratia,

2111 4001 2210 4042 nec
2239 3995 2449 4055 tempus
2480 3996 2600 4041 erat
2634 3985 2966 4054 impunitatis
2992 3985 3109 4039 aliis
3144 3985 3537 4054 promittendae,
3577 3983 3679 4038 sed

2109 4078 2456 4149 sibimetipsis
2485 4078 2806 4147 quaerendae.
2840 4076 3136 4131 Retraxere
3166 4075 3236 4129 illi
3266 4076 3478 4145 quidem
3510 4075 3578 4128 ad
3612 4088 3680 4130 se

2107 4180 2291 4243 postea
2319 4170 2568 4225 mobilem
2590 4184 2653 4223 ac
2685 4168 2855 4223 levem
2881 4166 3180 4223 Constantii
3211 4168 3469 4233 animum,
3506 4181 3569 4220 ac
3606 4166 3680 4223 de

2108 4263 2454 4319 Semiarianis
2491 4276 2678 4332 poenas
2716 4261 2947 4316 vicissim
2989 4268 3333 4326 sumpserunt
3380 4272 3520 4312 anno
3542 4258 3673 4312 560.

2107 4353 2212 4410 Sed
2267 4365 2444 4409 tamen
2497 4368 2616 4408 cum
2658 4354 2771 4423 ipse
2805 4352 3147 4407 Constantius
3199 4366 3305 4405 non
3358 4360 3557 4404 tantam
3590 4350 3675 4403 eis

422 4475 538 4518 smn
566 4464 959 4528 ίηεενρηεαιηηι
1003 4475 1147 4526 ωε,
1181 4474 1298 4528 qua
1329 4459 1536 4528 quidem
1584 4457 1937 4527 ξηιενρι-ειαιίο
1969 4474 2001 4511 α
2032 4477 2078 4534 D
2106 4447 2477 4501 auctoritatem
2510 4460 2575 4501 ac
2612 4444 2881 4534 licentiam
2924 4444 3119 4507 dabat,
3175 4451 3371 4534 quanta
3413 4442 3466 4495 in
3510 4441 3676 4534 allato

435 4556 613 4609 multis
652 4556 707 4608 in
747 4553 962 4607 dubium
992 4560 1280 4609 revocatur.
1306 4549 1457 4616 Quod
1493 4549 1567 4603 ait
1596 4549 1943 4627 _Drungarius
1968 4563 1998 4602 a

438 4644 617 4698 nmltis
672 4643 926 4709 dubitari,
976 4658 1043 4696 an
1082 4653 1270 4696 auCtor
1316 4641 1385 4695 sit
1428 4640 1584 4709 hujus
1622 4637 2000 4692 commentarii

428 4734 681 4801 Basilius,
714 4732 766 4787 id
803 4732 867 4788 de
893 4731 1249 4801 scriptoribus
1271 4728 1653 4784 ecclesiasticis
1691 4725 1999 4796 intelligen-

431 4827 559 4880 dum
601 4841 711 4881 non
759 4827 989 4881 videtur.
1033 4825 1178 4892 Quos
1204 4825 1346 4879 enim
1382 4823 1651 4887 novimus,
1697 4822 1750 4876 hi
1787 4835 2000 4877 summo

434 4934 699 4973 consensu
723 4927 998 4986 parentem
1022 4918 1180 4988 hujus
1200 4917 1377 4986 operis
1396 4914 1650 4969 Basilium
1674 4918 1996 4983 agnoscunt,

431 5006 697 5061 Maximus
722 5006 1015 5073 confessor,
1046 5006 1282 5062 Joannes
1324 5007 1706 5069 Damascenus,
1761 5002 1995 5074 Symeon

2109 4536 2413 4592 testimonio
2476 4535 2798 4605 perspicitur
2856 4531 3001 4606 (nam
3049 4549 3170 4587 cum
3220 4533 3393 4587 ventis
3438 4530 3677 4585 maxime

2108 4626 2360 4682 secundis
2398 4634 2696 4689 uterentur,
2746 4624 2993 4691 imposita
3041 4623 3281 4677 Eudoxio
3320 4634 3506 4677 eorum
3536 4623 3674 4685 duci

2109 4715 2280 4771 tristis
2308 4714 2599 4769 necessitas
2618 4714 2864 4769 Eunomii
2903 4714 2985 4768 sui
3009 4711 3360 4783 deponendi);
3397 4723 3508 4766 tum
3543 4726 3673 4767 vero

2106 4822 2300 4864 nomen
2321 4807 2703 4862 Anommorum
2727 4823 3004 4877 accepere,
3037 4806 3261 4860 testibus
3288 4813 3472 4859 sancto
3499 4805 3674 4859 Atha-

2103 4902 2345 4974 nasio(c)
2373 4910 2428 4957 et
2453 4901 2673 4958 Socrate
2694 4901 2795 4971 (ιι),
2821 4910 3100 4969 postquam
3131 4898 3183 4952 in
3217 4899 3444 4953 concilio
3471 4896 3668 4950 Antio-

2103 4996 2275 5051 cheno
2302 4995 2494 5048 Filium
2531 4993 2677 5048 Patri
2709 4993 3020 5047 dissimilem
3052 4990 3324 5053 dixerunt,
3357 4989 3499 5057 quod
3540 4989 3669 5056 qui-

432 5097 751 5169 Logothem,
810 5100 1077 5155 Antonius
1121 5098 1358 5163 Melissa,
1424 5097 1737 5161 Tharasius,
1809 5101 1997 5150 auctor
2093 5092 2212 5142 dem
2243 5102 2383 5141 anno
2416 5085 2514 5140 561
2553 5087 2774 5154 contigit
2800 5084 2962 5156 paulo
2999 5091 3123 5137 ante
3145 5091 3373 5136 mortem
3402 5079 3669 5135 Conslan-

433 5189 775 5248 Scholiorum
839 5190 1150 5247 Graecorum
1218 5191 1271 5244 in
1336 5186 1592 5258 epistolas
1651 5184 1993 5257 apostolicas.

433 5281 638 5337 Graecis
678 5281 931 5337 assentiri
975 5297 1082 5336 non
1103 5279 1416 5335 dubitarunt
1441 5278 1768 5333 recentiores
1800 5275 1996 5343 critici,

2096 5181 2176 5236 tii.
2215 5180 2393 5247 Quare
2425 5194 2545 5249 quae
2567 5179 2632 5233 de
2646 5177 2922 5231 Anomteis
2956 5175 3007 5229 in
3044 5175 3145 5229 hoc
3172 5172 3557 5227 commentario
3583 5172 3669 5226 di-

2095 5281 2310 5336 cuntur,
2334 5270 2614 5325 referenda
2638 5271 2702 5325 ad
2724 5284 2908 5326 eorum
2934 5269 3035 5324 sub
3059 5267 3279 5323 Valente
3303 5265 3667 5321 dominatum.

433 5373 639 5429 Natalis
660 5375 982 5437 Alexander,
1024 5370 1708 5441 Dupinus,’l‘illemontius,
1740 5377 1796 5424 et
1818 5366 1999 5424 erudi—
2095 5363 2225 5418 illud
2291 5361 2426 5427 νῦν,
2471 5370 2529 5417 ut
2587 5360 3109 5417 observavimuS'ad
3165 5357 3451 5429 epistolam
3518 5353 3666 5421 258,

434 5474 521 5520 tus
542 5464 717 5521 editor
735 5479 960 5536 cperum
989 5462 1049 5522 S.
1081 5463 1305 5520 Joannis
1332 5461 1667 5518 Damasceni.
1694 5459 1797 5516 Tot
1832 5458 2000 5514 homi-

505 5663 580 5733 (a)
618 5659 687 5733 ῃ.
715 5662 768 5727 3,
793 5676 922 5733 pag.
958 5661 1083 5714 m.

501 5723 577 5793 lbi
614 5723 771 5824 Tom.
791 5723 1066 5795 ﬂlboqm.
1091 5733 1337 5799 tlteolog.,
1375 5731 1468 5789 lib.
1499 5747 1539 5800 ι,
1577 5746 1628 5794 c.
1660 5729 1716 5800 2,
1748 5746 1803 5787 n.
1832 5731 1886 5786 4.

2096 5469 2238 5525 suape
2270 5455 2409 5509 idem
2439 5463 2608 5510 sonat.
2632 5468 2695 5509 ac
2729 5468 2920 5523 nuper,
2945 5461 2999 5509 et
3022 5451 3088 5506 de
3118 5452 3277 5507 rebus
3301 5458 3425 5504 ante
3445 5445 3666 5516 aliquod

2178 5658 2249 5728 (ε)
2288 5655 2373 5728 De
2402 5658 2586 5728 synod.
2613 5671 2665 5725 p.
2694 5653 2828 5728 .907.

2183 5726 2261 5795 (ά)
2302 5726 2512 5795 ιὶι).ἰι,
2563 5742 2613 5783 c.
2646 5727 2733 5782 45.
