4040 6216
1695 399 1850 462 VlTA
1895 407 1954 462 S.
1996 404 2264 463 BASlLll.

3385 424 3562 467 (ιιινιι

322 519 534 579 tempus
589 509 824 579 peractis
884 511 1102 568 dicitur.
1153 513 1303 569 Unde
1333 514 1561 573 Basilius
1603 521 1667 575 de
1703 523 1892 578 haeresi
1923 530 1966 586 Α
1996 524 2119 576 dum
2151 521 2367 590 scriptis
2393 523 2662 591 cognitum
2710 530 2858 575 tanta
2901 520 3256 576 similitudine
3296 523 3562 587 retuierit,

303 601 940 657 -Pneumatomacb0rum
974 605 1024 658 in
1051 605 1207 674 epist.
1240 607 1344 661 159
1377 624 1391 661 :
1421 609 1492 661 Τὸ
1515 610 1610 664 νῦν
1649 614 1899 684 παρακύ-

320 693 432 760 ψαν
475 693 628 763 παρὰ
669 693 778 746 τῶν
836 695 924 747 ἀεὶ
965 703 1302 768 καινοτομεῖν
1354 704 1770 772 ἐπιχειρούντων
1803 706 1898 775 ζή-

319 799 494 853 τημα..
531 783 688 836 Nunc
720 787 972 852 prodiens
998 790 1060 841 ab
1096 790 1385 845 hominibus
1413 810 1613 862 semper
1647 797 1763 849 novi
1800 799 1899 849 ali-

317 879 451 940 quid
482 878 728 930 inducere
754 879 1064 933 conantibus
1097 884 1335 950 qumstio.

393 968 473 1021 Ad
505 970 646 1020 idem
677 967 914 1023 Valentis
943 971 1224 1039 imperium
1255 975 1524 1042 pertinent
1543 992 1662 1046 qua:
1688 982 1755 1032 de
1779 995 1902 1033 con-

321 1060 613 1141 troversiis
662 1062 804 1115 inter
847 1065 994 1129 ipsos
1035 1066 1341 1122 Catholicos
1379 1070 1584 1123 exortis
1630 1071 1897 1140 leguntur,

319 1166 374 1216 ι).
409 1149 515 1202 5οι
549 1168 561 1201 :
598 1152 830 1220 Ὄφελον
879 1156 936 1207 δὲ
981 1158 1030 1208 οξ
1073 1158 1362 1227 αὐχοῦντες
1402 1160 1498 1230 τὴν
1543 1162 1900 1234 ἀποστολικὴν

317 1240 674 1295 διξασκαλξαν
696 1248 1077 1317 τετηρηκέναι,
1105 1250 1353 1304 καὶκατὰ
1375 1251 1619 1324 διαδοχὴν
1649 1255 1742 1307 ἀπ’
1769 1257 1902 1310 ὲκεί-

317 1348 431 1383 νων
469 1333 533 1384 τὸ
560 1337 825 1406 κήρυγμα
866 1340 960 1391 τοῦ
988 1341 1315 1408 Εὐαγγελίου
1368 1345 1778 1414 παρειληφέναι,
1813 1348 1900 1401 διὰ

317 1424 425 1490 τῆς
480 1426 607 1494 περὶ
651 1427 759 1478 τῶν
808 1429 1092 1499 δογμάτων
1136 1434 1443 1502 ὁμοφωνίας
1496 1435 1782 1500 ἐδείκνυον,
1820 1437 1900 1490 ὅτι

321 1517 457 1583 μιᾶς
493 1518 600 1569 εἰσὶ
633 1518 774 1589 μέρη
797 1521 894 1590 τῆς
920 1523 1152 1592 Χριστοῦ
1193 1525 1535 1594 Ἐκκλησίας.
1567 1525 1776 1580 Utinam
1801 1545 1899 1580 au-

319 1618 427 1658 tem
457 1609 549 1676 qui
579 1626 634 1661 se
659 1611 952 1664 doctrinam
979 1615 1315 1679 apostolicam
1340 1633 1567 1681 servare,
1591 1634 1650 1670 ac
1671 1635 1762 1686 per
1786 1635 1902 1671 suc-

319 1701 610 1753 cessionem
632 1704 696 1754 ab
725 1707 973 1770 apostolis
1003 1708 1425 1773 praedicationem
1457 1709 1733 1778 Evangelii
1757 1726 1902 1764 acce-

316 1793 460 1856 pisse
489 1793 822 1860 gloriantur,
865 1799 1208 1863 ostenderent,
1253 1801 1430 1853 eadem
1477 1803 1539 1854 de
1577 1801 1901 1871 dogmatibus

1997 621 2192 679 quanta
2216 612 2557 680 semetipsum
2586 610 2815 664 Basilius
2843 611 2894 664 in
2924 611 3175 666 omnibus
3203 613 3453 682 operibus
3479 629 3564 666 re-

2000 702 2122 756 fert.
2183 701 2376 756 Paucis
2423 717 2552 770 ergo
2603 701 3081 756 demonstrandum
3125 717 3390 757 summam
3443 717 3566 757 esse

2000 798 2138 850 inter
2171 796 2612 850 commentarium
2644 805 2698 850 et
2731 795 2834 849 alia
2869 793 3053 850 Basilii
3081 795 3280 865 scripta
3309 794 3563 870 similitu-

2001 892 2197 943 dinem.

2071 979 2146 1050 (a)
2173 980 2343 1036 Nemo
2372 991 2456 1037 est
2483 995 2613 1035 sane
2647 979 2758 1049 qui,
2789 979 2834 1032 si
2866 977 3258 1032 animadvertat
3283 965 3564 1044 attentius,

2002 1085 2158 1138 quam
2190 1071 2415 1125 libenter
2454 1070 2823 1126 commentarii
2865 1080 3055 1124 auctor
3108 1071 3173 1123 de
3207 1071 3444 1140 physicis
3481 1085 3565 1122 re-

2002 1159 2120 1222 bus,
2154 1174 2213 1213 ac
2253 1161 2514 1229 przecipne
2541 1160 2608 1215 de
2647 1158 2956 1214 animalium
2983 1159 3405 1227 proprietatibus
3453 1159 3566 1213 dis-

2003 1259 2168 1314 serat,
2200 1266 2303 1304 non
2334 1250 2488 1304 facile
2523 1262 2778 1320 agnoscat
2815 1260 3088 1303 auctorem
3137 1248 3475 1303 homiliarum
3510 1250 3568 1302 in

2005 1338 2258 1394 Hexaem.
2287 1341 2542 1396 Redolent
2571 1343 2734 1396 etiam
2769 1342 2841 1411 (b)
2877 1341 3131 1395 nonnulla
3159 1357 3376 1411 operam
3408 1358 3437 1395 a
3464 1341 3569 1395 Ba-

2002 1431 2123 1484 silio
2189 1435 2238 1484 in
2299 1433 2628 1488 astronomia
2692 1432 2788 1503 (c)
2861 1432 3087 1486 Athenis
3142 1432 3430 1486 ediscenda
3491 1433 3569 1485 in-

2003 1530 2289 1588 sumptam.
2328 1521 2472 1576 inter
2509 1531 2653 1577 artes
2683 1536 2800 1592 qua:
2831 1525 2898 1576 ad
2934 1522 3096 1578 vitam
3131 1522 3472 1583 necessariae,
3513 1531 3570 1577 et

2003 1626 2095 1666 eas
2117 1628 2235 1681 qua:
2259 1629 2407 1667 vana:
2437 1626 2490 1669 et
2524 1614 2738 1669 inutiles
2766 1623 2913 1679 sunt,
2960 1614 3096 1668 idem
3127 1628 3351 1681 prorsus
3378 1609 3571 1668 discri-

2005 1718 2124 1758 men
2153 1705 2408 1760 statuitur
2439 1707 2490 1760 in
2515 1707 2903 1762 commentario
2935 1708 3010 1776 (p.
3043 1706 3192 1777 9H),
3223 1722 3286 1760 ac
3311 1707 3362 1760 in
3393 1709 3570 1776 prima

2005 1793 2221 1850 humilia
2247 1797 2300 1851 in
2328 1796 2583 1853 Hexaem.
2621 1800 2695 1868 (p.
2730 1799 2808 1868 7),
2836 1807 2887 1851 et
2915 1797 3194 1866 utriusque
3263 1798 3363 1852 loci
3401 1799 3570 1852 simil-

315 1883 567 1948 dicendo,
604 1899 660 1936 se
689 1890 842 1940 unius
873 1887 1122 1942 Ecclesite
1148 1889 1341 1943 Christi
1369 1900 1544 1958 partes
1568 1893 1714 1946 esse!
1748 1890 1898 1946 Miri-
1929 1880 1971 1934 Β
1999 1881 2128 1938 lima
2155 1888 2440 1940 sententia.
2474 1887 2721 1958 Legimus
2748 1889 2798 1940 in
2825 1887 3047 1942 homilia
3083 1888 3116 1940 5
3137 1888 3190 1940 in
3219 1886 3475 1942 llexaem.
3513 1906 3566 1956 p.

319 1973 570 2029 ﬁcehaec
593 1981 921 2033 conveniunt
963 1981 1018 2034 in
1064 1981 1190 2036 illud
1232 1982 1472 2039 Valentis
1506 1994 1734 2053 tempus,
1777 2000 1898 2038 cum

319 2076 382 2122 et
422 2068 488 2120 de
535 2069 707 2123 tribus
745 2071 1132 2140 hypostasibus
1163 2075 1396 2128 maxima
1423 2084 1564 2129 esset
1603 2076 1897 2144 contentio,

322 2171 394 2210 ac
421 2159 566 2212 inter
600 2159 867 2230 plurimos
903 2163 1181 2231 episc0pos
1209 2165 1446 2234 disrupta
1476 2167 1784 2220 communio
1809 2169 1901 2221 es-

317 2260 430 2314 set,
457 2252 511 2304 in
541 2267 647 2320 qua
677 2254 958 2307 sarcienda
993 2269 1089 2308 nec
1113 2255 1390 2326 presbyter
1410 2256 1639 2310 Basilius
1673 2271 1770 2311 nec
1795 2258 1901 2326 epi-

316 2353 524 2407 scopus
579 2340 823 2395 laborare
857 2343 1078 2397 destitit.
1113 2344 1357 2412 Scriptus
1394 2362 1522 2416 ergo
1560 2357 1896 2402 commenta-

318 2431 444 2485 rius
493 2433 546 2484 ia
594 2432 798 2487 Isaiam
853 2437 953 2490 sub
1001 2436 1253 2501 Valente;
1301 2437 1460 2506 idque
1508 2439 1646 2493 intra
1696 2449 1895 2508 septem

317 2523 539 2590 priores
594 2539 766 2580 annos
806 2524 946 2580 illius
991 2526 1223 2596 imperii,
1272 2538 1558 2598 antequam
1607 2543 1639 2584 c
1681 2530 1900 2586 latebris

317 2615 772 2670 dissimulationis
804 2617 1092 2684 prodiisset
1134 2620 1339 2674 nefaria
1373 2623 1900 2682 Pncumatomacho—

318 2722 447 2761 rum
474 2709 719 2776 haeresis,
757 2725 877 2778 quae
912 2710 1065 2764 initio
1086 2713 1424 2782 episcopatus
1449 2714 1629 2770 Basilii
1667 2717 1899 2785 grassari

319 2786 516 2867 cdepit,
570 2815 634 2854 ac
671 2801 923 2870 deinceps
971 2815 1282 2872 perpetuum
1323 2822 1442 2860 cum
1475 2823 1538 2862 eo
1571 2809 1762 2862 bellum
1805 2809 1900 2863 ha-

316 2890 466 2944 buit.
492 2891 635 2946 Nihil
658 2894 802 2946 enim
832 2894 896 2949 de
930 2896 1017 2949 illa
1047 2896 1234 2951 haeresi
1273 2899 1508 2968 reperias
1539 2901 1590 2953 in
1625 2915 1903 2954 commen-

320 2987 466 3038 tario
519 3027 532 3039 .
578 2986 726 3041 solus
767 2986 935 3042 Filius
972 2989 1276 3044 defenditur
1321 3009 1334 3044 :
1385 2993 1484 3045 soli
1522 2993 1902 3062 impugnantur

319 3076 534 3141 Ariani,
563 3078 676 3148 qui,
705 3091 762 3132 ut
793 3080 846 3132 in
891 3079 997 3133 alio
1029 3081 1143 3136 loco
1168 3082 1244 3151 (p.
1280 3082 1404 3152 525)
1449 3084 1696 3154 legimus,
1728 3086 1898 3140 tradi-

323 3177 476 3222 turos
511 3185 570 3225 se
607 3171 995 3238 pollicebantur
1031 3189 1147 3242 qua:
1173 3175 1237 3228 ad
1266 3175 1459 3228 Filium
1508 3187 1776 3244 spectant,
1815 3188 1898 3232 at-

322 3275 429 3327 que
462 3261 562 3315 hoc
584 3263 832 3330 specioso
858 3278 1110 3319 sermone
1134 3265 1554 3334 simplicioribus
1582 3267 1896 3323 illudebant.

323 3353 635 3419 Quinetiam
698 3355 1218 3412 Pneumatomachos
1275 3358 1522 3428 intelligit
1569 3371 1901 3415 commenta-

323 3457 432 3510 tor,
465 3462 571 3500 non
606 3447 907 3514 hmreticos,
959 3451 1048 3516 qui
1077 3450 1410 3504 divinitatem
1467 3451 1699 3519 Spiritus
1727 3451 1900 3507 sancti

325 3539 735 3607 impugnabant,
792 3543 883 3596 sed
921 3543 1165 3596 homines
1214 3559 1426 3597 amaros
1452 3555 1504 3597 et
1542 3543 1726 3607 maias,
1766 3560 1901 3614 quos

325 3647 445 3684 cum
491 3635 572 3702 api
619 3649 684 3688 ex
723 3635 965 3690 immisso
1002 3636 1183 3689 aculeo
1218 3637 1476 3690 moriente
1501 3646 1781 3704 comparat
1819 3637 1897 3706 (p.

325 3723 473 3792 551).
504 3727 646 3779 Talis
674 3737 769 3791 est,
798 3727 990 3796 inquit,
1017 3729 1284 3781 hominum
1315 3745 1616 3781 amararum
1650 3740 1695 3782 et
1727 3731 1904 3781 aduer-

325 3832 414 3869 sus
435 3815 696 3883 Spiritum
719 3822 1061 3889 pugnantium
1088 3833 1296 3886 natura,
1323 3822 1680 3894 Τῶνπικρῶν
1699 3822 1901 3895 ἀνθρώ-

329 3924 444 3961 πων
497 3909 1118 3984 καὶΠνευματομὰχων,
1173 3915 1261 3982 qui
1310 3917 1609 3983 semetipsos
1670 3917 1900 3984 nequitia

327 4005 493 4071 magis
530 4005 753 4070 lmduat,
785 4023 942 4074 quant
985 4024 1070 4061 eos
1119 4009 1207 4076 qui
1257 4009 1310 4060 in
1348 4023 1531 4061 eorum
1568 4009 1900 4060 iracundiam

329 4098 633 4151 inciderint.
693 4099 916 4153 Videtur
969 4113 1098 4167 ergo
1147 4100 1760 4156 Pneumatomachorum
1801 4115 1898 4152 vox

331 4190 569 4242 nondum
645 4199 768 4244 tunc
835 4190 1177 4261 designandis
1233 4185 1505 4248 luereticis
1577 4191 1743 4247 fuisse
1807 4193 1902 4246 ad-

331 4283 496 4336 dicta.

396 4373 515 4426 Jam
558 4389 807 4444 magnum
839 4375 1094 4429 habemus
1133 4384 1531 4444 argumentum,
1574 4390 1670 4429 cur
1705 4373 1901 4428 Basilio

331 4468 601 4520 tribuatur
636 4467 738 4520 hoc
765 4481 920 4535 opus.
961 4467 1326 4536 Prmterqnam
1361 4467 1503 4536 quod
1537 4465 1588 4520 ei
1627 4465 1900 4534 adiudica-

331 4571 418 4612 tur
438 4562 506 4614 ab
546 4560 802 4627 antiquis,
827 4559 967 4611 intra
999 4559 1125 4610 illud
1152 4567 1360 4626 tempus
1396 4557 1652 4624 scriptum
1678 4569 1898 4621 compe-
1931 4562 1976 4617 1)

330 4651 488 4715 ritur,
530 4665 638 4719 quo
687 4649 984 4719 presbyteri
1035 4663 1254 4700 munere
1309 4645 1745 4715 perfungebatur.
1804 4640 1900 4698 His

328 4741 464 4795 adde
507 4756 616 4794 non
653 4740 919 4792 infirmam
953 4740 1337 4806 conjecturam,
1386 4750 1450 4788 ex
1491 4750 1594 4802 qua
1625 4744 1898 4788 auctorem

324 4832 501 4900 operis
531 4832 904 4900 Cappadocem
936 4845 1053 4883 esse
1085 4829 1371 4896 colligitur.
1405 4825 1539 4880 Nam
1565 4827 1744 4878 varias
1772 4839 1904 4892 gen-

328 4936 407 4976 tes
435 4937 760 4976 enumerans
783 4922 957 4990 primo
995 4923 1113 4975 loco
1152 4921 1227 4990 (p.
1263 4919 1389 4989 428)
1427 4917 1902 4987 nominatCappa-

324 5012 560 5066 dociam.

393 5104 479 5158 lll.
525 5103 678 5170 Quod
714 5103 759 5157 si
800 5114 854 5157 et
891 5101 1070 5156 Basilii
1106 5102 1379 5171 ingenium
1426 5110 1480 5153 et
1513 5098 1795 5154 sententia:
1844 5106 1899 5152 et

328 5200 616 5268 Scriptura:
661 5197 1078 5267 interpretandae
1126 5195 1261 5247 ratio
1303 5194 1352 5245 in
1393 5193 1580 5244 eodem
1604 5205 1765 5258 opere
1803 5189 1898 5242 de-

327 5292 730 5357 prehendantur
750 5329 766 5352 ,
807 5304 914 5342 non
944 5289 1097 5342 video
1126 5286 1250 5354 quid
1283 5283 1383 5337 loci
1424 5282 1666 5336 relictum
1699 5280 1770 5334 sit
1798 5278 1868 5332 du

327 5381 585 5434 hitationi.
627 5379 814 5447 Neque
857 5378 998 5443 enim
1035 5362 1173 5429 intra
1210 5375 1336 5427 illud
1373 5380 1607 5440 tempus,
1649 5371 1789 5438 quod
1828 5366 1894 5422 ab

323 5485 461 5523 anno
489 5472 595 5525 564
617 5471 684 5524 ad
707 5484 910 5524 annum
935 5469 1028 5523 571
1061 5466 1284 5527 είΠηιίῑ,
1311 5464 1444 5517 alius
1473 5464 1524 5515 in
1551 5459 1895 5530 Cappadocia

325 5565 552 5632 scriptor
605 5563 917 5631 ﬁngendus,
952 5562 1043 5631 qui
1076 5559 1329 5614 Basilium
1370 5556 1674 5612 recentibus
1711 5553 1898 5608 admo-

323 5753 463 5878 55ξιτ)
502 5753 620 5808 Vid.
669 5765 725 5820 p.
769 5750 897 5817 tu,
945 5745 1074 5814 tat,
1130 5745 1244 5813 m,
1287 5743 1409 5811 478,
1440 5740 1564 5809 500,
1609 5740 1732 5808 505,
1768 5736 1893 5803 5:29,

1996 1975 2086 2042 25,
2114 1979 2238 2030 etin
2261 1987 2546 2033 comment.
2569 1994 2622 2049 p.
2648 1979 2774 2043 582,
2807 1994 2870 2034 ea
2893 1994 3008 2048 qua:
3031 1978 3216 2033 labore
3240 1987 3394 2047 parta
3421 1989 3565 2046 sunt,

1997 2070 2199 2123 servari
2249 2069 2574 2140 diligentius,
2626 2072 2785 2127 facile
2830 2071 3090 2140 parabilia
3123 2072 3418 2126 contemni.
3453 2071 3568 2131 0b-

1998 2170 2176 2214 servat
2212 2161 2442 2218 Basilius
2469 2164 2542 2234 (p.
2567 2164 2622 2234 2)
2666 2165 2717 2218 in
2745 2164 2932 2220 homil.
2962 2165 2986 2216 1
3035 2163 3091 2218 in
3127 2163 3385 2218 Ilexaem.
3419 2164 3571 2235 Moy-

1998 2266 2091 2307 sen
2121 2255 2281 2309 certis
2304 2256 2558 2325 gradibus
2598 2257 2910 2326 pervenisse
2944 2257 3009 2310 ad
3044 2256 3136 2310 Dei
3174 2257 3459 2322 visionem,
3490 2266 3573 2310 at--

1995 2357 2100 2412 que
2126 2345 2226 2401 hoc
2252 2347 2571 2404 beneficium
2620 2364 2760 2403 anno
2785 2348 2960 2402 aetatis
2991 2349 3317 2417 octogesimo
3354 2361 3570 2402 assecu-

2000 2443 2110 2489 tum
2165 2452 2302 2493 esse.
2366 2438 2621 2493 Eamdem
2690 2439 3124 2495 observationem
3187 2439 3447 2494 habemus
3511 2440 3566 2494 in

1995 2528 2258 2592 prooemio
2280 2528 2646 2583 commentarii
2676 2529 2752 2599 (p.
2777 2529 2923 2600 ⁵582).
2954 2528 3178 2583 Mirifice
3199 2527 3571 2598 placebatBa-

1997 2619 2118 2672 silio
2144 2619 2384 2673 adhibita
2418 2635 2446 2674 a
2482 2621 2693 2676 Natban
2726 2624 2985 2690 propheta
3018 2621 3235 2676 Davidis
3279 2622 3572 2690 reprehen-

1998 2711 2155 2765 dendi
2203 2711 2355 2764 ratio.
2388 2710 2536 2766 Hanc
2565 2711 2748 2767 laudat
2777 2713 2829 2766 in
2859 2713 3014 2782 epist.
3050 2712 3085 2764 2
3119 2712 3195 2782 (p.
3227 2712 3378 2786 479).
3409 2712 3570 2767 Eam-

1998 2799 2120 2854 dem
2151 2803 2490 2856 commendat
2510 2803 2562 2856 in
2597 2803 3009 2858 commentario.

2068 2894 2333 2953 Observat
2370 2903 2560 2950 auctor
2591 2898 2966 2952 commentarii
3004 2911 3216 2951 versum
3255 2897 3570 2951 vicesimum

1999 2989 2299 3044 secundum
2331 2990 2525 3058 capitis
2548 2991 2792 3055 secundi,
2828 3006 2950 3046 cum
2977 2991 3191 3044 deesset
3215 2990 3268 3044 in
3297 2991 3572 3060 exempla-

2000 3077 2149 3132 ribus
2174 3079 2478 3134 communis
2502 3080 2773 3144 editionis,
2813 3094 2877 3135 ac
2911 3081 2962 3133 in
2993 3079 3216 3135 Hebraeo
3241 3079 3388 3135 fonte
3424 3081 3570 3150 lege-

2003 3178 2168 3234 retur,
2222 3184 2287 3222 ex
2331 3170 2452 3225 aliis
2483 3170 3017 3239 interpretationibus
3056 3171 3161 3226 huc
3193 3184 3312 3226 esse
3343 3171 3574 3225 transla-

2005 3269 2138 3312 tum.
2186 3260 2336 3326 Quod
2377 3247 2592 3328 quidem
2621 3262 2998 3316 Tillemontius
3042 3277 3336 3316 consonum
3365 3262 3573 3331 iudicat

2001 3353 2375 3406 consuetudini
2402 3353 2608 3418 Basilii,
2635 3355 2724 3422 qui
2753 3355 2804 3407 in
2838 3351 3076 3410 homiliis
3101 3357 3154 3408 in
3184 3354 3442 3410 Hexaem.
3472 3370 3574 3410 sa:-

2001 3456 2066 3510 pe
2100 3443 2230 3496 citat
2264 3442 2734 3510 interpretationes
2785 3444 2992 3513 Aquilae
3037 3457 3092 3499 et
3132 3445 3380 3499 aliorum.
3417 3445 3576 3514 Ejus-

2001 3533 2118 3586 dem
2147 3533 2472 3589 Tillemontii
2496 3534 2718 3603 judicio,
2745 3547 3158 3601 commentator,
3184 3539 3306 3591 dum
3334 3538 3384 3590 in
3410 3538 3574 3607 expli-

2001 3624 2174 3677 cando
2246 3625 2508 3693 propheta
2574 3625 2807 3680 litteram
2868 3629 3129 3696 sequitur,
3188 3627 3573 3698 explicationes

2001 3715 2227 3784 profert,
2283 3715 2467 3771 itidem
2524 3725 2581 3771 ut
2629 3716 2880 3785 Basilius,
2917 3717 3094 3773 claras
3139 3729 3195 3772 et
3236 3720 3573 3789 perspicuas,

2004 3823 2107 3860 non
2141 3805 2299 3875 longe
2336 3806 2529 3873 petitas
2558 3816 2649 3862 aut
2679 3822 2776 3878 per
2797 3810 2904 3864 vim
2934 3817 3134 3864 tractas
3173 3824 3187 3860 :
3227 3810 3351 3864 dum
3393 3819 3574 3865 autem

2005 3897 2055 3950 in
2089 3898 2328 3952 moribus
2362 3898 2714 3954 informandis
2743 3909 3009 3967 versatur,
3035 3915 3245 3957 morum
3274 3901 3573 3957 doctrinam

2006 3991 2185 4055 tradit,
2215 4005 2322 4045 non
2367 3990 2538 4046 solum
2584 4006 2736 4061 aeque
2778 4001 3019 4047 sanctam
3061 4001 3115 4048 et
3157 4006 3367 4062 puram,
3415 4007 3481 4048 ac
3517 3993 3573 4048 in

2003 4081 2124 4134 aliis
2153 4081 2406 4148 operibus
2427 4083 2598 4136 sancti
2622 4082 2828 4147 Basilii,
2847 4083 2938 4138 sed
2962 4082 3147 4148 etiam,
3170 4090 3228 4136 ut
3250 4080 3305 4136 in
3333 4082 3573 4137 homiliis

2001 4167 2183 4223 Basilii
2211 4169 2266 4222 in
2299 4167 2562 4236 Psalmos,
2603 4185 2633 4224 e
2658 4172 2885 4239 singulis
2919 4171 3194 4242 prophetae
3224 4172 3446 4228 vocibus
3477 4174 3573 4229 de-

2002 4259 2242 4313 ductam.

2072 4347 2159 4401 ιν.
2203 4348 2355 4418 Saepe
2382 4358 2775 4405 commentator
2816 4366 2880 4406 ex
2928 4351 3050 4407 aliis
3092 4352 3384 4423 Scriptura:
3419 4354 3573 4410 libris

2004 4441 2306 4494 testimonia
2353 4442 2638 4509 depromit,
2680 4451 2736 4495 ut
2778 4441 2970 4497 Isaiam
3019 4443 3270 4499 illustret.
3318 4444 3410 4498 Sic
3443 4445 3573 4499 illud

2004 4530 2152 4586 lsaia}
2182 4549 2194 4585 :
2225 4530 2292 4584 Et
2315 4532 2630 4585 exaltabitur
2653 4531 2904 4584 Dominus
2938 4531 3172 4587 Sabaoth
3200 4531 3467 4600 injudicio
3491 4533 3567 4601 (p.

2006 4623 2154 4693 499),
2187 4623 2418 4677 illustrat
2439 4624 2521 4676 his
2542 4622 2731 4692 psalmi
2772 4623 2966 4687 verbis,
3002 4623 3261 4676 Exaltabo
3287 4633 3357 4687 te,
3387 4622 3572 4676 Domi-

2009 4734 2090 4782 ne,
2117 4718 2363 4784 quoniam
2412 4717 2684 4785 suscepisti
2724 4733 2823 4780 me,
2854 4717 3140 4784 variosque
3184 4715 3423 4784 assignat
3453 4731 3572 4770 mo-

2008 4813 2124 4873 dos,
2168 4811 2362 4877 quibus
2408 4809 2549 4863 Deus
2591 4810 2659 4861 ab
2698 4808 2915 4862 homine
2966 4808 3192 4862 exaltari
3236 4808 3427 4876 possit,
3474 4810 3570 4861 sed

2007 4904 2221 4957 eosdem
2255 4917 2479 4970 prorsus
2515 4917 2576 4956 ac
2617 4903 2666 4954 in
2709 4902 2894 4954 homil.
2931 4902 2983 4955 in
3016 4903 3260 4956 eumdem
3306 4901 3571 4970 psalmum

2009 5011 2161 5058 xxix,
2188 4993 2414 5049 Bas-ilius
2447 4994 2631 5047 homil.
2667 4995 2700 5047 5
2737 4994 2792 5046 in
2838 4993 3090 5048 Hexaem.
3113 4994 3391 5060 explicans
3417 4993 3568 5057 illud,

2007 5088 2132 5141 Cceli
2165 5097 2409 5140 enarrant
2439 5086 2662 5155 gloriam
2699 5085 2810 5147 Dei,
2838 5095 2994 5154 negat
3031 5084 3104 5152 (p.
3138 5085 3228 5153 5i)
3257 5085 3381 5138 inde
3417 5085 3572 5138 colli-

2004 5180 2232 5249 gendum
2282 5177 2448 5232 caelos
2495 5191 2613 5230 esse
2661 5177 2950 5239 animatos,
2990 5179 3081 5230 sed
3114 5176 3449 5245 Scripturam
3491 5176 3572 5229 sic

2004 5272 2427 5338 interpretatur:
2470 5267 2605 5320 Ἀλλ’
2637 5270 2665 5320 ὁ
2709 5270 2765 5320 ἐν
2804 5268 3011 5331 τούτοις
3058 5269 3216 5336 λόγος
3269 5268 3418 5338 παρὰ
3460 5267 3572 5321 τῶν

2002 5363 2124 5418 νοῦν
2154 5363 2380 5434 ἐχόντων
2420 5363 2842 5434 τεθεωρημὲνως
2889 5362 3386 5432 ὲκλαμὸαινόμενος,
3429 5378 3571 5432 συμ-

2002 5454 2342 5526 πληρωτικός
2368 5455 2480 5505 ἐστι
2522 5457 2619 5524 τῆς
2656 5453 2958 5524 δοξολογίας
3000 5453 3090 5507 τοῦ
3123 5453 3426 5517 κτίσαντος.
3465 5453 3572 5506 Sed

2005 5550 2190 5601 horum
2241 5547 2626 5600 constitutionis
2670 5548 2804 5601 ratio
2849 5557 3096 5601 accurata
3141 5545 3574 5616 contemplatione

2064 5731 2149 5870 tib)
2194 5729 2310 5807 Viti.
2339 5745 2391 5800 p.
2431 5728 2556 5784 582.

2100 5802 2146 5870 c)
2185 5799 2318 5856 Νη.
2346 5798 2542 5856 οτ.’20,

2100 5802 2146 5870 c)
2185 5799 2318 5856 Νη.
2344 5798 2542 5856 ὸτ.’20,
