4040 6216
471 390 677 436 CLXVIII

1843 371 2348 430 PROLEGOMENA
2360 415 2374 429 .

477 501 542 557 ab
576 498 870 555 hominibus
895 511 1045 549 sensu
1067 489 1302 564 pra'ditis
1329 504 1560 564 excepta,
1584 494 1802 562 complet
1834 494 2036 564 glori/io
2067 498 2113 556 Α
2141 503 2274 547 stum
2300 494 2620 563 derelictum,
2657 513 2749 551 nec
2785 511 2957 553 semen
2998 498 3112 568 ejus
3140 515 3376 570 quaerens
3404 517 3594 573 panem
3614 504 3658 560 ⁸.
3686 527 3708 560 s

476 592 732 646 rationem
765 585 1047 642 Creatoris.
1073 583 1276 640 Vitiosa
1305 593 1421 640 erat
1452 585 1610 655 hujus
1638 585 1736 640 loci
1770 584 2037 654 interpre-

476 680 628 742 talio,
660 678 754 733 sed
784 691 903 746 quae
932 691 960 729 a
986 689 1071 730 me
1093 673 1253 728 allata
1279 683 1363 729 est
1391 675 1741 729 conﬁrmatur
1768 674 2037 729 simillima

474 769 917 827 commentatoris
955 768 1240 830 sententia,
1269 769 1358 837 qui
1391 768 1469 822 sic
1507 767 1740 837 loquitur
1761 766 1834 836 (p.
1867 767 1992 835 49b)
2020 786 2033 821 :

476 865 540 916 Ol
556 861 794 930 οὐρανοὶ
809 860 1148 930 διηγοῦνται
1160 858 1347 924 δόξαν
1365 859 1530 913 Θεοῦ·
1544 860 1640 930 οὐχ
1655 859 1733 912 ὅτι
1745 859 1926 930 φωνὴν
1955 861 2038 913 al-

475 953 672 1025 σθητὴν
706 953 896 1022 ἀφίασι
929 955 1047 1017 ταῖς
1080 953 1270 1016 ἀκοαῖς
1299 951 1474 1023 ήμῶν,
1509 951 1622 1006 ἀλλ’
1645 953 1725 1005 ὅτι
1756 954 1784 1006 6
1805 955 1916 1015 τοῖς
1946 951 2034 1004 λό-

470 1063 586 1114 γοις
608 1046 704 1116 τῆς
733 1045 824 1100 τοῦ
857 1046 1062 1118 κόσμου
1090 1045 1399 1108 συστάσεως
1423 1046 1920 1116 ἐγγυμνασάμενος,
1943 1045 2036 1098 καὶ

467 1139 738 1210 γνωρίσας
758 1139 1010 1193 ἁπάντων
1033 1138 1140 1192 τῶν
1161 1141 1282 1194 κατ’
1315 1139 1537 1210 οὐρανὸν
1561 1139 1660 1209 τὴν
1689 1138 1926 1193 διάθεσιν
1949 1139 2036 1192 διὰ

373 1245 376 1248 ’
468 1229 670 1284 τούτων
703 1231 864 1284 οἱονεὶ
889 1231 1072 1303 φωνὴν
1094 1229 1382 1301 ἀφιέντων,
1418 1230 1478 1282 τὸ
1513 1229 1794 1301 μεγαλεῖον
1822 1229 1919 1301 τῆς
1945 1228 2032 1282 δό-

469 1321 565 1392 ξης
615 1322 708 1376 τοῦ
759 1323 1114 1393 πεποιηκότος
1164 1322 1359 1385 αὐτοὺς
1413 1319 1806 1392 διδαχθήσεται.
1845 1339 1864 1373 t
1908 1321 2035 1375 Caeli

467 1422 716 1467 enarrant
773 1413 994 1483 gloriam
1039 1413 1136 1467 Dei
1185 1413 1200 1444 ¹
1252 1427 1266 1466 :
1316 1431 1336 1466 ι
1384 1429 1487 1468 non
1551 1416 1689 1482 quod
1749 1414 1818 1466 ad
1881 1429 2034 1467 aures

468 1511 675 1556 nostras
713 1505 946 1556 emittant
994 1519 1162 1557 vocem
1195 1502 1512 1567 sensibilem,
1555 1503 1644 1557 sed
1681 1503 1816 1571 quod
1857 1503 1946 1572 qui
1979 1503 2035 1556 in

462 1593 533 1646 iis
561 1594 876 1647 meditandis
909 1592 1218 1656 rationibus,
1258 1594 1442 1661 quibus
1466 1594 1779 1647 constitutus
1807 1593 2033 1647 mundus

465 1695 564 1752 est,
618 1685 929 1739 exercitatus
975 1684 1154 1753 fuerit,
1215 1695 1262 1738 et
1307 1699 1399 1751 per
1439 1685 1591 1738 ctelos
1645 1684 1796 1754 quasi
1860 1700 2035 1740 uocem

2144 583 2257 639 Nec
2284 587 2422 640 enim
2452 586 2684 656 loquitur
2709 589 2774 642 de
2793 589 3017 657 panibus
3052 591 3406 660 sensibilibus,
3437 594 3529 665 qui
3554 612 3710 651 nove-

2141 686 2222 730 rat
2251 676 2390 744 ﬁlios
2436 679 2747 746 patriarcha:
2777 680 2942 734 nastri
2975 679 3140 735 .Iacob
3169 698 3366 751 panum
3415 702 3577 741 causa
3621 689 3708 744 de-

2140 769 2400 824 scendisse
2429 770 2486 823 in
2514 769 2803 841 Egyptum
2831 813 2847 837 ,
2895 774 2986 826 sed
3037 773 3103 828 de
3150 775 3418 844 spirituali
3470 777 3710 848 loquitur

2139 858 2410 922 alimonia,
2466 875 2568 929 qua
2623 860 2846 914 interior
2889 872 3065 916 noster
3118 862 3271 917 homo
3307 864 3598 933 perﬁcitur;
3627 865 3712 919 Ne

2140 952 2316 1005 ueniat
2341 951 2500 1005 etiam
2534 952 2590 1004 in
2617 967 2710 1006 nos
2727 953 2999 1022 jejunium
3021 953 3161 1022 quod
3191 953 3330 1008 Deus
3355 955 3710 1011 comminatur

2138 1043 2343 1098 Judwis
2371 1059 2389 1096 :
2436 1061 2455 1092 ι
2498 1041 2633 1098 Ecce
2683 1045 2820 1098 enim
2852 1045 2966 1099 dies
2995 1045 3225 1111 veniunt,
3255 1047 3384 1100 dicit
3426 1047 3707 1117 Dominus,

2141 1145 2188 1187 et
2214 1134 2460 1188 inducam
2504 1136 2559 1190 in
2581 1146 2778 1190 terram
2819 1138 2953 1191 hanc
2983 1139 3197 1206 famem.
3233 1155 3335 1194 non
3359 1139 3552 1209 famem
3603 1159 3706 1208 pa-

2141 1226 2240 1292 nis,
2267 1242 2429 1296 neque
2465 1229 2606 1281 sitim
2639 1244 2811 1297 aqua,
2855 1229 2946 1284 sed
2985 1230 3179 1299 [amem
3215 1230 3462 1284 audiendi
3494 1233 3707 1287 uerbum

2139 1314 2436 1371 Domini”:
2471 1335 2489 1370 ι
2517 1333 2674 1388 quam
2712 1317 2830 1373 ideo
2859 1319 3074 1373 immisit
3107 1319 3286 1388 justus
3317 1318 3508 1387 judex,
3562 1322 3704 1389 quod

2137 1407 2446 1474 perspiceret
2492 1422 2672 1462 eorum
2702 1417 2922 1462 mentem
2969 1423 3211 1462 verorum
3253 1408 3564 1478 dogmatum
3602 1411 3708 1464 ine-

2137 1495 2226 1549 dia
2251 1536 2266 1561 ,
2317 1497 2458 1566 fame
2497 1497 2676 1552 necari
2712 1513 2730 1551 :
2765 1507 2951 1552 contra
2999 1513 3116 1552 uero
3145 1538 3161 1562 ,
3210 1508 3480 1553 externum
3523 1516 3708 1554 eorum

2134 1587 2400 1643 hominem
2473 1605 2634 1658 supra
2702 1589 2915 1643 modum
2979 1590 3314 1660 pinguescere
3380 1601 3428 1646 et
3490 1593 3707 1648 obesum

2135 1678 2273 1747 ﬁeri.

461 1777 688 1842 edentes,
721 1777 1003 1832 crclestium
1047 1777 1281 1831 omnium
1327 1793 1499 1831 rerum
1536 1778 1924 1846 dispositionem
1968 1794 2023 1832 ac

2204 1797 2388 1868 Pergit
2431 1802 2822 1852 commentator
2850 1811 2865 1849 :
2899 1793 3350 1860 Quemadmodum
3375 1798 3512 1852 enim
3533 1799 3589 1852 in
3620 1798 3693 1853 li.

461 1880 703 1924 ornatum
746 1869 1059 1938 cognoverit,
1102 1869 1340 1924 addiscat
1375 1868 1811 1940 magniﬁcentiam
1843 1869 2033 1941 .glorite

458 1959 594 2029 ejus,
617 1963 704 2032 qui
736 1960 966 2015 condidit
999 1960 1172 2014 caelos.

530 2091 596 2148 V.
628 2090 861 2146 Maxima
896 2087 1057 2142 etiam
1100 2095 1182 2143 est
1210 2085 1504 2144 similitudo
1548 2087 1691 2142 inter
1713 2101 1776 2143 ea
1817 2101 1937 2158 quae
1965 2087 2031 2144 de
2075 2125 2079 2130 -

453 2184 658 2257 jejunio
687 2183 936 2252 leguntur
963 2179 1018 2236 in
1041 2181 1428 2236 commentario
1451 2188 1505 2236 et
1527 2179 1582 2235 in
1605 2187 1832 2250 utraque
1862 2181 2031 2238 homi-

457 2276 530 2330 lia
571 2274 622 2329 in
651 2272 916 2344 jejunium
952 2289 965 2325 :
994 2271 1136 2340 quod
1157 2269 1374 2340 quidem
1409 2270 1837 2325 testimoniorum
1863 2285 2030 2340 appo-

457 2367 654 2424 sitione
687 2361 1023 2436 probandum
1057 2363 1287 2418 videtur.
1325 2360 1416 2418 Sic
1446 2362 1606 2432 igitur
1639 2371 2029 2419 commentator

458 2478 512 2516 n.
544 2461 635 2524 3i,
659 2475 711 2529 p.
742 2457 849 2513 405
889 2474 905 2510 :
946 2455 1134 2527 Itaque
1159 2473 1192 2509 a
1215 2455 1421 2526 jejunio
1457 2455 1594 2526 quod
1627 2454 1680 2508 in
1705 2455 1904 2508 occulto
1929 2463 2026 2523 est,

457 2555 741 2610 cauendum
767 2551 913 2606 nobis
945 2559 1044 2614 est,
1068 2548 1208 2619 quod
1225 2547 1375 2616 justo
1393 2547 1596 2614 judicio
1624 2547 1822 2599 dicitur
1851 2563 1884 2599 a
1919 2544 2027 2599 Do-

455 2649 595 2702 mino
629 2646 750 2702 odio
778 2643 979 2710 haberi,
1023 2643 1161 2712 quod
1201 2650 1247 2694 et
1291 2641 1542 2711 propheta
1589 2639 1912 2708 deprecatur,
1946 2638 2028 2692 di-

455 2753 617 2793 cens:
654 2757 673 2790 ι
711 2736 833 2791 Νοη
857 2733 1126 2803 interﬁciel
1161 2732 1299 2803 fame
1334 2731 1589 2787 Dominus
1624 2733 1828 2786 animas
1849 2732 2026 2800 justo-

453 2847 571 2885 rum
609 2832 651 2885 ².
684 2848 703 2882 ι
734 2827 1004 2898 Siquidem
1064 2840 1169 2880 non
1205 2824 1268 2878 de
1314 2824 1574 2892 corporali
1607 2823 1748 2892 [ante
1792 2823 2026 2894 loquitur

452 2921 675 2994 (alioqui
706 2919 922 2975 dixisset
948 2931 1165 2987 corpora
1181 2914 1493 2985 justorum),
1525 2916 1614 2968 sed
1635 2915 1698 2968 de
1720 2915 2022 2968 animarum

451 3015 649 3070 inedia.
692 3031 711 3064 ι
759 3011 882 3066 Non
924 3009 1064 3063 enim
1100 3005 1373 3074 interﬁciet
1411 3005 1552 3074 fame
1599 3006 1805 3060 animas
1848 3005 2022 3076 justo-

451 3123 569 3162 rum
600 3123 618 3171 ;
649 3124 668 3158 ι
703 3102 936 3172 alioquin
963 3101 1059 3153 hoc
1092 3107 1243 3167 pacto
1288 3098 1343 3152 in
1384 3097 1652 3152 beatorum
1688 3098 1792 3150 vita
1830 3097 2019 3164 futura

451 3211 581 3255 esset
626 3197 988 3258 contrarietas,
1018 3191 1440 3263 quandoquidem
1475 3189 1681 3245 Paulus
1736 3191 1791 3246 in
1831 3190 1912 3245 his
1957 3192 2021 3246 de

451 3292 636 3361 quibus
667 3287 928 3359 gloriatur
967 3284 1021 3338 id
1059 3291 1328 3340 enumerat
1358 3299 1377 3336 :
1413 3301 1432 3335 ι
1470 3281 1534 3337 In
1549 3282 1767 3352 jejuniis
1805 3299 1960 3352 sa'pe,
1995 3303 2013 3335 ι

450 3383 576 3435 item
602 3378 734 3434 illud
767 3391 785 3430 :
815 3396 834 3430 ι
871 3375 938 3430 1η
988 3375 1130 3455 [ams
1172 3383 1220 3428 et
1268 3373 1356 3427 siti
1385 3373 1422 3424 ³.
1473 3391 1492 3424 ι
1533 3369 1753 3427 Famem
1785 3382 1956 3426 autem
1985 3391 2020 3427 a

441 3474 608 3543 justis
645 3471 970 3540 deprecatur.
1012 3464 1203 3521 Verum
1229 3463 1434 3535 singula
1473 3465 1582 3518 haec
1619 3474 1832 3533 praestat
1860 3463 2020 3531 juxta

450 3559 805 3619 sublimiorem
832 3557 1021 3612 inedia:
1042 3554 1439 3624 intelligentiam
1469 3553 1824 3622 interpretari.
1859 3551 2020 3622 Ejus-

450 3652 594 3707 modi
617 3659 690 3705 est
724 3657 774 3705 et
797 3647 929 3703 illud
960 3661 979 3700 :
1020 3665 1039 3699 ι
1073 3645 1196 3701 Non
1230 3645 1336 3700 uidi
1358 3643 1554 3711 justum
1573 3642 1898 3709 derelictum,
1927 3659 2018 3696 nec

448 3759 624 3798 semen
665 3740 776 3810 ejus
825 3753 1062 3809 quaerens
1101 3751 1289 3806 panem
1329 3737 1372 3788 ⁸.
1421 3751 1440 3786 ι
1481 3730 1815 3787 Meminimus
1861 3729 2018 3784 etiam

448 3833 606 3900 Elite,
636 3832 786 3903 quia
815 3829 1066 3886 Sidonide
1096 3829 1278 3898 petivit
1311 3841 1497 3898 panem
1552 3825 1574 3856 ⁵
1617 3842 1632 3879 :
1667 3824 1794 3893 quin
1843 3832 1892 3877 et
1936 3838 2017 3876 se-

446 3943 564 3981 men
593 3924 781 3979 Jacobi
804 3924 860 3978 in
882 3921 1113 3993 Egypto
1137 3936 1300 3990 panes
1330 3917 1610 3989 quaerebat.
1639 3915 1791 3981 Quod
1821 3916 1867 3967 si
1885 3913 2015 3967 vita-

449 4020 674 4074 verimus
728 4014 989 4086 abjectam
1034 4021 1084 4068 et
1139 4009 1388 4066 humilem
1443 4006 1859 4077 intelligentiam,
1899 4005 2015 4073 jam

445 4116 710 4166 evanescet
751 4124 815 4161 ea
858 4122 978 4177 qua
1023 4107 1078 4160 in
1107 4102 1377 4160 uerborum
1421 4100 1764 4174 repugnantia
1801 4097 1904 4150 sita
1939 4107 2014 4150 est

445 4200 662 4269 ineptia.
700 4196 983 4268 Ejusmodi
1015 4196 1180 4266 igitur
1211 4195 1416 4266 jejunia
1451 4193 1769 4265 jejunabattt
1811 4186 2011 4255 Judazi,

443 4295 586 4364 fame
631 4300 902 4349 enecantes
944 4290 1244 4346 interiorem
1271 4305 1423 4344 suum
1457 4288 1736 4354 hominem,
1765 4282 1906 4357 quod
1943 4283 2012 4336 ad

442 4385 582 4450 ipsos
621 4381 930 4451 pervenisset
953 4379 1291 4436 comminatio
1318 4378 1432 4443 illa,
1461 4393 1580 4450 qua!
1606 4377 1734 4432 dicit
1760 4392 1780 4433 :
1813 4395 1834 4430 ‹
1875 4367 2013 4430 Ecce

2135 1889 2241 1943 bra:
2267 1898 2546 1951 momento,
2578 1887 2788 1957 quando
2810 1885 2938 1940 lanx
2961 1886 3128 1942 altera
3151 1889 3391 1943 deorsum
3418 1890 3607 1959 vergit,
3640 1907 3706 1945 ea

2131 1995 2248 2051 qua:
2281 1980 2401 2033 huic
2451 1979 2666 2033 obuersa
2723 1987 2839 2046 est,
2897 1977 3162 2032 attollitur
3189 1995 3209 2032 :
3236 1982 3355 2048 pari
3404 1982 3609 2035 ratione
3648 1983 3708 2036 in

2131 2065 2336 2125 homine
2366 2070 2424 2124 id
2454 2071 2624 2138 ipsum
2670 2069 2788 2139 ﬁeri
2821 2071 2990 2140 quivis
3031 2072 3301 2126 advertere
3325 2082 3512 2140 potest.
3563 2072 3704 2128 Cum

2130 2161 2266 2215 enim
2286 2161 2569 2230 pinguescit
2597 2177 2742 2226 caro,
2771 2162 3024 2232 contingit
3049 2172 3268 2218 mentem
3290 2163 3406 2232 ﬁeri
3430 2166 3699 2235 quadarn-

2129 2252 2283 2305 modo
2306 2251 2649 2322 inﬁrmiorem
2678 2253 2994 2308 :extenuari
3040 2269 3158 2308 vero
3190 2270 3543 2322 saepenumero
3577 2273 3705 2311 car-

2129 2359 2268 2408 nem,
2315 2343 2438 2397 dum
2473 2359 2617 2398 mens
2649 2348 2839 2399 lterum
2867 2345 2998 2400 bona
3032 2346 3338 2401 habitudine
3371 2350 3588 2418 gaudet.
3619 2347 3697 2403 Et

2128 2434 2183 2486 id
2234 2433 2406 2502 ipsum
2457 2444 2532 2488 est
2583 2435 2722 2505 quod
2764 2436 2838 2489 ait
2867 2436 3145 2506 Apoitolus
3178 2438 3223 2470 “’
3253 2477 3270 2503 ,
3312 2439 3452 2509 quod
3485 2457 3703 2512 (quan-

2128 2536 2238 2580 tum
2266 2527 2626 2593 corrumpitur
2661 2530 2892 2582 exterior
2922 2530 3076 2584 homo
3105 2568 3121 2596 ,
3179 2540 3378 2586 tantum
3408 2545 3698 2588 renovatur

2126 2615 2383 2679 interior;
2410 2633 2428 2668 ι
2456 2616 2580 2671 item
2601 2615 2734 2671 illud
2756 2633 2774 2671 :
2803 2634 2822 2668 s
2845 2617 3068 2684 Quando
3083 2619 3343 2688 inﬁrmor,
3371 2632 3492 2677 tunc
3511 2633 3701 2694 potens

2125 2723 2238 2760 sum
2277 2709 2342 2762 “.
2367 2726 2388 2762 ι
2441 2707 2583 2763 Nam
2610 2709 2910 2781 [uliginosis
2937 2711 3180 2781 quaedam
3223 2714 3579 2772 exhalationes
3621 2733 3700 2772 ex

2125 2798 2334 2866 copioso
2374 2808 2421 2854 et
2449 2799 2632 2870 pingui
2668 2801 2920 2856 alimento
2951 2803 3177 2868 emisses,
3220 2805 3396 2859 densa:
3425 2807 3583 2861 nubis
3606 2809 3694 2862 in-

2123 2899 2240 2945 star
2270 2891 2504 2956 infusam
2532 2893 2723 2948 animas
2751 2909 2785 2948 a
2818 2891 3021 2960 Spiritu
3050 2903 3233 2950 sancto
3276 2895 3695 2954 illustrationerts

2123 2982 2480 3054 intercipiunt.

2195 3093 2368 3149 Simili
2399 3111 2619 3165 prorsus
2642 3098 2933 3164 sententia,
2964 3097 3090 3154 licet
3120 3115 3227 3154 non
3263 3101 3450 3157 iisdem
3499 3103 3686 3159 verbis

2123 3185 2349 3242 Basilius
2377 3188 2563 3242 homil.
2589 3191 2616 3242 I
2646 3190 2700 3244 in
2726 3189 2934 3258 Jejun.,
2961 3205 3082 3261 pag.
3107 3190 3141 3246 8
3175 3211 3188 3247 :
3215 3193 3298 3247 An
3319 3195 3526 3264 ignoras
3546 3197 3692 3262 quod

2120 3278 2331 3346 perinde
2361 3288 2515 3349 atque
2538 3281 2593 3334 in
2615 3282 2727 3336 acie
2770 3283 2891 3337 hinc
2923 3295 3076 3356 atque
3121 3287 3242 3341 hinc
3283 3288 3562 3352 instructa,
3592 3292 3694 3357 qui

2121 3368 2274 3423 alteri
2300 3371 2440 3439 parti
2466 3371 2574 3442 fert
2613 3377 2877 3444 suppetias
2901 3417 2917 3444 ,
2948 3379 3071 3448 facit
3112 3389 3166 3434 ut
3194 3382 3363 3435 altera
3406 3381 3631 3436 uincat»:
3666 3399 3690 3438 :

2119 3461 2195 3515 ita
2226 3462 2315 3532 qui
2338 3464 2488 3518 carni
2521 3479 2628 3520 sese
2659 3465 2923 3538 adjungit,
2944 3482 3203 3541 expugnat
3231 3472 3495 3540 spiritum,
3524 3484 3573 3528 et
3594 3476 3691 3543 qui

2118 3553 2189 3606 ad
2234 3553 2474 3623 spiritum
2506 3558 2718 3623 transit,
2771 3575 2984 3616 carnem
3027 3563 3080 3616 in
3110 3565 3405 3618 seruitutem
3441 3567 3628 3636 redigit
3661 3569 3694 3621 .’

2120 3643 2250 3699 Htec
2277 3647 2415 3700 enim
2439 3647 2540 3702 sibi
2571 3649 2788 3704 inuicem
2815 3654 3179 3708 adversantur.
3211 3651 3445 3710 Proinde
3469 3657 3516 3711 si
3533 3660 3688 3726 cupis

2117 3745 2340 3792 mentem
2368 3737 2582 3794 reddere
2610 3739 2862 3805 validam,
2897 3744 2986 3811 fac
3011 3760 3219 3798 carnem
3248 3744 3426 3800 domes
3441 3746 3681 3816 jejunio.

2119 3826 2236 3883 Hoc
2263 3828 2400 3883 enim
2432 3839 2510 3885 est
2556 3833 2697 3902 quod
2748 3832 2825 3886 ait
2855 3833 3166 3904 Apostolus,
3195 3837 3336 3907 quod
3369 3855 3390 3889 ι
3425 3850 3684 3908 quantum

2116 3928 2358 3974 externus
2389 3922 2543 3976 homo
2567 3924 2943 3992 corrumpitur,
2971 3934 3175 3981 tantum
3200 3929 3432 3984 internus
3461 3945 3683 3984 renova-

2115 4019 2236 4076 tur;
2288 4028 2308 4063 s
2366 4010 2490 4066 item
2527 4010 2663 4066 illud
2695 4027 2717 4068 :
2761 4030 2780 4064 ι
2835 4011 2968 4068 Cum
3010 4015 3271 4085 infirmos,
3321 4030 3444 4072 tunc
3494 4031 3684 4086 potens

2113 4117 2250 4156 sum.
2293 4121 2314 4156 ι
2350 4101 2632 4160 Postrema
2657 4107 3096 4163 commentatoris
3127 4109 3380 4177 periodus
3405 4112 3682 4180 reperitur

2115 4191 2171 4245 in
2217 4191 2404 4250 eadem
2433 4194 2670 4250 homilite
2714 4195 2910 4265 pagina
2936 4235 2953 4261 ,
2998 4198 3243 4266 pluribus
3277 4198 3399 4256 aliis
3445 4201 3670 4272 interie-

2112 4284 2234 4342 etis.

2187 4397 2294 4454 Sed
2332 4407 2443 4454 tum
2475 4400 2712 4459 maxime
2738 4402 2970 4462 Basilius
3003 4404 3335 4478 agnoscitur,
3369 4421 3490 4462 cum
3517 4420 3676 4462 com-

439 4473 553 4528 dies
583 4473 816 4568 ueniunt,
881 4472 1006 4526 dicit
1036 4470 1290 4568 Dominus
1311 4468 1353 4536 ⁸,
1378 4478 1427 4523 et
1465 4468 1712 4568 inducam
1735 4475 2010 4568 superter-
2038 4490 2085 4550 D
2112 4499 2371 4565 paramur
2420 4506 2541 4547 cum
2587 4492 2731 4549 illius
2761 4495 2815 4551 in
2845 4468 3092 4554 ebriosa:
3139 4468 3359 4552 δυωηῇ
3381 4538 3399 4562 9
3433 4513 3552 4568 qua}
3609 4498 3671 4554 in

441 4581 555 4618 ram
595 4564 732 4618 hanc
769 4562 960 4632 [amem
1003 4577 1022 4615 :
1061 4576 1165 4615 non
1202 4560 1393 4630 famem
1444 4560 1615 4629 panis,
1665 4573 1828 4628 neque
1862 4558 2003 4613 sitim

439 4672 624 4727 aquw;
663 4655 755 4709 sed
779 4653 970 4719 {amem
997 4651 1250 4706 audiendi
1287 4649 1493 4705 verbum
1523 4649 1754 4704 Domini.
1782 4665 1801 4700 υ
1823 4647 2006 4717 Itaque

431 4748 641 4818 jejunia
674 4748 844 4802 odisse
879 4761 934 4800 se
963 4744 1093 4798 dicit
1120 4742 1397 4808 Dominus,
1430 4757 1628 4807 eorum,
1651 4742 1741 4810 qui
1769 4741 2003 4795 animum

439 4856 592 4894 suum
651 4839 934 4908 conﬁciunt
975 4836 1186 4908 quidem
1237 4834 1354 4890 tabe
1405 4850 1513 4901 prie
1571 4833 1886 4888 salutarium
1939 4847 2002 4886 ac

2109 4583 2502 4642 co-mmentario
2557 4582 2809 4656 leguntur
2880 4586 2947 4642 de
2997 4587 3262 4643 ebrietate
3318 4589 3394 4660 (p.
3447 4589 3554 4646 488
3616 4600 3679 4646 et

2111 4687 2247 4746 seqq
2277 4675 2316 4740 ).
2347 4671 2614 4730 Nonnulla
2645 4684 2702 4732 et
2724 4677 2904 4733 verbis
2935 4686 2989 4733 et
3016 4681 3300 4736 sententiis
3323 4681 3517 4737 similia
3543 4694 3676 4737 sunt

2111 4769 2164 4824 in
2195 4769 2588 4826 commentario
2616 4779 2670 4826 et
2705 4770 2758 4826 in
2786 4771 3041 4838 homilia;
3089 4773 3184 4828 sed
3214 4788 3335 4844 quae
3365 4775 3561 4830 absunt
3601 4777 3676 4830 ab

2107 4860 2326 4916 homilia
2383 4878 2488 4918 non
2545 4862 2726 4921 minus
2779 4863 3036 4933 praeclara
3070 4874 3232 4931 sunt,
3264 4883 3426 4938 quam
3454 4884 3573 4940 qua:
3614 4873 3671 4925 in

439 4931 813 5000 viviﬁcantium
862 4929 1290 4984 documentorum
1336 4926 1510 4981 inedia
1577 4941 1597 4980 :
1647 4925 1737 4981 sed
1787 4925 2002 4994 pingue-

436 5022 640 5092 fnciunt
669 5031 858 5090 praeter
878 5020 1089 5075 modum
1118 5019 1461 5089 saginantque
1494 5018 1798 5073 exteriorem
1831 5015 2000 5069 homi-

437 5133 573 5170 nem.

2106 4959 2335 5022 utroque
2363 4956 2732 5024 reperiuntur,
2763 4955 2836 5009 ita
2873 4967 2929 5010 ut
2980 4956 3140 5014 facile
3180 4968 3364 5028 pateat
3417 4963 3671 5016 eumdem

2106 5041 2301 5111 ubique
2334 5043 2591 5099 Basilium
2619 5046 2911 5102 disserere.
2947 5045 3090 5114 Quin
3135 5048 3298 5103 etiam
3329 5049 3670 5106 verisimilli-

2103 5144 2249 5185 mum
2300 5142 2384 5188 est
2428 5131 2686 5190 Basiliam
2743 5150 2812 5191 ex
2840 5138 3230 5194 commentario
3279 5138 3332 5194 in
3387 5141 3667 5196 homiliam

508 5238 737 5294 Basilius
774 5237 826 5290 in
854 5233 1040 5291 homil.
1077 5233 1114 5286 2
1160 5233 1216 5288 in
1271 5232 1453 5302 Jejun.
1482 5247 1539 5285 n.
1568 5230 1638 5286 8:
1673 5227 1876 5282 Rursus
1928 5226 1994 5280 ab
2103 5223 2464 5293 transtulisse,
2493 5241 2613 5296 quae
2647 5227 3066 5283 conveniebant.
3116 5228 3270 5296 Quod
3301 5231 3445 5287 enim
3482 5233 3560 5288 ait
3610 5235 3665 5289 in

434 5330 640 5383 interno
674 5328 858 5382 mentis
888 5326 1094 5396 jejunio
1138 5340 1434 5389 caueamus,
1460 5323 1598 5394 quod
1644 5330 1694 5375 et
1742 5319 1992 5390 prapheta
2097 5315 2318 5372 homilia
2368 5317 2448 5389 (p.
2481 5319 2606 5385 I26,
2633 5335 2690 5380 η.
2739 5321 2794 5393 5)
2825 5341 2841 5377 :
2873 5319 3326 5388 Quemadmodum
3349 5341 3498 5391 cava,
3537 5328 3669 5381 dum

435 5421 760 5488 deprecatur,
794 5421 876 5474 his
901 5419 1066 5474 verbis
1100 5434 1119 5472 :
1145 5435 1164 5468 ε
1206 5413 1328 5470 Νοη
1351 5415 1553 5470 occidet
1578 5412 1832 5468 Dominus
1853 5411 1993 5480 fame
2100 5417 2354 5465 torrentes
2380 5412 2671 5482 con/luunt,
2692 5413 2844 5483 plena
2870 5415 3143 5480 uidentur;
3185 5415 3276 5470 sed
3305 5417 3394 5470 ubi
3423 5420 3669 5474 exunda-

437 5510 641 5566 animas
675 5511 937 5579 justorum
967 5510 1010 5564 ".
1058 5529 1075 5560 ι
1114 5510 1184 5561 Ac
1224 5523 1406 5562 rursus
1451 5521 1470 5559 :
1509 5525 1529 5558 ε
1576 5502 1698 5558 Non
1758 5504 1862 5558 uidi
1903 5503 1996 5571 ju-
2102 5498 2174 5554 tio
2197 5503 2467 5569 praeteriit,
2491 5504 2630 5558 sicca
2656 5506 2909 5576 aridaque
2939 5505 3198 5577 relinqui;
3234 5507 3312 5560 ita
3339 5507 3666 5564 ebriosorum

507 5741 526 5774 ¹
551 5741 692 5796 Psal.
721 5756 872 5803 mu,
904 5739 958 5793 2.
1055 5743 1075 5771 ’
1116 5741 1270 5794 Prov.
1298 5755 1354 5805 χ,
1378 5739 1428 5793 5.
1532 5739 1552 5770 ³
1591 5739 1630 5791 ΙΙ
1660 5737 1784 5793 Cor.
1811 5753 1885 5797 XI,
1918 5735 2009 5789 27.

2125 5743 2134 5764 ι
2172 5732 2315 5805 Psal.
2362 5748 2548 5795 xxxvr,
2580 5733 2670 5788 25.
2767 5735 2788 5766 ⁸
2827 5733 2893 5788 lll
2915 5735 3044 5804 Reg.
3069 5750 3202 5801 xv",
3231 5725 3320 5792 II.
3437 5736 3458 5767 ⁸⁸
3495 5737 3666 5795 Amos

433 5828 556 5870 vnt.
587 5812 670 5866 11.
747 5811 767 5844 ⁷
801 5809 962 5868 Prov.
993 5826 1049 5871 ι.
1074 5811 1126 5866 3.
1203 5811 1224 5841 ⁸
1247 5804 1386 5866 Psal.
1413 5808 1712 5871 xxxvn,25.
1790 5809 1810 5840 ⁹
1838 5808 2003 5863 Amos
2021 5819 2140 5868 vm,
2177 5804 2260 5860 ll.
2338 5805 2381 5838 ιο
2408 5805 2450 5859 ll
2478 5805 2601 5860 Cor.
2635 5821 2709 5868 tv.
2737 5805 2825 5864 I6.
2906 5807 2946 5838 “
2982 5805 3021 5860 ll
3045 5807 3168 5863 Cor.
3200 5821 3304 5864 xu.
3333 5806 3421 5862 10.
