4040 6216
1726 392 1885 444 VITA
1924 392 1983 445 s.
2025 370 2305 445 BASlLll.

3425 402 3581 441 οωιιι

352 514 569 566 emus,
603 504 940 569 restagnante
962 498 1102 563 uino,
1131 498 1337 568 plenum
1361 502 1741 567 quodammodo
1785 522 1918 569 esse,
1949 507 1997 563 Α
2026 512 2133 555 tum
2164 516 2293 558 vero
2334 500 2615 571 praecipuae
2663 497 2961 553 diliicultati
3004 498 3268 553 solvendae
3296 499 3582 566 plurimum

354 605 406 647 et
434 591 729 656 uadidum,
756 590 849 645 sed
878 591 1036 645 simul
1067 602 1121 646 ut
1166 594 1440 662 paululum
1487 597 1707 666 eﬂiuxit,
1732 600 1927 653 siccum

353 696 407 739 et
442 683 682 738 humoris
715 697 898 750 expers
942 683 1184 754 relinqui,
1229 686 1282 741 id
1335 695 1460 755 apte
1504 688 1719 758 quidem
1774 700 1828 745 et
1874 692 1927 745 in

356 774 582 829 humilia
604 772 737 828 etin
759 775 1149 830 commentario
1169 775 1371 831 dictum
1402 786 1507 844 est,
1528 779 1619 834 sed
1645 778 1787 835 haud
1815 781 1928 835 scio

355 881 431 919 an
467 864 647 934 aptius
696 864 753 919 in
808 866 1241 933 commentario,
1287 868 1380 925 ubi
1432 870 1795 925 necessariam
1834 871 1930 924 ha-

360 957 458 1009 bet
508 952 821 1024 juncturam
872 971 995 1012 cum
1027 958 1449 1028 explanatione,
1502 974 1664 1030 quam
1710 959 1931 1031 subjicit

356 1045 599 1101 Basilius
646 1046 733 1103 his
783 1049 1058 1119 propheta
1105 1049 1330 1104 verbis:
1369 1068 1390 1102 ι
1440 1050 1531 1106 Va:
1571 1052 1708 1109 iis...
1758 1070 1779 1105 ι
1840 1052 1930 1122 qui

358 1146 675 1207 exspectant
746 1154 1070 1209 uesperam;
1128 1142 1305 1196 vinum
1365 1141 1501 1196 enim
1563 1158 1651 1197 eos
1715 1142 1928 1197 combu—

360 1240 465 1284 ret.

440 1340 532 1398 Vl.
577 1341 636 1396 In
696 1339 849 1397 Notis
894 1340 963 1397 ad
993 1355 1112 1410 cap.
1138 1341 1173 1397 5
1210 1340 1332 1396 libri
1357 1339 1434 1395 De
1472 1340 1676 1410 Spiritu
1706 1350 1886 1396 sancto
1912 1380 1928 1405 ,

361 1434 459 1489 ubi
479 1433 718 1489 Basilius
748 1435 825 1487 ait
858 1434 935 1503 (p.
966 1432 1020 1504 7)
1045 1433 1285 1487 universa
1321 1448 1430 1487 sese
1482 1433 1551 1486 ad
1598 1431 1932 1503 Unigenitum

363 1533 692 1589 conuertere,
721 1522 1012 1578 invincibili
1033 1533 1187 1594 atque
1217 1524 1492 1578 insedabili
1519 1524 1749 1595 quodam
1792 1525 1933 1578 desi-

364 1619 519 1670 derio
551 1623 606 1670 et
648 1630 845 1670 arcano
877 1615 1071 1684 affectu
1106 1615 1176 1668 ad
1224 1624 1494 1669 auctorem
1534 1624 1584 1670 et
1631 1615 1934 1685 largitorem

363 1709 484 1762 uiue
510 1705 861 1774 respiciemia,
890 1705 1237 1775 apposuimus
1284 1704 1385 1760 hoc
1432 1705 1809 1760 commentarii
1858 1715 1935 1761 te-

364 1799 685 1853 stimonium
709 1815 723 1851 :
749 1796 1059 1867 Unigenitus
1087 1798 1163 1867 (p.
1193 1796 1322 1867 477)
1351 1797 1519 1867 ipsum
1557 1798 1769 1863 bonum,
1794 1796 1934 1867 quod

367 1898 623 1959 appetunt
661 1889 862 1952 omnia,
886 1889 1039 1959 cujus
1072 1904 1221 1944 amor
1245 1889 1476 1944 naturali
1513 1899 1560 1945 et
1590 1889 1930 1945 inenarrabili

367 1982 525 2037 modo
554 1983 793 2037 omnium
852 1983 1058 2037 ratione
1111 1984 1365 2038 utentium
1402 1984 1927 2040 animis'instillatus.

367 2073 604 2144 Agnosci
642 2073 805 2128 etiam
856 2071 1015 2129 facile
1061 2073 1231 2143 possit
1257 2073 1490 2130 Basilius
1534 2075 1590 2131 in
1624 2074 1716 2131 illo
1748 2089 1935 2131 mona-

369 2163 492 2219 stici
538 2162 779 2219 instituti
828 2163 1009 2219 studio
1033 2204 1049 2232 ,
1087 2164 1230 2233 quod
1263 2179 1374 2235 pra:
1413 2180 1472 2220 se
1504 2165 1612 2221 fert
1657 2179 1933 2221 commen-

372 2264 511 2309 tator
552 2253 635 2325 (p.
662 2254 813 2325 464),
867 2269 988 2310 cum
1022 2255 1368 2312 vehementer
1415 2256 1690 2313 invehitur
1723 2258 1776 2313 in
1812 2257 1933 2313 illos

370 2345 550 2417 populi
599 2346 879 2417 principes
906 2385 923 2412 ,
962 2346 1052 2417 qui
1087 2345 1422 2404 voluntarios
1456 2362 1722 2419 pauperes
1745 2387 1763 2415 ,
1810 2362 1934 2405 cum

372 2439 560 2495 beatos
590 2438 891 2509 praedicare
916 2440 1193 2506 deberent,
1240 2439 1641 2496 calumniantur
1693 2456 1758 2497 ac
1803 2454 1937 2498 con-

372 2537 650 2584 temnunt.

440 2640 623 2698 Unum
650 2649 926 2713 superest,
961 2642 1103 2714 quod
1140 2643 1429 2716 diligenter
1464 2651 1705 2699 notatum
1735 2651 1789 2699 et
1817 2642 1937 2700 ani-

378 2735 718 2790 madversum
758 2734 941 2793 velim.
996 2733 1257 2790 Nimirum
1304 2735 1523 2792 Eusebii
1586 2736 1891 2793 testimonia
1919 2778 1934 2802 ,

375 2840 495 2895 qua:
528 2827 581 2880 in
646 2827 796 2882 hunc
844 2828 1288 2883 commentarium
1324 2829 1582 2883 translata
1616 2838 1760 2895 sunt,
1813 2828 1939 2885 toti-

379 2918 497 2972 dem
529 2917 713 2974 verbis
763 2928 983 2974 exstant
1035 2921 1173 2990 apud
1222 2920 1553 2986 Eusebium,
1589 2930 1645 2976 ut
1704 2922 1939 2992 perspici

377 3018 553 3080 potest
592 3010 647 3064 in
676 3008 996 3066 Praefatione
1028 3012 1184 3083 primi
1221 3012 1345 3068 tomi
1377 3011 1611 3083 Operum
1645 3015 1814 3068 sancti
1839 3012 1941 3069 Ba-

381 3102 512 3157 silii.
540 3102 613 3156 At
638 3116 760 3171 quae
790 3103 844 3158 in
874 3103 979 3160 hoc
1010 3105 1396 3160 commentario
1446 3105 1637 3160 similia
1669 3116 1797 3161 sunt
1824 3106 1941 3164 aliis

2029 597 2314 650 conducet.
2356 593 2525 660 Quam
2554 606 2661 646 non
2710 590 2981 646 fastidiret
3022 590 3251 645 Basilius
3287 591 3406 645 trita
3433 606 3463 645 a
3494 606 3585 646 ve-

2029 686 2233 741 teribus
2284 682 2510 753 vestigia
2536 721 2551 744 ,
2591 689 2841 737 testatum
2890 680 3109 751 reliquit
3158 681 3353 752 insigni
3395 696 3586 734 monu-

2030 786 2234 842 mento,
2259 773 2607 831 Philocaliam
2636 774 2789 837 dico,
2835 774 2977 842 quod
3008 788 3109 827 una
3148 788 3268 827 cum
3323 770 3588 838 Gregorio

2029 867 2369 923 Nazianzeno
2398 865 2597 936 exegit.
2631 863 2897 919 Praeterea
2931 864 3085 919 aliter
3126 864 3476 934 judicandum
3511 867 3581 916 de

2030 958 2297 1030 ejusmodi
2323 958 2550 1027 scripto,
2583 971 2646 1010 ac
2671 957 2737 1011 de
2759 955 3092 1011 orationibus
3113 996 3128 1021 ,
3160 970 3296 1025 quas
3317 970 3439 1009 cum
3464 969 3588 1023 pro-

2036 1049 2312 1104 nuntiaret
2347 1045 2577 1102 Basilius
2603 1084 2619 1111 ,
2652 1043 2954 1099 verisimile
2992 1057 3097 1097 non
3151 1053 3235 1098 est
3263 1058 3384 1096 eum
3420 1042 3586 1112 proli-

2032 1141 2117 1196 xis
2147 1136 2365 1194 Eusebii
2415 1136 2548 1192 locis
2602 1134 2921 1190 memoriam
2960 1147 3233 1189 onerasse.
3272 1134 3339 1187 At
3365 1135 3587 1189 minime

2032 1235 2344 1299 repugnat,
2372 1233 2431 1279 ut
2456 1240 2525 1280 ex
2573 1223 2839 1294 scriptore
2869 1222 3223 1279 celeberrimo
3268 1223 3589 1279 transferret

2031 1322 2087 1374 in
2122 1317 2568 1374 commentarium
2602 1330 2758 1371 suum
2783 1329 2904 1386 quae
2924 1314 3214 1369 convenire
3244 1314 3586 1370 videbantur.

2032 1410 2279 1480 Denique
2305 1416 2364 1464 ut
2414 1408 2661 1464 omittam
2714 1406 2832 1461 ﬁeri
2862 1406 3100 1477 potuisse
3124 1446 3139 1471 ,
3190 1415 3250 1461 ut
3288 1406 3491 1461 librarii
3523 1423 3587 1462 ex

2030 1499 2264 1557 Eusebio
2312 1498 2366 1554 in
2422 1498 2527 1554 hoc
2577 1510 2712 1567 opus
2739 1496 2922 1552 Basilii
2960 1497 3220 1552 nonnulla
3263 1505 3545 1552 assuerant
3572 1538 3586 1563 ,

2034 1589 2485 1662 quemadmodum
2509 1587 2626 1659 ejus
2648 1588 2990 1644 orationibus
3026 1602 3095 1642 ex
3140 1587 3326 1643 eodem
3358 1587 3589 1644 Eusebio

2034 1683 2291 1740 nonnulla
2338 1682 2723 1748 inseruerunt;
2756 1695 2879 1735 cum
2911 1678 3143 1736 Basilius
3170 1680 3274 1736 hoc
3294 1695 3430 1751 opus
3482 1695 3590 1736 non

2038 1773 2352 1839 absolverit,
2376 1773 2497 1842 quis
2531 1772 2632 1828 scit
2662 1786 2729 1826 an
2764 1771 2867 1825 tale
2890 1770 3135 1827 editurus
3174 1770 3386 1837 fuisset,
3432 1771 3592 1842 quale

2038 1880 2183 1922 nunc
2232 1865 2541 1921 habemus?
2583 1862 2771 1919 Nonne
2812 1865 2988 1933 potius
3020 1864 3312 1920 verisimile
3344 1873 3429 1920 est
3479 1865 3594 1920 hinc

2039 1958 2348 2014 testimonia
2376 1973 2443 2012 ex
2495 1955 2745 2021 Eusebio,
2788 1955 2951 2010 veluti
2994 1955 3271 2011 materiam
3305 1955 3597 2025 quamdam

2039 2046 2320 2120 scriptoris
2363 2047 2570 2119 judicio
2601 2057 2789 2117 postea
2840 2046 3211 2116 expoliendam
3237 2053 3292 2103 et
3318 2046 3594 2104 illustran-

2040 2141 2183 2206 dum,
2207 2140 2375 2196 fuisse
2411 2138 2789 2208 comportata?

2114 2255 2254 2322 Quin
2300 2253 2458 2309 etiam
2490 2252 2742 2319 decerpta
2780 2266 2845 2307 ex
2879 2250 3070 2305 alienis
3102 2252 3365 2307 messibus
3389 2250 3507 2307 loca
3546 2251 3600 2307 id

2041 2346 2271 2402 ali’erunt
2296 2343 2581 2408 commodi,
2609 2351 2667 2399 ut
2689 2342 2843 2398 facile
2874 2342 3256 2412 intelligamus,
3300 2357 3396 2398 cur
3428 2343 3599 2414 stylus

2043 2434 2413 2492 commentarii
2440 2448 2543 2487 non
2580 2447 2794 2503 semper
2821 2432 3005 2488 Basilii
3030 2433 3206 2503 Magni
3238 2433 3598 2504 eloquentiam

2040 2526 2299 2584 redoleat.
2331 2525 2413 2579 Ex
2454 2527 2537 2580 his
2558 2525 2703 2578 enim
2729 2539 2848 2594 qua:
2876 2525 3084 2593 objecta
3115 2533 3259 2592 sunt,
3284 2525 3415 2579 nihil
3445 2525 3601 2579 video

2043 2616 2207 2688 quod,
2238 2630 2357 2670 cum
2382 2614 2559 2684 aliqua
2579 2611 3041 2667 verisimilitudine
3062 2611 3328 2678 obiectum
3351 2612 3441 2675 sit,
3461 2626 3601 2681 prae-

2045 2719 2128 2765 ter
2185 2708 2312 2779 styli
2364 2705 2798 2774 discrepantiam.
2855 2703 2960 2759 Sed
3028 2704 3116 2758 ille
3174 2703 3600 2759 verisimilitudi-

2047 2803 2130 2859 nis
2177 2801 2325 2857 color
2375 2798 2689 2863 evanescit,
2736 2796 2825 2852 ubi
2870 2797 3318 2851 animadvertitur
3381 2797 3435 2851 in
3500 2799 3605 2852 hoc

2044 2907 2218 2965 Opus,
2278 2891 2420 2961 quod
2472 2890 2708 2947 maxima
2741 2902 2808 2943 ex
2855 2897 3007 2957 parte
3052 2888 3280 2941 nitorem
3320 2885 3605 2942 Basilianae

2046 2984 2311 3041 orationis
2340 2982 2554 3049 retinet,
2588 2980 2812 3036 aliorum
2848 2980 3151 3035 testimonia
3190 2979 3461 3034 interdum
3516 2980 3603 3033 in-

2049 3078 2179 3134 texi.

380 3193 570 3249 Basilii
602 3194 777 3263 locis,
809 3195 1093 3252 sententiis
1139 3204 1348 3252 tantum
1387 3211 1492 3251 non
1524 3197 1703 3253 verbis
1747 3197 1941 3253 similia
1974 3194 2019 3257 C
2118 3191 2343 3246 Frustra
2402 3188 2656 3255 obiicitur
2692 3185 3137 3242 commentatoris
3171 3183 3236 3240 de
3274 3184 3608 3246 daemonibus

380 3295 550 3352 sunt,
583 3287 629 3342 si
656 3302 820 3341 unum
858 3296 951 3341 aut
978 3286 1215 3342 alterum
1255 3286 1428 3341 locum
1479 3287 1739 3357 excipias.
1792 3287 1944 3345 Unde

383 3376 489 3433 hoc
516 3378 838 3447 discrimen,
869 3378 973 3433 nisi
1004 3378 1129 3448 quia
1160 3377 1394 3434 Basilius
1421 3379 1554 3435 alios
1578 3379 1643 3433 de
1676 3379 1942 3433 industria

384 3478 438 3523 et
465 3468 591 3523 data
621 3483 785 3539 opera
836 3469 1192 3537 imitabatur;
1237 3479 1295 3524 ut
1327 3476 1509 3523 autem
1544 3469 1777 3538 seipsum
1826 3467 1946 3523 imi-

384 3568 614 3624 taretur,
652 3561 788 3616 satis
812 3570 951 3626 erat,
978 3561 1143 3615 veluti
1170 3569 1367 3621 natura
1395 3560 1531 3615 duce
1554 3600 1570 3626 ,
1604 3560 1797 3614 insitas
1828 3559 1947 3612 ani-

385 3667 477 3706 mo
522 3653 827 3708 sententias
873 3664 930 3710 et
974 3651 1265 3723 Scriptum
1320 3652 1704 3722 intelligentias
1749 3652 1949 3722 sequi?

387 3743 505 3801 Non
531 3754 618 3801 est
641 3760 769 3816 ergo
799 3762 897 3801 cur
933 3761 1221 3802 vereamur
1269 3746 1414 3802 hunc
1461 3743 1905 3802 commentarium
1932 3784 1948 3810 ,

388 3844 447 3890 ut
471 3837 761 3907 genuinum
790 3837 973 3894 Basilii
1027 3838 1226 3894 laboris
1259 3845 1661 3893 monumentum
1694 3876 1707 3900 ,
1772 3834 1947 3891 suscit-

394 3941 542 3996 pere.

466 4036 621 4107 Saepe
648 4036 886 4094 Basilius
936 4037 991 4093 in
1026 4039 1129 4093 hoc
1162 4052 1323 4108 opere
1366 4054 1529 4093 unum
1559 4054 1617 4095 se
1646 4053 1767 4095 esse
1815 4036 1955 4091 indi-

393 4137 482 4181 cat
506 4141 573 4181 ex
606 4128 913 4183 senioribus
936 4138 993 4184 et
1023 4129 1355 4199 principibus
1392 4129 1570 4199 pepuli
1595 4128 1672 4200 (a)
1716 4146 1731 4184 :
1760 4141 1825 4183 ex
1848 4142 1955 4197 quo

394 4218 589 4272 saltem
617 4220 997 4290 presbyterum
1024 4219 1190 4276 fuisse
1211 4221 1551 4290 perspicitur.
1584 4221 1845 4275 Altiorem
1875 4217 1957 4273 di-

396 4309 621 4380 gnitatis
670 4310 897 4381 gradum
935 4320 1064 4366 tunc
1114 4311 1418 4367 obtinuisse
1462 4326 1566 4366 non
1604 4310 1951 4375 crediderim,

401 4410 511 4455 tum
568 4401 738 4470 quia,
793 4416 915 4456 cum
965 4402 1078 4457 haec
1137 4402 1442 4467 scriberet,
1503 4402 1737 4456 nondum
1773 4409 1957 4470 aperte

399 4492 690 4559 prodibat,
747 4501 807 4547 ut
861 4508 1023 4562 supra
1084 4494 1361 4560 diximus,
1416 4492 1640 4547 haeresis
1693 4491 1960 4547 Pneuma-

412 4585 828 4649 tomaehorum,
867 4599 985 4654 qua:
1016 4594 1193 4640 tamen
1240 4599 1380 4639 anno
1427 4584 1523 4638 571
1574 4585 1809 4653 grassari
1852 4598 1962 4638 ete-

404 4677 521 4744 pit;
546 4685 657 4731 tum
687 4675 811 4745 quia
834 4675 1125 4731 verisimile
1155 4686 1237 4730 est
1268 4675 1476 4731 labores
1502 4676 1841 4746 episcopatus
1871 4675 1960 4730 ob-

404 4770 607 4826 stitisse
640 4812 656 4837 ,

407 4861 752 4930 perduceret.

475 4972 589 5028 Vll.
623 4974 741 5029 Non
762 4970 917 5027 valde
940 4970 1177 5026 dillicilia
1221 4979 1345 5025 sunt
1373 4969 1441 5025 ad
1473 4969 1811 5035 solvendum,
1850 4984 1968 5040 quae

408 5068 567 5124 nobis
594 5066 953 5136 objiciuntur,
995 5065 1080 5119 vel
1116 5064 1298 5135 potius
1348 5065 1414 5118 ad
1443 5078 1627 5118 eorum
1652 5062 1913 5133 judicium
1949 5101 1965 5127 ,

409 5162 500 5230 qui
533 5161 637 5215 hoc
678 5175 813 5230 opus
835 5159 1039 5214 Basilio
1064 5158 1326 5221 tribuunt,
1352 5155 1778 5212 conﬁrmandum
1804 5169 1969 5224 appo-

410 5252 511 5305 sita
537 5250 808 5305 videntur.
855 5248 1006 5316 Quod
1050 5250 1193 5303 enim
1242 5248 1516 5317 indignum
1564 5246 1760 5301 Basilio
1796 5244 1963 5299 fuisse

412 5342 608 5397 dicitur
638 5340 714 5412 (ὁ)
737 5380 754 5405 ,
793 5352 1008 5397 oratore
1044 5340 1489 5409 praestantissimo
1512 5380 1526 5405 ,
1577 5345 1635 5392 ut
1659 5352 1724 5391 ex
1756 5336 1972 5391 Eusebii

416 5433 803 5487 commentario
858 5443 964 5486 tam
1000 5431 1164 5485 multa
1194 5432 1246 5484 in
1295 5444 1449 5486 suum
1483 5427 1801 5482 transferret
1833 5468 1847 5492 ,
1907 5427 1963 5480 id

410 5535 535 5576 cum
563 5536 660 5577 sua
715 5533 906 5590 sponte
939 5520 1194 5575 Basilium
1244 5534 1347 5574 non
1379 5518 1587 5573 videtur
1616 5518 1926 5571 dedecuisse
1954 5533 1967 5580 ;

486 5760 566 5833 (α)
593 5759 726 5831 Pag.
753 5760 877 5825 M7,
912 5759 1036 5825 “8,
1069 5758 1192 5826 419,
1226 5757 1350 5824 492,
1378 5755 1502 5822 465,
1529 5754 1649 5819 461,
1678 5754 1799 5810 509.

2050 3284 2312 3337 sententia
2339 3282 2417 3351 (η.
2450 3278 2520 3332 25
2560 3287 2614 3333 et
2638 3277 2785 3348 256),
2833 3291 2968 3344 quos
3013 3275 3246 3329 victimis
3275 3274 3524 3329 delectari
3554 3282 3610 3328 et

2050 3372 2327 3428 nidoribus
2381 3368 2613 3439 gaudere
2659 3376 2713 3421 et
2768 3366 2835 3420 ali
2892 3380 2997 3420 non
3048 3364 3217 3419 semel
3270 3365 3604 3433 pronuntiat.

2054 3463 2182 3518 Hec
2236 3461 2439 3532 quidem
2463 3498 2481 3526 ,
2515 3458 2690 3527 inquit
2723 3465 2912 3512 auctor
2964 3454 3321 3519 Praifationis,
3351 3463 3609 3525 utcunque

2055 3556 2329 3610 toleranda
2387 3561 2556 3607 essent
2606 3550 2745 3618 apud
2796 3558 3013 3618 poetas,
3056 3557 3149 3603 aut
3183 3548 3321 3616 apud
3363 3549 3611 3617 jocosunt

2054 3647 2359 3715 scriptorem
2396 3642 2684 3697 Lucianum
2707 3656 2727 3695 :
2757 3649 2809 3693 at
2844 3640 3024 3694 eadem
3056 3640 3111 3693 in
3160 3637 3380 3691 Patrum
3414 3640 3615 3709 gravis-

2055 3741 2185 3793 sima
2208 3735 2408 3791 Basilio
2435 3733 2551 3806 quis
2582 3732 2761 3802 ferat?
2803 3730 2922 3785 Scio
2944 3732 3151 3801 quidem
3194 3730 3420 3785 coelestia
3469 3746 3617 3799 qure-

2057 3831 2179 3883 dam
2225 3842 2445 3895 corpora
2488 3822 2687 3895 angelis
2743 3838 2774 3876 a
2823 3821 3134 3892 quibusdam
3184 3820 3436 3874 Patribus
3466 3818 3616 3873 Grat-

2058 3922 2132 3975 cis
2170 3919 2331 3974 tribui
2360 3933 2378 3972 :
2406 3917 2495 3971 sed
2542 3914 2719 3969 nullus
2744 3953 2759 3979 ,
2799 3916 2936 3982 quod
2972 3914 3167 3978 sciam,
3210 3912 3466 3980 ejusmodi
3512 3927 3616 3965 nu-

2059 4026 2151 4081 gas
2210 4022 2439 4078 unquam
2503 4004 2744 4076 garriuit.
2808 4002 3052 4057 Arbitror
3111 4012 3283 4056 autem
3358 4000 3619 4059 Basilium

2061 4116 2095 4153 a
2162 4097 2321 4151 tantis
2392 4092 2751 4150 deliramentis
2821 4092 3045 4147 maxime
3114 4091 3341 4145 omnium
3417 4090 3618 4143 abhor-

2064 4208 2248 4246 γυιωε.

2132 4307 2370 4361 Necesse
2396 4318 2499 4358 non
2532 4312 2615 4357 est
2645 4302 2856 4373 longam
2905 4300 3097 4355 seriem
3132 4297 3451 4367 scriptorum
3481 4295 3620 4349 idem

2067 4396 2415 4453 sentientium
2456 4392 2545 4448 hic
2599 4402 2800 4447 texere.
2837 4390 2981 4444 Satis
3012 4390 3114 4444 erit
3143 4402 3280 4442 unus
3320 4401 3385 4440 ex
3439 4385 3626 4439 multis

2065 4488 2133 4542 ad
2157 4486 2626 4542 demonstrandam
2676 4482 2837 4550 liujus
2878 4480 3065 4547 judicii
3120 4476 3452 4547 iniquitatem
3491 4474 3624 4529 Gre-

2065 4578 2249 4650 gorius
2279 4575 2657 4630 Nazianzenus
2686 4573 2763 4643 (p.
2801 4570 2947 4641 127),
2979 4570 3069 4639 qui
3102 4569 3153 4622 in
3183 4566 3428 4622 oratione
3448 4565 3482 4619 4
3514 4564 3624 4618 dm-

2067 4685 2256 4727 mones
2288 4677 2445 4725 vocat
2470 4667 2688 4739 gulosos
2721 4674 2775 4719 et
2803 4662 3196 4725 fraudulentos,
3219 4667 3273 4712 et
3302 4659 3355 4711 in
3379 4656 3625 4711 oratione

715 4770 999 4839 quominus
1046 4768 1279 4825 Basilius
1332 4770 1398 4823 ad
1473 4769 1783 4823 umbilicum
1836 4782 1970 4839 opus
2069 4763 2137 4817 18
2164 4774 2450 4830 corporum
2482 4766 2538 4814 et
2560 4757 2895 4825 voluptatum
2926 4761 3194 4806 amatores
3231 4750 3306 4818 (p.
3338 4746 3505 4818 279);
3542 4762 3627 4801 eo-

2072 4868 2299 4921 rumque
2346 4850 2650 4906 mercedem
2690 4861 2811 4903 esse
2841 4844 3086 4900 victimas
3122 4850 3175 4895 et
3204 4839 3453 4894 libamina
3506 4851 3627 4907 pro-

2075 4943 2306 5009 nuntiat,
2347 4955 2411 4995 ac
2433 4955 2532 5010 per
2565 4940 2880 5009 sanguinem
2913 4945 2969 4989 et
2994 4933 3235 4988 nidorem
3266 4947 3386 4986 cum
3412 4930 3491 4986 eis
3515 4928 3628 4985 alli—

2072 5036 2294 5089 nitatem
2326 5032 2591 5089 contrahi.

2143 5145 2290 5200 Inter
2340 5159 2402 5199 ea
2428 5158 2547 5211 qua:
2578 5149 2636 5195 ut
2666 5139 2866 5195 Basilio
2889 5136 3106 5207 indigna
3141 5136 3465 5208 colliguntur
3489 5134 3633 5188 Prae-

2076 5238 2173 5293 fat.
2213 5252 2363 5291 num.
2394 5234 2463 5290 56
2490 5275 2506 5303 ,
2542 5233 2680 5287 forte
2714 5231 2936 5300 alicujus
2960 5229 3215 5285 momenti
3252 5227 3420 5283 videri
3468 5227 3634 5297 possit

2076 5329 2218 5399 quod
2245 5329 2320 5381 ait
2350 5334 2744 5383 commentator
2773 5325 2841 5378 de
2861 5320 3179 5390 intelligibili
3211 5321 3443 5389 quadam
3475 5333 3634 5371 cruce

2078 5422 2140 5475 ad
2165 5430 2398 5489 quatuor
2433 5416 2616 5470 mundi
2640 5424 2820 5484 partes
2847 5415 3172 5484 pertinente.
3210 5411 3316 5466 Sed
3342 5410 3394 5463 id
3441 5408 3634 5462 absur-

2079 5512 2203 5565 dum
2233 5510 2397 5564 videri
2422 5523 2525 5563 non
2556 5508 2745 5573 debet;
2775 5507 2856 5561 vel
2886 5507 3059 5576 potius
3083 5502 3403 5559 eruditionis
3437 5500 3493 5555 S.
3528 5497 3600 5552 Ba

2154 5745 2225 5817 (b)
2258 5745 2408 5801 Tom.
2453 5743 2467 5795 I
2502 5742 2681 5808 νηπίη
2706 5756 2756 5810 p.
2782 5741 2869 5795 54.
