4040 6216
512 384 646 429 CLXI

1872 371 2403 431 PROLEGOMENA.

514 491 620 543 silii
672 486 925 541 indicium
984 496 1099 554 est,
1157 489 1250 559 qui
1283 488 1513 546 similem
1582 492 1903 548 sententiam
1933 498 2072 565 apud
2103 497 2362 559 Aeodem
2414 492 2501 549 die
2551 492 2869 559 Dominico,
2903 495 2994 564 qui
3037 493 3241 567 jejunia
3287 499 3355 554 ad
3404 500 3742 558 recordatio-

517 588 807 649 martyrem
841 576 1112 633 Justinum
1166 580 1378 636 viderat
1407 598 1512 638 non
1547 583 1706 656 longe
1750 600 1782 640 a
1810 586 1916 640 line
1955 603 2071 641 ma-

515 668 647 731 ioris
704 667 997 738 Αροιοθὶιε.
1066 668 1262 725 Notum
1335 674 1436 729 hoc
1498 689 1635 745 opus
1687 691 1789 731 non
1858 677 1959 732 fuit
2009 678 2068 734 S.

513 759 842 830 Hieronymo
898 775 915 812 :
977 773 1152 830 neque
1223 761 1380 831 hujus
1448 765 1527 820 rei
1605 766 1834 821 obscura
1907 784 2066 823 causa

439 842 462 873 ³
512 857 635 913 est,
689 865 812 904 cum
857 850 1151 907 verisimile
1208 854 1278 908 sit
1330 854 1398 909 ab
1456 856 1573 927 ipso
1624 857 1826 913 Basilio
1867 860 2067 915 editum

511 943 565 996 in
598 942 769 996 lucem
805 958 911 997 non
943 943 1128 1001 fuisse.
1154 945 1404 1002 Citantur
1445 948 1531 1021 (a)_
1577 950 1820 1005 nonnulli
1856 952 2067 1007 codices

514 1048 644 1087 mss.
679 1034 732 1087 in
761 1035 953 1103 quibus
999 1039 1373 1093 commentarii
1408 1040 1464 1092 in
1499 1038 1702 1095 Isaiam
1757 1057 1787 1095 a
1835 1043 2065 1112 quodam

508 1128 830 1194 presbytero
862 1126 1061 1197 vulgati
1106 1129 1357 1185 dicuntur
1402 1139 1524 1199 post
1576 1141 1801 1187 mortem
1858 1132 1918 1189 S.
1963 1133 2063 1189 Ba-

505 1217 636 1272 siIii.

1056 1311 1283 1370 CAPUT
1329 1314 1511 1370 XLIII.

503 1398 545 1453 l.
582 1399 657 1453 De
711 1401 942 1456 homiliis
987 1405 1202 1457 secundi
1251 1408 1395 1459 tomi.
1440 1406 1674 1461 Homilia
1715 1411 1940 1464 secunda
1997 1413 2062 1465 de

573 1465 912 1544 ieiunionnon
953 1473 1237 1541 auferenda
1289 1476 1509 1529 Basilio.
1541 1477 1601 1530 ll.
1636 1478 1712 1532 De
1741 1479 1968 1534 Itomiliis
2005 1484 2057 1544 '5,

571 1539 629 1602 4,
664 1539 715 1592 5.
738 1539 828 1616 III.
872 1542 945 1593 De
979 1539 1293 1616 [ίρηιῇϋδβ.
1325 1547 1377 1616 7,
1408 1548 1460 1610 8,
1495 1547 1527 1600 9
1550 1589 1564 1611 ,
1605 1564 1824 1614 quarum
1862 1539 2060 1616 tempus

570 1611 930 1661 examinatur.
979 1612 1064 1664 IV.
1095 1612 1174 1666 De
1217 1614 1443 1668 Itomiliis
1485 1611 1667 1671 10-20.
1713 1618 1776 1671 V.
1825 1611 2059 1673 Homilia

573 1678 663 1750 2i.
697 1679 750 1732 in
779 1681 1081 1750 episcopatu
1116 1685 1327 1750 scripta.
1376 1685 1459 1737 De
1496 1688 1659 1739 tribus
1698 1688 1815 1742 aliis
1866 1693 2061 1742 oratio-

479 1756 484 1763 '
570 1749 742 1801 uibus.
796 1747 868 1801 I)e
920 1748 1150 1804 homiliis
1213 1747 1513 1817 deperditis.
1556 1754 1645 1811 VI.
1700 1757 1776 1809 De
1825 1758 2056 1813 Itomiliis

474 1849 481 1858 ι
570 1817 626 1887 in
698 1819 1033 1893 appendicem
1071 1819 1314 1893 rejectis.
1391 1822 1662 1878 Nonnulla
1731 1830 2061 1893 explicantur

568 1901 838 1963 perperam
866 1888 921 1963 in
951 1889 1288 1963 hisliomiliis
1323 1894 1638 1963 vituperata.
1674 1888 1886 1963 VIIXDe’
1914 1898 2057 1951 libris

568 1955 625 2007 in
653 1956 994 2022 Eunomium,
1025 1959 1260 2015 Ascetico
1283 1978 1345 2014 ac
1375 1955 1575 2017 duobus
1598 1964 1746 2019 libris
1774 1967 1837 2020 de
1868 1955 2057 2036 Bapti-

564 2039 643 2077 sm
650 2041 699 2078 0.

564 2113 609 2170 1.
662 2114 820 2171 Nunc
867 2117 1107 2173 breviter
1159 2119 1317 2176 nobis
1362 2125 1707 2179 recensendas
1761 2134 1888 2180 sunt
1939 2126 2057 2182 aliae

496 2207 672 2260 sancti
722 2206 908 2261 Basilii
939 2207 1455 2287 homilite,_quarum
1482 2216 1671 2285 viginti
1713 2225 1943 2286 quatuor
2000 2220 2052 2274 in

495 2304 648 2350 tomo
681 2298 921 2352 secundo
953 2299 1309 2370 disponuntur
1341 2304 1529 2360 eodem
1556 2306 1746 2361 ordine
1767 2323 1831 2363 ac
1859 2310 1911 2363 in
1936 2310 2055 2366 aliis

492 2386 845 2453 editionibus,
866 2395 990 2445 octo
1023 2391 1143 2447 aliae
1171 2392 1225 2452 in
1252 2392 1616 2464 Appendicem
1660 2397 1875 2467 reiectae
1903 2412 2048 2456 sunt.

492 2476 700 2546 Agmen
725 2479 929 2533 ducunt
975 2481 1093 2536 duae
1138 2482 1206 2537 de
1241 2481 1451 2554 jejunio
1490 2485 1723 2544 homiliae
1756 2491 1810 2545 in
1859 2492 2053 2561 quibus

492 2567 726 2624 Basilius
758 2586 867 2627 non
914 2572 970 2628 id
1006 2573 1180 2628 solum
1210 2575 1478 2644 hortatur,
1517 2588 1575 2634 ut
1623 2580 1824 2637 indicta
1860 2585 1928 2639 ab
1950 2583 2051 2640 Ec-

495 2659 659 2714 clesia
697 2659 903 2732 jejunia
945 2663 1318 2733 observentur,
1349 2677 1403 2722 et
1431 2682 1495 2738 ea
1522 2670 1749 2738 ratione,
1777 2687 1896 2742 quae
1940 2671 2050 2731 Deo

487 2750 707 2821 placere
771 2754 976 2823 possit,
1042 2756 1401 2812 observentur
1453 2759 1549 2830 (ὁ),
1619 2764 1715 2818 sed
1761 2766 1922 2819 etiam
1991 2775 2049 2822 ut

486 2854 558 2896 ne
595 2845 834 2914 crapula
885 2845 1207 2903 instantibus
1257 2847 1479 2918 jejuniis
1541 2853 1903 2922 praeminatur
1950 2855 2042 2927 (e).

486 2928 627 2997 Quin
671 2932 838 2989 etiam
891 2932 1088 2989 fatetur
1116 2949 1225 2990 non
1260 2944 1467 2992 tantum
1516 2940 1619 2995 sibi
1667 2940 1867 2999 laboris
1900 2943 2049 3000 insu-

486 3019 741 3073 mendum
778 3034 921 3087 esse,
968 3029 1029 3075 ut
1078 3024 1144 3077 ad
1172 3023 1434 3094 jejunium
1462 3026 1726 3099 hortetur,
1782 3048 1941 3103 quam
1988 3044 2048 3092 ut

487 3109 822 3172 dehortetur,
856 3125 921 3163 ne
969 3112 1084 3180 quis
1109 3112 1286 3179 hodie,
1329 3116 1503 3187 inquit
1533 3119 1633 3191 (d),
1692 3123 1750 3176 in
1779 3125 2043 3181 ebrietatis

2180 602 2304 642 nem
2359 586 2652 641 salutiferae
2701 586 2968 656 passionis
3003 590 3348 659 perducentia
3383 586 3742 651 antecedebat

2177 677 2250 748 (p.
2281 677 2391 747 te).
2949 692 2953 699 ν

2242 768 2427 822 Mirari
2463 767 2594 822 satis
2620 782 2725 822 non
2747 782 2962 838 possum
2987 769 3251 838 quomodo
3270 769 3471 828 Basilio
3496 775 3737 826 secunda

2170 859 2344 913 oratio
2394 858 2460 914 de
2501 857 2709 927 jejunio
2758 859 3057 928 abjudicari
3115 862 3367 928 potuerit.
3418 861 3739 917 Levissimae

2170 946 2469 1003 all‘eruntur
2499 962 2714 1003 causae:
2750 947 3025 1003 Posterior
3066 950 3240 1004 oratio
3286 956 3339 1004 et
3380 951 3649 1020 elegantia
3674 962 3736 1006 et

2168 1038 2322 1108 copia
2350 1039 2520 1093 multo
2564 1038 2791 1093 inferior
2811 1038 2887 1108 lg)
2921 1038 3126 1093 :multa
3175 1040 3229 1095 in
3274 1043 3510 1095 secunda
3546 1043 3737 1113 legun-

2169 1139 2279 1197 tur,
2324 1144 2550 1198 quorum
2587 1129 2690 1183 alia
2724 1144 2788 1184 ex
2825 1131 2995 1200 prima
3039 1140 3282 1199 sumpta,
3314 1132 3515 1205 aliacx
3540 1136 3734 1191 eadem

2165 1232 2420 1288 expressa
2452 1258 2466 1283 ,
2515 1220 2655 1287 quod
2710 1235 2900 1288 parum
2949 1220 3140 1276 decere
3179 1223 3391 1277 videtur
3421 1225 3735 1293 copiosissi-

2163 1325 2310 1365 mum
2353 1311 2530 1365 virum
2559 1310 2839 1367 Basilium.
2885 1311 3188 1368 Secundam
3224 1316 3524 1371 orationem
3555 1318 3729 1373 multo

2161 1397 2471 1454 inferiorem
2500 1401 2680 1471 priore
2708 1416 2828 1457 esse
2845 1401 3104 1471 elegantia
3133 1414 3189 1459 et
3209 1407 3363 1475 copia
3383 1422 3483 1462 nec
3506 1423 3729 1477 possum

2161 1489 2480 1558 concedere,
2508 1506 2606 1547 nec
2638 1508 2992 1549 concessuros
3028 1480 3266 1551 arbitror
3306 1499 3618 1570 quicunque
3647 1511 3733 1557 al-

2163 1582 2363 1637 tentius
2397 1582 2646 1653 legerint.
2684 1582 2867 1639 Prima
2907 1585 3119 1657 longior
3162 1597 3246 1643 est
3271 1628 3288 1655 ,
3318 1605 3382 1645 ac
3432 1594 3729 1647 secundam

2160 1673 2265 1728 hac
2293 1688 2396 1728 una
2444 1688 2502 1728 re
2530 1685 2770 1743 supcrat.
2821 1674 2973 1742 Quod
3022 1687 3235 1747 spectat
3277 1681 3344 1735 ad
3374 1681 3599 1737 alteram
3639 1699 3731 1738 ra-

2160 1764 2476 1831 tiunculam,
2530 1765 2660 1833 quid
2694 1766 2889 1820 mirum
2938 1768 3005 1834 si,
3038 1785 3158 1823 cum
3186 1769 3413 1828 Basilius
3432 1775 3624 1829 eadem
3658 1778 3729 1831 de

2088 1837 2131 1892 Β
2162 1869 2222 1909 re
2250 1855 2443 1909 iterum
2475 1856 2712 1912 disserat
2751 1871 2816 1912 ac
2858 1861 3045 1914 eadem
3084 1862 3207 1916 vitia
3232 1864 3480 1935 castiget,
3517 1867 3725 1920 eaedem

2140 1946 2522 2005 sententiae-in
2550 1954 2777 2015 utraque
2805 1949 3052 2003 oratione
3083 1950 3350 2007 interdum
3384 1965 3683 2009 occurrunt
3704 1957 3731 2009 ?

2156 2034 2263 2091 Sed
2298 2044 2477 2091 tamen
2500 2045 2650 2092 tanta
2678 2053 2809 2103 cum,
2824 2041 3085 2095 varietate
3109 2052 3443 2111 repetuntur,
3464 2056 3532 2101 .ut
3560 2048 3719 2101 novi-

2155 2126 2282 2182 tatis
2319 2128 2491 2197 gratia
2539 2142 2647 2182 non
2694 2140 2916 2184 careant
2950 2146 2966 2184 :
3002 2135 3143 2200 quod
3175 2133 3391 2201 quidem
3419 2135 3594 2190 sancti
3621 2135 3727 2190 Ba-

2154 2217 2261 2272 silii
2313 2220 2616 2275 ubertatem
2647 2221 2856 2276 dicendi
2894 2224 3134 2277 maxime
3164 2225 3517 2281 demonstrat.
3572 2228 3725 2284 Pene

2153 2309 2441 2365 omiseram
2467 2350 2480 2375 ,
2537 2321 2596 2366 ut
2631 2327 2744 2367 rem
2795 2312 2997 2368 nullius
3031 2315 3307 2378 momenti,
3343 2316 3489 2386 quod
3520 2318 3721 2387 objici-

2154 2409 2261 2466 tur,
2310 2402 2515 2457 duabus
2540 2402 2724 2459 Basilii
2770 2405 2836 2460 de
2860 2405 3156 2474 gratiarum
3190 2407 3405 2461 actione
3430 2410 3721 2464 concinni-

2151 2491 2253 2547 bus
2302 2500 2507 2547 tantam
2560 2494 2740 2550 inesse
2783 2496 3103 2550 varietatem
3129 2536 3144 2562 ,
3174 2505 3233 2551 ut
3268 2512 3332 2553 ex
3381 2499 3447 2555 iis
3485 2514 3608 2568 quae
3659 2502 3715 2556 in

2149 2577 2333 2646 priore
2365 2578 2507 2633 dicta
2537 2578 2771 2647 fuerant,
2821 2582 2954 2636 nihil
2998 2583 3051 2637 in
3083 2587 3379 2654 posteriore
3410 2600 3714 2658 repetatur.

2149 2666 2490 2725 Manifestum
2518 2680 2602 2726 est
2634 2688 2732 2727 sua
2775 2682 2967 2744 sponte
2993 2676 3307 2733 discrimen.
3344 2678 3581 2737 Sanctus
3608 2682 3716 2736 Ba-

2132 2752 2303 2815 ‘silius
2332 2762 2383 2815 in
2430 2764 2663 2819 secunda
2696 2767 3041 2835 prosequitur
3073 2782 3193 2837 quae
3226 2768 3398 2838 pridie
3429 2772 3714 2828 disserue-

2147 2860 2253 2906 rat.
2309 2853 2381 2907 At
2410 2853 2530 2910 duae
2560 2855 2626 2910 de
2671 2855 2875 2924 jejunio
2913 2859 3184 2914 orationes
3215 2876 3320 2915 non
3351 2864 3538 2917 eodem
3568 2880 3717 2919 anno

2151 2944 2532 3012 pronuntiata.
2573 2946 2782 3002 Citatur
2811 2949 2925 3004 haec
2964 2953 3197 3005 secunda
3229 2953 3401 3007 oratio
3448 2969 3478 3009 a
3517 2968 3712 3010 sancto

2147 3030 2354 3088 Joanne
2381 3035 2740 3101 Damasceno,
2780 3037 3033 3093 Simeone
3083 3038 3378 3111 Logotheta
3404 3051 3458 3098 ct
3498 3044 3712 3117 Euthy-

2148 3123 2278 3178 mio.
2309 3122 2546 3180 Basilius
2578 3127 2846 3194 promittit
2874 3127 2950 3199 (p.
2995 3127 3083 3199 i6)
3112 3144 3180 3183 ex
3225 3146 3374 3185 more
3398 3148 3498 3187 suo
3533 3145 3715 3188 matu-

487 3199 630 3255 tnala
661 3200 881 3259 incidat.
907 3200 1041 3257 Nam
1064 3218 1094 3258 a
1116 3204 1322 3276 jejunio
1346 3209 1595 3266 violando
1622 3212 1906 3286 plerosque
1922 3231 2045 3271 con-
2068 3205 2112 3264 C
2147 3212 2316 3269 tinam
2346 3222 2403 3268 et
2442 3216 2802 3285 vespertinam
2836 3217 3149 3273 concionem
3200 3222 3551 3289 sequentibus
3600 3224 3716 3279 die-

488 3290 721 3346 suetudo
754 3300 809 3348 et
834 3293 1005 3362 pudor
1034 3296 1400 3354 deterrebant.
1431 3300 1582 3356 Nulla
1613 3304 1755 3359 enim
1795 3316 1912 3362 erat
1954 3309 2040 3364 in-

484 3379 601 3439 sula
635 3386 714 3449 (n.
736 3382 814 3452 2),
848 3383 991 3439 nulla
1031 3387 1312 3444 continens
1349 3398 1511 3459 terra,
1550 3408 1654 3449 non
1691 3396 1900 3463 civitas,
1933 3414 2038 3455 non

479 3487 612 3540 gens
638 3471 761 3536 ulla,
786 3488 891 3529 non
907 3486 1183 3535 extremus
1205 3482 1386 3536 mundi
1417 3484 1661 3553 angulus,
1693 3486 1783 3543 ubi
1809 3504 1913 3544 non
1944 3505 2040 3547 au—

479 3564 684 3621 diretur
708 3562 898 3633 jejunii
942 3571 1323 3643 promulgatio,
1358 3590 1519 3645 quam
1567 3587 1621 3635 et
1675 3584 1942 3638 exercitus
1983 3593 2040 3639 et

477 3653 732 3723 viatores,
748 3667 801 3711 et
819 3668 998 3714 nautae
1027 3670 1081 3715 et
1104 3665 1463 3732 negotiatores
1484 3682 1696 3725 summo
1720 3672 1915 3742 gaudio
1943 3687 2037 3729 ex-

477 3743 771 3810 cipiebant.
801 3745 955 3803 Unde
981 3764 1082 3806 nec
1112 3751 1311 3814 divites,
1358 3771 1458 3811 nec
1507 3773 1769 3829 pauperes
1813 3763 1879 3817 ab
1932 3764 2035 3820 hac

473 3834 662 3906 jejunii
700 3838 816 3909 lege
844 3841 1075 3898 eximios
1098 3843 1263 3900 habet
1285 3846 1514 3904 Basilius
1546 3851 1901 3909 :‘mulieribus
1924 3866 2033 3909 tam

477 3930 807 3986 conveniens
857 3947 922 3989 ac
950 3938 1245 3992 secundum
1290 3948 1538 3995 naturam
1569 3956 1691 3999 esse
1721 3955 1902 4001 censet
1948 3947 2034 4014 je-

471 4014 704 4083 junare,
759 4035 918 4087 quam
967 4026 1237 4095 respirare
1277 4048 1289 4083 :
1330 4045 1527 4102 pueros
1555 4070 1573 4097 ,
1618 4032 1783 4089 veluti
1830 4036 2030 4092 virides

469 4108 705 4177 plantas,
721 4110 909 4181 jejunii
942 4128 1081 4183 aqua
1107 4115 1414 4188 irrigandos
1448 4137 1462 4172 :
1489 4121 1709 4179 senibus
1734 4139 1799 4179 eo
1815 4124 2029 4184 facilius

463 4198 728 4269 jejunium
759 4215 881 4258 esse
905 4242 921 4270 ,
958 4220 1066 4274 quo
1106 4209 1376 4277 antiquior
1402 4226 1525 4267 cum
1559 4227 1624 4268 eo
1652 4214 2025 4287 familiaritas;

467 4289 766 4348 viatoribus
782 4295 1086 4363 expeditum
1111 4312 1230 4354 esse
1249 4291 1725 4359 itiucris‘comitem
1741 4305 2020 4377 jejunium.

469 4381 575 4436 Sed
607 4383 931 4441 instantibus
957 4385 1178 4457 jejuniis
1203 4392 1393 4459 praeire
1422 4393 1630 4451 solebat
1668 4397 2022 4456 immoderata

463 4473 674 4529 laetitia.
706 4474 797 4533 Sic
831 4479 973 4535 enim
1019 4481 1261 4536 nonnulli
1296 4486 1436 4554 apud
1464 4499 1523 4541 se
1555 4488 1861 4558 cogitabant
1904 4490 1971 4563 (e)
2006 4511 2022 4550 ε

2144 3303 2267 3359 bus.

2124 3452 2146 3477 ᾗ
2213 3393 2280 3448 II.
2309 3392 2619 3450 Orationem
2651 3396 2860 3450 tertiam
2892 3395 2971 3468 (It)
3004 3399 3191 3454 habuit
3223 3400 3453 3458 Basilius
3484 3404 3536 3457 in
3573 3404 3709 3459 illud

2145 3483 2460 3554 Scripturaa,
2492 3485 2707 3539 Attende
2733 3486 2825 3540 tibi
2852 3488 2972 3556 ipsi,
3004 3490 3145 3556 quod
3181 3500 3335 3544 antea
3366 3494 3559 3546 lectum
3587 3494 3710 3548 lue-

2145 3583 2248 3629 rat.
2290 3573 2369 3628 Ex
2396 3575 2650 3631 brevibus
2682 3576 2787 3632 illis
2819 3579 2996 3634 verbis
3029 3581 3353 3637 uberrimam
3402 3593 3709 3653 pracepto-

2140 3681 2260 3721 rum
2290 3674 2527 3738 segetem
2558 3668 2776 3722 deducit
2802 3709 2816 3734 ,
2859 3684 2921 3724 ac
2946 3671 3298 3738 demonstrat,
3328 3678 3594 3744 quomodo
3628 3679 3709 3731 vi-

2139 3758 2413 3828 gilandum
2444 3758 2702 3815 adversus
2725 3775 2919 3829 pravas
2964 3762 3344 3832 cogitationes,
3373 3780 3434 3819 ac
3466 3766 3608 3820 ratio
3634 3770 3703 3821 ad

2139 3850 2309 3905 nostri
2339 3851 2639 3905 custodiam
2671 3852 2997 3920 adhibenda,
3029 3856 3299 3925 quomodo
3330 3872 3434 3912 non
3473 3858 3558 3924 iis,
3581 3874 3704 3929 quas

2138 3953 2324 3998 nostra
2376 3944 2632 3999 dicuntur
2681 3954 2736 3999 et
2781 3946 2927 4001 circa
2976 3963 3075 4003 nos
3104 3960 3249 4012 sunt,
3286 3951 3381 4006 sed
3409 3952 3706 4006 nobismet-

2136 4034 2267 4103 ipsis
2320 4035 2598 4090 attendere
2650 4035 2959 4093 debeamus.
3010 4039 3289 4106 Quomodo
3338 4057 3432 4096 sua
3468 4045 3701 4114 quisque

2132 4134 2356 4192 peccata
2390 4133 2447 4179 et
2494 4125 2815 4180 conditionis
2850 4142 2959 4183 sum
3012 4127 3185 4183 cilicia
3218 4130 3565 4185 considerare
3598 4134 3698 4188 de-

2132 4217 2276 4281 beat,
2303 4217 2569 4285 quomodo
2593 4217 2668 4272 uti
2701 4218 3056 4288 praesentibus
3079 4228 3132 4275 ct
3156 4221 3351 4276 futuris
3382 4224 3695 4291 providere,

2131 4322 2231 4361 nec
2258 4307 2312 4360 in
2360 4306 2534 4361 aliena
2568 4308 2696 4361 vitia
2724 4348 2741 4374 ,
2792 4309 2887 4363 sed
2920 4310 2972 4363 in
3004 4313 3351 4380 semetipsum
3390 4313 3692 4382 inquirere.

2130 4396 2406 4465 Quomodo
2458 4400 2541 4453 sui
2583 4399 2750 4467 ipsius
2795 4400 3028 4470 cognitio
3082 4402 3134 4455 id
3175 4400 3364 4457 aifcrat
3396 4405 3692 4471 commodi,

2132 4498 2189 4543 ut
2214 4504 2315 4544 nec
2341 4485 2629 4543 ell'eramur
2654 4490 2706 4543 in
2732 4491 3028 4559 prosperis,
3060 4506 3160 4546 nec
3190 4493 3243 4545 in
3272 4493 3513 4547 adversis
3536 4492 3691 4546 fran-

467 4563 734 4629 Quom’am
782 4569 929 4624 nobis
974 4573 1199 4643 quinque
1229 4575 1431 4629 dierum
1466 4556 1735 4647 jejunium
1772 4582 2024 4639 indictum
2055 4556 2101 4617 υ
2128 4595 2340 4651 gamur,
2370 4581 2463 4635 sed
2491 4596 2557 4634 ex
2594 4581 2787 4635 animae
2817 4596 2880 4636 ac
2908 4581 3076 4649 ipsius
3106 4582 3269 4636 etiam
3304 4584 3546 4654 corporis
3566 4601 3694 4639 con-

463 4666 541 4711 est
571 4657 767 4731 (neque
796 4660 943 4738 enim.
971 4662 1109 4731 apud
1136 4662 1357 4721 Graecos
1382 4666 1644 4735 jejunium
1700 4669 1753 4724 in
1785 4669 2026 4738 Quadra-

462 4747 666 4813 gesima
720 4734 956 4803 Sabbato
989 4752 1347 4825 servabatur),
1386 4734 1545 4810 rhodie
1591 4734 1827 4828 nosipsas
1861 4771 2026 4815 temu-

459 4835 623 4894 lentia
651 4838 953 4893 obruamus.
984 4839 1209 4897 Pravam
1240 4846 1378 4902 hanc
1407 4850 1868 4917 consuetudinem,
1901 4852 2015 4907 vel-

460 4932 538 4985 uti
572 4941 847 5001 paternam
886 4936 1256 4995 haereditatem
1289 4941 1382 5012 (Γ),
1433 4944 1761 5011 retinebant,
1791 4957 1847 5001 et
1879 4948 2026 5003 velut

459 5023 557 5092 qui
616 5023 961 5102 longinquam
1015 5030 1401 5097 profectionem
1450 5036 1755 5103 adornant,
1792 5039 1877 5094 die
1905 5039 2015 5096 Do-

456 5117 654 5171 minica
683 5118 943 5175 adversus
974 5121 1092 5178 illos
1127 5126 1362 5196 quinque
1396 5126 1584 5197 jejunii
1619 5130 1737 5185 dies
1764 5131 1890 5187 vino
1924 5132 2014 5185 in-

454 5203 766 5274 dulgebant.
801 5206 949 5263 lianc
995 5213 1315 5279 pravitatem
1353 5216 1583 5274 Basilius
1632 5221 1898 5276 acerrime
1934 5221 2018 5275 in-

452 5302 713 5349 sectatur.
742 5294 985 5367 Utraque
1013 5304 1188 5359 oratio
1226 5307 1455 5366 diversis
1492 5312 1648 5367 annis
1686 5310 1892 5377 habita,
1923 5309 2016 5367 sed

522 5410 612 5452 ¹²-¹
644 5412 665 5468 l
698 5413 894 5472 Thess.
929 5430 982 5485 v,
1016 5416 1105 5475 26.

396 5526 403 5577 ί
545 5552 599 5615 a)
630 5551 913 5611 Tillemon.
940 5568 1054 5615 not.
1086 5561 1175 5628 85,
1198 5562 1251 5618 in
1277 5561 1440 5619 Basil.

520 5550 596 5689 ib)
630 5621 725 5677 Or.
751 5624 804 5679 1.
903 5620 919 5631 ”

520 5621 574 5689 (b
630 5621 725 5677 Or.
751 5624 804 5679 1.
903 5621 919 5631 ⁷

545 5708 570 5743 c
622 5692 715 5747 Or.
745 5694 801 5759 2,
833 5711 886 5750 n.
918 5697 1028 5754 det
1050 5699 1104 5757 7.

520 5622 600 5836 ij)
625 5763 782 5834 lbid.,
804 5782 860 5822 n.
884 5766 938 5822 7.

578 5763 782 5834 )lbid.,
804 5782 860 5822 n.
884 5766 938 5822 7.

2128 4670 2458 4725 sideratione
2506 4671 2573 4726 ad
2624 4672 2834 4741 epilicis
2887 4673 3394 4744 contemplationem
3436 4690 3693 4745 assurga-

2126 4780 2262 4819 mus.

2196 4858 2508 4926 Sequuntur
2548 4856 2665 4911 duce
2704 4856 2770 4911 de
2805 4857 3098 4926 gratiarum
3153 4859 3366 4912 actione
3389 4858 3687 4916 orationes.

2123 4946 2259 5004 Cum
2284 4947 2663 5016 explicandum
2687 4949 3014 5018 suscepisset
3049 4948 3279 5005 Basilius
3304 4950 3436 5004 illud
3482 4949 3634 5004 Pauli
3672 4970 3688 5006 :

2124 5039 2341 5108 Semper
2362 5038 2605 5106 gaudete,
2634 5039 3143 5095 sineintermissione
3170 5053 3337 5107 orate,
3359 5045 3415 5095 in
3442 5042 3688 5097 omnibus

2119 5132 2316 5199 gratias
2334 5131 2469 5199 agite
2488 5129 2742 5213 “Annua:
2756 5131 2943 5185 eodem
2980 5132 3066 5185 die
3100 5132 3237 5186 lecta
3261 5131 3494 5197 fuerant,
3520 5148 3686 5187 uuam

2122 5216 2426 5271 orationem
2457 5216 2747 5284 insumpsit
2773 5217 2825 5270 in
2851 5218 2917 5272 iis
2948 5218 3276 5285 relclleudis,
3304 5222 3398 5292 qui
3426 5222 3540 5274 fieri
3573 5237 3686 5275 non

2121 5326 2276 5379 posse
2312 5309 2733 5374 contendebant,
2764 5322 2822 5365 ut
2844 5322 3055 5380 semper
3090 5315 3436 5382 gaudeamus.
3468 5312 3684 5369 Postri-

2185 5563 2255 5632 (e)
2282 5562 2437 5630 lbid.,
2472 5581 2526 5618 η.
2552 5566 2606 5618 ι.

2193 5634 2261 5701 (f)
2296 5634 2451 5698 II)I(I.,
2487 5651 2538 5687 n.
2573 5636 2623 5688 7.

2188 5704 2260 5770 (g)
2295 5702 2509 5760 Praafat.
2538 5713 2666 5758 10m.
2703 5704 2765 5771 Η,
2794 5723 2849 5759 n.
2884 5708 2937 5764 4.

2189 5772 2265 5839 (lt)
2292 5772 2445 5828 Hom.
2477 5773 2531 5840 5,
2557 5775 2611 5840 4,
2643 5775 2696 5829 5.
