4040 6216
429 345 613 391 CLXXII

1766 329 2268 390 PROLEGOMENA
2281 375 2292 387 .

431 450 623 501 horrea
641 463 752 501 mea
771 449 813 500 ⁸.
842 445 1010 502 Totus
1033 450 1175 503 enim
1205 448 1277 503 ibi
1297 458 1538 504 versatur
1563 448 1790 503 Basilius
1816 449 1867 502 iu
1895 450 1991 503 ad-
2021 459 2067 516 Α
2099 449 2346 518 baptismi
2375 455 2583 518 tempus
2609 461 2752 513 esse,
2787 447 2882 502 sed
2912 454 3088 501 tamen
3128 444 3407 501 Paschalis
3435 455 3650 516 tempus

434 538 716 593 hortandis
746 539 996 594 divitibus
1041 553 1111 594 ne
1147 553 1421 608 caupones
1467 540 1595 594 ﬁant
1623 541 1980 594 humanarum

434 626 798 683 calamitatum
831 628 906 697 (p.
943 627 1058 696 λϐ).
1089 643 1157 683 ne
1182 629 1495 685 exulcerent
1514 628 1756 694 vulnera,
1783 645 1851 684 ne
1875 628 1985 683 fra-

439 727 572 772 trem
599 726 840 788 tempore
866 719 1209 774 necessitatis
1238 721 1505 791 ignorent,
1551 721 1644 776 sed
1678 729 1987 790 promptua-

432 807 512 861 ria
547 800 1031 879 aperiant-(p.17),
1070 819 1125 864 et
1155 809 1414 865 frumenti
1466 810 1664 865 fratres
1698 809 1988 880 participes

431 896 666 952 eﬂiciant
697 899 775 969 (p.
797 899 910 968 49).
949 898 1056 958 Sed
1091 911 1268 956 tamen
1301 903 1589 986 quominus
1622 900 1765 956 hanc
1790 899 1989 956 oratio-

431 1002 553 1042 nem
592 989 658 1042 ad
705 989 864 1045 famis
901 1001 1118 1059 tempus
1164 990 1419 1058 referam,
1467 991 1552 1046 his
1594 991 1838 1048 detineor
1870 1005 1989 1046 ver-

429 1079 513 1132 bis
547 1077 624 1150 (p.
669 1079 759 1148 46)
791 1096 806 1134 :
849 1079 987 1134 Cave
1021 1092 1284 1150 exspectes
1330 1097 1552 1137 annona
1581 1081 1888 1137 charitatem
1917 1081 1987 1135 ad

429 1171 618 1224 horrea
643 1172 1019 1240 aperienda:...
1050 1171 1131 1227 Ne
1157 1173 1347 1242 famem
1381 1175 1501 1226 astri
1533 1189 1716 1239 causa,
1743 1189 1805 1227 ne
1847 1189 1988 1228 com-

429 1275 636 1315 munem
662 1270 936 1326 egestatem
959 1263 1018 1316 ob
1036 1263 1294 1332 privatam
1317 1273 1460 1317 tuam
1479 1263 1679 1332 copiam
1697 1263 1986 1332 opperiare.

430 1349 643 1405 Nullam
671 1360 799 1407 tunc
831 1353 1158 1422 graviorem,
1183 1368 1344 1422 quam
1375 1354 1496 1410 aliis
1524 1353 1878 1425 temporibus,
1899 1354 1988 1423 ju-

429 1444 590 1498 vaudi
615 1446 870 1513 pauperis
897 1461 1118 1500 causam
1142 1448 1434 1514 exstitisse,
1463 1464 1530 1504 ex
1562 1450 1648 1505 his
1679 1451 1840 1506 etiam
1864 1466 1987 1505 ver-

430 1534 514 1588 bis
562 1535 796 1604 perspici
839 1545 1016 1605 pote9t
1043 1555 1055 1592 :
1085 1538 1250 1592 Nunc
1287 1540 1414 1608 quid
1444 1541 1656 1608 impedit
1707 1543 1986 1611 quominus

429 1623 701 1694 largiare?
727 1624 916 1681 Nonne
946 1627 1090 1682 adest
1117 1629 1326 1700 indigus
1347 1632 1440 1685 ?...
1469 1627 1719 1686 Esuriens
1745 1631 1988 1687 contabe-

427 1716 549 1778 scit,
579 1716 750 1771 nudus
777 1719 928 1783 riget,
977 1719 1345 1790 strangulatur
1371 1721 1414 1775 is
1443 1737 1475 1774 a
1503 1737 1606 1792 quo
1637 1723 1859 1778 debitum
1878 1725 1987 1779 exi-

427 1808 593 1876 gitur,
614 1817 659 1862 et
688 1821 743 1862 tu
781 1809 1156 1880 eleemosynam
1185 1812 1364 1881 tii/fers
1393 1813 1446 1866 in
1472 1815 1785 1870 crastinum.

501 1897 847 1953 Demonstrat
880 1898 1113 1956 Basilius
1143 1901 1198 1956 in
1239 1903 1484 1960 oratione
1506 1919 1648 1959 nona
1687 1906 1855 1960 Deum
1887 1920 1986 1960 au-

427 1994 632 2044 ctorem
661 1989 920 2044 malorum
949 2005 1051 2046 non
1077 2007 1234 2060 esse;
1274 1995 1368 2050 sed
1401 1995 1760 2061 calamitates,
1779 2012 1897 2065 quae
1918 1998 1984 2052 ab

431 2093 499 2133 eo
521 2078 843 2147 inferuntur,
869 2096 935 2136 eo
960 2090 1222 2151 spectare,
1261 2093 1320 2136 ut
1344 2084 1514 2139 virtus
1547 2086 1824 2140 hominum
1855 2102 1984 2155 pro-

425 2169 601 2234 betur,
638 2170 723 2226 vel
748 2182 804 2225 ut
827 2182 1046 2240 peccata
1077 2174 1378 2243 expientur,
1402 2175 1486 2230 vel
1525 2176 1708 2241 etiam,
1737 2177 1780 2232 si
1806 2179 1984 2234 minus

425 2261 778 2318 emendentur
818 2263 1097 2334 improbi,
1141 2263 1332 2320 saltem
1382 2279 1568 2321 eorum
1604 2267 1850 2338 exemplo
1891 2269 1982 2324 alii

423 2352 676 2409 meliores
707 2354 860 2411 ﬁant.
891 2354 1104 2410 Nullam
1129 2359 1272 2413 enim
1309 2357 1434 2413 mali
1469 2372 1588 2414 esse
1603 2359 1982 2425 substantiam,

424 2444 519 2498 sed
545 2443 810 2500 Adamum
845 2460 911 2500 ac
955 2446 1126 2516 ipsum
1150 2447 1314 2502 etiam
1344 2449 1613 2504 diabolum
1657 2449 1814 2506 liberi
1847 2452 1982 2508 arbi-

424 2533 516 2588 trii
543 2536 808 2592 deteriore
841 2553 938 2593 usu
962 2539 1246 2613 prolapsos
1279 2555 1419 2597 esse.

495 2623 698 2693 Conjici
727 2637 910 2697 posset
944 2628 1082 2684 hanc
1135 2631 1435 2686 orationem
1483 2632 1668 2688 eodem
1710 2650 1851 2691 anno
1878 2634 1980 2691 568

421 2716 820 2783 pronuntiatam
861 2719 1060 2784 fuisse,
1101 2730 1194 2775 aut
1237 2730 1383 2778 certe
1417 2739 1558 2779 anno
1591 2723 1695 2779 569
1723 2726 1940 2784 ineunte
1962 2768 1976 2794 ,

422 2818 715 2879 antequam
746 2807 961 2879 frugum
994 2811 1258 2878 collectio,
1299 2822 1392 2868 aut
1428 2829 1550 2882 spes
1585 2816 1869 2886 colligendi
1897 2817 1979 2872 fa-

423 2913 568 2953 mem
603 2899 866 2955 sedasset.
914 2900 1049 2955 Nam
1101 2902 1243 2956 inter
1284 2903 1642 2970 calamitates,
1689 2920 1753 2960 ex
1785 2908 1980 2976 quibus

426 2989 674 3045 nonnulli
707 3004 891 3044 ansam
935 2991 1282 3059 arripiebant,
1314 3001 1371 3045 ut
1401 2993 1466 3047 de
1497 2991 1589 3047 Dei
1641 2996 1976 3063 providentia

422 3093 530 3134 non
559 3081 644 3148 pie
674 3081 959 3144 sentirent,
991 3091 1343 3135 numerantur
1370 3081 1575 3152 integra
1606 3084 1819 3138 urbium
1838 3087 1982 3140 exci-

2090 539 2323 592 maxime
2349 537 2618 606 baptismo
2641 537 2963 592 convenire:
2989 536 3320 605 perabsurde
3347 535 3524 592 facere
3551 541 3645 606 qui

2087 643 2209 681 cum
2247 628 2300 680 in
2348 626 2623 681 Christum
2675 627 2932 694 credant,
2982 627 3268 682 Christiani
3317 637 3493 682 tamen
3536 643 3645 682 non

2087 717 2244 770 ﬁunt.
2269 716 2504 786 Exponit
2540 717 2750 772 illorum
2785 717 2956 772 oculis
2981 726 3111 788 quot
3134 727 3400 786 etquanta
3435 717 3648 787 fugiant

2087 809 2250 872 bona,
2292 824 2416 864 cum
2454 809 2782 878 baptismum
2829 809 3059 879 fugiunt.
3090 808 3433 878 Voluptatum
3469 809 3646 863 amori
3743 817 3750 823 ‘

2088 909 2143 955 et
2171 899 2368 954 diaboli
2405 897 2650 954 artiﬁciis
2692 899 2832 953 hanc
2860 897 3111 968 baptismi
3141 897 3317 968 fugam
3345 899 3593 952 attribuit
3622 915 3643 963 ;

2087 1004 2152 1045 ac
2186 989 2446 1054 declarat,
2475 989 2577 1044 nisi
2605 989 2672 1044 ad
2703 986 2972 1043 saniorem
3008 997 3240 1042 mentem
3264 988 3506 1053 redeant,
3537 989 3646 1042 hoc

2084 1095 2179 1136 eos
2208 1094 2451 1142 manere,
2475 1090 2533 1133 ut
2559 1078 2641 1134 vel
2676 1079 2974 1134 moriantur
2994 1079 3110 1134 sine
3122 1079 3410 1148 baptismo,
3435 1079 3520 1134 vel
3545 1079 3645 1135 ha-

2083 1171 2338 1242 ptismum
2359 1171 2545 1225 morbo
2565 1169 2805 1239 oppressi
2823 1184 2949 1235 non,
2969 1179 3027 1224 ut
3057 1185 3152 1240 par
3183 1179 3286 1237 est,
3317 1173 3640 1241 suscipiant.

2085 1263 2342 1330 Quamvis
2366 1271 2544 1317 autem
2577 1263 2742 1330 ipsius
2769 1262 2934 1317 etiam
2966 1262 3258 1330 iuventutis
3283 1261 3493 1318 frenum
3519 1278 3647 1319 esse

2085 1355 2412 1424 baptismum
2447 1355 2637 1409 doceat
2671 1352 2750 1425 (ιι.
2791 1353 2882 1423 6),
2920 1368 3027 1409 non
3063 1361 3239 1409 tamen
3274 1364 3525 1423 parentes
3556 1356 3643 1409 vi-

2087 1453 2322 1514 tuperat,
2350 1447 2443 1514 qui
2470 1443 2698 1499 ﬁliorum
2749 1442 3074 1513 baptismum
3122 1444 3522 1514 prorogabant,
3575 1462 3648 1500 ne

2085 1536 2343 1590 eximium
2376 1535 2519 1590 hunc
2575 1535 2891 1590 thesaurum
2930 1533 3304 1590 adolescentiae
3343 1536 3648 1606 naufragiis

2085 1636 2463 1695 exponerent;
2504 1627 2557 1682 in
2580 1641 2674 1682 eos
2705 1634 2912 1681 tantum
2943 1626 3235 1694 invehitur,
3265 1629 3358 1698 qui
3383 1644 3505 1684 cum
3555 1630 3644 1684 sui

2081 1721 2222 1791 juris
2258 1731 2461 1784 essent,
2517 1719 2830 1775 liberiorem
2877 1719 3044 1774 vitam
3086 1721 3352 1790 baptismo
3388 1720 3650 1776 nolebant

2017 1799 2061 1854 Β
2091 1812 2429 1881 interrumpi.

2153 1905 2302 1959 Dicta
2324 1911 2407 1958 est
2427 1901 2602 1957 oratio
2615 1901 2821 1957 decima
2840 1911 3030 1972 quarta
3045 1901 3099 1956 in
3116 1901 3380 1966 ebriosos,
3398 1901 3557 1970 cujus
3573 1902 3651 1956 vi-

2082 1995 2140 2049 tii
2160 1993 2465 2066 exagitandi
2489 1993 2616 2048 hinc
2649 1991 2848 2048 Basilio
2869 2001 2991 2046 nata
3025 2001 3107 2047 est
3126 1993 3356 2048 occasio.
3370 1992 3510 2048 Cum
3541 2007 3645 2062 per

2081 2097 2286 2156 septem
2315 2085 2643 2157 jejuniorum
2675 2087 3042 2142 hebdomadas
3072 2085 3417 2155 Evangelium
3453 2087 3652 2154 gratim

2081 2178 2178 2232 Dei
2201 2180 2289 2233 diu
2322 2187 2594 2249 noctuque
2646 2177 2764 2234 sine
2811 2178 3212 2234 intermissione
3252 2178 3604 2248 praedicasset
3628 2215 3646 2242 ,

2080 2270 2464 2341 permolestum
2508 2270 2555 2324 ei
2604 2269 2836 2334 accidit,
2883 2279 2942 2326 ut
2986 2269 3224 2325 nonnulli
3254 2285 3321 2325 ex
3349 2271 3506 2340 plebe
3540 2270 3648 2324 sibi

2081 2361 2372 2416 commissa
2398 2361 2730 2430 jejuniorum
2767 2360 2974 2416 fructus
3001 2363 3161 2417 unius
3183 2377 3422 2431 vesperae
3450 2362 3649 2416 intem-

2079 2451 2348 2520 perantia,
2377 2462 2431 2506 et
2458 2461 2678 2521 accepta
2713 2466 2812 2521 per
2840 2462 3008 2506 totum
3041 2451 3476 2522 Quadragesimaz
3509 2463 3650 2506 tem-

2085 2557 2187 2612 pus
2243 2543 2444 2597 monita
2480 2543 2532 2596 in
2573 2551 2789 2597 ventum
2821 2541 3177 2598 effunderent.
3223 2543 3363 2596 Nam
3398 2543 3650 2599 mulieres

2078 2632 2378 2688 lasciva...
2421 2633 2688 2688 servitutis
2727 2633 2925 2688 Christi
2955 2650 3174 2688 emcusso
3207 2634 3342 2705 jugo
3374 2635 3449 2705 (p.
3489 2634 3646 2702 ηδ),

2077 2725 2378 2780 velamentis
2411 2727 2698 2780 honestatis
2719 2743 2751 2779 a
2773 2727 2940 2796 capite
2957 2727 3181 2794 rejectis,
3201 2735 3490 2796 contempto
3511 2726 3647 2792 Deo,

2079 2819 2267 2886 spretis
2307 2817 2472 2888 ipsius
2502 2818 2724 2888 angelis,
2753 2819 2957 2873 virilem
2983 2835 3184 2872 omnem
3209 2828 3476 2886 aspectum
3504 2821 3649 2872 citra

2077 2912 2327 2976 pudorem
2359 2909 2604 2978 ferentes,
2628 2925 2801 2963 comas
2827 2911 3105 2978 agitantes,
3130 2909 3387 2963 trahentes
3412 2911 3646 2973 tunicas,

2079 3018 2140 3053 ac
2170 3003 2386 3066 pedibus
2425 3001 2586 3055 simul
2627 3001 2862 3055 ludentes
2890 3042 2906 3065 ,
2940 3001 3229 3054 lascivienti
3269 3002 3440 3065 oculo,
3473 3001 3647 3070 eiusa

2081 3096 2210 3159 risu,
2248 3094 2316 3147 ad
2338 3093 2638 3147 saltandum
2673 3093 2826 3160 quasi
2871 3093 3097 3162 quodam
3158 3091 3333 3160 furore
3377 3094 3596 3145 concita:
3625 3133 3644 3157 ,

420 3171 532 3238 dia,
558 3171 746 3238 fames,
776 3172 1050 3227 siccitates
1080 3184 1134 3227 et
1160 3171 1420 3227 sterilitas
1448 3173 1719 3246 terra:(a).
1748 3175 1972 3232 Urbium
2003 3152 2044 3209 θ
2083 3201 2288 3241 omnem
2315 3186 2572 3254 juvenum
2605 3152 2952 3237 libidinem'in
2989 3152 3173 3249 seipsis
3202 3191 3561 3251 provocantes.
3584 3184 3648 3235 in

419 3262 628 3316 excidia
665 3262 732 3314 ad
771 3260 1044 3316 Nicenam
1098 3277 1239 3318 anno
1268 3262 1372 3318 568
1407 3265 1788 3322 miserabiliter
1819 3283 1975 3322 ever-

419 3365 535 3404 sam
562 3348 752 3404 reierri
778 3359 1022 3420 possunt,
1059 3350 1227 3406 fames
1259 3364 1314 3407 et
1354 3353 1627 3410 siccitates
1671 3360 1737 3411 ad
1777 3356 1976 3428 Cappa-

416 3438 648 3495 doeiam.

486 3529 574 3586 IV.
600 3530 658 3586 in
680 3531 925 3588 oratione
956 3533 1185 3598 decima,
1215 3550 1334 3605 quae
1356 3545 1439 3592 est
1464 3538 1724 3594 adversus
1743 3537 1974 3599 irascen-

417 3627 521 3684 tes,
551 3620 788 3674 ostendit
828 3620 1061 3678 Basilius
1093 3634 1225 3694 quot
1261 3634 1315 3680 et
1348 3621 1547 3694 qu‘anta
1589 3641 1654 3681 ex
1697 3627 1972 3683 iracundia

415 3711 662 3766 oriantur
713 3711 853 3766 mala
886 3753 900 3778 ,
939 3728 1097 3784 quam
1154 3716 1350 3786 iniqua:
1393 3726 1447 3771 et
1481 3719 1665 3773 inanes
1705 3719 1971 3775 irascendi

414 3817 634 3858 causae:
684 3806 950 3875 quomodo
976 3808 1250 3862 iracundia
1312 3809 1516 3864 utiliter
1571 3811 1840 3865 interdum
1895 3814 1972 3866 uti

413 3895 708 3961 possimus,
759 3903 1024 3966 quomodo
1053 3900 1300 3954 vitiosam
1335 3900 1667 3955 iracundiam
1698 3917 1967 3971 superare.

415 3983 591 4040 Simili
627 3989 833 4042 ratione
852 4000 908 4042 et
932 3990 1012 4042 via
1035 3992 1278 4059 procedit
1299 3992 1350 4046 in
1376 3994 1620 4047 oratione
1641 3995 1706 4048 de
1736 3996 1930 4049 invidia
1954 4014 1967 4049 :

413 4087 673 4146 quantum
721 4080 953 4133 miseria:
989 4081 1118 4136 insit
1146 4083 1269 4137 huic
1311 4084 1441 4138 vitio
1485 4094 1540 4139 et
1583 4088 1853 4154 quomodo
1879 4104 1967 4144 sa-

413 4167 647 4221 nandum
674 4170 912 4237 exponit.

479 4254 596 4311 Jam
629 4259 862 4316 diximus
911 4263 1136 4332 primam
1173 4264 1411 4318 omnium
1443 4264 1500 4320 S.
1555 4265 1733 4321 Basilii
1762 4269 1964 4322 oratio~

409 4365 540 4403 num
587 4365 704 4404 eam
741 4366 892 4417 esse,
946 4355 1000 4408 in
1056 4371 1158 4426 qua
1191 4373 1281 4412 sex
1314 4359 1516 4428 primos
1547 4359 1964 4417 Proverbiorum

411 4441 710 4497 versiculos
751 4444 1021 4514 explanat.
1071 4447 1220 4503 lianc
1256 4451 1304 4504 ei
1352 4452 1634 4506 materiam
1667 4454 1962 4510 disserendi

410 4533 741 4602 imposuerat
770 4538 1056 4608 episcopus
1085 4540 1361 4603 Eusebius.
1389 4545 1544 4614 cujus
1571 4548 1823 4615 precibus
1844 4564 1967 4602 cou-

408 4624 580 4679 iideus
619 4625 849 4683 Basilius
879 4645 990 4684 rem
1032 4630 1302 4687 diﬂicileni
1338 4637 1452 4690 siue
1484 4652 1631 4692 mora
1673 4647 1727 4692 et
1753 4651 1969 4694 cuncta-

411 4718 555 4772 tione
605 4734 887 4789 aggressus
936 4731 1037 4777 est.
1075 4723 1199 4780 llaec
1234 4741 1339 4780 una
1369 4738 1450 4782 est
1493 4744 1558 4783 ex
1592 4731 1841 4785 omnibus
1867 4731 1970 4784 Bu-

406 4809 512 4862 silii
549 4811 803 4878 homiliis,
835 4815 920 4869 cui
953 4817 1214 4872 Eusebius
1234 4819 1566 4875 interfuerit.
1596 4822 1780 4892 Neque
1812 4825 1968 4892 hujus

409 4900 485 4952 rei
524 4901 750 4956 obscura
793 4914 846 4958 et
881 4905 1132 4962 abstrusa
1173 4911 1330 4963 ratio.
1379 4909 1777 4968 Secessitenim
1812 4913 1965 4967 Basi-

404 4989 510 5044 lius
551 5007 655 5047 non
694 4995 862 5051 multo
899 5009 1018 5067 post
1057 5003 1478 5070 ordinationem;
1519 5001 1762 5061 reversus
1793 5006 1969 5062 Caesa—

409 5097 583 5149 ream,
618 5087 776 5140 unius
832 5088 1119 5156 Ecclesiae,
1157 5093 1209 5147 in
1254 5110 1413 5164 quam
1468 5095 1749 5166 episcopus
1783 5099 1966 5152 venire

407 5189 515 5227 non
541 5174 768 5241 solebat,
802 5179 1320 5238 administrationem
1343 5189 1601 5256 suscepit.

472 5265 528 5321 In
560 5271 804 5328 oratione
838 5275 1042 5329 decima
1071 5281 1254 5345 tertia,
1277 5296 1399 5350 quae
1434 5283 1745 5338 inscribitur
1759 5283 1823 5338 In
1843 5303 1957 5338 san-

401 5369 542 5414 atum
573 5361 855 5433 baptisma,
880 5369 1216 5439 castigantur
1243 5373 1333 5441 qui
1355 5374 1679 5444 suscipiendi
1713 5377 1962 5444 baptismi

404 5449 594 5506 horam
625 5467 937 5527 prorogant.
969 5459 1312 5518 Demonstrat
1338 5463 1567 5522 Basilius
1599 5478 1762 5522 totam
1798 5469 1960 5522 vitam

501 5586 524 5618 ³
560 5586 691 5642 Luc.
723 5605 818 5655 xu,
848 5591 932 5646 i8.

464 5733 542 5796 (η)
567 5728 628 5784 Ν.
672 5729 726 5795 2,
768 5729 800 5781 δ
828 5727 958 5782 et

2082 3288 2370 3347 martyrum
2400 3275 2628 3328 basilicis
2659 3290 2753 3342 pro
2781 3275 3032 3328 manibus
3058 3274 3280 3326 civitatis
3309 3274 3495 3326 choros
3516 3288 3646 3326 con-

2077 3370 2373 3430 stituentes,
2406 3365 2522 3418 loca
2551 3374 2732 3418 sancta
2759 3365 3013 3433 oﬂicinam
3051 3363 3382 3416 obscenitatis
3415 3378 3524 3416 sure
3557 3360 3645 3431 ef-

2080 3461 2264 3528 fecere.
2292 3456 2578 3510 Cantilenis
2595 3456 2902 3510 meretriciis
2932 3463 2989 3508 ut
3015 3470 3184 3508 aerem
3201 3469 3641 3522 conspurcarunt,

2079 3555 2152 3605 ita
2177 3560 2370 3606 terram
2403 3549 2647 3618 tripudiis
2673 3547 2937 3616 pulsatum
2976 3548 3189 3614 pedibus
3236 3547 3517 3600 immundis
3544 3545 3645 3615 [ω-

2079 3645 2312 3706 darunt;
2339 3642 2694 3710 spectaculum
2729 3640 2829 3693 sibi
2866 3639 2995 3707 ipsis
3015 3639 3267 3707 juvenum
3297 3640 3502 3692 turbam
3539 3655 3644 3691 un-

2079 3735 2232 3801 dique
2252 3740 2560 3797 statuentes,
2599 3731 2756 3800 plane
2785 3730 3162 3794 inverecundus,
3195 3745 3511 3800 prorsusque
3549 3729 3639 3782 in-

2078 3825 2344 3892 sipientes,
2375 3821 2578 3874 nullum
2608 3821 2831 3874 insaniae
2863 3820 3074 3873 modum
3111 3821 3424 3874 amittentes.

2151 3913 2284 3966 Cum
2325 3911 2511 3965 vinum
2547 3909 2706 3976 hujus
2730 3909 2964 3964 lasciviae.
2991 3925 3151 3963 causa
3195 3909 3510 3977 exstitisset,
3545 3911 3640 3964 de-

2077 4013 2343 4058 monstrat
2375 4001 2610 4055 Basilius
2640 4011 2900 4071 quantum
2925 4001 2995 4055 sit
3024 4001 3481 4065 vitiumehrietas,
3515 4016 3638 4070 qua:

2077 4093 2348 4146 hominem
2406 4092 2548 4145 intra
2589 4091 2887 4145 belluarum
2936 4091 3298 4145 conditionem
3337 4090 3629 4160 deprimit,

2081 4184 2530 4238 incontinentiam
2568 4193 2768 4248 movet,
2799 4198 2862 4238 ac
2885 4184 3055 4252 ipsum
3077 4184 3236 4237 etiam
3273 4197 3488 4252 corpus,
3525 4199 3634 4237 non

2075 4277 2248 4330 solum
2283 4277 2544 4340 animam,
2595 4276 2914 4345 corrumpit.
2955 4275 3228 4330 invehitur
3259 4275 3311 4328 in
3343 4275 3636 4343 pharmaca

2073 4369 2377 4433 ebrietatis,
2403 4382 2523 4437 quae
2551 4365 2792 4421 adhiberi
2815 4365 2881 4419 ad
2929 4366 3128 4420 diutius
3175 4365 3460 4420 bibendum
3495 4365 3639 4420 sole-

2073 4465 2226 4529 bant,
2265 4473 2319 4517 et
2375 4463 2426 4515 in
2461 4460 2622 4514 multa
2663 4461 2766 4513 alia
2817 4459 3241 4527 intemperanter
3289 4459 3341 4512 in
3372 4459 3636 4513 conviviis

2072 4553 2187 4606 ﬁeri
2228 4552 2414 4608 solita.
2455 4551 2590 4604 Vino
2621 4549 2868 4605 attribuit
2891 4565 3010 4618 qua:
3037 4565 3206 4617 nuper
3249 4550 3629 4620 contigerant,

2068 4659 2384 4699 communes
2413 4644 2654 4696 virorum
2685 4651 2740 4696 et
2762 4641 3044 4696 mulierum
3063 4643 3277 4706 choros,
3305 4642 3441 4696 risus
3457 4643 3636 4696 utrin-

2065 4751 2192 4805 que,
2216 4735 2514 4790 cantilenas
2543 4735 2828 4798 obscenas,
2869 4735 3204 4788 meretricios
3231 4743 3414 4800 gestus
3449 4735 3513 4786 ad
3559 4733 3631 4786 li-

2064 4829 2300 4883 bidinem
2330 4835 2712 4896 provocantes.
2757 4827 3001 4881 Declarat
3025 4842 3124 4881 nec
3154 4827 3356 4897 puellas
3377 4826 3632 4895 innuptas

2065 4936 2186 4974 cum
2216 4919 2542 4989 virginitate,
2597 4934 2693 4972 nec
2735 4927 2927 4986 nuptas
2965 4934 3084 4973 cum
3123 4919 3376 4986 pudicitia
3409 4919 3632 4972 domum

2064 5011 2312 5066 rediisse.
2343 5010 2396 5065 Si
2423 5026 2542 5080 qua:
2565 5011 2705 5064 enim
2750 5025 2978 5079 corpore
3014 5012 3236 5080 integra:
3270 5011 3630 5079 perstiteriut,

2063 5112 2118 5156 at
2148 5113 2324 5156 mente
2370 5104 2609 5172 integras
2670 5117 2774 5154 non
2824 5103 3147 5171 perstitisse.
3192 5101 3337 5156 Idem
3392 5102 3457 5155 de
3491 5101 3630 5157 viri.)

2061 5195 2272 5259 statuit,
2306 5198 2396 5263 qui
2423 5196 2546 5248 huic
2571 5196 2878 5263 spectaculo
2902 5195 3278 5249 interfuerant.
3305 5194 3535 5250 Veretur
3553 5209 3628 5249 ne

2063 5287 2154 5355 qui
2193 5287 2264 5340 ita
2290 5301 2348 5339 se
2382 5298 2661 5355 gesserunt
2692 5285 2915 5340 Pascha:
2951 5297 3208 5356 tempore,
3235 5287 3316 5340 his
3341 5302 3445 5342 non
3484 5284 3627 5338 mul—

2065 5389 2172 5432 tum
2200 5383 2369 5449 prosit
2402 5381 2593 5433 festum
2625 5379 2983 5434 Pentecostes.
3019 5379 3276 5434 Hortatur
3322 5391 3497 5433 tamen
3527 5391 3628 5431 eos

2065 5471 2127 5523 ad
2175 5471 2579 5539 [minitentiam,
2627 5479 2684 5524 ut
2724 5471 2930 5541 jejunio
2975 5471 3288 5526 ebrietatem
3317 5471 3534 5541 expient
3567 5479 3627 5524 te
