4040 6216
1626 373 1783 428 VITA
1828 374 1887 429 8.
1920 370 2187 427 BASILIL

3307 389 3504 431 ειιιιῐι

268 489 626 547 saltationem
658 503 800 559 genu
826 488 1117 550 flectendo.
1145 495 1315 564 Rogat
1360 509 1454 549 eos
1482 498 1571 564 qui
1615 497 1851 551 lasciviae
1881 501 1924 554 Α
1952 497 2056 549 572
2090 495 2256 549 multa
2322 511 2427 549 non
2466 495 2602 551 belle
2642 496 2753 552 fieri
2786 497 2941 552 solita
2970 497 3255 552 emendare
3284 508 3508 552 conatus

271 582 568 653 participes
600 597 710 637 non
741 582 984 648 fuerunt,
1019 594 1079 639 ut
1119 586 1170 640 in
1198 587 1390 656 quibus
1426 590 1631 655 peccati
1672 590 1847 658 pteni-

274 676 500 731 tentiam
522 673 1033 740 animadverterint,
1054 691 1147 731 eos
1170 686 1418 748 tanquam
1437 679 1651 748 propria
1675 694 1843 733 mem-

277 769 373 820 bra
420 765 745 835 aegrotantia
781 766 1037 834 foveant;
1072 782 1204 836 quos
1240 776 1417 823 autem
1449 770 1683 823 viderint
1711 785 1838 839 per-

273 856 508 916 vicaces,
542 856 614 909 ab
646 870 835 910 eorum
864 859 1247 913 consuetudine
1267 860 1557 929 refugiant.

345 946 405 1001 lu
437 949 694 1002 oratione
744 949 951 1004 decima
980 951 1201 1019 quinta,
1247 966 1364 1020 quae
1412 952 1727 1008 inscribitur
1770 953 1847 1009 De

273 1040 403 1107 ﬁde,
429 1038 659 1094 disserit
692 1037 931 1095 Basilius
964 1041 1030 1094 de
1056 1041 1231 1095 divina
1270 1054 1484 1109 natura,
1521 1055 1576 1100 et
1621 1046 1686 1101 de
1722 1046 1843 1101 Filii

276 1144 342 1184 ac
371 1128 617 1198 Spiritus
657 1131 832 1185 sancti
876 1131 1178 1187 divinitate.
1218 1132 1390 1188 Tanta
1427 1146 1583 1189 erant
1607 1136 1845 1191 Catholi-

271 1237 464 1275 corum
488 1221 617 1275 fidei
652 1222 826 1277 studia
858 1222 937 1291 (p.
971 1223 1127 1293 131),
1168 1235 1233 1279 ut
1265 1225 1413 1280 auris
1456 1227 1632 1281 omnis
1660 1237 1841 1297 aperta

274 1323 423 1368 esset
449 1316 519 1368 ad
549 1314 874 1368 audiendam
908 1315 1253 1384 theologiam,
1279 1332 1376 1370 nec
1400 1317 1626 1372 ecclesia
1655 1318 1738 1372 his
1762 1333 1845 1373 re-

274 1406 381 1459 bus
407 1406 701 1461 audiendis
735 1407 1045 1461 satiaretur.
1071 1408 1125 1461 ln
1151 1410 1394 1477 sequenti
1423 1409 1642 1463 homilia
1664 1410 1843 1480 expli-

275 1509 364 1551 cat
396 1497 613 1551 initium
653 1492 925 1569 Evangelii
956 1499 1251 1554 secundum
1273 1498 1558 1567 Joannem,
1584 1516 1755 1571 usque
1778 1505 1842 1556 ad

276 1592 392 1645 have
437 1591 609 1644 verba
636 1630 652 1654 ,
702 1590 811 1644 Hoc
840 1601 955 1644 erat
1001 1591 1057 1643 in
1108 1591 1361 1659 principio
1410 1593 1549 1657 apud
1601 1592 1768 1648 Deum
1799 1595 1841 1648 ³.

278 1680 476 1735 Multos
505 1690 734 1734 noverat
784 1679 1017 1736 Basilius
1068 1696 1135 1735 ex
1182 1681 1533 1751 scriptoribus
1568 1684 1801 1740 ethnicis
1825 1726 1840 1749 ,

276 1785 417 1837 quos
446 1778 604 1824 tanta
629 1770 768 1824 initii
807 1768 1033 1825 Joannis
1083 1771 1370 1826 admiratio
1411 1781 1648 1842 ceperat,
1694 1782 1755 1829 ut
1784 1774 1844 1829 il-

275 1860 365 1913 lud
390 1861 443 1913 in
470 1861 676 1930 scripta
715 1877 808 1916 sua
840 1862 1081 1916 inserere
1107 1877 1213 1917 non
1257 1863 1582 1919 dubitarent.

348 1952 420 2006 De
442 1954 695 2008 oratione
728 1953 933 2007 decima
962 1955 1213 2023 septima,
1244 1970 1361 2024 quae
1390 1964 1472 2009 est
1508 1955 1561 2008 in
1609 1955 1667 2012 S.
1711 1954 1844 2011 Bar-

274 2042 416 2095 laam
482 2052 777 2112 martyrem
844 2043 1051 2097 consuli
1105 2054 1328 2110 possunt
1390 2042 1642 2099 Pratfatio
1716 2046 1845 2101 torni

275 2133 501 2187 secundi
545 2142 656 2187 art.
711 2132 769 2196 2,
808 2143 862 2188 et
904 2135 1059 2189 Nota:
1106 2136 1174 2188 74
1216 2144 1270 2189 et
1312 2136 1379 2192 75
1425 2138 1750 2194 Tillemontii
1792 2141 1846 2195 in

275 2227 721 2294 persecutionem
769 2226 1107 2282 Diocletiani.
1137 2226 1277 2282 Nihil
1309 2229 1449 2283 enim
1484 2229 1612 2284 mihi
1637 2232 1848 2287 videtur

276 2331 340 2369 ea
366 2317 431 2370 de
459 2330 518 2369 re
554 2316 725 2370 statui
758 2330 916 2386 posse
944 2318 1083 2386 quod
1125 2332 1231 2371 non
1268 2320 1508 2375 incurrat
1538 2321 1590 2374 in
1626 2336 1847 2391 magnas

276 2407 638 2464 difﬁcultates.
687 2410 830 2463 Nihil
880 2410 1128 2464 disertius
1176 2418 1232 2464 et
1284 2411 1579 2481 elegantius
1637 2413 1847 2469 duabus

277 2501 633 2562 sequentibus
673 2500 857 2556 Basilii
902 2502 956 2556 in
1010 2503 1068 2557 S.
1118 2502 1370 2579 Gordium
1404 2512 1459 2557 et
1490 2505 1844 2575 quadraginta

278 2604 572 2661 martyres.
629 2589 688 2645 8.
736 2591 999 2647 Gordium
1051 2595 1150 2648 sub
1195 2593 1409 2649 Licinio
1451 2610 1672 2665 passum
1728 2612 1849 2654 esse

278 2684 473 2738 merito
523 2682 724 2752 probat
754 2681 1128 2740 Tillemontius
1170 2699 1237 2741 ex
1283 2685 1465 2741 Basilii
1510 2688 1709 2755 verbis,
1757 2690 1847 2759 qui

280 2786 447 2829 testes
492 2774 642 2830 illius
690 2777 938 2846 martyrii
994 2776 1167 2831 adhuc
1207 2789 1423 2833 exstare
1472 2780 1710 2835 declarat
1748 2782 1846 2854 (a).

280 2867 646 2922 Celeberrima
679 2878 761 2923 est
802 2868 861 2923 8.
894 2868 1082 2924 Basilii
1112 2870 1165 2924 in
1197 2872 1553 2941 quadraginta
1582 2884 1849 2945 martyres

283 2961 458 3015 oratio
500 2975 664 3027 quam
693 2970 746 3015 et
772 2959 1107 3015 Gaudentius
1135 2961 1211 3030 (ιγ)
1240 2971 1295 3016 et
1318 2960 1613 3031 Gregorius
1652 2962 1849 3033 Nysse-

284 3068 382 3105 nus
409 3052 481 3122 (ε)
516 3052 763 3108 laudant.

1950 591 2051 640 est.
2079 584 2133 640 Id
2175 584 2306 638 satis
2333 586 2585 639 convenit
2610 586 2676 639 iis
2708 602 2843 656 quos
2877 585 3187 657 alloquitur.
3222 584 3354 639 Natu
3383 602 3505 641 cum

1949 690 2041 729 eos
2079 674 2385 728 vehementi
2431 674 2679 729 oratione
2721 689 2861 745 saepe
2906 676 3218 744 castigasset
3249 676 3323 745 (p.
3356 675 3503 741 565),

1949 770 2319 831 metueretque
2361 778 2428 817 ne
2475 764 2590 819 hac
2642 763 2853 819 dicendi
2910 764 3133 820 libertas
3180 764 3234 818 in
3292 764 3503 835 hospite

1948 856 2293 925 displiceret;
2328 865 2513 911 contra
2549 869 2709 925 quam
2744 858 3015 911 metuebat
3042 858 3239 922 evenit,
3271 872 3334 911 ac
3365 856 3501 911 Libe-

1946 951 2062 1005 rior
2101 950 2446 1020 reprehensio
2479 950 2618 1004 illius
2668 949 2917 1003 audiendi
2970 949 3201 1003 studium
3241 948 3502 1004 accendit.

1950 1041 2131 1107 Quare
2170 1050 2229 1097 ut
2274 1056 2368 1097 eos
2414 1056 2443 1095 a
2500 1040 2696 1096 diaboli
2753 1038 2960 1109 laqueis
3002 1040 3213 1109 penitus
3255 1039 3502 1105 abducat,

1946 1134 2284 1188 demonstrat
2322 1133 2408 1187 eis
2454 1132 2623 1187 hostis
2665 1131 2917 1197 artiﬁcia,
2958 1144 3079 1199 quae
3124 1130 3225 1184 hac
3273 1130 3508 1185 maxime

1948 1226 2156 1282 ratione
2179 1226 2336 1280 vitari
2367 1226 2541 1290 docet,
2566 1225 2612 1279 si
2640 1224 2778 1279 hanc
2804 1224 2971 1277 vitam
2999 1222 3138 1277 viam
3166 1237 3283 1277 esse
3314 1224 3505 1277 memio

1947 1320 2207 1385 nerimus,
2256 1332 2355 1373 nec
2391 1318 2679 1387 quidquam
2733 1332 2873 1381 esse,
2926 1317 3067 1386 quod
3115 1326 3358 1369 nostrum
3401 1316 3501 1369 dici

1946 1410 2118 1479 possit
2148 1427 2163 1464 :
2195 1409 2289 1465 sed
2323 1408 2492 1463 solam
2536 1410 2771 1463 animam
2819 1417 2872 1463 et
2908 1422 3101 1477 corpus
3139 1417 3319 1461 nostra
3363 1421 3499 1461 esse.

1945 1502 2074 1556 inde
2106 1501 2171 1554 ad
2217 1510 2543 1571 praeceptum
2590 1500 2946 1570 eleemosyna:
2991 1498 3366 1552 inculcandum
3399 1495 3504 1551 fer-

1947 1598 2054 1655 tur,
2087 1591 2229 1661 quod
2272 1591 2484 1659 quidem
2516 1590 2735 1644 omnino
2766 1590 3133 1644 necessarium
3173 1603 3294 1643 esse
3329 1589 3502 1651 docet,

1944 1696 2047 1737 nec
2107 1682 2225 1737 sine
2278 1682 2463 1736 atcrni
2535 1680 2677 1749 ignis
2744 1681 3088 1734 damnatione
3164 1679 3502 1749 praetermitti

1945 1787 2122 1843 posse.
2172 1773 2517 1829 Perorantem
2561 1772 2796 1827 nonnulli
2853 1773 3180 1827 admonuere
3217 1781 3276 1825 ut
3314 1773 3379 1827 de
3426 1772 3506 1825 in-

1951 1864 2142 1919 cendio
2174 1865 2423 1920 hesterno
2452 1863 2613 1919 verba
2648 1863 2870 1919 iaceret.
2903 1862 3036 1917 Nam
3067 1862 3303 1918 incensis
3330 1864 3505 1931 priva-

1950 1964 2127 2010 torum
2163 1955 2387 2020 aedibus,
2431 1955 2572 2025 ignis
2606 1954 2704 2024 ipsi
2756 1955 2997 2011 ecclesia:
3044 1954 3367 2017 minabatur,
3412 1953 3505 2006 sed

1949 2046 2271 2101 mirabiliter
2332 2046 2635 2102 exstinctus
2693 2053 2793 2100 est.
2849 2044 2906 2099 ld
2977 2045 3070 2100 Dei
3125 2044 3506 2098 misericordia:

1950 2140 2195 2193 attribuit
2234 2137 2484 2202 Basilius,
2517 2138 2606 2207 qui
2650 2136 2844 2191 diaboli
2874 2151 3019 2191 artes
3061 2138 3111 2191 in
3151 2136 3317 2204 ipsius
3350 2142 3508 2203 caput

1950 2231 2163 2301 reiecit.
2211 2228 2471 2286 Hortatur
2507 2237 2565 2283 ut
2609 2229 2673 2284 iis
2708 2238 3075 2294 succurratur,
3122 2229 3209 2297 qui
3256 2228 3389 2283 nihil
3438 2243 3505 2280 ex

1947 2322 2225 2389 incendio,
2274 2330 2465 2391 praeter
2516 2336 2709 2391 corpus
2755 2331 2811 2375 et
2860 2322 3120 2386 animam,
3163 2330 3444 2375 servarunt
3488 2338 3501 2372 :

1947 2415 2047 2483 ipsi
2088 2428 2215 2468 vero
2255 2422 2531 2483 acceptum
2569 2414 2821 2467 damnum
2858 2410 3101 2479 exemplo
3140 2409 3257 2467 Jobi
3295 2426 3505 2465 corona:

1952 2505 2233 2560 materiam
2274 2502 2529 2559 efﬁciant.

2022 2594 2297 2649 Immerito
2355 2593 2497 2648 inter
2548 2590 2799 2648 homilias
2858 2590 3152 2649 coilocatur
3205 2591 3377 2647 oratio
3426 2592 3503 2645 vel

1952 2695 2211 2741 tractatus
2262 2686 2317 2739 in
2358 2700 2464 2754 quo
2496 2684 2724 2738 Basilius
2771 2684 3136 2739 adolescentes
3181 2687 3497 2755 consangui-

1948 2792 2079 2831 neos
2105 2777 2314 2840 edocet,
2344 2776 2468 2844 quid
2497 2775 2727 2829 habeant
2749 2773 2993 2827 utilitatis
3018 2774 3255 2843 profante
3294 2774 3503 2835 litterze.

1949 2871 2075 2939 quid
2104 2868 2399 2924 cavendum
2445 2868 2497 2921 in
2529 2866 2721 2935 poetis,
2762 2875 2921 2934 atque
2964 2866 3019 2920 in
3063 2866 3193 2934 ipsis
3232 2867 3391 2921 etiam
3427 2868 3509 2921 hi-

1957 2960 2173 3016 storicis
2201 2968 2254 3013 et
2283 2958 2588 3013 rhetoribus
2618 2976 2632 3023 ;
2679 2956 2944 3025 quomodo
2978 2956 3227 3023 praaclare
3261 2955 3418 3010 dictis
3453 2966 3508 3009 et

1949 3050 2128 3114 factis,
2157 3063 2275 3118 qua:
2302 3048 2355 3102 in
2393 3046 2653 3117 ejusmodi
2699 3044 2998 3113 disciplinis
3027 3046 3416 3115 percipiuntur,
3440 3044 3504 3098 ad

350 3142 407 3198 S.
435 3143 673 3197 Basilius
705 3144 757 3197 in
792 3144 1038 3198 oratione
1067 3145 1345 3208 vicesima,
1387 3161 1507 3213 quae
1535 3147 1599 3200 de
1626 3147 1844 3200 httmili-
1873 3165 1915 3223 α
1951 3156 2157 3197 morum
2195 3140 2584 3195 institutionetn
2636 3136 2890 3192 utendum
2935 3136 3022 3191 sit.
3063 3136 3347 3209 Presbyter
3390 3147 3507 3192 erat
3556 3207 3560 3211 θ

283 3246 391 3289 tate
414 3233 758 3298 inscribitur,
788 3234 1124 3287 demonstrat
1161 3234 1430 3289 hominem
1452 3274 1465 3298 ,
1499 3245 1782 3303 postquam
1815 3251 1843 3289 a

284 3326 497 3381 diabolo
522 3326 705 3380 victus
747 3334 802 3379 et
841 3324 1080 3393 deiectus
1109 3335 1211 3390 est,
1257 3328 1437 3381 inania
1482 3328 1582 3382 sibi
1625 3328 1848 3383 finxisse

284 3418 471 3487 gloriae
502 3424 846 3479 ornamenta,
873 3416 1110 3480 divitias,
1137 3417 1391 3479 honores,
1428 3419 1611 3473 mundi
1646 3421 1851 3488 sapien-

289 3508 461 3572 tiam’;
509 3508 605 3561 sed
646 3520 827 3560 veram
874 3506 1101 3575 gloriam
1147 3507 1199 3561 in
1241 3522 1304 3562 eo
1342 3509 1567 3576 positam
1609 3525 1746 3575 esse,
1794 3519 1852 3565 ut

285 3596 378 3651 Dei
423 3597 616 3666 gratiae
664 3606 882 3664 accepta
935 3596 1116 3649 omnia
1192 3597 1526 3661 referamus,
1581 3612 1848 3652 memores

284 3688 453 3752 Petri,
503 3688 596 3758 qui
635 3688 882 3741 humanae
933 3688 1204 3742 timiditati
1250 3688 1476 3744 tradittts
1534 3696 1639 3753 est,
1699 3704 1761 3745 ac
1794 3691 1849 3746 in

283 3781 477 3851 primis
528 3781 598 3834 ab
640 3780 755 3847 ipso
799 3778 1018 3833 Christo
1060 3780 1301 3848 exempla
1339 3780 1655 3835 humilitatis
1691 3796 1849 3849 repe-

285 3880 482 3925 tentes.
536 3869 739 3922 Edocet
776 3866 1007 3922 Basilius
1049 3868 1242 3937 quibus
1289 3869 1458 3922 modis
1493 3868 1605 3924 haec
1652 3870 1848 3924 eximia

282 3962 460 4014 virtus
498 3959 805 4025 comparari
852 3960 1045 4027 possit.
1089 3956 1478 4012 Observatione
1511 3960 1727 4028 dignum
1766 3967 1849 4013 est

286 4053 425 4122 quod
472 4052 550 4106 ait
599 4052 865 4106 diabolum
905 4050 978 4121 (p.
1023 4050 1171 4115 158),
1214 4051 1338 4105 dum
1386 4050 1585 4104 homini
1631 4051 1849 4106 insidias

286 4146 469 4210 struit,
500 4145 816 4213 sibimetipsi
846 4143 1158 4197 inscientem
1202 4144 1481 4207 struxisse,
1515 4158 1611 4197 nec
1643 4153 1870 4221 tantum-

283 4241 534 4295 nocuisse
579 4238 649 4302 ei,
694 4251 851 4307 quem
895 4251 925 4289 a
976 4236 1084 4290 Deo
1128 4247 1180 4290 et
1232 4252 1260 4288 a
1316 4236 1423 4291 vita
1468 4245 1666 4290 :eterna
1719 4235 1849 4290 alie-

286 4342 536 4385 naturum
598 4346 656 4383 se
721 4338 1067 4399 speraverat,
1124 4339 1380 4397 quantum
1434 4342 1490 4381 se
1562 4327 1675 4396 ipse
1726 4341 1849 4393 pro-

289 4424 461 4485 didit,
514 4420 792 4490 transfuga
845 4435 875 4473 a
934 4420 1043 4475 Deo
1092 4419 1265 4473 factus
1311 4428 1363 4473 et
1408 4418 1569 4473 morti
1634 4428 1847 4473 aeternae

287 4514 555 4567 addictus.

352 4602 421 4657 V.
460 4602 674 4657 Nullam
717 4604 977 4657 hactenus
1022 4602 1391 4657 recensuimus
1422 4602 1479 4655 S.
1524 4599 1702 4655 Basilii
1744 4600 1846 4654 ho-

286 4696 488 4749 miliam
512 4734 526 4758 ,
552 4710 671 4763 qua:
706 4704 859 4749 notas
882 4696 1221 4764 episcopatus
1261 4709 1371 4763 prae
1411 4708 1468 4747 se
1510 4692 1697 4747 ferret.
1743 4692 1847 4747 Sed

287 4785 546 4837 vicesima
577 4785 771 4852 prima,
806 4785 956 4849 Quod
980 4784 1131 4837 rebus
1159 4784 1437 4837 mundanis
1462 4783 1841 4835 adhwrendum

289 4892 388 4927 non
430 4875 518 4941 sit,
570 4885 618 4928 et
660 4876 720 4928 de
758 4875 995 4929 incendio
1036 4886 1185 4928 extra
1218 4874 1503 4928 Ecclesium
1531 4873 1692 4942 facta,
1726 4888 1847 4926 cum

286 4980 441 5023 extra
476 4968 873 5039 Cappadociam
913 4972 1258 5038 pronuntiata
1298 4971 1390 5034 sit,
1438 4985 1544 5023 non
1591 4969 1730 5022 male
1776 4968 1844 5021 ad

286 5062 648 5129 episcopatum
692 5061 943 5115 refertur.
980 5061 1189 5114 Nullum
1230 5063 1372 5116 enim
1407 5061 1589 5115 Basilii
1626 5060 1849 5130 presby-

290 5153 385 5203 teri
418 5152 525 5204 iter
553 5153 815 5211 novimus,
852 5162 1045 5219 praeter
1080 5152 1209 5205 illud
1243 5154 1383 5221 quod
1420 5151 1701 5205 Samosata
1742 5167 1851 5204 sus-

288 5243 426 5311 cepit
470 5259 612 5299 anno
647 5244 774 5298 569.
812 5244 942 5299 Illuc
983 5259 1167 5300 rursus
1216 5244 1347 5298 abiit
1396 5260 1535 5297 anno
1568 5243 1695 5296 5'72.
1744 5242 1849 5296 Sed

287 5336 458 5401 aplinl‘
485 5336 647 5391 multo
690 5338 1004 5405 conjectura
1037 5336 1384 5398 Tillemontii,
1430 5335 1519 5402 qui
1555 5334 1689 5388 hanc
1721 5348 1849 5387 ora-

287 5429 478 5479 tionem
525 5427 723 5483 Satalis
777 5430 1017 5483 habitam
1063 5436 1236 5497 putat,
1284 5426 1375 5481 ubi
1426 5423 1662 5481 Basilius
1709 5440 1850 5479 anno

347 5559 369 5591 ⁸
396 5561 547 5616 Joan.
573 5580 611 5627 t,
639 5561 696 5617 Ξ.

351 5704 424 5773 (ι)
456 5702 516 5758 Ν.
552 5705 605 5769 5,
639 5720 690 5771 ρ.
726 5704 855 5757 ita.

351 5779 420 5845 (ti)
450 5774 643 5830 Hontil.
679 5773 768 5826 Π.

1951 3234 2033 3288 vel
2076 3233 2355 3302 episcopus
2399 3245 2518 3285 cum
2567 3230 2681 3284 haec
2730 3229 2972 3297 scripsit.
3025 3227 3114 3281 Ait
3164 3230 3306 3281 enim
3354 3242 3410 3281 se
3455 3228 3507 3281 id

1951 3326 2128 3381 aetatis
2156 3337 2275 3378 esse
2311 3323 2387 3392 (p.
2413 3320 2560 3391 175),
2596 3330 2652 3375 et
2683 3334 2748 3375 ex
2780 3336 2959 3374 rerum
2990 3318 3042 3373 in
3072 3328 3353 3387 utramque
3387 3332 3509 3387 par-

1953 3429 2058 3472 tem
2105 3415 2419 3478 mutatione,
2458 3427 2618 3483 quam
2651 3422 2904 3479 expertus
2935 3418 3048 3473 est,
3084 3411 3215 3464 satis
3256 3425 3505 3480 magnum

1951 3522 2103 3562 usum
2131 3507 2486 3561 humanarum
2525 3517 2702 3556 rerum
2742 3511 3089 3555 consecutum
3119 3514 3259 3565 esse,
3285 3511 3343 3555 ut
3376 3502 3507 3554 ado-

1950 3598 2213 3652 lescentes
2253 3596 2494 3651 edoceat.
2540 3592 2809 3661 Scriptum
2841 3606 2974 3659 opus
3000 3590 3255 3645 Caesarea:
3288 3610 3300 3646 :
3334 3605 3509 3661 neque

1951 3690 2093 3744 enim
2146 3688 2229 3742 his
2307 3685 2740 3740 adolescentibus
2791 3685 3031 3754 quotidie
3098 3683 3161 3737 ad
3224 3684 3509 3752 magistros

1951 3778 2341 3835 ventitantibus
2390 3777 2492 3830 alia
2549 3776 2600 3830 in
2648 3777 2778 3830 urbe
2820 3775 3050 3829 Basilius
3119 3772 3357 3843 polliceri
3407 3786 3507 3839 po-

1953 3874 2053 3928 tuit
2082 3873 2155 3941 (p.
2188 3870 2313 3941 174)
2374 3885 2433 3923 se
2474 3868 2736 3939 ejusmodi
2767 3866 3006 3922 consiliis
3036 3880 3126 3919 eos
3163 3863 3375 3919 erudire
3402 3876 3508 3915 non

1950 3964 2247 4019 desiturum
2292 3962 2369 4032 (p.
2413 3961 2559 4030 184),
2600 3973 2663 4014 ac
2704 3959 2747 4013 si
2800 3960 2852 4012 in
2890 3972 2947 4012 se
2995 3955 3178 4010 oculos
3226 3952 3510 4020 conjiciant

1950 4052 2024 4124 (p.
2055 4053 2201 4118 175),
2235 4051 2348 4107 fore
2386 4061 2440 4103 ut
2469 4050 2581 4104 suis
2608 4047 2918 4104 parentibus
2941 4060 3044 4099 non
3073 4043 3345 4110 indigeant

2020 4145 2078 4201 S.
2113 4145 2400 4199 Mamantis
2426 4143 2681 4213 martyris
2702 4140 2885 4194 laudes
2917 4136 3255 4208 persequitur
3283 4130 3510 4187 Basilius

1948 4242 2001 4295 in
2044 4240 2291 4295 oratione
2333 4237 2585 4291 vicesima
2622 4233 2814 4295 tertia,
2858 4242 3021 4300 atque
3069 4238 3127 4282 ιιι
3174 4229 3276 4282 hoc
3318 4238 3513 4278 munus

1948 4341 2290 4400 exsequatur,
2327 4327 2621 4397 symbolam
2668 4332 2822 4394 rogat
2844 4324 2909 4377 ab
2936 4322 3023 4384 iis,
3055 4319 3248 4388 quibus
3277 4317 3335 4371 S.
3369 4331 3509 4368 mar-

1956 4435 2041 4494 tyr
2063 4433 2256 4492 praesto
2302 4421 2473 4474 adfuit
2518 4416 2735 4472 nomine
2763 4416 3063 4475 invocatus,
3098 4424 3231 4479 quos
3263 4424 3327 4461 ex
3360 4420 3512 4475 pcre-

1880 4508 2261 4585 Dgrinatioue
2312 4511 2545 4576 reduxit,
2610 4521 2744 4577 quos
2795 4504 2967 4558 erexit
3018 4517 3085 4557 ex
3139 4500 3451 4553 infirmitate
3493 4514 3508 4561 ;

1954 4607 2148 4676 quibus
2177 4605 2372 4658 liberos
2410 4604 2521 4672 jam
2562 4608 2799 4652 mortuos
2845 4594 3103 4657 restituit,
3144 4591 3337 4661 quibus
3384 4602 3507 4656 pro-

1948 4699 2157 4768 rogavit
2212 4698 2335 4749 vitze
2389 4705 2619 4763 tempus.
2665 4690 2809 4744 Nihil
2850 4688 2992 4741 aliud
3028 4687 3093 4738 de
3136 4684 3236 4737 hoc
3278 4689 3517 4746 martyre

1946 4791 2203 4844 discimus
2230 4804 2293 4841 ex
2329 4788 2427 4840 hac
2450 4785 2712 4848 oratione,
2738 4782 2840 4835 nisi
2867 4794 2989 4835 eum
3030 4783 3295 4844 pastorem
3330 4770 3511 4825 ovium

1947 4882 2135 4947 fuisse,
2187 4881 2330 4933 unde
2384 4886 2602 4947 accepta
2653 4874 2937 4928 occasione
2978 4868 3204 4921 Basilius
3250 4866 3314 4919 de
3359 4861 3515 4917 h0nis

1948 4973 2205 5027 Ecclesia:
2236 4968 2542 5039 pastoribus
2575 4976 2625 5021 et
2658 4966 2723 5021 de
2752 4962 3099 5019 mercenariis
3129 4958 3368 5012 disserit.

2020 5061 2076 5115 ln
2122 5061 2368 5115 oratione
2415 5057 2673 5113 vicesima
2720 5062 2910 5123 quarta
2962 5050 3276 5105 refelluntur
3328 5043 3512 5099 Sabel-

1948 5156 2072 5209 liani
2126 5167 2181 5208 et
2236 5154 2443 5218 Ariani,
2493 5168 2557 5207 ac
2612 5151 2769 5221 primi
2830 5164 2949 5201 cutn
2997 5145 3212 5205 Juda'is,
3258 5138 3511 5210 postremi

1948 5261 2070 5300 cum
2117 5246 2344 5299 ethnicis
2387 5248 2791 5312 comparantur.
2819 5237 3052 5308 Opponit
3089 5248 3273 5289 eorum
3310 5227 3509 5284 errori--

1945 5336 2047 5389 bus
2078 5334 2307 5389 Basilius
2338 5345 2647 5387 accuratam
2698 5330 2975 5385 catholicae
3006 5324 3261 5382 doctrinae
3300 5319 3513 5387 exposi-

1950 5429 2177 5483 tionem.
2222 5427 2326 5481 Sed
2357 5442 2478 5481 cum
2508 5425 2719 5479 videret
2746 5422 3023 5477 auditores
3050 5418 3203 5472 avide
3236 5420 3514 5485 expetere,

2018 5701 2088 5773 (c)
2114 5700 2202 5756 0r.
2235 5700 2289 5766 2,
2320 5702 2370 5755 in
2395 5700 2750 5770 quadraginta
2784 5705 2964 5761 mart.,
2991 5709 3044 5767 p.
3076 5692 3207 5749 206.
