4040 6216
537 374 719 418 CLXXIV

1873 346 2402 419 PROLEGOMENA.‘

537 489 597 534 ut
638 483 704 534 de
740 476 939 547 Spiritu
988 486 1176 534 sancto
1229 478 1536 542 dissereret,
1573 477 1715 535 illius
1761 474 2096 534 divinitatem
2124 484 2174 541 Α
2201 478 2528 547 paenitentiae
2556 478 2816 548 exemplis
2849 490 2968 547 quin
3000 489 3122 531 mox
3161 473 3325 529 citata
3352 472 3514 528 verba
3546 483 3763 543 praeco-

536 565 826 637 Scripturce
874 577 931 621 et
979 568 1280 622 traditionis
1330 568 1650 623 auctoritate
1699 567 1976 634 defendit,
2024 583 2090 623 ac

534 659 921 713 cavillationem
955 660 1263 726 dicentium,
1306 660 1567 730 ingenitus
1610 670 1685 714 est
1726 670 1816 714 aut
1862 662 2086 731 genitus,

534 749 749 803 refellit.
782 749 1007 804 Videtur
1038 751 1150 804 lucc
1183 751 1401 804 homilia
1447 752 1511 806 ad
1555 753 1919 821 episcopatum
1952 753 2089 806 refe-

531 838 856 893 renda.Jam
887 840 1025 893 enim
1054 840 1401 894 celeberrima
1437 850 1550 895 erat
1593 845 1815 911 quaestio
1856 845 1920 896 de
1963 843 2087 910 Spi-

530 928 637 981 ritu
688 938 875 983 saneto
919 933 994 999 (p.
1039 930 1160 1002 195)
1207 947 1221 983 :
1276 946 1338 985 ac
1371 934 1546 988 omnis
1582 945 1792 988 arrecta
1839 936 1986 988 auris
2021 935 2088 988 ad

536 1018 830 1072 audiendas
883 1019 950 1072 de
1001 1018 1102 1072 hoc
1156 1020 1403 1089 dogmate
1469 1021 1876 1091 disputationes.
1938 1022 2084 1077 Multi

530 1104 781 1160 Basilium
810 1108 1115 1172 audiebant,
1138 1125 1245 1163 non
1282 1120 1388 1164 tam
1429 1123 1488 1165 ut
1526 1113 1641 1180 ejus
1668 1114 1903 1167 doctrina
1930 1115 2085 1183 juva-

533 1206 748 1262 rentur,
775 1211 932 1266 quam
963 1206 1019 1251 ut
1044 1197 1399 1252 calumniandi
1424 1215 1607 1255 ansam
1629 1202 1945 1269 arriperent.

599 1286 791 1341 Mirum
832 1301 960 1342 sane
1002 1296 1087 1344 est
1124 1288 1189 1342 ex
1239 1298 1316 1343 tot
1363 1290 1632 1355 ltomiliis,
1673 1307 1807 1360 quas
1856 1292 2085 1350 Basilius

538 1385 648 1428 tum
689 1379 1001 1447 presbyter,
1042 1388 1151 1431 tum
1215 1380 1497 1448 episcopus
1545 1382 1595 1434 in
1633 1383 1859 1438 ecclesia
1904 1384 2083 1440 Caesa-

527 1465 689 1519 riensi
718 1466 919 1534 habuit,
962 1478 1067 1521 tam
1107 1483 1303 1537 paucas
1337 1471 1403 1524 ad
1448 1486 1544 1525 nos
1577 1475 1904 1540 pervenisse.
1938 1477 2084 1530 lnter

525 1556 763 1624 perditas
792 1558 1037 1612 bomilias
1066 1575 1349 1614 numerare
1382 1576 1664 1630 possumus
1704 1563 1974 1618 ltomiliam
2006 1565 2084 1620 De

524 1645 847 1715 cleemosyna
890 1658 935 1702 et
958 1647 1185 1717 judicio,
1219 1659 1272 1704 et
1317 1651 1497 1717 aliam,
1534 1652 1685 1717 Quod
1719 1654 1857 1709 Deus
1885 1655 2083 1708 incom-

523 1736 906 1803 prehensibilis,
938 1752 1165 1806 quarum
1210 1739 1433 1808 primam
1464 1742 1594 1795 citat
1640 1742 1854 1798 Simeon
1909 1742 2082 1815 Lugo—

524 1827 693 1891 theta,
720 1841 883 1881 serm.
912 1827 968 1894 4,
1004 1844 1060 1882 n.
1094 1828 1166 1897 'i';
1200 1830 1424 1884 alteram
1458 1834 1742 1909 serm.'15,
1776 1851 1835 1890 n.
1870 1835 1922 1889 5.
1953 1836 2081 1891 Duas

523 1917 640 1971 aliae
671 1919 970 1973 indicantur
999 1922 1049 1973 iu
1089 1923 1450 1989 superioribus
1474 1924 1796 1980 editionibus
1836 1929 1904 1981 ad
1934 1942 2080 1981 mar-

520 2009 736 2075 ginem,
784 2024 973 2078 nempe
1034 2013 1249 2066 homilia
1307 2014 1358 2066 in
1412 2014 1756 2084 Evangelium
1806 2017 2077 2085 Mattbtci,

521 2113 683 2153 serm.
723 2100 812 2163 16,
850 2116 905 2154 n.
955 2100 1008 2164 5,
1048 2112 1099 2155 et
1139 2118 1301 2156 serm.
1344 2103 1433 2169 l9,
1475 2121 1529 2157 n.
1572 2106 1592 2158 1
1638 2116 1691 2160 et
1733 2107 1787 2161 5.
1830 2107 1934 2162 Sed
1969 2111 2079 2165 tunc

522 2192 825 2259 reperimus
850 2191 902 2244 in
933 2193 1151 2245 homilia
1181 2194 1230 2246 in
1262 2195 1524 2248 ebriosos.
1565 2196 1827 2252 Similiter
1866 2200 1917 2252 in
1961 2213 2076 2253 ser-

520 2296 677 2335 mone
708 2280 799 2344 20,
842 2296 894 2349 p.
941 2282 1041 2336 576
1080 2293 1133 2336 et
1169 2284 1294 2349 577,
1342 2286 1608 2339 indicatur
1657 2289 1769 2341 haec
1813 2290 2029 2344 humilia
2058 2331 2074 2357 ,

524 2369 792 2436 Quomodo
823 2372 941 2441 quis
968 2371 1171 2426 sobrius
1201 2390 1311 2427 esse
1337 2373 1536 2428 debeat.
1592 2375 1699 2431 Sed
1739 2387 1963 2448 uterque
1998 2382 2076 2435 lo-

520 2476 617 2515 cus
648 2469 821 2515 exstat
863 2462 916 2517 in
942 2463 1160 2518 homilia
1192 2464 1265 2518 De
1291 2466 1605 2519 humilitate.

592 2551 677 2607 Vl.
717 2553 868 2620 Quod
914 2564 1118 2624 spectat
1157 2558 1223 2609 ad
1261 2556 1532 2621 homilias,
1576 2573 1693 2626 quae
1721 2558 1776 2613 in
1812 2560 2072 2630 appendi-

518 2658 634 2699 cem
664 2647 895 2713 rejectae,
920 2654 978 2698 ut
1005 2649 1217 2714 spuriae,
1249 2646 1488 2708 fuerunt,
1539 2649 1813 2704 fatendum
1857 2662 1942 2708 est
1980 2666 2073 2708 eas

518 2733 752 2789 aBasilii
797 2735 935 2805 stylo
983 2736 1309 2805 discrepare,
1353 2740 1395 2792 si
1444 2742 1883 2810 tamenexcipias
1906 2745 2077 2798 homi-

516 2824 643 2877 liam
695 2825 747 2878 in
806 2834 1047 2879 sanctam
1104 2827 1305 2882 Christi
1361 2833 1792 2901 generationem,
1838 2849 1957 2903 qua:
2006 2836 2073 2889 ad

514 2910 769 2968 Basiliani
834 2915 1102 2970 sermonis
1160 2916 1480 2984 elegantiam
1543 2922 1776 2976 maxime
1846 2925 2070 2980 accedit.

515 3005 622 3061 Sed
675 3006 803 3061 illud
847 3021 1154 3062 asseverare
1211 3024 1317 3062 non
1373 3024 1583 3076 vereor,
1631 3012 1830 3070 Basilio
1878 3017 2074 3087 dignis.-

515 3096 681 3151 simas
710 3112 849 3162 esse,
881 3099 924 3152 si
968 3099 1140 3168 pietas
1166 3106 1221 3153 et
1257 3098 1503 3155 doctrina
1535 3114 1858 3171 spectentur.
1890 3106 2070 3164 Levis-

514 3186 683 3241 simus
727 3202 907 3243 ntevus
957 3197 1040 3241 est
1080 3189 1133 3242 in
1180 3199 1399 3245 auctore
1461 3193 1692 3248 homilia:
1735 3196 1788 3249 in
1832 3208 2068 3253 sanctam

512 3275 717 3331 Christi
789 3278 1228 3348 generationem,
1286 3280 1512 3336 historia
1590 3283 1865 3341 Zacharitn
1931 3289 2073 3344 inter

515 3367 769 3435 templum
819 3378 875 3423 et
941 3368 1110 3424 altare
1158 3370 1361 3438 occisi,
1413 3384 1697 3443 propterea
1754 3378 1896 3447 quod
1947 3394 2071 3434 san-

512 3460 806 3515 ctissimam
859 3458 1058 3515 Christi
1108 3473 1331 3519 matrem
1364 3466 1416 3519 in
1452 3464 1570 3522 loco
1626 3469 1924 3538 virginibus
1976 3473 2067 3526 de-

512 3549 710 3605 stinato
780 3557 899 3619 post
951 3560 1161 3617 partum
1229 3553 1562 3609 collocasset.
1634 3556 1752 3610 Non
1816 3574 2067 3629 magnum

512 3641 748 3697 dedecus
774 3641 960 3697 fuisset
996 3642 1053 3698 S.
1077 3642 1273 3699 Basilio
1298 3646 1350 3700 iu
1374 3646 1637 3714 ejusmodi
1672 3648 1831 3705 rebus
1876 3653 2067 3720 decipi.

512 3730 730 3801 Majoris
766 3734 1024 3788 momenti
1073 3744 1175 3799 est,
1217 3736 1358 3803 quod
1402 3738 1641 3807 ejusdem
1684 3739 1917 3794 homilia:
1972 3757 2069 3794 au-

511 3829 628 3877 ctor
649 3822 991 3879 existimasse
1016 3824 1231 3892 dicitur,
1264 3841 1440 3894 regum
1477 3829 1825 3882 successiones
1857 3832 2066 3886 cometis

508 3916 821 3984 signiﬁcari.
870 3917 940 3970 At
985 3918 1120 3972 nihil
1156 3920 1223 3973 ab
1261 3918 1378 3987 ejus
1420 3920 1681 3973 sententia
1731 3923 1899 3992 magis
1936 3923 2065 3978 alie-

507 4021 657 4060 num.
691 4006 781 4061 Ait
804 4009 945 4062 enim
977 4010 1043 4063 de
1093 4011 1318 4063 cometis
1346 4009 1421 4079 (p.
1450 4008 1577 4080 601)
1617 4030 1631 4065 :
1682 4012 1932 4068 Μάλιστα
1981 4015 2067 4068 δο-

507 4089 663 4143 κοῦσι
733 4091 993 4162 βασιλέων
1045 4096 1289 4166 διαδοχὰς
1332 4096 1618 4168 δηλοῦντες
1661 4104 1780 4155 κατ’
1840 4104 2067 4176 οὐρανὸν

508 4179 773 4237 ἵστασθαι.
804 4184 1037 4239 Maxime
1084 4188 1325 4241 videntur
1352 4184 1421 4243 ad
1467 4192 1839 4262 signiﬁcandas
1888 4212 2066 4267 regum

506 4275 856 4329 successiones
920 4278 973 4330 in
1050 4278 1180 4331 caelo
1237 4283 1532 4336 consistere.
1605 4285 1710 4339 Sed
1760 4285 1813 4341 id
1858 4286 2065 4342 insanis

512 4366 796 4438 astrologis
826 4369 991 4424 videri
1022 4371 1119 4438 ait,
1149 4386 1284 4441 quos
1307 4373 1411 4430 hoc
1446 4375 1562 4430 loco
1596 4376 1811 4444 refellit,
1843 4380 2063 4437 minime

505 4471 634 4512 vero
664 4458 1005 4527 Christianis,
1044 4471 1100 4515 ut
1126 4476 1191 4517 ex
1222 4472 1332 4519 toto
1359 4464 1473 4521 loco
1503 4469 1729 4537 perspici
1758 4478 1949 4538 potest.

573 4547 689 4603 Non
731 4549 1027 4605 debuerunt
1092 4560 1150 4606 ut
1188 4552 1431 4609 absurda:
1468 4564 1523 4610 et
1563 4556 1738 4627 impiae
1787 4560 2065 4615 sententiae

502 4640 808 4711 rejici,quaa
835 4643 884 4696 in
914 4642 1132 4697 homilia
1166 4644 1218 4697 in
1245 4647 1894 4717 pcenitentiamleguntur.
1921 4649 2063 4716 Quid

502 4735 635 4786 enim
666 4734 762 4800 vis,
812 4733 984 4802 inquit
1022 4745 1207 4792 auctor
1238 4736 1491 4802 homiliae,
1529 4754 1767 4804 unumne
1795 4753 2061 4806 peccatum

500 4822 752 4891 imputari
800 4827 993 4877 sanctis
1026 4840 1096 4878 an
1132 4824 1401 4894 justitiam
1438 4828 1702 4881 multum?
1745 4826 1891 4882 Fecit
1936 4847 2058 4899 pec-

500 4924 673 4967 catum
706 4927 727 4968 .'
752 4923 807 4969 at
837 4915 957 4984 fecit
983 4918 1143 4971 etiam
1163 4916 1397 4986 justitias
1431 4919 1643 4972 multas.
1685 4919 1825 4985 Quid
1846 4922 2056 4991 justum

499 5008 578 5056 est
605 5004 746 5071 apud
779 5004 987 5074 justum
1034 5005 1222 5072 Deum,
1263 5024 1617 5075 paucorumne
1657 5011 1949 5066 meminisse
1988 5031 2057 5067 an

497 5093 782 5146 multorum
832 5096 1108 5151 oblivisci?
1155 5097 1237 5152 Sit
1283 5108 1514 5167 statera,
1562 5109 1609 5153 et
1654 5116 1758 5170 qua
1814 5118 2057 5158 mensura

495 5185 667 5239 mensi
697 5185 951 5253 fuerimus
991 5184 1338 5242 admetientur
1369 5190 1535 5245 nobis.
1568 5188 1629 5244 Si
1658 5199 1867 5259 peccata
1900 5192 2054 5260 plura

494 5286 641 5342 sunt,
673 5275 740 5329 sit
778 5286 1050 5344 peccator;
1115 5280 1197 5332 sin
1231 5278 1460 5349 justitia:
1498 5280 1706 5347 plures,
1745 5275 2049 5352 sit'justus.

494 5363 841 5437 Nequaquam
871 5368 1027 5425 docet
1058 5368 1230 5438 justos
1270 5371 1360 5439 qui
1395 5371 1671 5437 labuntur,
1723 5372 1951 5427 salutem
1983 5375 2050 5429 ob

496 5459 676 5524 priora
715 5459 975 5528 praeclare
1016 5460 1157 5515 facta
1218 5462 1475 5530 consequi
1519 5462 1637 5516 sine
1682 5463 1995 5531 ptenitentia
2029 5481 2044 5530 ;

492 5548 587 5603 sed
630 5548 864 5620 loquitur
916 5553 984 5608 de
1020 5552 1183 5622 lapsis
1225 5570 1321 5623 per
1354 5555 1728 5623 penitentiam
1775 5569 2051 5625 resurgen-

495 5639 659 5707 tibus,
700 5648 761 5694 ut
791 5652 938 5711 patet
975 5658 1042 5701 ex
1084 5645 1246 5700 totius
1278 5646 1542 5700 orationis
1566 5647 1858 5715 proposito,
1888 5658 1941 5702 et
1980 5664 2047 5704 ex

574 5756 616 5789 "
644 5756 745 5814 lsa.
779 5775 926 5827 uvt,
955 5760 1037 5816 18.
1116 5761 1180 5793 ²⁴⁶
1215 5760 1257 5817 ll
1292 5762 1466 5819 Paral.
1502 5780 1613 5833 nx,
1649 5764 1701 5819 5.

1782 5764 1803 5796 ⁸
1830 5763 1985 5823 Prov.
2021 5783 2093 5834 τι,
2125 5766 2177 5821 ι.

2186 564 2327 622 ’όυηι
2360 579 2414 620 et
2446 577 2759 634 sequuntur.
2804 565 3078 619 immerito
3127 561 3311 617 Basilii
3345 560 3587 615 doctrina
3622 575 3753 617 cum

2193 659 2277 712 bis
2307 657 2583 727 principiis
2613 670 2846 725 pugnare
2879 656 3235 709 existimatur.
3278 651 3558 706 Simillima
3591 652 3759 707 docet

2190 747 2243 800 in
2277 745 2494 799 homilia
2529 744 2599 798 De
2623 744 2937 808 humilitate,
2974 743 3059 796 ubi
3089 744 3167 796 sic
3196 741 3431 810 loquitur
3455 744 3533 810 (p.
3572 739 3696 810 161)
3730 756 3751 793 :

2190 837 2282 900 Et,
2313 839 2359 890 si
2392 838 2683 903 proximum
2719 844 3013 904 peccantent
3052 835 3263 898 videris,
3289 849 3408 886 care
3449 833 3751 887 consideres

2191 928 2354 995 ipsius
2392 936 2658 995 peccatum
2689 921 2899 990 solum;
2927 926 3017 979 sed
3045 925 3202 980 etiam
3229 939 3345 993 qua:
3374 925 3496 992 [ecit
3532 934 3622 977 aut
3654 925 3750 991 {a-

2187 1018 2260 1068 cit
2313 1026 2471 1078 recte,
2522 1014 2730 1082 cogita;
2775 1022 2823 1065 et
2876 1029 3011 1078 saepe
3058 1028 3175 1064 eum
3203 1011 3548 1079 deprehendes
3574 1012 3747 1076 teipso

2187 1104 2449 1158 meliorem
2473 1129 2500 1168 ,e
2531 1104 2764 1171 expensis
2809 1102 2958 1155 rebus
3010 1102 3280 1167 omnibus,
3321 1116 3424 1154 non
3461 1117 3569 1154 una
3602 1101 3749 1153 dun-

2188 1204 2337 1247 taxat
2365 1202 2513 1263 parte
2548 1193 2867 1247 examinata.
2911 1191 3089 1261 Neque
3119 1193 3251 1244 enim
3296 1190 3435 1245 Deus
3476 1191 3748 1245 hominem

2183 1300 2247 1337 ex
2294 1295 2439 1352 parte
2475 1283 2711 1352 expendit
2758 1298 2777 1335 :
2836 1300 2855 1333 ι
2903 1280 3015 1352 Ego
3049 1281 3208 1342 enim,
3256 1279 3441 1350 inquit,
3485 1296 3640 1348 Opera
3689 1291 3746 1335 et

2186 1377 2523 1445 cogitationes
2540 1391 2717 1429 eorum
2740 1376 2882 1430 venio
2899 1382 3303 1443 congregaturus
3323 1373 3386 1427 ".
3403 1371 3511 1437 sQu
3521 1374 3746 1428 inetiam

2184 1483 2303 1520 cum
2347 1466 2604 1535 Josapltat
2636 1466 2921 1536 aliquando
2965 1464 3025 1517 ob
3070 1479 3296 1532 prwsens
3339 1473 3609 1532 peccatum
3646 1466 3741 1517 in-

2183 1569 2435 1625 creparet,
2473 1558 2704 1611 meminit
2737 1571 2935 1626 quoque
2962 1563 3094 1607 recte
3122 1563 3421 1621 sanctorum
3446 1556 3630 1623 ipsius,
3652 1557 3743 1610 Itis

2180 1649 2345 1701 verbis
2388 1662 2407 1700 .'
2458 1664 2477 1697 ι
2539 1644 2910 1700 Verumtamen
2961 1644 3114 1697 verba
3162 1644 3295 1697 bona
3339 1643 3550 1698 inventa
3580 1656 3741 1699 ‘sunt

2181 1742 2237 1793 in
2273 1738 2427 1793 te“.
2470 1755 2489 1790 ι

2110 1816 2155 1876 Β
2250 1827 2306 1883 ln
2364 1828 2607 1882 eamdem
2665 1824 2987 1881 sententiam
3043 1824 3353 1896 accipienda
3401 1827 3517 1882 hzec
3569 1828 3740 1882 verba

2182 1927 2256 1990 (p.
2298 1918 2423 1989 607)
2454 1933 2469 1973 :
2516 1917 2752 1973 Unumne
2774 1920 2969 1974 malum
2994 1930 3193 1989 reputat
3221 1920 3385 1989 Deus,
3414 1921 3583 1977 multa
3615 1939 3740 1977 vero

2180 2012 2314 2066 bona
2352 2028 2454 2065 non
2490 2014 2730 2080 reputat?
2759 2011 2895 2076 Quot
2942 2023 3193 2081 martyres
3235 2014 3326 2083 qui
3372 2014 3594 2082 primum
3641 2030 3739 2066 ne-

2177 2109 2388 2169 garant,
2443 2117 2627 2155 rursus
2680 2102 3029 2171 redintegrata
3079 2119 3252 2170 pugna
3300 2102 3501 2156 cladem
3555 2120 3739 2157 resar-

2177 2192 2324 2243 sere?
2362 2200 2611 2260 negarant
2649 2200 2822 2245 autem
2852 2208 2954 2244 non
2989 2193 3187 2255 animo,
3226 2193 3315 2245 sed
3346 2192 3544 2262 lingua.
3592 2191 3738 2246 Caro

2177 2300 2397 2353 namque
2438 2282 2649 2351 inﬁrma
2692 2291 2788 2336 est.
2830 2282 3037 2336 Excidit
3082 2283 3172 2351 qui
3217 2284 3434 2352 abnegat
3473 2298 3492 2347 ,°
3544 2300 3735 2337 rursus

2176 2391 2294 2427 cum
2324 2374 2618 2442 conﬁtetur,
2650 2374 2996 2427 instauratur.
3040 2371 3150 2428 Nec
3195 2375 3329 2427 enim
3378 2374 3520 2427 mala
3551 2374 3733 2428 obser-

2173 2473 2262 2519 vat
2300 2463 2455 2529 Deus,
2487 2464 2619 2517 bona
2654 2478 2769 2516 vero
2814 2461 2953 2515 nullo
3000 2459 3111 2514 loco
3184 2471 3438 2514 numerat.
3491 2459 3558 2513 Et
3603 2476 3724 2513 cum

2173 2557 2288 2625 quis
2331 2564 2691 2626 torqueretur,
2729 2560 3024 2625 plerumque
3076 2555 3226 2609 cessit
3278 2571 3397 2608 cum
3441 2553 3577 2623 ferre
3627 2570 3732 2607 non

2172 2658 2359 2717 posset,
2410 2663 2515 2701 non
2565 2657 2889 2700 commutans
2929 2646 3208 2701 voluntatis
3245 2649 3587 2716 propositum,
3639 2647 3733 2699 sed

2173 2740 2349 2793 labore
2378 2739 2561 2793 victus.
2602 2736 2671 2791 At
2721 2738 2988 2803 dimissus,
3029 2753 3089 2791 ac
3135 2738 3363 2807 requiem
3393 2748 3600 2801 nactus,
3642 2754 3731 2790 re-

2172 2838 2459 2885 stauratur.
2486 2828 2854 2884 Servabiturne
2881 2829 3073 2882 dictum
3104 2830 3252 2881 breve
3288 2831 3533 2881 adversus
3557 2826 3729 2890 illum,

2175 2932 2432 2976 torntenta
2470 2937 2585 2975 vero
2620 2937 2722 2975 non
2762 2919 3249 2974 enumerabuntur?
3280 2920 3345 2972 At
3386 2918 3529 2972 Deus
3560 2919 3732 2987 judea:

2171 3024 2270 3080 est,
2304 3030 2404 3068 non
2427 3013 2695 3066 hominum
2729 3012 2975 3066 audacia.
3008 3012 3182 3066 Audes
3205 3012 3363 3081 legem
3390 3010 3732 3074 prtcscribere

2173 3104 2301 3172 Deo,
2349 3104 2438 3173 qui
2480 3101 2839 3170 inﬁrmitatem
2890 3100 3068 3165 novit,
3106 3110 3153 3155 et
3214 3101 3508 3169 suppeditat
3568 3100 3729 3153 auxi-

2170 3197 2320 3260 lium,
2352 3194 2596 3263 dabitque
2628 3192 2942 3249 uictoriam?
2972 3192 3110 3258 Quot
3142 3203 3261 3246 sunt
3291 3193 3379 3262 qui
3410 3202 3524 3262 post
3561 3193 3728 3246 vitam

2168 3285 2363 3341 malum
2426 3284 2738 3354 martyrium
2798 3284 3196 3338 sustinuerunt?
3260 3282 3403 3337 Num
3473 3284 3728 3352 quoniam

2167 3378 2426 3447 cupiditas
2470 3376 2659 3440 illexit,
2707 3375 3051 3443 privabantur
3089 3375 3395 3430 laboribus?
3426 3375 3522 3431 llic
3562 3378 3727 3432 etiam

2167 3466 2233 3522 de
2272 3466 2434 3534 lapsis
2467 3464 2531 3517 ad
2561 3471 2831 3518 certamen
2866 3463 3210 3519 redeuntibus
3241 3465 3437 3534 agitur,
3475 3479 3613 3531 quos
3643 3467 3728 3519 iu-

2166 3556 2400 3613 staurari
2446 3556 2522 3609 ait
2554 3564 2741 3610 auctor
2779 3554 3032 3618 homiliae,
3067 3554 3249 3624 eisque
3287 3556 3478 3610 merita
3521 3558 3730 3627 prioris

2165 3648 2288 3702 vitae
2327 3646 2536 3703 restitui
2596 3646 2894 3702 contendit.
2932 3644 3040 3701 Nec
3090 3659 3182 3701 eos
3229 3646 3319 3716 qui
3364 3646 3564 3717 lingua,
3613 3662 3726 3702 non

2164 3740 2343 3795 animo
2383 3738 2655 3808 jurarunt,
2700 3753 2729 3791 a
2778 3746 2996 3806 peccato
3049 3736 3255 3803 eximit,
3302 3738 3394 3791 sed
3428 3752 3520 3792 eos
3549 3753 3580 3790 a
3607 3744 3725 3807 pa:-

2165 3832 2390 3885 nitentia
2426 3831 2541 3886 sine
2586 3829 2901 3886 crudelitate
2925 3829 3132 3884 excludi
3158 3844 3260 3883 non
3288 3843 3445 3898 posse
3463 3828 3725 3883 declarat.

2234 3922 2465 3992 Tempus
2493 3936 2597 3976 non
2634 3931 2803 3976 teram
2848 3922 2900 3976 iu
2933 3920 3172 3989 pluribus
3205 3920 3324 3975 aliis
3364 3919 3725 3989 esplieandis,

2163 4024 2283 4079 qua:
2305 4026 2411 4064 non
2436 4010 2628 4065 merito
2650 4025 2750 4065 suo
2787 4009 3087 4081 vituperata
3124 4011 3177 4064 in
3219 4011 3304 4066 bis
3332 4011 3568 4067 bomiliis
3607 4010 3725 4065 lue-

2164 4111 2314 4159 runt.
2347 4101 2514 4166 Quale
2540 4115 2621 4157 e5t
2646 4102 2785 4170 quod
2817 4102 2894 4156 ait
2918 4112 3106 4157 auctor
3138 4101 3369 4157 homilia:
3394 4103 3471 4171 (p.
3499 4102 3625 4172 6l9)
3667 4102 3722 4157 in

2165 4192 2322 4258 illud,
2355 4190 2437 4246 Ne
2471 4191 2673 4245 dederis
2705 4208 2943 4246 somnum
2982 4192 3145 4246 oculis
3195 4193 3298 4246 tuis
3326 4194 3368 4259 ⁸,
3399 4192 3593 4248 belluis
3628 4210 3723 4248 so-

2164 4281 2272 4336 lam
2330 4283 2509 4336 inesse
2565 4291 2834 4346 naturam,
2892 4282 3196 4337 hominibus
3241 4299 3370 4340 vero
3428 4286 3720 4349 rationem,

2161 4391 2276 4445 qua:
2316 4385 2518 4429 natura:
2562 4391 2747 4445 parens
2784 4385 2880 4442 est,
2928 4378 3024 4449 τῆς
3067 4377 3276 4447 φύσεως
3319 4377 3475 4447 λόγος
3520 4376 3720 4441 αἴτιος.

2087 4481 2135 4537 ι)
2163 4465 2454 4535 Perspicua
2499 4473 2580 4520 est
2630 4466 2788 4535 hujus
2828 4466 2928 4522 loci
2968 4469 3251 4532 sententia,
3294 4485 3392 4524 nec
3430 4471 3721 4539 quisquam

2163 4557 2413 4628 ignorare
2460 4566 2555 4612 aut
2621 4574 2816 4629 negare
2871 4562 3039 4628 possit
3102 4576 3430 4630 quaecunque
3497 4561 3719 4615 condita

2161 4658 2288 4706 sunt
2320 4649 2522 4705 ratione
2565 4651 2779 4706 condita
2827 4651 3032 4716 fuisse;
3069 4668 3171 4722 quo
3214 4668 3373 4708 sensu
3409 4652 3548 4706 ratio
3580 4652 3723 4707 dici-

2163 4749 2249 4794 llll'
2278 4750 2484 4795 natura;
2516 4756 2702 4795 causa.
3650 4808 3663 4819 t

2232 4831 2340 4885 Vll.
2364 4831 2436 4885 De
2470 4833 2785 4887 tractatibus
2818 4833 2987 4888 sancti
3017 4832 3196 4887 Basilii
3223 4849 3326 4887 non
3359 4833 3523 4887 multa
3558 4835 3722 4889 nobis

2156 4928 2442 4989 supersunt
2466 4921 2778 4976 disserenda
2814 4939 2826 4973 :
2855 4914 3140 4990 jam'enim
3163 4923 3230 4976 de
3274 4923 3422 4977 libris
3445 4924 3718 4979 Adversus

2158 5009 2498 5076 Eunomium,
2520 5011 2585 5066 de
2602 5011 2857 5081 Ascetico,
2886 5012 3150 5083 Liturgia,
3176 5023 3231 5069 et
3257 5015 3392 5070 libro
3418 5015 3492 5069 De
3511 5014 3719 5085 Spiritu

2154 5113 2332 5156 sancto
2362 5104 2588 5173 egimus.
2614 5105 2911 5171 Quominus
2936 5106 2991 5162 S.
3023 5107 3219 5161 Basilio
3268 5111 3575 5164 tribuantur
3602 5111 3716 5165 duo

2154 5193 2476 5261 posteriores
2513 5195 2761 5250 adversus
2818 5195 3137 5253 Eunomiunt
3185 5200 3326 5266 libri,
3377 5203 3555 5255 multa:
3589 5200 3716 5255 affe-

2154 5292 2344 5337 runtur
2381 5281 2433 5335 in
2457 5282 2777 5340 Praefatione
2802 5286 2928 5341 tomi
2967 5288 2990 5342 Ι
3043 5290 3300 5357 rationes,
3334 5305 3558 5358 quarum
3591 5292 3715 5345 dua:

2152 5371 2331 5439 magni
2362 5374 2612 5435 ponderis
2642 5375 2910 5440 videntur,
2937 5376 3061 5447 styli
3093 5379 3452 5448 discrepantia
3477 5386 3532 5433 et
3563 5382 3712 5448 quod

2151 5477 2337 5521 auctor
2385 5467 2503 5521 libri
2551 5483 2601 5520 tv
2638 5466 2780 5539 legat
2808 5469 3027 5539 (p.295)
3083 5471 3381 5542 ὲκτισάμην
3427 5469 3712 5543 ἄνθρωπον

2150 5559 2235 5611 διὰ
2259 5559 2351 5613 τοῦ
2379 5558 2537 5625 Θεοῦ,
2571 5560 2755 5614 Creavi
2784 5561 3038 5617 hominem
3067 5580 3158 5633 per
3195 5564 3357 5618 Deum
3390 5565 3453 5629 ⁸⁸,
3478 5563 3709 5619 Basilius

2157 5650 2372 5721 (p.236)
2404 5667 2531 5706 vero
2556 5652 2891 5726 ἐκτησάμην.
2922 5655 3102 5727 Neque
3120 5657 3232 5715 hac
3250 5656 3710 5728 legendivarietas

2259 5768 2300 5799 ⁸⁸
2325 5767 2457 5824 Gen.
2485 5785 2557 5835 tv,
2586 5770 2696 5825 1-4.
