4040 6216
1663 378 1826 433 VITA
1864 377 1921 433 S.
1963 375 2225 433 BASlLll.

3384 385 3554 425 οιικν

323 502 377 556 in
412 497 667 554 librarios
716 494 871 565 rejici
905 504 1085 567 potest
1124 514 1139 550 :
1181 511 1301 551 nam
1329 506 1556 567 uterque
1599 510 1662 550 ex
1691 512 1787 550 sua
1816 496 1891 547 le-
1918 499 1965 557 Λ
1986 497 2180 573 sancti,
2216 493 2364 546 nulla
2410 498 2675 553 creatura,
2719 504 2881 557 neque
2922 502 3068 541 servo
3119 485 3270 540 Patri
3301 501 3364 539 ac
3415 482 3559 541 Fitio

324 593 476 662 gendi
515 591 732 644 ratione
758 598 1139 657 argumentum
1181 591 1439 644 adversus
1482 590 1769 643 haereticos
1794 587 1892 639 du-

324 687 415 739 cit.
464 681 745 736 Promittit
801 681 1022 749 quidem
1084 681 1314 735 Basilius
1372 695 1433 735 se
1492 681 1889 749 explicaturum

321 776 441 831 alibi
473 775 550 845 (α)
580 774 881 841 Scripturze
930 774 1235 827 testimonia
1262 814 1277 837 ,
1331 788 1449 840 quae
1480 788 1645 841 prave
1684 774 1751 825 ab
1787 773 1894 825 lue-

321 866 502 921 reticis
531 864 993 931 intelligebatttur,
1031 863 1084 916 in
1111 864 1193 917 ltlS
1228 864 1353 916 illud
1385 864 1638 916 Proverb.
1670 880 1683 892 ·
1713 861 1894 914 Domi—

320 974 417 1011 nus
446 957 639 1010 creavit
669 972 751 1008 me
784 955 829 1008 ³.
867 955 974 1009 Sed
1004 971 1124 1009 cum
1170 957 1453 1026 presbyter
1500 956 1675 1010 lactus
1730 956 1895 1010 fuerit

319 1049 478 1119 paulo
525 1056 649 1116 post
691 1058 804 1101 tres
842 1048 1050 1114 priores
1106 1047 1273 1100 libros
1315 1047 1608 1111 absolutos,
1641 1046 1895 1101 viden-tur

318 1154 475 1194 nova:
502 1137 608 1191 illae
633 1135 928 1192 sacerdotii
960 1135 1343 1204 occupationes
1369 1135 1642 1189 obstitisse
1686 1135 1894 1202 quomi-

318 1247 424 1285 nus
451 1230 720 1299 promissa
759 1228 1059 1298 perliceret.
1092 1226 1346 1291 Quamvis
1381 1234 1556 1279 autem
1606 1240 1798 1293 magna
1825 1225 1896 1277 sit

320 1323 464 1377 inter
497 1321 600 1376 hos
635 1321 772 1375 duos
820 1319 990 1373 libros
1026 1327 1081 1371 et
1113 1327 1224 1371 tres
1257 1318 1464 1387 priores
1498 1315 1623 1386 styli
1654 1315 1896 1370 dissimi-

323 1412 521 1474 litudo,
579 1425 688 1463 non
732 1418 911 1461 tamen
949 1406 1229 1461 sententiae
1284 1406 1640 1474 discrepant:
1675 1414 1729 1457 et
1778 1420 1896 1473 quae

325 1513 384 1556 ut
410 1502 652 1555 absurde
689 1512 744 1553 et
775 1500 953 1567 inepte
991 1498 1128 1550 dicta
1185 1496 1668 1562 reprehemluntur,
1706 1512 1767 1550 ea
1798 1502 1894 1550 ex;

320 1590 526 1660 plicare
583 1588 926 1651 conabimur,
955 1588 1043 1639 ubi
1077 1587 1328 1639 nonnulla
1363 1588 1415 1640 in
1461 1587 1687 1654 singulis
1740 1587 1897 1640 tomis

320 1684 482 1751 hujus
534 1681 793 1735 editionis
845 1679 1086 1734 addenda
1152 1689 1205 1732 et
1252 1679 1585 1733 emendanda
1631 1693 1897 1747 prapone-

317 1789 461 1827 mus.

389 1864 529 1918 Alia:
578 1862 883 1918 afferuntur
929 1864 1188 1927 rationes,
1227 1879 1324 1918 cur
1372 1866 1478 1917 duo
1525 1864 1600 1916 illi
1637 1863 1757 1917 libri
1791 1878 1894 1917 non

317 1955 430 2009 sint
455 1954 730 2007 tribuendi
756 1953 986 2016 Basilio;
1018 1953 1159 2021 quod
1186 1955 1239 2006 in
1271 1955 1353 2007 his
1381 1953 1529 2008 libris
1566 1963 1761 2022 praeter
1785 1968 1898 2005 mo-

320 2062 435 2099 rem
468 2055 527 2098 et
559 2045 843 2098 consilium
870 2044 1048 2097 Basilii
1080 2043 1310 2110 Spiritus
1338 2054 1560 2097 sanctus
1600 2043 1898 2112 appelletur

322 2132 471 2185 Deus
504 2148 519 2182 :
546 2132 690 2200 quod
726 2130 894 2184 Filius
919 2129 1163 2200 γέννημα
1184 2145 1325 2199 smpe
1351 2132 1584 2197 dicatur,
1615 2148 1775 2201 quam
1807 2148 1898 2186 vo-

319 2238 441 2276 cem
474 2222 530 2274 iu
581 2222 848 2275 Eunomio
890 2222 1163 2287 vituperat
1218 2221 1492 2277 Basilius:
1533 2223 1678 2291 quod
1712 2222 1893 2289 Pater,

323 2328 393 2367 ne
438 2322 712 2381 quatenus
750 2311 969 2380 quidem
1017 2312 1334 2379 principium
1378 2318 1461 2365 est
1489 2352 1503 2375 ,
1543 2312 1679 2365 Filio
1729 2311 1899 2378 major

320 2419 446 2458 esse
480 2405 712 2458 dicatur.
751 2402 857 2457 Sed
891 2404 971 2457 hie
995 2403 1232 2457 rationes
1266 2418 1372 2456 non
1398 2403 1578 2472 magni
1611 2403 1895 2466 momenti;

324 2497 416 2550 illa
448 2497 754 2565 praesertim
787 2496 1013 2550 minime
1055 2495 1349 2564 probanda,
1379 2511 1537 2564 quam
1573 2495 1746 2563 primo
1783 2494 1899 2548 loco

324 2588 507 2641 retuli.
536 2587 652 2643 Etsi
679 2588 823 2642 enim
847 2587 1080 2641 Basilius
1107 2586 1198 2640 Dei
1233 2586 1445 2640 titulum
1478 2586 1747 2641 interdum
1777 2584 1897 2654 Spi-

326 2682 456 2735 ritui
508 2696 617 2733 non
666 2680 960 2744 tribuebat,
1003 2680 1057 2732 in
1108 2679 1209 2734 hoc.
1258 2689 1433 2732 tamen
1479 2686 1900 2748 temperamento

328 2787 434 2826 non
460 2773 759 2839 perstabat,
803 2772 898 2826 sed
932 2770 1147 2841 publice
1173 2786 1236 2825 ac
1279 2770 1553 2840 privatim,
1597 2778 1735 2825 teste
1771 2768 1902 2824 Gre-

328 2862 486 2931 gorio
534 2861 899 2927 Nazianzeno,
956 2860 1215 2930 Spiritum
1274 2870 1521 2917 sanctum
1580 2860 1887 2930 appellabat

326 2954 522 3017 Deum,
546 2953 639 3008 ubi
676 2962 883 3021 tempus
932 2961 987 3007 et
1027 2952 1200 3007 locum
1230 2954 1296 3007 ad
1330 2967 1448 3007 eam
1486 2968 1600 3007 rem
1646 2953 1898 3007 idoneum

325 3054 521 3099 nactus
541 3055 680 3097 erat.
711 3042 1020 3109 Quinetiam
1063 3044 1163 3097 hac
1193 3043 1494 3098 oeconomia
1538 3051 1652 3096 tum
1683 3042 1898 3097 demum

1924 1833 1971 1890 B

1994 587 2293 656 conjuncta,
2328 582 2634 636 cum-deitas
2672 581 2728 633 in
2765 580 3013 633 Trinitate
3045 577 3380 645 compleatur.
3414 574 3559 630 Nam

1993 676 2245 745 quidquid
2300 685 2457 727 eastra
2515 672 2608 723 nos
2656 677 2767 733 est,
2820 670 2875 722 id
2925 684 3072 723 omne
3108 682 3410 720 conservum
3454 674 3554 727 est,

1994 765 2195 819 etiamsi
2227 764 2450 816 maxime
2476 760 2538 813 ob
2567 762 2879 830 dignitatum
2909 758 3262 827 praenuntiant
3295 756 3404 809 alia
3430 754 3554 809 aliis

1994 867 2399 925 anteponantur.
2440 856 2592 921 Quod
2626 855 2670 909 si
2703 862 2891 907 auctor
2921 852 3041 905 libri
3075 850 3248 919 quinti
3287 848 3551 919 Spiritum

1995 952 2049 1003 in
2097 949 2399 1016 Scripturis
2445 948 2612 1001 Deum
2662 961 2724 998 ae
2772 943 3053 999 Dominum
3102 942 3280 997 vocari
3334 950 3555 994 conten-

1996 1042 2074 1097 dit
2099 1040 2174 1111 (p.
2206 1039 2352 1111 5H),
2390 1040 2524 1092 sicut
2560 1046 2607 1091 et
2650 1036 2877 1090 Verbum
2904 1074 2920 1100 ,
2958 1048 3293 1104 nequaquam
3323 1042 3401 1086 tot
3425 1032 3555 1087 locis

1997 1143 2214 1201 tamque
2264 1132 2569 1194 manifeste,
2624 1132 2717 1186 sed
2759 1130 2945 1184 eodem
2990 1127 3113 1197 jure
3166 1126 3449 1180 Dominutn
3492 1138 3557 1178 ac

1994 1226 2161 1280 Deum
2198 1225 2301 1279 dici
2333 1223 2626 1277 contendit.
3276 1279 3279 1282 ν

2066 1315 2254 1384 Neque
2279 1315 2439 1369 etiam
2463 1313 2694 1366 validum
2722 1320 3096 1381 argumentum
3126 1306 3429 1375 suppeditat
3456 1318 3557 1355 vox

1996 1408 2260 1478 γέννημα,
2312 1421 2432 1473 quae
2478 1419 2507 1457 a
2562 1403 2762 1457 Basilio
2807 1402 3018 1471 rejecta,
3045 1401 3095 1453 in
3144 1399 3280 1453 libro
3327 1396 3562 1451 secundo

2000 1505 2075 1575 (η.
2111 1505 2161 1563 6,
2199 1503 2230 1554 7
2256 1511 2309 1555 et
2338 1500 2438 1572 8),
2469 1516 2571 1553 non
2599 1498 2764 1553 semel
2789 1498 2838 1550 in
2870 1504 3064 1565 quarto
3095 1504 3147 1549 et
3189 1494 3376 1562 quinto
3407 1504 3563 1544 usur-

1997 1606 2175 1665 patur.
2224 1594 2477 1646 Eannlem
2529 1606 2711 1644 vocem
2753 1591 2864 1657 ipse
2890 1587 3115 1641 Basilius
3162 1587 3349 1639 eodem
3402 1597 3563 1637 sensu

1999 1694 2221 1755 usurpat
2251 1685 2302 1737 in
2335 1683 2469 1735 libro
2502 1698 2563 1745 tt,
2600 1698 2721 1750 pag.
2751 1680 2875 1733 9.69.
2904 1678 3055 1745 Quod
3084 1679 3127 1731 si
3159 1692 3275 1731 eam
3303 1675 3475 1743 rejicit
3506 1674 3561 1727 in

1998 1780 2185 1833 eodem
2233 1777 2370 1830 libro
2407 1775 2665 1839 secundo,
2696 1773 2899 1825 idcirco
2933 1769 3106 1838 rcjicit
3134 1769 3274 1838 quod
3308 1782 3425 1821 eam
3456 1763 3562 1818 Eu-

2001 1870 2209 1922 nnmius
2228 1869 2397 1920 instar
2420 1867 2550 1935 legis
2573 1865 2950 1933 prmscribcret
2972 1857 3295 1925 contemptis
3317 1856 3559 1921 vocibus,

1998 1975 2133 2031 quas
2162 1975 2189 2011 a
2219 1958 2493 2027 Scriptura
2519 1964 2571 2009 et
2596 1954 2883 2007 traditione
2907 1951 3230 2018 accepimus.

2068 2049 2323 2116 Quamvis
2370 2047 2593 2101 Basilius
2643 2046 2694 2097 in
2740 2044 2881 2096 libro
2928 2044 3104 2111 primo
3147 2042 3224 2103 (ιι.
3256 2037 3344 2109 25)
3373 2030 3562 2091 dbceat

1997 2139 2211 2193 Patrem
2252 2138 2506 2204 majorem
2554 2150 2671 2188 esse
2714 2142 2979 2203 quatenus
3020 2129 3341 2200 principium
3375 2134 3455 2179 est
3507 2133 3563 2179 et

1998 2245 2197 2295 causa;
2229 2228 2563 2284 contrarium
2599 2226 2725 2280 huic
2771 2223 3030 2277 doctrina:
3072 2222 3235 2275 videri
3265 2235 3366 2272 non
3407 2217 3563 2271 debet

1999 2326 2141 2395 quod
2178 2326 2229 2378 in
2264 2325 2401 2378 libro
2428 2335 2621 2392 quarto
2655 2323 2728 2391 (p.
2752 2322 2880 2391 9.89)
2917 2321 3193 2384 statuitur,
3223 2319 3459 2382 Patrem,
3494 2331 3561 2370 ne

2000 2428 2058 2469 ut
2103 2432 2317 2471 causam
2345 2416 2582 2485 quidem,
2630 2415 2887 2482 majorem
2934 2427 3054 2467 esse
3082 2411 3238 2465 Filio.
3294 2408 3427 2462 Nam
3457 2406 3561 2461 Ba-

2001 2506 2172 2570 silius,
2225 2516 2281 2557 ttt
2327 2521 2487 2574 supra
2529 2505 2960 2567 observavimus,
2998 2518 3118 2556 cum
3162 2502 3301 2554 idem
3347 2513 3561 2565 setuper

2000 2599 2214 2662 sentiat,
2244 2612 2347 2649 uon
2372 2597 2557 2650 eodem
2590 2611 2801 2662 semper
2830 2595 2988 2647 modo
3022 2594 3074 2647 in
3106 2590 3372 2647 literelicis
3402 2589 3563 2644 refel-

2002 2689 2171 2741 lendis
2192 2696 2470 2753 versatur;
2502 2697 2557 2740 et
2582 2686 2824 2755 quamvis
2851 2685 3063 2739 Patrem
3091 2685 3245 2737 initio
3270 2682 3391 2736 libri
3419 2680 3562 2734 tertii

2001 2777 2255 2845 majorem
2285 2793 2403 2833 esse
2441 2779 2630 2832 ordine
2669 2788 2724 2831 et
2767 2777 3025 2847 dignitate
3066 2776 3399 2847 pronuntiet,
3436 2787 3564 2843 qua-

2004 2879 2158 2924 tenus
2192 2870 2360 2925 Filius
2389 2870 2455 2923 ab
2491 2870 2580 2923 illo
2624 2884 2744 2923 esse
2779 2869 2981 2935 habet,
3015 2875 3175 2936 negat
3215 2867 3268 2920 in
3307 2866 3443 2918 libro
3489 2862 3563 2917 De

2002 2959 2205 3030 Spiritu
2235 2972 2416 3014 sancto
2450 2960 2604 3032 (cap.
2638 2960 2707 3031 6)
2747 2959 2961 3013 Patrem
2995 2958 3251 3027 dignitate
3283 2965 3560 3026 praestare.

2073 3048 2337 3103 Videntur
2366 3060 2544 3103 autem
2573 3049 2678 3103 duo
2706 3048 2782 3102 illi
2820 3048 2941 3103 libri
2979 3048 3129 3102 rudis
3156 3045 3398 3116 quaedam
3439 3059 3561 3099 esse

325 3136 400 3189 uti
430 3136 618 3204 cepit,
640 3149 762 3188 cum
790 3134 965 3187 factus
1013 3144 1095 3188 est
1118 3136 1424 3203 episcopus,
1446 3147 1510 3188 ac
1542 3134 1768 3203 proinde
1789 3134 1901 3202 plu-
1924 3171 1970 3234 ο
2001 3150 2057 3194 et
2100 3142 2450 3210 incomposita
2493 3151 2934 3211 argumentorum
2984 3139 3246 3203 Collectio,
3289 3153 3395 3191 non
3425 3151 3560 3205 opus

326 3224 481 3278 ribus
507 3223 668 3278 anuis
697 3235 817 3291 post
844 3223 1074 3293 scriptos
1102 3224 1158 3277 in
1192 3222 1513 3277 Eunontium
1546 3223 1733 3279 libros.
1763 3224 1899 3278 llinc

326 3317 380 3370 in
411 3316 643 3383 epistola
668 3323 879 3382 octava,
908 3314 1165 3384 Spiritum
1191 3323 1436 3368 sanctum
1456 3316 1688 3385 appellat
1708 3316 1897 3371 Deum.

326 3407 485 3475 Quod
519 3407 566 3460 si
622 3407 677 3460 in
723 3406 863 3460 libro
909 3406 1070 3460 tertio
1120 3407 1367 3461 adversus
1432 3406 1750 3461 Eunomium
1793 3423 1900 3461 non

327 3508 437 3551 tam
462 3497 740 3566 conceptis
776 3497 958 3551 verbis
1001 3498 1143 3551 hunc
1196 3498 1407 3551 titulum
1442 3498 1666 3567 Spiritui
1711 3508 1900 3554 sancto

325 3589 556 3652 tribuit,
598 3603 722 3641 non
763 3589 983 3642 videtur
1040 3586 1092 3640 iii
1125 3588 1190 3642 de
1247 3588 1514 3644 industria
1541 3589 1777 3656 cavisse,
1804 3590 1899 3645 sed

328 3681 461 3748 quia
494 3678 869 3735 cavillationes
910 3679 1158 3734 Eunomii
1185 3694 1289 3733 non
1316 3681 1364 3735 ei
1398 3682 1736 3737 occasionem
1766 3690 1903 3736 attu-

333 3774 517 3827 lerunt
545 3771 706 3839 hujus
726 3772 875 3826 vocis
902 3772 955 3826 in
982 3781 1088 3827 tam
1116 3772 1266 3827 brevi
1290 3775 1713 3841 pertractatione
1744 3790 1901 3829 usur-

326 3863 537 3931 pandae.
583 3860 899 3929 Quanquam
949 3875 1068 3915 eam
1114 3876 1218 3916 non
1266 3864 1494 3917 obscure
1540 3874 1787 3932 usurpat,
1842 3874 1902 3919 ut

328 3960 482 4020 patet
531 3965 599 4004 ex
649 3951 752 4005 hoc
792 3950 1100 4005 testimonio
1152 3969 1166 4005 :
1203 3950 1397 4020 Itaque
1437 3954 1486 4005 si
1526 3952 1686 4019 Deus,
1727 3955 1903 4024 inquit

328 4048 408 4109 (p.
458 4039 613 4106 276),
647 4042 702 4093 in
745 4041 893 4095 nobis
936 4059 1028 4110 per
1080 4041 1342 4110 Spiritum
1398 4042 1636 4097 ltabitare
1682 4045 1898 4110 dicitur,

329 4146 502 4183 nonne
537 4133 817 4200 manifesta
850 4133 1090 4201 impietas
1119 4144 1215 4200 est,
1247 4133 1416 4201 ipsum
1448 4134 1697 4202 Spiritum
1730 4138 1900 4190 dicere

328 4232 541 4286 deitatis
561 4234 857 4287 exsortem?
885 4231 975 4297 Et,
1003 4233 1050 4286 si
1080 4250 1164 4287 eos
1195 4235 1284 4302 qui
1320 4234 1504 4287 virtute
1527 4235 1740 4303 perfecti
1760 4242 1899 4302 sunt,

328 4325 453 4377 deos
491 4325 845 4390 nominamus,
878 4325 1129 4392 perfectio
1162 4337 1342 4378 autem
1375 4334 1448 4378 cst
1477 4342 1571 4390 per
1606 4325 1900 4394 Spiritum;

327 4415 589 4484 quomodo
628 4415 717 4482 qui
754 4414 886 4467 alios
924 4416 1077 4475 efficit
1128 4416 1272 4482 deos,
1316 4416 1409 4469 ille
1457 4417 1565 4485 ipse
1619 4418 1901 4470 destitutus
1942 4418 1947 4423 ’

2002 3242 2117 3286 arte
2158 3242 2211 3285 et
2248 3233 2332 3285 via
2364 3233 2742 3287 concinnatum
2774 3252 2788 3287 :
2824 3248 2924 3287 nec
2961 3232 3209 3303 privatim
3240 3230 3556 3285 Eunomium

2000 3332 2204 3391 petere,
2251 3323 2343 3377 sed
2373 3324 2668 3392 generatim
2709 3324 2996 3379 hteretieos
3040 3323 3251 3379 Triadis
3290 3323 3558 3377 inimicos.

2001 3412 2201 3466 Eadem
2248 3412 2360 3466 fere
2392 3413 2444 3466 in
2483 3412 2623 3467 libro
2658 3412 2845 3481 quinto
2877 3413 3191 3466 refelluntur
3232 3426 3295 3466 ac
3331 3412 3383 3464 in
3427 3410 3564 3464 libro

2001 3504 2172 3558 sancti
2198 3502 2379 3557 Basilii
2420 3501 2494 3557 De
2543 3501 2746 3572 Spiritu
2775 3512 2954 3556 sancto
2985 3517 3004 3555 :
3034 3517 3133 3556 nec
3173 3504 3414 3571 profecto
3451 3501 3560 3555 Eu-

2002 3596 2239 3650 nomium
2259 3605 2502 3664 spectare
2519 3595 2689 3663 possit
2708 3596 2819 3649 haec
2836 3596 3128 3649 disserendi
3157 3596 3289 3648 ratio
3307 3594 3381 3664 (p.
3397 3593 3558 3663 507):

2002 3689 2146 3743 Nam
2177 3690 2223 3742 si
2252 3687 2510 3749 Spiritum
2546 3704 2648 3741 non
2685 3688 2853 3742 credis
2883 3705 2947 3742 ex
2984 3706 3070 3742 ore
3092 3688 3187 3741 Dei
3218 3688 3555 3757 processisse,

2002 3796 2162 3849 neque
2210 3779 2431 3833 Verbum
2469 3780 2714 3833 credis...
2758 3780 2912 3845 Quod
2946 3783 2991 3833 si
3030 3797 3133 3833 non
3161 3780 3329 3833 credis
3359 3780 3411 3831 in
3442 3776 3563 3847 Spi-

2001 3874 2183 3935 ritum,
2214 3888 2375 3941 neque
2403 3872 2458 3925 in
2493 3870 2692 3924 Filium
2720 3871 2909 3923 credis.
2935 3870 3117 3940 Longe
3139 3870 3293 3923 aliter
3318 3869 3565 3924 refellen-

2002 3965 2100 4019 dus
2128 3963 2225 4017 fuit
2262 3962 2580 4030 Eunomius,
2624 3962 2779 4033 cujus
2808 3962 3091 4018 manifesta
3136 3972 3252 4017 erat
3289 3962 3341 4016 in
3368 3961 3596 4015 Filium-

2000 4056 2268 4125 impietas.

2074 4143 2204 4197 Tam
2233 4145 2398 4200 multa
2423 4146 2486 4200 de
2506 4145 2747 4199 Ascctico
2768 4146 2819 4198 in
2842 4144 3165 4200 Praefatione
3192 4144 3319 4199 tomi
3345 4143 3564 4199 secundi

2001 4245 2055 4290 et
2090 4237 2229 4306 apud
2264 4236 2658 4292 Tillemontium
2711 4237 2976 4305 disputata
3009 4247 3152 4304 sunt,
3187 4246 3245 4290 ut
3282 4238 3419 4291 Itane
3449 4250 3565 4288 ma-

2003 4329 2196 4382 teriam
2228 4329 2494 4399 attingere
2524 4345 2630 4383 non
2655 4329 2838 4384 libeat.
2869 4328 2982 4385 lloc
3010 4337 3219 4383 tantum
3244 4329 3564 4391 observabo,

2001 4419 2430 4476 Constitutiones
2459 4424 2787 4478 mouasticas
2816 4438 2881 4476 eo
2903 4423 3133 4491 scriptas
3158 4436 3274 4475 esse
3301 4429 3564 4489 tempore,

328 4507 531 4560 deitate
551 4515 626 4559 est
646 4506 677 4558 .9'
706 4504 821 4559 Nec
847 4522 967 4559 vero
994 4508 1137 4576 pium
1166 4508 1327 4576 fuerit
1356 4509 1549 4575 dicere,
1575 4519 1627 4561 ut
1653 4511 1705 4562 in
1730 4509 1899 4562 Itomi-
1929 4510 1974 4565 D
2002 4525 2108 4579 quo
2146 4512 2389 4564 eteuobia
2433 4512 2692 4582 majorem
2742 4513 2795 4567 in
2830 4514 3046 4566 modum
3097 4521 3465 4564 accreverunt.
3497 4507 3566 4571 ,ιιι

328 4598 505 4657 nibus,
540 4597 615 4649 ita
648 4598 781 4650 etin
812 4596 1019 4666 Spiritu
1062 4598 1304 4651 deitatem
1339 4615 1455 4667 quia
1496 4601 1901 4669 participatione

328 4688 587 4755 acquisita
622 4689 716 4752 sit,
764 4688 1041 4753 honorari,
1080 4706 1184 4742 non
1230 4700 1402 4744 autem
1443 4702 1633 4744 natura
1674 4695 1721 4746 ei
1762 4709 1902 4745 cont-

327 4787 523 4843 petere.
560 4775 663 4842 Qui
703 4780 840 4831 enim
879 4780 1018 4831 dono
1050 4780 1265 4848 efﬁcitur
1307 4779 1470 4845 Deus,
1522 4783 1789 4835 mutabilis
1824 4792 1901 4837 est

330 4878 560 4932 natura,
589 4885 708 4938 qua:
740 4887 1112 4941 nonnunquam
1145 4889 1236 4940 per
1277 4875 1643 4943 negligentiam
1674 4892 1705 4927 a
1745 4876 1897 4928 boni-

328 4968 437 5012 tate
491 4962 723 5014 excidat.
783 4960 850 5014 Id
904 4973 1079 5016 autem
1122 4976 1296 5032 aperte
1348 4963 1599 5017 salutaris
1650 4963 1898 5031 baptismi

330 5059 585 5119 repugnat
628 5052 903 5122 traditioni
944 5068 965 5106 :
999 5070 1019 5104 ι
1052 5052 1268 5117 Euutes,
1317 5054 1511 5124 inquit.
1552 5055 1812 5122 baptizata
1843 5058 1897 5107 in

329 5140 538 5192 nomine
554 5138 733 5193 Patris
761 5150 812 5195 et
831 5140 1028 5209 Fitiiet
1047 5142 1276 5210 Spiritus
1308 5145 1569 5197 sancti“:
1591 5163 1610 5196 ι
1634 5144 1726 5197 Est
1759 5147 1896 5198 enim

332 5230 595 5297 baptisma
624 5232 861 5302 sigillum
896 5233 1042 5301 ﬁdei,
1076 5235 1206 5302 ﬁdes
1256 5251 1372 5289 vero
1419 5251 1661 5289 assensus
1689 5248 1761 5289 est
1788 5237 1902 5288 dei-

330 5324 450 5374 tati.
491 5321 635 5376 Nam
677 5327 890 5378 credere
926 5328 1072 5394 prius
1112 5336 1331 5397 oportet,
1374 5328 1558 5382 deinde
1595 5329 1903 5398 baptismate

328 5413 615 5482 obsignari.
671 5413 772 5468 Est
816 5426 990 5468 autem
1031 5428 1204 5470 noster
1249 5419 1533 5486 buptismus
1577 5435 1641 5472 ea:
1689 5418 1899 5471 Domini

330 5503 655 5566 traditione,
698 5504 757 5557 in
799 5506 1010 5559 nomine
1063 5502 1246 5559 Patria
1280 5516 1330 5559 et
1377 5500 1508 5559 Filii
1562 5518 1609 5561 et
1666 5505 1894 5577 Spiritus

408 5637 429 5668 '
453 5636 615 5693 Prov.
639 5654 760 5706 vui,
783 5640 874 5695 23.
946 5643 987 5673 ⁵·
1028 5642 1217 5699 Matth.
1246 5659 1433 5709 xxvm,
1480 5644 1563 5699 i9.

398 5807 475 5884 (tt)
508 5807 625 5867 Lib.
655 5825 718 5877 tt,
754 5824 875 5882 pag.
905 5810 1031 5867 256.

1997 4600 2227 4669 perspici
2265 4609 2439 4669 potest
2461 4616 2525 4653 ex
2556 4615 2676 4669 cap.
2720 4601 2783 4655 18
2811 4600 2888 4670 (u.
2916 4599 2967 4666 1)
2995 4599 3081 4653 ubi
3110 4597 3431 4652 cmnobitica
3460 4598 3564 4647 vita

1998 4694 2429 4745 commendatur.
2491 4692 2644 4746 Ἐπεὶ
2686 4692 2743 4744 δὲ
2782 4693 2832 4744 οἱ
2874 4691 3114 4743 πλεῖστοι
3162 4688 3269 4741 τῶν
3316 4683 3569 4758 ἀσκητῶν

2004 4779 2144 4833 κατὰ
2177 4783 2499 4851 συστήματα
2542 4781 2942 4845 πολιτεύονται,
2971 4779 3220 4850 ἀλλήλοις
3263 4776 3332 4829 τὰ
3373 4775 3571 4848 φρονήά

2008 4888 2152 4941 ματα.
2179 4873 2312 4942 πρὸς
2335 4874 2534 4945 ἀρετὴν
2560 4875 2989 4945 παραθήγοντες,
3031 4873 3125 4926 καὶ
3148 4874 3213 4943 τῇ
3240 4871 3347 4924 τῶν
3376 4883 3542 4940 κατορ

2008 4962 2274 5032 (haudth
2306 4964 2727 5035 ἀντιπαραθέσει
2767 4962 3159 5036 παρορμῶντες
3202 4961 3427 5025 ἑαυτοὺς
3474 4960 3569 5014 ἐπὶ

2002 5054 2101 5124 τὴν
2130 5055 2222 5107 τοῦ
2252 5055 2416 5109 καλοῦ
2448 5060 2749 5128 προκοπὴν,
2780 5057 2983 5110 δίκαιον
3016 5056 3293 5129 ᾠήθημεν,
3327 5058 3420 5110 καὶ
3447 5054 3569 5108 τού-

2004 5163 2115 5209 τοις
2143 5147 2240 5216 τὴν
2270 5147 2355 5200 διὰ
2384 5149 2491 5200 τῶν
2534 5148 2705 5216 λόγων
2746 5150 3084 5219 παράκλησιν
3130 5147 3565 5216 εἰσενέγκασθαι.

2002 5235 2105 5289 Sed
2134 5238 2257 5307 quia
2281 5239 2513 5309 pictique
2548 5252 2733 5293 asceta:
2771 5241 2927 5293 simul
2963 5242 3153 5309 degunt
3194 5241 3249 5293 in
3275 5239 3566 5291 communi-

2004 5339 2129 5397 tate,
2159 5334 2393 5385 animum
2412 5344 2602 5387 mutuo
2628 5344 2933 5389 exacuentes
2967 5335 3035 5387 ad
3066 5336 3323 5396 virtutem,
3357 5341 3403 5384 et
3433 5342 3567 5385 recte

2007 5419 2267 5486 factorum
2320 5427 2708 5493 comparatione
2761 5428 2958 5497 seipsos
3007 5427 3076 5480 ad
3129 5439 3458 5494 progressum
3512 5423 3567 5475 in

2004 5512 2135 5568 bona
2174 5514 2473 5584 faciendum
2501 5521 2838 5589 concitantes,
2875 5535 3080 5590 a'quum
3108 5534 3218 5575 esse
3245 5517 3570 5588 putavimus,
