4040 6216
497 319 691 367 Cum

1851 323 2382 384 PBOLEGOMENA.

500 442 591 479 «os
651 426 807 479 etiam
865 427 1190 483 sermonibus
1262 435 1458 487 nostris
1520 437 1815 492 adhortari.
1889 441 2061 510 Supra
2094 448 2137 504 Α
2165 444 2317 499 silius
2356 446 2645 501 adductum
2675 463 2732 504 se
2768 462 2888 503 esse
2920 460 2978 505 ut
3009 452 3241 507 Moralia
3269 456 3556 525 scriberet,
3592 461 3732 518 dum

499 517 732 571 diximus
785 515 1045 572 Basiliam
1108 521 1444 580 coenobiticae
1498 528 1621 582 vitae
1675 540 1950 585 auctorem
2006 534 2058 587 in

497 608 667 664 Ponto
704 618 758 663 et
793 608 1134 678 Cappadocia
1182 613 1375 678 fuisse,
1409 631 1473 671 ac
1514 632 1638 673 rara
1679 621 1963 675 admodum
2006 624 2055 677 in

497 700 583 753 his
620 708 672 754 et
723 700 917 755 vicinis
965 702 1277 771 regionibus
1313 708 1560 761 coenobia
1606 712 1907 779 exstitisse,
1950 730 2057 781 quo

500 800 738 859 tempore
765 791 931 847 abbas
960 791 1199 864 Pyamon
1232 811 1323 850 eas
1359 802 1687 869 peragravit.
1719 803 1897 869 Quare
1923 805 2057 859 Con-

496 879 803 936 stitutiones
837 885 1150 940 monasticae
1187 887 1272 942 vel
1306 888 1358 941 in
1385 888 1724 960 Cappadocia
1758 905 1855 948 aut
1886 895 2055 952 Ponto

494 982 586 1026 aut
629 972 865 1029 ﬁnitimis
910 976 1217 1046 regionibus
1269 982 1484 1051 scriptae
1535 998 1639 1037 non
1682 984 1918 1052 fuerunt,
1974 988 2053 1042 vel

494 1072 617 1131 post
643 1064 985 1120 Eustathium
1016 1076 1071 1121 et
1099 1068 1353 1125 Basilium
1389 1073 1604 1142 scriptae
1636 1087 1780 1132 sunt.

565 1154 858 1209 Fatendum
891 1172 1022 1211 sane
1063 1168 1148 1212 est
1191 1161 1324 1216 duos
1363 1162 1529 1218 libros
1572 1165 1646 1220 De
1685 1167 1965 1234 baptismo,
2007 1171 2051 1225 si

490 1241 656 1297 verba
694 1254 1026 1313 spectentur,
1059 1264 1089 1301 a
1123 1248 1305 1304 Basilii
1340 1253 1512 1307 nitore
1547 1256 1816 1310 sermonis
1851 1266 1905 1310 et
1934 1258 2051 1313 ele-

490 1334 674 1403 gantia
703 1334 928 1389 multum
962 1338 1233 1394 recedere.
1273 1340 1377 1395 Sed
1400 1343 1443 1397 si
1472 1346 1889 1413 sententiarum,
1917 1364 2051 1415 qua-

492 1440 610 1477 rum
644 1424 786 1478 nulla
826 1440 1047 1493 prorsus
1082 1444 1189 1484 non
1230 1441 1312 1485 est
1334 1432 1544 1501 Basilii,
1576 1437 1713 1490 ratio
1746 1438 2045 1495 habeatur:

488 1514 534 1569 si
563 1529 771 1569 summa
814 1516 984 1585 pietas
1016 1518 1068 1572 in
1108 1529 1336 1591 utroque
1367 1523 1503 1580 libro
1534 1526 1762 1582 miriﬁce
1800 1530 2038 1598 spirans,

486 1605 532 1658 si
562 1604 731 1674 ipsius
759 1607 1038 1676 scriptoris
1067 1612 1439 1668 consideretur
1465 1619 1774 1683 auctoritas,
1808 1621 1897 1691 qui
1934 1638 2039 1676 non

486 1693 659 1747 solum
685 1695 920 1763 pluribus
944 1699 1126 1754 Basilii
1159 1701 1289 1759 locis
1318 1705 1486 1758 utitur
1512 1722 1609 1775 pro
1641 1710 1776 1775 suis,
1806 1712 1897 1765 sed
1934 1713 2044 1779 ipsa

2161 536 2588 593 dissensionibus
2631 540 2928 596 Ecclesiam
2978 545 3419 612 perturbantibns
3453 554 3680 610 territus
3708 597 3727 622 ,

2158 639 2376 681 causam
2400 638 2455 682 et
2484 631 2778 685 remedium
2811 633 2933 687 mali
2958 635 3201 703 inquirit.
3231 636 3340 691 Sub
3381 640 3541 697 finem
3568 660 3727 714 qua:-

2157 718 2349 773 stionis
2382 721 2624 786 decimas.
2649 738 2766 792 quae
2813 734 2893 778 est
2923 725 2990 780 de
3016 728 3270 783 seandalo
3290 770 3304 795 ,
3338 731 3451 786 haec
3490 734 3729 804 legimus

2157 808 2232 878 (p.
2267 810 2391 883 670)
2433 831 2447 867 :
2487 811 2685 868 Fusius
2716 827 2888 869 autem
2918 819 3015 871 hoc
3043 820 3095 871 in
3125 821 3384 887 prioribus
3416 829 3726 893 quaestioni~

2157 902 2250 954 bus
2277 905 2635 971 exposuimus,
2664 908 2754 962 ubi
2777 918 2825 961 et
2851 926 3026 962 eorum
3052 912 3140 980 qui
3172 914 3481 968 scandalum
3506 921 3725 984 patiun-

2154 997 2241 1041 tur
2263 991 2458 1047 clarius
2483 1010 2704 1061 expensa
2729 1008 2802 1050 est
2827 1009 3040 1052 natura.
3071 1000 3184 1054 Non
3212 1002 3315 1055 alia
3340 1019 3470 1059 sane
3492 1013 3723 1074 quaestio

2161 1080 2249 1135 hic
2279 1081 2566 1150 indicatur,
2590 1086 2689 1141 nisi
2718 1089 2769 1140 in
2801 1088 3137 1145 brevioribus
3165 1090 3386 1162 Regulis
3412 1096 3720 1167 interroga-

2154 1172 2230 1226 tio
2259 1176 2596 1243 sexagesima
2624 1187 2841 1246 quarta,
2866 1179 2953 1234 ubi
2978 1181 3041 1235 de
3066 1185 3321 1240 seandalo
3352 1186 3638 1244 disseritur
3658 1202 3719 1246 et

2149 1262 2219 1317 de
2254 1264 2321 1317 iis
2347 1264 2438 1332 qui
2468 1267 2919 1324 scandalizantur.

2224 1351 2360 1419 Quid
2389 1369 2517 1425 ergo
2547 1356 2647 1411 hac
2675 1359 2728 1411 in
2760 1373 2817 1412 re
2843 1364 3183 1418 statuemus?
3212 1366 3380 1437 stylus
3419 1371 3665 1428 diversus
3698 1395 3714 1430 :

2150 1456 2346 1513 negare
2379 1445 2429 1499 id
2475 1462 2580 1501 non
2614 1462 2917 1515 possumus.
2961 1453 3030 1504 At
3054 1457 3331 1511 sententiae
3364 1474 3587 1527 prorsus
3614 1479 3714 1533 ge-

2148 1533 2354 1589 mellae:
2384 1550 2439 1590 et
2468 1551 2587 1605 quae
2615 1541 2913 1595 certissima
2942 1552 3066 1597 sunt
3090 1544 3268 1601 Basilii
3305 1563 3492 1618 opera,
3517 1568 3581 1606 ea
3608 1570 3712 1609 sua

2146 1637 2266 1678 esse
2298 1626 2535 1680 declarat
2574 1639 2764 1684 auctor
2807 1632 3069 1688 librorum
3114 1637 3189 1691 De
3244 1640 3517 1709 baptismo.
3570 1644 3713 1701 Num

2147 1713 2443 1782 improbam
2486 1718 2729 1774 fraudem
2769 1731 2826 1776 et
2850 1733 3006 1793 turpe
3054 1728 3388 1784 mendacium
3411 1735 3715 1803 suspicabi-

2940 1782 2954 1793 _
3142 1782 3172 1783 η
3413 1782 3679 1803 ---γη-η

485 1784 644 1837 etiam
677 1784 858 1839 Basilii
895 1788 1121 1857 scripta,
1155 1801 1214 1845 ut
1246 1796 1460 1861 propria
1496 1794 1698 1851 laboris
1739 1800 1820 1852 sui
1858 1816 2042 1853 monu-
2077 1782 2119 1840 Β
2149 1820 2269 1859 mur
2298 1808 2351 1859 in
2394 1817 2501 1861 tam
2536 1812 2706 1864 sancti
2740 1814 2921 1880 operis
2954 1819 3218 1882 parente?
3263 1820 3488 1888 Quidvis
3530 1828 3709 1897 conji-

488 1884 684 1940 menta,
715 1877 877 1945 citat;
906 1881 1151 1947 equidem
1178 1883 1359 1937 malim
1388 1884 1587 1941 Basilio
1613 1890 1914 1943 orationem
1945 1892 2042 1944 ali-

483 1981 645 2035 quam
698 1968 881 2022 minus
931 1968 1152 2040 factum,
1209 1974 1495 2044 minusque
1546 1979 1777 2034 molliter
1828 1990 2039 2036 euntem

482 2056 799 2119 attribuere,
831 2072 990 2126 quam
1024 2059 1222 2113 homini
1256 2060 1502 2131 improbo
1545 2073 1599 2119 et
1626 2067 1867 2120 mendaci
1907 2082 2041 2135 prae-

479 2146 868 2200 stantissimum
901 2162 1054 2216 opus,
1088 2165 1151 2205 ac
1183 2155 1370 2206 eodem
1411 2168 1631 2221 prorsus
1675 2156 1894 2226 spiritu,
1932 2173 2039 2227 quo

478 2232 659 2286 omnia
686 2233 866 2288 Basilii
895 2237 1097 2306 scripta
1118 2277 1135 2303 ,
1169 2243 1545 2308 compositum.

548 2319 790 2376 Vidimus
817 2338 999 2392 supra,
1032 2341 1153 2380 cum
1190 2329 1255 2382 de
1300 2331 1624 2386 eucharistia
1673 2348 1953 2403 ageremus
1984 2335 2035 2389 in

475 2408 811 2477 Prsalatione,
847 2426 1049 2483 quanta
1090 2418 1162 2473 sit
1209 2419 1468 2475 librorum
1510 2422 1585 2477 De
1618 2423 1874 2493 baptismo
1909 2441 2034 2480 cum

474 2503 596 2558 aliis
626 2506 806 2562 Basilii
833 2511 1085 2579 operibus
1113 2513 1425 2570 similitudo.
1459 2514 1593 2570 Nam
1625 2532 1743 2586 quae
1777 2519 2033 2589 leguntur

474 2594 529 2647 in
576 2597 755 2667 regula
796 2601 1027 2656 breviori
1078 2604 1202 2670 509,
1254 2605 1320 2659 de
1372 2608 1436 2662 iis
1470 2608 1560 2677 qui
1594 2609 1774 2665 minus
1806 2612 1923 2680 puri
1966 2612 2031 2667 ad

473 2685 851 2739 eucharistiam
886 2692 1171 2755 accedunt,
1199 2709 1261 2748 ea
1296 2696 1513 2751 uberius
1542 2708 1595 2752 et
1623 2699 1823 2754 clarius
1856 2702 2029 2772 expli-

473 2780 664 2824 cantur
689 2772 740 2825 in
773 2773 911 2829 libro
939 2792 974 2829 ιι
1000 2776 1076 2832 De
1107 2779 1383 2849 baptismo,
1409 2796 1595 2853 quzest.
1623 2788 1657 2841 2
1677 2790 1795 2846 et5.
1828 2791 1891 2844 Et
1914 2808 2033 2860 qua:

473 2857 522 2909 in
557 2873 665 2928 reg.
694 2860 843 2918 brev.
896 2864 1020 2931 17:2,
1047 2882 1109 2922 ac
1135 2867 1328 2926 Moral.
1353 2872 1444 2939 21,
1477 2875 1541 2927 de
1561 2876 1721 2930 animi
1754 2857 2031 2937 affectione

468 2953 534 3003 ad
562 2951 958 3022 percipiendam
993 2960 1373 3015 eucharistiam
1403 2967 1704 3021 necessaria
1742 2970 1882 3025 dicta
1916 2972 2029 3029 fue-

469 3049 610 3106 rant,
657 3058 843 3098 rursus
881 3044 1221 3103 illustrantur
1255 3051 1308 3105 in
1357 3052 1492 3110 libro
1540 3072 1558 3111 ι
1614 3056 1684 3112 De
1735 3058 2023 3132 baptismo,

465 3146 582 3199 cap.
619 3130 671 3188 5.

538 3219 703 3275 Docet
722 3221 952 3281 Basilius
975 3227 1026 3281 in
1056 3231 1335 3297 prommiis
1358 3249 1477 3303 qua:
1502 3234 1792 3295 Moralibus
1821 3253 1876 3297 et
1903 3261 2025 3314 pro-

467 3309 591 3367 lixis
630 3312 853 3384 Regulis
884 3320 1130 3387 praefixit,
1161 3325 1341 3377 omnia
1372 3342 1591 3395 prorsus
1629 3331 1719 3384 Dei
1760 3309 2022 3407 praacepta

464 3403 801 3472 adimplenda
847 3423 986 3474 esse,
1025 3412 1096 3466 ita
1140 3423 1195 3467 ut
1233 3415 1279 3469 si
1324 3417 1407 3471 vel
1448 3436 1612 3474 unum
1664 3423 1892 3480 violetur
1932 3438 2023 3482 aut

462 3496 764 3565 omittatur,
812 3501 1112 3558 certissima
1170 3506 1240 3560 sit
1294 3506 1469 3563 futura
1528 3512 1823 3570 damnatio.
1880 3519 2019 3575 Idem

462 3581 781 3653 principium
830 3591 1015 3644 eodem
1065 3595 1220 3649 modo
1262 3600 1548 3667 exponitur
1582 3602 1634 3657 in
1679 3604 1817 3661 libro
1865 3624 1883 3663 ι
1948 3609 2022 3664 De

463 3673 738 3743 baptismo,
784 3693 903 3747 cap.
942 3681 991 3746 l,
1028 3699 1081 3737 ιι.
1112 3684 1164 3749 '5,
1195 3694 1249 3739 et
1277 3687 1371 3742 lib.
1414 3705 1475 3753 ιι,
1513 3703 1700 3760 quaest.
1741 3696 1796 3764 4,
1827 3697 1861 3752 5
1887 3708 1939 3753 et
1964 3699 2015 3755 6.

462 3763 735 3835 Praecipue
757 3785 883 3825 vero
908 3772 1089 3829 Basilii
1122 3776 1363 3833 doctrina
1389 3785 1721 3853 agnoscitur,
1744 3803 1864 3843 cum
1889 3806 2019 3859 prae-

416 3912 435 3949 .
459 3863 696 3921 ceptum,
724 3872 829 3927 quo
856 3859 1107 3928 jubemur
1136 3880 1324 3923 omnes
1364 3872 1605 3929 actiones
1639 3879 1704 3931 ad
1735 3878 1900 3934 Deum
1933 3898 2018 3937 re-

462 3944 620 4008 ferre,
659 3953 1065 4007 commendatur
1119 3958 1171 4009 in
1212 3958 1349 4013 libro
1387 3978 1426 4027 1,
1474 3980 1529 4017 n.
1594 3965 1685 4032 25,
1724 3979 1779 4023 et
1821 3971 1872 4024 in
1916 3974 2017 4029 hac

458 4037 753 4100 quaestione
782 4040 902 4095 libri
932 4048 1151 4101 secundi
1176 4063 1293 4119 cap.
1324 4051 1391 4105 8:
1419 4052 1499 4107 An
1519 4068 1783 4126 acceptum
1811 4063 1876 4115 sit
1906 4062 2015 4118 Deo

456 4141 583 4192 opus
608 4132 868 4199 prwcepti,
896 4134 940 4185 si
969 4151 1071 4187 non
1100 4143 1458 4198 convenienter
1487 4145 1583 4200 Dei
1613 4162 1873 4219 praecepto
1894 4154 2010 4222 ﬁat.

458 4214 570 4293 Hpc
596 4233 920 4291 praaceptum
945 4227 1221 4285 charitatis
1241 4235 1426 4289 eodem
1455 4240 1611 4294 modo
1637 4242 1933 4301 inculcatur
1962 4250 2011 4304 in

452 4308 634 4375 regula
682 4315 870 4367 morali
909 4316 993 4381 l8,
1036 4333 1153 4390 cap.
1198 4323 1220 4375 l
1273 4335 1327 4378 et
1367 4325 1420 4380 2.
1479 4329 1608 4385 Vide
1648 4332 1920 4391 humilium
1959 4342 2009 4395 in

449 4400 639 4467 psalm.
677 4418 820 4470 xuv,
849 4422 969 4479 pag.
1002 4410 1125 4479 160,
1162 4421 1214 4468 et
1234 4424 1677 4478 commentarium
1707 4428 1761 4479 in
1785 4426 2005 4499 Isaiam,
2038 4459 2083 4514 Β

452 4508 479 4514 ,,
533 4492 598 4514 ,γη
630 4506 670 4514 _.
709 4496 763 4514 μ.

450 4508 502 4544 ιι.
531 4492 599 4547 59
622 4506 676 4548 et
705 4496 793 4551 51.

515 4581 818 4648 Quinetiam
840 4602 1028 4647 auctor
1050 4593 1307 4652 librorum
1330 4600 1403 4656 De
1430 4603 1682 4672 baptismo
1702 4612 2000 4669 certissima

447 4671 625 4728 Basilii
662 4678 861 4748 scripta
914 4683 1027 4752 ipse
1070 4685 1172 4740 sibi
1218 4671 1506 4760 adjudicat.
1541 4695 1630 4751 Sic
1665 4700 1808 4754 enim
1856 4718 1999 4771 quie-

443 4768 671 4823 stionem
695 4773 934 4839 quintam
964 4781 1232 4847 proponit,
1272 4794 1444 4838 utrum
1482 4788 1627 4842 verbo
1655 4792 1861 4847 cuilibet
1896 4812 1997 4851 non

443 4858 671 4927 obsequi,
698 4864 763 4914 sit
788 4864 988 4934 aliquid
1016 4870 1096 4923 ira
1127 4882 1173 4925 et
1207 4884 1372 4928 morte
1402 4878 1636 4945 dignum,
1666 4883 1873 4938 etiamsi
1900 4888 2002 4954 pri-

442 4943 598 4994 vatim
636 4962 734 4999 non
779 4953 997 5021 singulis
1025 4959 1315 5024 conjunctte
1350 4965 1449 5017 sint
1476 4969 1665 5034 minw;
1699 4972 1891 5029 deinde
1920 4976 1999 5032 sic

440 5032 626 5099 incipit
653 5048 667 5087 :
692 5036 905 5093 Dictum
930 5046 1138 5113 quidem
1176 5062 1250 5104 est
1276 5053 1443 5121 fusius
1471 5059 1533 5109 de
1567 5032 1663 5112 hoc
1689 5078 1995 5132 argumento

438 5121 493 5174 in
543 5125 760 5192 epistola
796 5130 867 5185 De
889 5140 1173 5193 concerdia
1193 5182 1208 5205 ,
1248 5161 1315 5196 an
1347 5146 1577 5202 videlicet
1608 5121 1996 5212 verbo-cuilibet

437 5228 539 5266 non
565 5218 795 5287 obsequi,
821 5223 887 5276 sit
918 5229 1119 5297 aliquid
1147 5233 1227 5286 ira
1250 5245 1296 5287 et
1328 5247 1493 5293 morte
1524 5242 1759 5311 dignum.
1792 5246 1997 5302 Indica-

437 5315 522 5359 tur
544 5308 645 5364 hoc
672 5310 790 5367 loco
815 5322 1134 5384 prommium
1162 5324 1467 5398 Moralium,
1497 5332 1583 5387 ubi
1615 5334 1729 5390 hzec
1759 5340 1991 5405 quaestio

437 5395 605 5456 fusius
639 5411 917 5474 tractatur,
950 5428 1047 5469 nec
1092 5417 1364 5475 immerito
1406 5424 1506 5479 hoc
1540 5431 1857 5496 prooemium
1892 5448 1987 5487 vo-

433 5495 589 5543 catur
622 5494 843 5562 epistola
875 5499 947 5553 De
976 5508 1274 5561 concordia.
1317 5511 1390 5566 lbi
1422 5494 1564 5570 enim
1613 5518 1848 5576 declarat
1888 5520 1987 5579 Ba-

503 5690 579 5749 ζα)
602 5691 903 5753 Tillemont.
938 5710 1064 5759 tom.
1097 5705 1189 5769 1X,
1220 5723 1269 5773 ι).
1307 5711 1429 5768 502.

2143 1912 2266 1953 cere
2289 1898 2496 1964 malim,
2513 1916 2671 1970 quam
2695 1903 2960 1971 ejusmodi
2985 1911 3381 1980 suspicionibus
3406 1917 3706 1986 indulgere.

2143 1987 2285 2042 Nihil
2316 1990 2459 2044 enim
2496 1991 2548 2044 in
2580 1995 2835 2063 operibus
2865 1998 3043 2054 Basilii
3090 2004 3156 2057 ad
3193 2019 3398 2059 morum
3448 2014 3708 2064 sanctita-

2143 2084 2247 2131 tem
2280 2082 2645 2148 prazstantius,
2690 2100 2852 2154 quam
2886 2089 2992 2145 duo
3025 2092 3100 2146 De
3132 2094 3388 2162 baptismo
3418 2099 3560 2155 libri.
3597 2103 3707 2159 Nec

2141 2170 2397 2225 credibile
2424 2182 2508 2226 est
2535 2188 2679 2239 eum,
2712 2192 2740 2230 a
2777 2193 2883 2247 quo
2917 2185 3199 2252 compositi
3230 2188 3396 2243 fuisse
3419 2192 3702 2261 dicuntur,

2139 2272 2259 2310 cum
2286 2258 2337 2311 in
2367 2260 2589 2330 legendo
2622 2264 2823 2322 Basilio
2862 2273 3269 2330 accuratissime
3301 2290 3549 2336 versatus
3580 2282 3701 2337 fue-

2138 2349 2230 2413 rit,
2262 2365 2365 2404 non
2397 2367 2517 2407 eum
2550 2356 2738 2412 saltem
2787 2374 2852 2414 ex
2900 2362 3000 2418 hac
3050 2364 3277 2422 lectione
3310 2368 3541 2427 fructum
3581 2390 3700 2443 per-

2136 2440 2367 2508 cepisse,
2411 2453 2469 2496 ut
2505 2443 2747 2503 fraudem
2788 2461 2840 2505 et
2881 2454 3219 2512 mendacium
3260 2461 3481 2516 odisset.
3532 2464 3701 2523 Forte

2136 2528 2386 2597 Basilius,
2432 2536 2556 2589 dum
2602 2553 2724 2593 eum
2759 2542 2953 2612 aliquis
2992 2550 3210 2605 morbus
3238 2551 3377 2608 lecto
3418 2554 3605 2626 afﬁgit,
3638 2571 3697 2613 ut

2133 2622 2294 2678 citius
2341 2624 2406 2679 iis
2472 2628 2851 2699 satisfaceret,
2906 2652 3136 2705 quorum
3188 2651 3369 2711 rogatu
3426 2622 3696 2706 scribebat

2135 2713 2211 2785 (p.
2250 2716 2400 2789 624),
2436 2719 2728 2791 incoeptum
2760 2740 2789 2778 a
2814 2740 2877 2782 se
2904 2743 3038 2798 opus
3061 2743 3116 2787 et
3147 2734 3198 2788 in
3230 2736 3293 2791 iis
3325 2754 3446 2807 quae
3474 2742 3541 2795 ad
3574 2759 3695 2798 sen-

2135 2808 2331 2861 tentias
2374 2820 2641 2879 spectant,
2677 2815 3045 2888 informatum,
3084 2824 3244 2881 alicui
3278 2843 3343 2882 ex
3374 2833 3486 2888 suis
3517 2834 3694 2890 absol-

2130 2897 2360 2951 vendum
2406 2902 2676 2958 commisit
2719 2923 2731 2959 :
2774 2907 2845 2961 ita
2885 2918 2941 2965 ut
2985 2917 3266 2972 sententiae
3305 2920 3416 2975 sint
3460 2922 3691 2993 Basilii,

2134 2986 2296 3041 alium
2324 2990 2483 3045 verba
2515 2992 2749 3051 habeant
2773 3008 3069 3057 auctorem.
3104 3003 3419 3076 Suspectum
3450 3014 3548 3069 fuit
3587 2986 3689 3074 hoc

2054 3120 2094 3177 C
2132 3094 2267 3148 opus
2302 3080 2646 3151 Combefisio,
2694 3088 2763 3141 ob
2811 3091 3068 3150 doctrinm
3115 3098 3520 3161 similitudinem
3567 3125 3688 3163 cum

2130 3168 2382 3235 Ascetico,
2423 3177 2563 3240 quod
2594 3174 2792 3234 Basilio
2831 3183 3097 3250 abjudicat
3134 3186 3273 3243 idem
3307 3192 3686 3254 (iombefisius.

2130 3258 2233 3313 Sed
2268 3259 2383 3316 haec
2414 3263 2572 3329 ratio,
2608 3274 2666 3319 ut
2699 3267 2953 3327 observat
2986 3273 3378 3346 Tillemontius,
3420 3284 3473 3337 id
3508 3287 3685 3353 valet,

2126 3358 2181 3402 Il
2210 3352 2409 3407 certius
2450 3354 2648 3411 Basilio
2682 3360 3047 3419 attribuantur
3080 3366 3197 3423 libri
3233 3370 3307 3426 De
3333 3374 3613 3441 baptismo.

2195 3440 2339 3497 Nihil
2394 3446 2571 3502 dicam
2621 3451 2686 3505 de
2732 3452 2972 3521 pluribus
3008 3460 3223 3530 scriptis
3267 3464 3318 3517 in
3362 3472 3687 3538 appendices

2130 3532 2259 3585 tomi
2303 3534 2460 3602 primi
2503 3546 2558 3591 et
2587 3542 2806 3595 secundi
2840 3542 3078 3611 rejectis,
3122 3551 3188 3606 de
3233 3532 3449 3621 quibo-s-
3473 3564 3683 3617 consuli

2120 3632 2349 3689 possunt
2377 3626 2721 3694 praefationes
2750 3632 2832 3687 his
2852 3638 3009 3692 tomis
3030 3641 3278 3707 praeﬁxae.
3309 3644 3362 3699 In
3388 3652 3685 3717 appendice

2120 3711 2275 3780 hujus
2305 3716 2447 3770 tertii
2477 3719 2602 3772 tomi
2633 3720 2893 3779 habemus
2927 3725 3118 3783 librum
3159 3730 3231 3784 De
3256 3711 3578 3803 virginitate,
3611 3743 3682 3797 de

2119 3818 2225 3871 quo
2272 3808 2480 3875 egimus
2516 3810 2571 3864 in
2603 3812 2970 3873 admonitione
2999 3820 3170 3875 eidem
3202 3822 3339 3879 libro
3373 3831 3676 3894 praemissa.

2118 3892 2514 3965 Grammaticas,
2540 3914 2661 3971 quae
2690 3903 2743 3957 in
2774 3908 3048 3964 nonnullis
3074 3892 3397 3971 editionibus
3437 3924 3536 3975 sub
3575 3922 3678 3978 Ba-

2117 3982 2223 4038 silii
2249 3988 2464 4042 nomine
2492 3992 2708 4059 prodiit,
2735 3993 2884 4051 locus
2902 3997 2956 4052 in
2984 3999 3083 4056 hac
3110 4005 3400 4060 novissima
3431 4011 3678 4069 editione

2116 4092 2221 4132 non
2254 4080 2401 4136 visus
2426 4092 2511 4138 est
2544 4086 2879 4145 tribuendus.
2909 4092 3293 4163 Compendium
3320 4117 3441 4160 esse
3479 4110 3672 4163 existi-

2115 4181 2290 4224 matur
2317 4171 2390 4243 (α)
2427 4177 2605 4243 operis
2636 4194 2665 4231 a
2696 4183 2996 4238 recentiore
3028 4190 3260 4257 quodam
3304 4192 3492 4251 Graeco
3520 4214 3673 4253 com-

2113 4261 2289 4327 positi.
2320 4260 2511 4319 Narrat
2546 4265 2812 4327 Scultetus
2850 4273 2923 4346 (b)
2958 4285 3067 4332 tres
3108 4289 3363 4339 tractatus
3390 4288 3488 4342 sub
3519 4289 3675 4347 Basi-

2110 4347 2167 4403 lii
2198 4353 2415 4408 nomine
2451 4356 2503 4409 in
2533 4358 2855 4417 bibliotheca
2888 4380 2983 4419 sua
3018 4379 3254 4437 exstare,
3283 4390 3472 4444 nempe
3502 4396 3670 4447 expo-

2113 4441 2351 4494 sitionem
2373 4456 2669 4500 sanctorum
2700 4447 2922 4505 Patrum
2955 4455 3144 4511 Basilii
3178 4470 3224 4513 et
3251 4461 3483 4533 Gregorii
3520 4470 3672 4521 tbeo-

2110 4531 2215 4599 logi
2248 4534 2311 4587 de
2340 4547 2521 4589 sancta
2550 4546 2598 4590 et
2636 4540 2925 4597 orthodoxa
2962 4546 3111 4613 ﬁde;
3152 4531 3415 4622 dialogum
3453 4571 3671 4614 sanctu-

2109 4637 2224 4675 rum
2256 4623 2443 4679 Basilii
2477 4638 2522 4681 et
2569 4628 2804 4701 Gregorii
2848 4635 2911 4689 de
2956 4637 3151 4693 visione
3194 4642 3312 4710 Dei,
3347 4649 3434 4711 qui
3474 4648 3668 4705 Latine

2107 4713 2280 4767 editus
2300 4724 2382 4769 est
2410 4716 2462 4770 in
2487 4718 2722 4775 editione
2753 4722 3046 4781 Parisiensi
3071 4734 3197 4786 anni
3225 4736 3382 4801 1605,
3408 4749 3455 4792 et
3480 4743 3666 4811 Magni

2095 4798 2281 4853 Basilii
2307 4809 2691 4863 enarrationem
2718 4812 2771 4865 in
2794 4829 2855 4866 ea
2880 4832 2995 4885 qua:
3024 4822 3079 4873 in
3115 4838 3265 4878 sacra
3301 4826 3514 4897 liturgiu
3540 4850 3663 4899 per-

2094 4901 2339 4958 aguntur.
2374 4895 2537 4951 Addit
2564 4899 2703 4955 idem
2752 4903 3020 4964 Scultetus
3055 4911 3219 4967 latere
3256 4916 3309 4970 in
3336 4895 3658 4977 bibliotheca

2095 4981 2338 5039 Palatina
2370 4988 2694 5058 colloquium
2724 4993 2907 5053 Basilii
2942 5016 3063 5055 cum
3094 5004 3353 5076 Gregorio
3379 5011 3446 5065 de
3470 5027 3656 5067 sacer-

2096 5071 2329 5129 dotibus.

2167 5163 2291 5219 Haec
2326 5147 2584 5224 habebam
2619 5188 2738 5243 quae
2773 5179 2837 5230 de
2872 5180 2929 5233 S.
2966 5181 3147 5238 Basilii
3185 5188 3341 5242 rebus
3386 5192 3553 5259 gestis
3596 5204 3656 5249 et

2094 5257 2308 5324 scriptis
2333 5274 2431 5328 pro
2455 5260 2727 5320 facultatis
2764 5270 3131 5330 mediocritate
3158 5257 3499 5336 dissererem.
3532 5283 3653 5352 Quo

2092 5346 2145 5400 in
2176 5363 2336 5418 opere
2369 5352 2587 5409 minime
2637 5356 2843 5427 dubito,
2875 5364 3001 5431 quin
3033 5368 3201 5421 multa
3230 5368 3373 5424 inter
3403 5382 3478 5429 tot
3511 5372 3649 5433 difﬂ-

2090 5437 2217 5492 ciles
2243 5440 2612 5513 obscurasque
2640 5451 2965 5515 quaestiones
2987 5495 3001 5519 ,
3047 5467 3139 5510 aut
3174 5460 3349 5514 minus
3390 5464 3645 5528 viderim,

2088 5536 2179 5582 aut
2204 5544 2307 5583 non
2331 5572 2345 5597 ,
2378 5540 2435 5585 ut
2473 5548 2571 5603 par
2596 5550 2713 5593 erat
2736 5580 2749 5606 ,
2787 5549 3249 5609 pertractaverim.
3292 5550 3397 5608 Sed
3432 5568 3505 5610 ne
3526 5556 3647 5624 quia

2170 5726 2244 5785 lbi
2283 5728 2464 5787 Theol.
2494 5744 2629 5791 oart.
2661 5751 2733 5794 iv.
2766 5753 2816 5796 υ.
2857 5740 2946 5796 26.
