4040 6216
1412 388 1473 443 D.
1514 388 1658 445 JUL.
1699 388 2029 444 GARNERII
2069 387 2455 443 PRIEFATIO.

3333 408 3546 451 (ιιιινιι

296 497 675 568 reprehendat
703 498 849 569 quod
875 513 1018 568 saepe
1049 514 1079 553 a
1112 498 1431 553 Tillemontii
1462 502 1731 556 sententia
1766 503 1874 556 dis-
1907 512 1953 567 Α
1983 502 2107 555 bras
2143 500 2419 554 oll'undere
2449 522 2459 554 :
2490 500 2582 554 sed
2629 501 2763 556 satis
2797 511 2915 557 erat
2943 502 3267 559 Tillemontii
3300 518 3545 573 premere

300 593 501 643 cedam
524 628 540 653 ,
580 598 812 644 ceteros
854 600 1035 646 autem
1066 591 1281 646 criticos
1323 594 1498 646 rarius
1521 594 1680 647 citem
1708 602 1761 647 et
1793 608 1880 646 re-

296 677 520 744 fellam;
560 680 723 749 hujus
766 680 843 735 rei
876 681 1064 750 paucis
1088 682 1353 736 reddenda
1388 683 1548 738 ratio.
1592 683 1884 739 Tillemon-

295 770 437 833 tius,
475 785 735 841 magnum
782 771 911 825 illud
957 774 1200 829 historiae
1234 774 1630 829 ecclesiasticae
1659 776 1836 829 lumen
1865 816 1878 838 ,

1984 592 2227 662 vestigia,
2251 602 2304 647 et
2328 596 2371 645 si
2403 594 2531 661 quid
2557 608 2767 649 summo
2793 596 2862 650 illi
2891 597 3009 652 viro
3029 598 3338 663 excidisset,
3362 598 3546 652 obser-

1982 698 2112 737 vare
2139 691 2194 737 et
2222 682 2532 738 emendare.
2565 683 2674 738 Nec
2698 686 2901 741 idcirco
2928 688 3158 743 eximius
3196 688 3281 742 ille
3310 689 3545 757 scriptor

1984 773 2320 827 brevioribus
2366 774 2505 828 foliis
2542 774 2838 839 ornandus,
2882 777 3022 844 quod
3072 776 3125 830 in
3170 777 3288 847 ejus
3329 778 3545 846 scriptis

290 862 554 915 omnium
589 863 1007 917 accuratissime
1040 866 1106 919 de
1133 865 1289 919 rebus
1312 866 1475 933 gestis
1502 864 1682 919 Basilii
1717 867 1884 921 disSe—

294 952 436 1013 ruit,
470 966 535 1003 ac
565 952 848 1007 innumera
876 953 1105 1008 aliorum
1137 964 1314 1009 errata
1345 958 1674 1008 emendavit.
1704 955 1882 1020 Quare

292 1054 526 1095 necesse
558 1057 665 1095 non
696 1041 799 1096 fuit
825 1045 989 1098 variis
1017 1044 1242 1098 aliorum
1276 1044 1619 1112 opinionibus
1647 1045 1883 1099 referen-

290 1140 387 1185 uis
421 1142 477 1187 et
517 1132 847 1190 refellendis.
870 1145 1083 1206 tempus
1104 1137 1412 1200 extrahere,
1448 1151 1511 1191 ac
1541 1137 1701 1191 rebus
1735 1146 1882 1191 tene-

1986 865 2253 918 interdum
2284 865 2507 918 maculae
2533 876 2855 933 occurrant;
2884 868 3079 936 quippe
3115 883 3237 922 cum
3270 883 3334 922 eo
3370 868 3541 922 facem

1988 958 2303 1025 praeferente
2345 971 2523 1010 naevos
2554 956 2815 1024 ejusmodi
2849 957 3333 1027 deprehendamus,
3362 967 3419 1013 et
3448 974 3540 1013 ac—

1989 1048 2158 1114 ceptis
2177 1048 2243 1101 ab
2267 1063 2331 1102 eo
2357 1049 2621 1117 prmsidiis
2644 1050 2740 1103 hos
2759 1050 2810 1103 in
2835 1050 3156 1118 antiquitate
3180 1051 3539 1107 ecclesiastica

1993 1154 2308 1209 progressus
2337 1155 2750 1209 consequamur.

294 1305 351 1314 —
370 1306 3139 1327 mm

294 1320 2114 1330 —'—————._—__‘i,

1491 1492 2360 1620 PBZEFATIO.

556 1314 571 1315 κ
612 1314 3516 1347 γὴ-ᾑ--ῇ--α--ή--ησῌπ

371 1945 421 1999 Ι.
456 1944 636 2000 Hodie
669 1946 849 2014 vigent
890 1947 1126 2004 maxime
1150 1949 1415 2007 editiones
1440 1967 1623 2020 novae;
1652 1970 1752 2011 nec
1782 1965 1869 2012 est
1898 1966 1941 2022 Β
1972 1959 2111 2023 nica,
2143 1957 2439 2026 scriptores
2474 1966 2531 2012 et
2558 1956 2733 2012 Graeci
2784 1968 2838 2011 et
2896 1957 3071 2010 Latiul
3121 1954 3323 2023 scripta
3354 1954 3537 2010 Basilii

291 2035 423 2090 fere
454 2044 650 2090 nostra
683 2045 846 2092 aetate
899 2037 1066 2092 ullum
1108 2039 1426 2097 litteratura:
1464 2058 1653 2114 genus,
1690 2048 1743 2103 in
1768 2061 1874 2118 quo
1974 2048 2127 2116 quasi
2159 2049 2411 2104 certatim
2437 2048 2650 2119 quantis
2669 2048 2916 2103 maximis
2942 2046 3183 2101 laudibus
3212 2047 3535 2102 extulerint:

288 2126 418 2194 plus
444 2126 692 2194 positum
717 2125 790 2181 sit
811 2141 992 2199 opera:
1018 2142 1083 2185 ac
1104 2131 1261 2186 studii
1289 2133 1356 2187 ab
1384 2136 1632 2191 eruditis.
1666 2136 1776 2192 Nec
1821 2140 1872 2194 id
1974 2156 2201 2210 quorum
2252 2141 2557 2197 testimonia
2602 2141 2813 2196 notiora
2876 2148 3022 2205 sunt,
3076 2154 3235 2209 quam
3284 2148 3339 2193 ut
3379 2154 3441 2195 ea
3486 2140 3538 2193 in

290 2219 501 2273 mirum
534 2219 792 2290 cuiquam
820 2222 992 2277 videri
1025 2222 1203 2289 debet,
1230 2239 1350 2280 cum
1376 2227 1508 2280 nihil
1536 2226 1672 2284 forte
1701 2231 1875 2299 aptius
1974 2234 2205 2288 medium
2236 2232 2478 2303 proferre
2504 2245 2724 2287 necesse
2754 2231 2843 2286 sit.

290 2322 391 2365 aut
435 2312 631 2366 utilius
677 2312 747 2367 ad
796 2313 937 2368 bona
966 2314 1139 2368 studia
1168 2319 1531 2383 promovenda
1581 2323 1873 2392 excogitari
2042 2326 2095 2379 4.
2123 2325 2309 2394 Neque
2344 2339 2477 2380 vero
2506 2324 2801 2393 putandum
2835 2331 2919 2379 est
2969 2337 3060 2379 res
3089 2322 3235 2377 solas
3268 2322 3319 2376 in
3354 2319 3537 2375 Basilii

290 2404 491 2470 possit.
532 2402 820 2458 Hominem
873 2404 966 2474 qui
997 2406 1050 2458 id
1077 2414 1254 2475 neget,
1301 2409 1533 2463 arbitror
1563 2408 1679 2466 fore
1705 2414 1876 2468 nemi-
1978 2416 2197 2483 scriptis
2220 2417 2425 2470 laudari
2454 2431 2469 2469 :
2508 2416 2756 2471 laudatur
2785 2424 2840 2469 et
2869 2415 2978 2484 ipsa
3018 2428 3229 2484 quoque
3265 2413 3528 2467 orationis

294 2508 451 2560 nem,
492 2496 538 2548 si
572 2509 760 2549 secum
784 2494 945 2565 paulo
968 2497 1227 2552 attentius
1254 2501 1604 2569 reputaverit,
1621 2503 1874 2572 primum,
1977 2506 2265 2576 elegantia,
2312 2505 2572 2569 suavitas,
2642 2506 3017 2574 perspicuitas,
3068 2502 3395 2559 incredibilis
3442 2502 3523 2555 vis

291 2595 507 2653 quanta
558 2586 770 2640 utilitas
799 2600 865 2641 ex
913 2588 1066 2642 novis
1114 2589 1441 2646 editionibus
1496 2590 1755 2649 accedat:
1784 2596 1877 2651 de-
1979 2596 2364 2665 persuadendi,
2411 2598 2672 2652 doctrinm
2710 2596 3013 2666 integritas,
3064 2611 3156 2650 ars
3202 2594 3427 2649 mirifica
3457 2592 3539 2647 di-

301 2678 461 2745 inde,
498 2694 667 2748 quam
706 2679 1006 2750 jucundum
1040 2680 1111 2735 sit
1146 2681 1198 2735 in
1240 2681 1408 2739 libros
1463 2684 1532 2738 ab
1577 2687 1877 2744 innumeris
1978 2690 2137 2745 cendi
2172 2690 2288 2746 sine
2320 2692 2426 2746 ulla
2478 2692 2609 2745 artis
2635 2691 3056 2761 significatione,
3092 2704 3301 2744 summa
3347 2690 3399 2745 in
3427 2697 3539 2743 tra-

289 2772 529 2826 maculis
592 2783 919 2844 expurgatos
969 2773 1226 2829 incidere.
1306 2775 1445 2832 Hinc
1513 2778 1755 2847 factum,
1815 2782 1870 2835 ni
1978 2781 2191 2837 ctandis
2220 2782 2499 2852 religionis
2537 2780 2859 2835 Christiana:
2894 2780 3168 2850 mysteriis
3218 2794 3346 2834 cura
3378 2790 3538 2851 atque

291 2862 483 2930 fallor,
511 2872 571 2916 ut
599 2863 703 2918 hoc
722 2863 1030 2933 scriptionis
1057 2878 1226 2931 genus
1269 2876 1377 2922 tam
1410 2870 1649 2938 impense
1692 2871 1874 2928 laude-
1975 2872 2273 2942 diligentia,
2300 2874 2380 2927 sic
2407 2882 2465 2926 ut
2494 2872 2626 2925 nihil
2665 2870 2747 2924 vel
2778 2885 2808 2924 a
2844 2869 3136 2924 fastidiosis
3166 2870 3219 2923 in
3240 2870 3355 2938 ejus
3384 2870 3540 2927 libris

293 2964 392 3008 tur
413 2954 484 3009 ab
509 2954 783 3021 omnibus,
813 2956 968 3025 quasi
998 2972 1153 3012 suum
1200 2958 1429 3028 quisque
1470 2962 1709 3018 laborem
1739 2965 1873 3019 alte-
1977 2962 2274 3018 desiderari
2302 2978 2461 3033 posse
2491 2962 2757 3017 videatur.

291 3050 419 3101 rius
442 3047 634 3101 labore
664 3047 833 3102 minui
865 3051 1115 3119 gaudeat,
1170 3052 1404 3120 velitque
1456 3055 1727 3111 studiosos
1776 3057 1877 3111 hac
2049 3054 2099 3109 5.
2130 3054 2269 3121 Quid
2315 3055 2483 3116 enim,
2512 3068 2717 3122 quasso,
2753 3052 2929 3122 expeti
2974 3059 3152 3121 potest
3200 3051 3256 3105 in
3300 3050 3543 3106 Basilio?

292 3137 705 3192 benevolentiae
743 3138 1145 3208 significatione
1171 3142 1341 3212 magis
1356 3157 1421 3197 ac
1446 3146 1618 3215 magis
1642 3146 1709 3201 ad
1734 3146 1876 3216 ejus-
1977 3144 2135 3212 Nant,
2169 3155 2227 3199 ut
2254 3147 2319 3200 de
2349 3145 2600 3199 facundia
2631 3145 2842 3206 sileam,
2896 3145 2947 3196 in
2982 3138 3163 3198 Basilii
3204 3143 3424 3212 scriptis
3457 3144 3539 3197 in-

292 3226 724 3281 modistudium
756 3227 1003 3283 incitare.
1911 3302 1938 3305 ι
1978 3237 2164 3290 venias
2207 3251 2312 3289 non
2349 3251 2541 3305 pauca,
2574 3250 2694 3304 quae
2722 3234 2787 3287 ad
2822 3233 3327 3302 interpretationem
3359 3247 3538 3287 sacra-

375 3318 431 3374 2.
469 3317 597 3372 [lac
650 3332 860 3372 mecum
901 3333 1022 3373 cum
1076 3330 1401 3389 reputarem,
1454 3325 1593 3394 coepi
1630 3333 1685 3381 et
1731 3326 1869 3396 ipse,
1898 3302 1942 3361 δ
1978 3343 2092 3380 rum
2146 3302 2545 3396 Scripturarum
2592 3302 2865 3395 spectant.
2917 3324 3127 3379 Dixisse
3180 3338 3371 3392 parum
3425 3332 3535 3391 est,

292 3412 602 3466 multarum
629 3411 896 3480 exemplo,
954 3413 1020 3466 de
1051 3429 1185 3468 nova
1218 3414 1397 3484 aliqua
1432 3417 1669 3473 editione
1716 3420 1874 3474 ador-
1976 3419 2281 3473 traditionis
2330 3419 2658 3473 monimenta
2689 3425 2745 3471 et
2785 3418 2950 3471 multa
2991 3426 3046 3471 et
3093 3415 3326 3485 insignia
3379 3417 3520 3484 apud

292 3507 483 3558 nanda
517 3506 784 3573 cogitare.
836 3504 935 3559 Vix
987 3515 1169 3561 autem
1222 3508 1378 3570 mihi.
1434 3527 1555 3564 cum
1593 3511 1759 3565 semel
1801 3513 1873 3566 ita
1980 3509 2237 3564 Basilium
2273 3518 2529 3565 exstare:
2566 3509 2673 3563 dici
2726 3518 2903 3578 potest
2937 3503 3158 3571 verius,
3206 3510 3351 3563 hunc
3396 3523 3536 3563 sum-

292 3596 546 3650 animum
571 3596 903 3651 induxissem
938 3611 1137 3665 meum,
1171 3600 1239 3654 de
1267 3614 1432 3669 opere
1475 3601 1748 3672 seligendo
1781 3605 1873 3657 de-
1974 3620 2118 3657 mum
2151 3603 2322 3656 virum
2357 3602 2670 3655 traditionis
2700 3600 3075 3655 auctoritatem
3124 3598 3392 3668 praecipue
3416 3606 3530 3654 sta-

293 3687 539 3742 liberare
593 3687 764 3742 licuit.
809 3688 879 3742 Ea
927 3697 1011 3742 est
1048 3690 1192 3744 enim
1232 3690 1414 3746 Basilii
1466 3707 1691 3763 operum
1730 3693 1870 3747 fama
1974 3692 2231 3757 bilivisse,
2256 3707 2377 3745 cum
2410 3706 2526 3746 eam
2582 3690 2852 3745 haereticis
2896 3699 3145 3755 tanquam
3195 3688 3534 3756 inexpugna-

291 3788 471 3847 atque
504 3778 862 3845 existimatio,
894 3788 950 3834 ut
997 3779 1199 3850 impetu
1228 3782 1465 3851 quodam
1510 3784 1683 3854 magis
1711 3798 1870 3853 quam
1973 3783 2131 3839 bilem
2160 3797 2372 3835 murum
2408 3797 2623 3851 semper
2663 3781 2932 3851 opposuit.
2978 3780 3147 3845 Quam
3189 3777 3354 3831 multa
3386 3788 3532 3843 sunt,

292 3868 518 3923 delectu
547 3870 614 3923 ad
644 3884 709 3924 ea
742 3886 932 3925 rursus
962 3870 1168 3926 edenda
1210 3872 1473 3942 impulsus
1500 3874 1622 3929 sim.
1652 3874 1872 3930 Deside-
1974 3889 2092 3944 quae
2127 3873 2413 3928 historiam
2442 3882 2741 3942 temporum
2783 3872 2999 3925 illorum
3045 3868 3348 3922 illustrant!
3391 3867 3533 3933 Quot

292 3960 447 4013 rium
496 3961 729 4029 augebat
779 3963 1041 4031 quidquid
1092 3963 1358 4033 legebam,
1392 3965 1651 4035 quidquid
1682 3967 1870 4020 audie-
1973 3971 2064 4015 aut
2106 3959 2507 4017 Catholicorum
2553 3971 2648 4015 aut
2677 3960 3056 4015 haereticorum
3110 3958 3252 4012 facta
3290 3956 3530 4012 tenebris
3592 3978 3605 4003 σ

291 4051 428 4103 bam
458 4049 526 4105 de
549 4051 747 4107 Basilio
780 4052 992 4123 Magno.
1042 4051 1283 4108 Mirabar
1316 4069 1437 4108 eum
1487 4054 1571 4111 vel
1611 4066 1871 4124 prmstan-
1971 4052 2159 4106 obruta
2184 4051 2487 4120 latitarent,
2534 4053 2579 4107 si
2617 4050 2844 4106 Basilius
2882 4065 2946 4105 ea
2999 4049 3195 4104 litteris
3222 4063 3323 4103 non
3350 4048 3533 4118 prodi-

292 4142 533 4197 tissimis
558 4141 779 4199 Graeciaa
815 4144 1123 4199 oratoribus
1146 4146 1415 4213 anteponi.
1440 4145 1653 4210 Pericli,
1676 4144 1868 4216 Lysias,
1976 4142 2172 4197 disset!
2203 4139 2297 4196 llle
2341 4151 2423 4198 est
2448 4143 2738 4197 acerrimus
2769 4142 2878 4197 veri
2913 4142 3188 4206 defensor,
3223 4140 3313 4210 qui
3353 4140 3531 4195 varios

293 4231 553 4297 Isocrati,
606 4230 900 4298 Phalereo,
943 4234 1310 4290 Demostheni.
1358 4234 1427 4289 Et
1475 4245 1623 4290 certe
1674 4235 1871 4291 Basilio
1972 4232 2212 4297 Sabellii,
2263 4232 2400 4295 Arii,
2455 4232 2774 4298 Macedonii,
2831 4232 3116 4296 Eunomii,
3176 4230 3529 4301 Apollinarii,

292 4332 515 4389 nostro,
550 4338 675 4378 cum
720 4324 837 4395 ejus
883 4325 1081 4395 scripta
1124 4325 1192 4380 ad
1244 4335 1494 4396 posteros
1552 4327 1869 4382 transmissa
1970 4331 2025 4379 et
2046 4324 2278 4378 aliorum
2305 4333 2568 4393 quotquot
2602 4324 2864 4379 hactenus
2906 4323 3123 4378 fuerant
3148 4323 3529 4378 haereticorum

292 4424 452 4478 sunt,
486 4415 689 4483 optime
738 4415 1043 4470 consultum
1100 4416 1271 4473 fuisse
1302 4415 1557 4472 arbitror.
1608 4416 1686 4470 Ea
1724 4417 1867 4471 enim
1970 4426 2191 4467 errores
2218 4422 2280 4467 ut
2310 4411 2663 4467 invictissime
2696 4412 3006 4477 confutavit,
3039 4413 3108 4466 ita
3133 4414 3531 4468 evidentissime

297 4507 471 4562 tantis
500 4506 747 4562 laudibus
769 4507 1075 4563 extulerant
1104 4522 1170 4563 ex
1232 4509 1470 4578 antiquis
1505 4507 1772 4575 nonnulli,
1811 4518 1869 4565 ut
1969 4503 2370 4559 Catholicorum
2400 4505 2650 4573 dOgmata
2680 4503 2962 4559 stabilivit.
3003 4503 3187 4573 Neque
3232 4517 3362 4558 vero
3393 4506 3527 4558 stri-

292 4601 450 4657 credi
493 4602 795 4671 potuissent
826 4600 1043 4656 modum
1086 4615 1298 4657 omnem
1348 4602 1631 4667 excedere,
1677 4610 1733 4656 et
1763 4600 1867 4655 fide
1897 4634 1941 4688 Β
1970 4598 2101 4653 ctim
2146 4606 2241 4651 aut
2295 4598 2525 4652 obscure
2554 4595 2620 4650 de
2664 4596 2825 4650 rebus
2874 4594 3143 4663 loquitur:
3165 4595 3283 4688 _sed
3308 4593 3424 4688 fuse
3472 4603 3529 4648 et

294 4692 509 4759 majora
567 4690 903 4759 praedicare:
945 4690 1042 4746 sed
1073 4693 1216 4760 quod
1243 4705 1274 4743 a
1309 4690 1413 4746 fide
1459 4691 1755 4746 abhorrere
1783 4691 1864 4745 vi-
1897 4682 1933 4688 ⁷
1975 4686 2232 4742 distincto
2286 4688 2340 4741 in
2395 4686 2507 4741 suis
2556 4684 2797 4755 epistolis
2837 4685 3115 4753 antiquum
3160 4682 3525 4737 Ecclesiarum

296 4782 414 4837 deri
444 4790 679 4851 poterat,
711 4782 763 4836 id
811 4781 1122 4837 lectitandis
1144 4779 1323 4836 Patris
1354 4780 1660 4852 gravissimi
1689 4781 1860 4848 libris,
1970 4787 2166 4834 statum
2196 4778 2349 4847 quasi
2377 4779 2447 4831 ob
2484 4776 2669 4831 oculos
2705 4775 2877 4845 ponit,
2912 4775 2990 4829 sic
3022 4783 3080 4827 ut
3110 4788 3195 4827 res
3221 4774 3366 4843 ipsas
3405 4788 3527 4828 cer-

293 4877 349 4921 et
378 4868 725 4922 verissimum
746 4882 891 4934 esse,
919 4877 975 4924 et
1011 4868 1080 4923 ab
1114 4869 1262 4923 omni
1306 4869 1617 4925 adulatione
1640 4870 1861 4926 alienis-
1970 4884 2120 4933 nere,
2146 4885 2251 4923 non
2286 4868 2484 4938 legere,
2520 4867 2731 4922 credas.
2763 4864 2915 4919 Nunc
2939 4872 3118 4918 autem
3146 4863 3211 4917 de
3238 4862 3523 4933 disciplina

295 4958 520 5025 simum,
546 4959 659 5014 suis
681 4960 913 5029 quisque
943 4959 1115 5015 oculis
1141 4961 1336 5015 cernit.
1969 4960 2329 5016 ecclesiastica
2374 4959 2504 5028 quid
2534 4959 2729 5012 attinet
2777 4955 2979 5019 dicere,
3017 4968 3139 5008 cum
3172 4967 3330 5007 nemo
3358 4953 3520 5021 paulo

366 5048 425 5102 ὅ.
453 5048 521 5102 Ει
547 5047 693 5103 aliud
722 5050 790 5104 ad
819 5050 957 5105 hanc
987 5048 1316 5113 provinciam
1347 5050 1745 5118 suscipiendam
1766 5065 1852 5107 me
1967 5051 2249 5106 humanior
2285 5050 2497 5119 ignoret
2552 5055 2811 5117 quantum
2861 5046 2964 5098 ista
3000 5044 3238 5098 scientiae
3266 5042 3524 5099 ecclesia-

1967 5142 2120 5196 Sticae
2170 5155 2295 5209 pars
2342 5141 2534 5194 debeat
2559 5136 2793 5191 Basilio?
2840 5136 3082 5202 Denique
3130 5135 3174 5189 si
3227 5135 3349 5204 quis
3394 5134 3523 5188 velit

1960 5247 2168 5286 morum
2185 5230 2463 5285 scientiam
2486 5241 2827 5295 comparare,
2844 5231 2937 5279 aut
2958 5225 3083 5277 vitae
3105 5225 3351 5278 ascetics:
3369 5223 3523 5278 iusti-

1960 5332 2071 5378 tuta
2097 5323 2327 5386 discere,
2354 5320 2399 5375 is
2422 5319 2702 5373 volvendis
2729 5318 2863 5371 tanti
2891 5315 3133 5386 magistri
3164 5314 3340 5378 libris,
3374 5314 3518 5383 quod

1957 5414 2123 5484 cupit,
2156 5412 2305 5468 brevi
2340 5418 2724 5479 consequetur.

2027 5502 2080 5556 6.
2107 5501 2379 5557 Hactenus
2411 5501 2478 5554 de
2519 5499 2704 5554 Basilii
2742 5512 2962 5568 operum
2996 5495 3303 5567 praestantia
3331 5511 3345 5549 :
3378 5511 3517 5551 nunc

1963 5593 2029 5648 de
2071 5592 2384 5647 earumdem
2434 5590 2765 5646 editionibus
2789 5590 3132 5644 disseramus.
3164 5587 3364 5653 Editio,
3397 5603 3518 5656 qua:

1962 5685 2200 5737 omnium
2247 5685 2418 5753 prima
2466 5692 2704 5752 putatur,
2760 5695 2957 5736 excusa
3008 5687 3090 5732 est
3119 5676 3340 5733 Basilete
3376 5680 3514 5748 apud

1964 5775 2347 5842 llicronyutum
2384 5773 2593 5829 Froben
2626 5789 2766 5829 anno
2821 5770 2979 5825 1552.
3018 5766 3074 5822 In
3129 5769 3227 5825 hac
3283 5770 3517 5823 editione

301 5138 495 5205 movit,
532 5140 869 5208 exspectatio
890 5139 1246 5194 eruditorum.
1280 5138 1391 5195 Nec
1438 5141 1709 5196 immerito
1730 5156 1859 5196 sane

298 5242 437 5281 nova
459 5228 648 5284 Basilii
686 5245 911 5301 operum
935 5230 1101 5286 editio
1143 5240 1250 5285 tam
1281 5225 1441 5287 avide
1482 5246 1513 5286 a
1554 5232 1729 5289 doctis
1759 5249 1857 5289 ex-

296 5327 587 5389 spectatur.
619 5321 850 5375 Constat
894 5321 1057 5386 enim,
1115 5336 1452 5394 quaecunque
1503 5324 1739 5379 maxime
1792 5328 1858 5379 ad

297 5426 575 5466 sacrarum
608 5412 917 5467 litterarum
970 5411 1207 5466 studium
1256 5413 1550 5482 pertinent,
1588 5413 1856 5481 dogmata,

296 5504 492 5567 ethica,
528 5505 773 5571 traditio,
825 5502 1074 5571 historia,
1121 5503 1428 5573 disciplina,
1460 5518 1646 5559 eorum
1686 5506 1859 5560 scien-

301 5596 422 5648 tiam
457 5611 563 5650 non
612 5596 836 5649 aliunde
885 5596 1063 5664 potius
1110 5609 1273 5663 quam
1325 5609 1355 5649 e
1406 5593 1595 5649 Basilii
1641 5596 1859 5664 scriptis

301 5682 516 5739 hauriri.
565 5686 636 5739 Et
666 5686 809 5738 hanc
837 5684 1007 5753 ipsam
1055 5697 1177 5739 esse
1206 5698 1426 5738 causam
1471 5684 1727 5748 arbitror,
1760 5700 1859 5738 cur

302 5778 593 5841 gravissimi
641 5776 906 5832 Ecclesiae
954 5774 1165 5840 Patres,
1217 5774 1334 5845 ipsa
1366 5773 1596 5831 concilia
1625 5788 1858 5830 cacume—
