4040 6216
511 374 748 418 CLXXVIII

1841 352 2377 412 PROLEGOMENA.

514 477 699 536 Graece
723 476 1068 531 inveniuntur
1101 487 1266 545 opera
1314 487 1435 543 quae
1478 482 1798 543 sequuntur,
1838 474 2074 527 homilia:
2101 477 2148 535 Α
2176 472 2215 525 Α
2242 485 2349 540 quo
2377 471 2492 525 hrcc
2534 471 2781 538 accipere
2819 470 3054 540 potuerit
3094 467 3160 533 is,
3197 480 3360 540 quem
3400 469 3562 522 modo
3603 465 3746 532 dixi,

513 569 568 622 in
608 566 970 622 Hexaemeron
998 572 1050 619 et
1077 565 1131 618 in
1181 563 1441 626 Psalmos,
1472 563 1590 617 alia:
1622 562 1692 616 :29
1729 562 1960 615 humilia:
2007 561 2073 614 de

513 659 742 714 diversis
768 659 1117 727 argumentis,
1161 656 1299 710 liber
1322 656 1398 711 De
1438 656 1646 722 Spiritu
1675 662 1856 707 sancto
1879 694 1894 711 .
1949 667 2069 706 cum

512 752 753 820 epistolis
809 750 1102 804 nonnullis.
1160 748 1322 803 Prteit
1368 749 1452 804 his
1505 748 1758 803 omnibus
1813 746 2071 815 prmclara

511 842 756 911 praafatio
785 840 1014 895 Erasmi.
1069 839 1221 894 llanc
1251 840 1568 903 editionem,
1606 853 1729 891 eum
1765 851 1933 906 opera
1972 834 2073 887 Ba-

510 932 616 986 silii
641 934 1277 1000 interpretarer,semper
1301 933 1369 984 ob
1392 930 1577 983 oculos
1606 928 1787 992 habui,
1813 942 1875 981 ex
1901 938 2071 994 eaque

509 1024 761 1079 adnotavi
814 1025 993 1077 varias
1055 1024 1315 1078 lectiones
1362 1036 1465 1073 non
1517 1034 1714 1088 paucas
1760 1036 1773 1071 :
1827 1034 1960 1087 quas
2014 1021 2069 1073 in

508 1131 649 1170 nova
693 1116 876 1170 videre
903 1116 1095 1183 cuique
1127 1114 1329 1168 licebit.
1361 1111 1528 1165 Paulo
1583 1119 1702 1175 post
1756 1109 1858 1163 alia
1905 1110 2071 1163 editio

507 1209 692 1264 Graece
714 1222 929 1277 quoque
961 1207 1203 1260 Venetiis
1229 1204 1429 1274 prodiit
1461 1219 1526 1257 ex
1560 1202 1773 1255 oﬂicina
1807 1201 2066 1269 Stephani

508 1299 652 1353 Sabii
701 1316 841 1352 anno
880 1298 1034 1352 1535.
1093 1297 1353 1365 Beperias
1402 1296 1454 1347 in
1487 1295 1588 1347 hac
1622 1293 1896 1355 editione,
1950 1307 2069 1361 quae

505 1397 827 1458 sequuntur:
846 1388 1085 1442 Ascetica
1106 1387 1417 1455 Ethicaque,
1441 1384 1633 1437 librum
1649 1382 1725 1437 De
1746 1382 2067 1452 virginitate,

504 1482 713 1550 priores
744 1490 853 1533 tres
882 1480 934 1531 in
961 1478 1277 1531 Eunomium
1319 1476 1506 1536 libros.
1535 1474 1753 1528 brevem
1779 1476 2066 1542 quemdam

507 1581 791 1626 tractatum
820 1580 1002 1623 contra
1035 1567 1361 1621 Sabellianos
1405 1576 1451 1619 et
1480 1565 1667 1618 Arium
1696 1576 1744 1617 et
1770 1565 2063 1619 Anomaeos.

504 1661 571 1715 Et
617 1663 716 1716 hac
761 1675 973 1730 quoque
1022 1660 1261 1713 editione
1315 1675 1445 1713 usus
1480 1668 1598 1712 sum
1643 1658 1814 1712 instar
1859 1658 2065 1726 antiqui

504 1752 778 1822 cujusdam
824 1752 944 1804 libri
974 1751 1182 1805 calamo
1211 1750 1378 1803 notati
1407 1765 1420 1802 :
1454 1750 1505 1803 in
1551 1765 1651 1817 qua
1695 1749 1952 1819 quidquid
1981 1749 2065 1803 di-

503 1841 645 1896 versi
678 1842 873 1909 rcperi,
909 1841 959 1894 id
1002 1856 1212 1895 menon
1248 1841 1420 1910 piguit
1463 1840 1606 1894 inter
1634 1837 1768 1892 alias
1791 1839 2064 1895 variantes

500 1932 761 1988 lectiones
815 1942 1022 1986 notare.
1069 1930 1225 1985 Anno
1268 1930 1401 1985 1551
1464 1930 1674 2000 vulgata
1715 1939 1799 1985 est
1840 1929 2064 1984 Basileae

500 2026 605 2079 alia
642 2024 807 2078 editio
858 2023 1043 2079 Graeca
1101 2020 1267 2078 multo
1316 2023 1525 2077 auctior
1575 2038 1697 2076 cum
1748 2023 2064 2093 praefatione

499 2116 683 2170 Grteca
709 2114 828 2170 Jani
860 2115 1103 2171 Cornarii
1135 2118 1202 2170 ad
1242 2113 1439 2171 Iulium
1465 2116 1920 2185 Numbergensem
1951 2117 2064 2185 epi-

500 2186 742 2274 seopum.
780 2205 903 2261 Haec
935 2206 1099 2261 editio
1131 2205 1513 2273 complectitur
1559 2221 1681 2275 quas
1733 2204 2062 2277 subjungnn-

501 2310 626 2360 tur,
677 2299 921 2354 undecim
968 2297 1215 2353 homilias
1260 2300 1315 2351 in
1377 2297 1782 2353 Hexaemeron:
1812 2299 2063 2354 homilias

500 2391 682 2446 decem
719 2401 773 2445 et
808 2398 1009 2460 septem
1056 2392 1113 2445 in
1153 2390 1430 2446 Psalmos:
1467 2392 1719 2446 homilias
1763 2391 1834 2445 29
1872 2391 1937 2446 de
1977 2392 2059 2445 di-

500 2482 674 2538 versis
706 2482 1038 2551 argumentis
1067 2497 1082 2536 :
1119 2482 1314 2536 librum
1348 2481 1423 2535 De
1452 2480 1656 2550 Spiritu
1680 2492 1861 2536 sancto
1894 2500 1912 2538 :
1944 2484 2061 2551 epi—

500 2573 666 2627 stolas
701 2572 879 2627 Basilii
934 2581 990 2626 et
1039 2572 1284 2643 Gregorii
1342 2572 1670 2627 Nazianzeni
1714 2574 1817 2628 180
1848 2592 1862 2629 :
1890 2574 2061 2645 ἀσκη-

497 2665 663 2719 τικῶν
692 2663 879 2732 λόγους
905 2674 1147 2734 septem:
1182 2664 1396 2718 brevem
1427 2672 1714 2717 tractatum
1744 2665 1820 2717 De
1851 2665 2058 2732 judicio

501 2756 634 2809 Dei:
663 2756 824 2809 alium
857 2755 932 2809 De
983 2756 1087 2824 ﬁde
1128 2770 1146 2809 :
1177 2754 1379 2824 ἠθικῶν
1437 2754 1595 2825 ὄρους
1628 2752 1696 2808 80
1729 2773 1740 2806 :
1780 2755 2060 2827 ἐρωτημά-

496 2858 603 2896 των
653 2842 961 2913 ἀσκητικῶν
999 2842 1142 2896 κατὰ
1195 2842 1392 2905 πλάτος
1442 2844 1600 2913 ὅρους
1626 2843 1694 2897 55
1727 2863 1739 2897 :
1775 2846 2060 2915 ἐρωτημά-

495 2949 603 2986 των
632 2932 941 3003 ἀπητικῶν
967 2933 1086 2984 κατ’
1117 2930 1379 3003 ἐπιτομὴν
1425 2931 1584 3001 ὄρους
1625 2931 1766 2986 515:
1803 2933 2055 3003 ἐπιτίμια

497 3025 741 3091 quaedam
763 3041 775 3076 :
794 3022 1215 3077 Constitutiones
1239 3021 1499 3076 aseeticas
1521 3020 1589 3075 51
1618 3038 1632 3075 :
1671 3021 1963 3091 Epistulam
1989 3023 2055 3076 ad

2176 564 2258 615 vir
2280 561 2614 615 clarissimus
2643 561 2893 631 idemque
2932 560 3300 624 doctissimus,
3347 560 3569 625 nescio;
3612 573 3745 614 cum

2171 670 2292 725 ego,
2334 654 2446 723 qui,
2490 654 2534 708 si
2579 655 2650 707 ita
2684 664 2848 719 esset,
2887 654 2940 709 id
2983 655 3232 723 ignorare
3278 653 3368 706 vix
3404 652 3744 723 potuissem,

2173 744 2308 797 nihil
2342 753 2519 798 tamen
2546 743 2613 797 de
2640 743 2743 796 hac
2783 743 3105 812 przefectura
3130 757 3366 810 unquam
3411 741 3684 796 audierim
3715 759 3731 794 :

2171 836 2265 890 sed
2321 835 2436 890 scio
2482 844 2781 903 testorque,
2819 849 2884 889 ne
2925 850 3086 889 unam
3111 835 3327 904 quidem
3380 832 3677 887 litterulam
3708 847 3743 887 e

2169 925 2383 978 schedis
2409 924 2597 993 Lopini
2618 927 2787 979 nostri
2819 927 2885 980 ad
2916 941 3000 980 me
3033 926 3363 995 pervenisse.
3395 924 3741 979 Monehimus

2169 1017 2326 1083 quasi
2368 1025 2777 1083 praetereuntes,
2814 1032 3001 1071 rursus
3034 1017 3277 1072 edituros
3308 1031 3406 1070 nos
3442 1017 3509 1069 ad
3550 1014 3740 1085 operis

2168 1108 2371 1160 calcem
2404 1108 2706 1175 prrecipuas
2737 1108 3080 1177 antiquarum
3133 1108 3428 1161 editionum
3457 1107 3741 1176 praefatio-

2169 1212 2286 1252 nes.
2313 1197 2390 1251 Ita
2415 1199 2560 1251 enim
2585 1200 2813 1252 eruditis
2844 1199 3057 1268 placere
3086 1200 3261 1265 video,
3305 1200 3395 1268 qui
3428 1200 3738 1268 priscarum

2167 1290 2460 1343 editionum
2497 1290 2843 1359 pricfationes
2871 1306 3063 1359 magno
3089 1291 3395 1346 litterarum
3427 1293 3627 1347 damno
3676 1292 3736 1346 in

2167 1381 2542 1434 novis‘deesse
2567 1390 2991 1449 conqueruntur.

2237 1471 2287 1523 7.
2338 1469 2559 1524 Lutetia:
2607 1468 2933 1525 Parisiorum
2983 1470 3122 1523 intra
3174 1484 3375 1537 paucos
3418 1485 3592 1527 annos
3644 1472 3736 1528 bis

2167 1562 2307 1616 edita
2336 1571 2458 1615 sunt
2487 1560 2660 1630 Opera
2690 1561 2909 1628 Basilii,
2954 1578 3096 1617 anno
3127 1562 3264 1617 1618
3284 1602 3298 1628 ,
3347 1565 3484 1630 apud
3520 1564 3736 1619 Micha-

2166 1652 2302 1708 elcm
2330 1653 2630 1720 Somnium;
2675 1662 2729 1707 et
2762 1669 2903 1707 anno
2928 1653 3064 1711 1658
3084 1696 3098 1721 ,
3150 1657 3291 1725 apud
3317 1656 3589 1727 IEgidium
3619 1658 3738 1712 Mo-

2166 1748 2377 1801 rcllum.
2408 1746 2676 1817 Quidquid
2697 1749 2748 1801 in
2773 1749 2897 1814 hac,
2923 1763 3082 1802 omne
3111 1748 3164 1802 id
3189 1748 3241 1802 in
3273 1748 3360 1800 illa
3384 1748 3733 1814 continetur;

2098 1815 2139 1871 Β
2166 1854 2266 1894 nec
2294 1854 2399 1893 una
2428 1840 2594 1893 altera
2623 1850 2705 1895 est
2734 1841 2964 1895 auctior.
2995 1851 3087 1894 aut
3116 1841 3392 1894 minutior.
3419 1840 3621 1894 Eadem
3647 1850 3740 1894 est

2163 1928 2405 2000 prmfatio
2432 1930 2870 1999 bibliopolarum,
2903 1931 3065 1985 iidem
3103 1933 3476 1985 commentarii
3506 1932 3556 1984 in
3583 1931 3736 1985 Seri-

2160 2030 2396 2091 ptnram,
2450 2022 2685 2077 homilite
2740 2024 2808 2077 de
2859 2023 3088 2080 diversis
3139 2024 3468 2095 argumentis
3503 2024 3734 2086 etedem,

2162 2110 2325 2165 iidem
2352 2111 2497 2176 libri,
2529 2111 2667 2165 idem
2696 2126 2953 2166 numerus
2983 2114 3372 2183 epistolarum;
3403 2127 3510 2167 uno
3533 2112 3734 2178 verbo.

2162 2202 2205 2256 si
2254 2203 2490 2272 excipias
2533 2203 2777 2257 ordinem
2837 2219 2943 2272 quo
3004 2219 3093 2261 res
3145 2206 3534 2276 disponuntur,
3577 2208 3735 2277 paria

2160 2294 2337 2347 omnia
2364 2312 2378 2348 :
2409 2296 2549 2363 quod
2575 2310 2697 2349 cum
2742 2311 2847 2350 non
2880 2296 3243 2353 advertissent
3273 2299 3514 2353 nonnulli
3544 2338 3561 2364 ,
3591 2298 3737 2354 falso

2160 2393 2215 2438 et
2246 2385 2422 2453 inepte
2471 2384 2805 2439 aflirmarunt
2840 2386 3092 2456 epistolas
3120 2388 3279 2458 longe
3328 2388 3511 2458 plures
3541 2389 3594 2443 in
3633 2403 3737 2459 po-

2159 2477 2376 2531 steriori
2406 2478 2644 2533 editione
2686 2479 2979 2535 contineri.
3028 2480 3277 2535 Editione
3305 2482 3474 2549 priori
3511 2495 3736 2551 semper

2160 2570 2242 2623 usi
2270 2584 2474 2638 sumus,
2511 2585 2629 2640 qua:
2659 2570 2831 2625 altera
2867 2572 3181 2641 castigatior
3198 2581 3282 2627 est
3302 2581 3354 2626 et
3377 2574 3688 2627 accuratior
3712 2590 3730 2627 :

2160 2671 2212 2717 et
2243 2662 2453 2731 quoties
2494 2663 2813 2733 simpliciter
2846 2666 3084 2720 citantur
3116 2664 3277 2727 editi,
3308 2664 3363 2718 id
3395 2672 3609 2733 oportet
3634 2678 3734 2719 ac-

2159 2753 2260 2821 cipi
2294 2753 2360 2807 de
2389 2754 2555 2822 priori
2582 2755 2838 2809 editione.
2879 2754 3258 2824 lnterpretatio
3299 2769 3419 2824 quae
3447 2770 3479 2809 e
3504 2755 3733 2822 regione

2158 2845 2485 2914 exemplaris
2513 2846 2684 2901 Grzeci
2716 2848 2929 2916 legitur,
2958 2861 3063 2899 non
3093 2846 3251 2914 unius
3278 2856 3355 2899 est
3386 2846 3723 2913 interpretis,

2163 2936 2257 2989 sed
2280 2936 2592 3001 multormn,
2619 2935 2841 2991 Joannis
2862 2936 3201 3007 Argyropyli,
3245 2935 3533 3006 Baphaelis
3561 2935 3724 2991 Vola-

2162 3028 2385 3093 tcrrani,
2426 3028 2655 3093 Erasmi,
2706 3027 2949 3082 Godfridi
2995 3027 3264 3081 Tihnanni
3310 3028 3402 3097 qui
3457 3043 3566 3082 non
3604 3044 3733 3083 raro

497 3111 774 3167 Chilonem
802 3126 815 3162 :
842 3111 1000 3164 aliam
1027 3112 1091 3163 ad
1113 3110 1431 3164 monachum
1459 3111 1665 3179 lapsum
1692 3127 1704 3161 :
1734 3110 1899 3165 libros
1920 3112 2054 3165 duos
2083 3144 2124 3201 ο
2161 3116 2402 3185 vulgatas
2434 3116 2904 3185 interpretationes
2937 3116 3267 3184 recognovit,
3299 3131 3575 3185 novasque
3602 3131 3731 3171 con-

500 3200 575 3253 De
619 3201 868 3268 baptismo
895 3216 913 3253 :
955 3199 1190 3252 libellum
1241 3199 1377 3270 Περὶ
1417 3199 1510 3251 τοῦ
1561 3198 1926 3267 αὑτεξουσίου,
1978 3199 2053 3253 De

495 3290 661 3344 libero
686 3290 938 3343 arbitrio:
958 3291 1152 3344 librum
1186 3290 1258 3344 De
1275 3292 1574 3359 virginitate
1597 3309 1615 3345 :
1648 3308 1950 3348 sermonem
1979 3294 2053 3348 De

493 3377 777 3445 paradiso:
808 3376 973 3430 libros
1006 3378 1241 3446 quinque
1277 3380 1525 3432 adversus
1567 3379 1904 3435 Eunomium.
1948 3382 2054 3437 Re-

498 3468 677 3537 perire
696 3458 779 3520 est
806 3468 857 3521 in
880 3468 1223 3523 bibliothecis
1271 3468 1427 3539 longe
1459 3471 1640 3540 plures
1672 3473 1931 3528 editiones
1956 3473 2057 3526 La-

499 3559 639 3613 tinas
670 3575 685 3613 :
719 3574 853 3627 quas
895 3562 992 3613 abs
1031 3575 1089 3615 re
1138 3576 1244 3616 non
1289 3562 1451 3615 fuerit
1496 3565 1597 3617 hoc
1637 3564 1753 3617 loco
1794 3565 2054 3622 indicare.

497 3651 669 3705 Paris.
711 3651 869 3712 15:15,
907 3650 1025 3714 fol.,
1057 3653 1195 3720 apud
1240 3653 1589 3708 Ascensium.
1627 3655 1860 3710 Coloniae
1896 3657 2055 3719 1551.

496 3743 617 3808 fol.,
643 3743 781 3812 apud
828 3743 1233 3799 Ccrvicornum.
1271 3745 1434 3800 Basil.
1478 3744 1637 3809 15:10,
1675 3747 1812 3813 apud
1862 3746 2058 3800 “erva-

498 3836 683 3903 gium,
732 3849 851 3887 cum
907 3836 1220 3904 pnefatione
1262 3835 1566 3905 Wolf‘gangi
1635 3837 1890 3900 Musrnli,
1962 3841 2052 3893 fol.

497 3928 657 3979 Basil.
688 3927 843 3994 1552,
864 3928 1040 3981 studio
1073 3937 1126 3982 et
1146 3943 1306 3998 opera
1335 3926 1737 3994 JaniCornarii,
1772 3929 1862 3983 fol.
1892 3930 2054 3985 Basil.

499 4018 660 4083 1565,
700 4019 817 4085 fo|.,
853 4020 991 4087 apud
1038 4018 1197 4074 Joan.
1240 4019 1555 4089 Oporiuum.
1588 4021 1758 4075 Paris.
1804 4022 2051 4077 Godfridi

497 4110 787 4167 Tihnanni.
824 4110 980 4172 1566,
1015 4110 1134 4177 fol.,
1168 4113 1305 4180 apud
1349 4111 1662 4165 Michaelam
1699 4113 1958 4177 Guillard,
1987 4116 2057 4167 vi-

496 4201 653 4255 duam
674 4195 943 4255 Guillelmi
977 4202 1233 4271 Desboys.
1267 4200 1528 4271 Antuerp.
1576 4201 1730 4266 1568,
1761 4202 1879 4265 fol.,
1916 4204 2054 4271 apud

496 4292 797 4362 Philippum
829 4292 1068 4346 Notium.
1105 4293 1279 4347 Paris.
1322 4293 1481 4357 1571,
1508 4292 1626 4359 fol.,
1657 4294 1795 4362 apud
1839 4293 2051 4349 Sebast.

494 4385 779 4440 Nivellium
808 4402 821 4438 :
856 4400 1015 4453 quam
1049 4384 1344 4441 editionem
1377 4386 1551 4441 secuti
1597 4395 1724 4440 sunt
1763 4386 1853 4454 qui
1892 4401 2053 4455 opera

2162 3207 2365 3271 texuit,
2404 3207 2675 3261 Ambrosii
2726 3207 3192 3270 Camaldulensis,
3258 3205 3476 3278 Georgii
3526 3207 3734 3278 Trape-

2159 3297 2326 3350 zuntii
2351 3337 2365 3359 ,
2404 3296 2631 3350 Fumani
2655 3338 2669 3362 ,
2699 3297 3015 3351 Montacutii
3041 3307 3095 3351 et
3128 3297 3357 3351 aliorum
3382 3337 3399 3362 ,
3443 3313 3581 3367 quos
3613 3298 3731 3352 lon-

2157 3403 2279 3458 gum
2324 3398 2468 3443 esset
2501 3405 2790 3445 recensere
2828 3405 3017 3445 omnes
3045 3389 3144 3462 (a).
3197 3390 3274 3443 De
3301 3388 3436 3443 Jano
3465 3390 3731 3446 Cornario

2158 3496 2281 3532 mox
2322 3481 2518 3534 dicam.
2575 3480 2829 3549 Vulgalas
2868 3482 2987 3534 illas
3037 3488 3114 3534 tot
3154 3481 3428 3534 hominum
3461 3481 3734 3549 interpre-

2158 3573 2388 3625 tationes
2420 3571 2538 3639 plus
2588 3572 2767 3625 minus
2812 3587 2999 3626 omnes
3041 3572 3186 3625 vitiis
3216 3572 3605 3641 propemodum
3642 3573 3731 3625 in-

2156 3659 2395 3711 numeris
2446 3658 2712 3723 laborare,
2766 3660 2879 3728 jam
2916 3660 3004 3713 alii
3042 3670 3317 3715 notarunt.
3368 3659 3434 3713 Et
3462 3676 3593 3714 vero
3629 3676 3734 3716 ste-

2155 3749 2275 3817 pius
2302 3750 2556 3802 aberrant
2582 3764 2612 3802 a
2637 3749 2864 3815 Graeco;
2903 3762 2957 3805 et
2990 3751 3253 3819 siquando
3288 3750 3474 3806 Graeca
3508 3761 3732 3807 senten-

2159 3849 2227 3900 tia
2264 3849 2609 3915 exprimitur,
2641 3850 2819 3903 minus
2861 3849 3049 3903 Latina
3086 3860 3169 3904 est
3196 3851 3445 3905 elocutio.
3499 3851 3606 3905 Sed
3646 3861 3731 3906 ta-

2157 3957 2276 3994 men
2308 3942 2514 4007 priscos
2553 3942 2651 3995 hos
2689 3942 3009 4011 interpretes
3045 3944 3198 3997 valde
3244 3954 3534 3998 excusatos
3580 3944 3725 4007 volo,

2158 4048 2278 4085 cum
2304 4032 2487 4087 Grama
2518 4034 2813 4101 sa‘pissime
2860 4034 2931 4087 ita
2962 4044 3142 4088 essent
3166 4045 3440 4103 corrupta,
3478 4044 3531 4086 ul
3566 4049 3732 4088 nemo

2155 4125 2447 4193 quamlibet
2472 4127 2677 4193 peritus
2711 4136 2858 4181 recte
2894 4127 3231 4196 interpretari
3266 4127 3547 4195 potuisset.
3577 4126 3732 4191 Quod

2156 4218 2201 4273 si
2240 4228 2517 4287 quaeratur
2560 4220 2689 4288 quid
2722 4220 2843 4288 quis
2909 4220 3062 4273 alteri
3111 4228 3349 4289 prmstal,
3390 4218 3567 4274 dicam
3598 4218 3737 4273 Era-

2158 4325 2334 4363 smum
2383 4311 2606 4379 reliquis
2635 4311 2937 4366 elocutione
2965 4309 3181 4381 quidem
3204 4311 3520 4365 antecellere
3549 4319 3603 4366 et
3628 4310 3733 4364 La-

2157 4402 2365 4455 tinitate
2397 4420 2408 4454 :
2451 4406 2568 4466 sed,
2593 4417 2712 4470 qua:
2750 4412 2867 4456 erat
2900 4403 3136 4457 hominis
3189 4403 3242 4457 in
3270 4403 3555 4456 scribendo
3580 4403 3727 4457 cele-

494 4480 681 4534 Basilii
710 4480 847 4551 apud
873 4480 1132 4535 Sonnium
1161 4497 1349 4537 rursus
1381 4482 1518 4553 typis
1563 4482 1885 4535 mandarunt
1910 4496 2052 4535 anno
2084 4506 2126 4560 υ
2156 4492 2309 4553 ritas,
2335 4505 2472 4559 smpe
2507 4501 2560 4544 οι
2601 4492 2741 4546 ﬁnde
2769 4493 2968 4546 labitur
2996 4501 3050 4546 ει
3074 4493 3205 4562 ipse.
3240 4492 3417 4546 Pauca
3454 4493 3730 4561 ῑηιοιιρτε-

494 4572 653 4639 1605,
674 4574 937 4644 Antuerp.
963 4573 1121 4639 1616,
1150 4573 1264 4639 fol.,
1300 4585 1522 4628 curante
1542 4573 1758 4628 Andrea
1789 4573 2048 4629 Schotto:

492 4683 613 4736 quae
648 4667 813 4723 editio
843 4681 1032 4721 recusa
1072 4679 1156 4721 est
1188 4667 1423 4721 Coloniae
1451 4667 1608 4730 1618,
1648 4666 1739 4721 fol.
1763 4666 2053 4736 Postquam

494 4760 575 4812 vir
595 4758 991 4813 eruditissimus
1022 4756 1256 4813 Joannes
1287 4759 1540 4813 Albertus
1562 4758 1843 4814 Fabricius
1864 4772 2056 4812 onmes

495 4851 592 4904 has
636 4851 901 4906 editiones
952 4850 1234 4920 diligenter
1282 4852 1585 4917 recensuit,
1624 4858 1808 4907 monet
1858 4865 2053 4905 novam

496 4941 674 4995 Basilii
705 4958 925 5011 operum
970 4944 1260 4997 editionem
1301 4943 1576 4997 adornari.
1620 4942 1726 4997 Sed
1759 4945 1931 5013 ipsum
1967 4958 2058 4995 au-

495 5033 611 5086 dire
640 5043 878 5101 prtestat.
916 5052 935 5085 ι
974 5033 1149 5099 Nunc,
1177 5035 1369 5102 inquit,
1398 5049 1588 5087 novam
1633 5034 1689 5088 S.
1728 5034 1915 5088 Basilii
1944 5034 2059 5089 edi-

496 5125 696 5178 tionem
736 5124 931 5178 eruditi
980 5126 1226 5179 monachi
1289 5125 1663 5190 Benedictini,
1733 5126 1930 5193 quibus
1984 5135 2061 5179 tot

493 5215 907 5285 prmelarissima
962 5226 1312 5271 monumenta
1356 5218 1724 5271 ecclesiastica
1764 5219 2024 5273 debemus
2052 5275 2067 5300 ,

492 5307 646 5377 jubet
670 5317 985 5377 exspectare
1009 5309 1076 5361 ab
1121 5308 1315 5378 insigni
1351 5309 1521 5363 sodali
1558 5324 1655 5362 suo
1684 5308 1895 5363 Juliano
1918 5307 2056 5362 Gar-

495 5393 669 5461 nerio,
698 5406 980 5465 postquam
1006 5398 1144 5450 alter
1166 5398 1257 5466 qui
1284 5412 1348 5452 ex
1379 5400 1564 5451 eodem
1592 5397 1781 5451 ordine
1798 5398 2054 5451 ornandae

494 5487 619 5541 huic
657 5497 853 5554 spartae
891 5487 1178 5557 praefectus
1200 5497 1359 5542 antea
1389 5488 1586 5550 fuerat,
1618 5486 1851 5540 Jacobus
1894 5483 2052 5554 Lopi-

494 5562 616 5643 nos,
647 5579 755 5647 jam
800 5594 942 5633 anno
988 5579 1144 5643 1695,
1175 5578 1244 5633 29
1270 5577 1516 5643 Decem.,
1539 5577 1664 5632 fatis
1688 5580 1977 5632 concessit.
2024 5595 2044 5628 ι

2155 4590 2298 4635 tatus
2331 4591 2450 4647 est,
2500 4582 2749 4637 homilias
2791 4584 2924 4638 duas
2969 4584 3026 4638 in
3064 4584 3365 4654 jejunium,
3415 4584 3617 4638 librum
3652 4583 3732 4638 De

2156 4670 2357 4736 Spiritu
2383 4682 2581 4737 sancto,
2619 4683 2673 4727 et
2693 4674 3009 4741 proremium
3029 4674 3414 4729 Commentarii
3440 4673 3491 4727 in
3509 4673 3729 4727 Isaiam.

2155 4762 2383 4829 Contra,
2434 4763 2600 4819 Janus
2632 4764 2927 4819 Cornarius
2972 4765 3152 4820 Latini
3203 4765 3470 4820 sermonis
3505 4764 3734 4835 integri-

2156 4860 2326 4907 tatem
2357 4868 2424 4908 ac
2451 4854 2779 4923 elegantiam
2806 4855 3018 4908 videtur
3045 4854 3363 4925 neglexisse,
3395 4865 3448 4910 et
3480 4858 3531 4909 in
3560 4855 3610 4908 id
3642 4869 3733 4907 so-

2154 4941 2263 4994 lum
2313 4941 2664 5007 incubuisse,
2725 4954 2787 4997 ut
2845 4944 3086 4999 Graecam
3140 4946 3461 4999 sententiam
3513 4958 3734 5012 quoquo

2162 5032 2318 5085 modo
2344 5033 2691 5100 exprimeret.
2722 5035 2785 5088 Et
2817 5037 3035 5103 quidem
3078 5035 3264 5091 Graeca
3305 5035 3515 5088 ﬁdelius
3542 5035 3733 5088 reddi-

2164 5122 2397 5176 dit:sed
2432 5124 2623 5179 littera:
2674 5124 2797 5195 plus
2823 5127 2971 5196 justo
3016 5128 3304 5183 serviebat.
3352 5127 3561 5181 Etenim
3606 5140 3734 5180 ver-

2166 5211 2291 5265 bum
2327 5212 2394 5267 de
2433 5214 2594 5268 verbo
2649 5229 2863 5285 semper
2897 5218 3184 5287 exprimit,
3233 5227 3394 5285 atque
3434 5230 3501 5269 ne
3552 5223 3733 5269 trans-

2165 5320 2382 5358 versum
2427 5308 2651 5376 quidem
2702 5324 2936 5377 unguem
2972 5309 3039 5361 ab
3076 5309 3251 5376 inepta
3301 5307 3401 5361 hac
3442 5305 3733 5373 servilique

2163 5397 2543 5465 interpretandi
2589 5399 2800 5455 ratione
2848 5414 3083 5469 unquam
3137 5400 3387 5455 discedit.
3436 5396 3575 5452 Hinc
3609 5395 3735 5464 ejus

2161 5488 2532 5556 interpretatio
2563 5500 2633 5543 ita
2661 5505 2854 5560 aspera
2890 5500 2975 5546 est
2995 5501 3051 5546 et
3081 5491 3216 5546 dura
3237 5531 3254 5556 ,
3304 5500 3365 5545 ut
3392 5503 3497 5544 una
3524 5498 3617 5541 aut
3642 5488 3735 5540 al--

2159 5587 2271 5632 tera
2300 5580 2498 5649 pagina
2528 5594 2641 5649 prae
2673 5581 2836 5636 taedio
2860 5581 2962 5652 legi
2989 5583 3079 5637 vix
3107 5583 3296 5653 possit.
3328 5582 3593 5652 Pleraque
3623 5578 3734 5633 Ba-

567 5756 641 5816 ta)
681 5753 809 5811 Vide
843 5755 1214 5813 Prmfationem
1260 5757 1386 5815 tomi
1424 5756 1464 5811 ll
1497 5755 1647 5823 11111,
1690 5757 1855 5823 ωικ·
1879 5801 1892 5825 ,
1923 5758 2010 5814 ubi
2046 5758 2158 5813 haec
2192 5759 2386 5815 iterum
2420 5759 2589 5825 tangit
2617 5759 2938 5818 Garnerius.
2972 5759 3129 5816 Enn.
