4040 6216
1324 379 1388 437 D.
1424 379 1568 437 JUL.
1607 379 1938 437 GARNERII
1977 380 2363 438 PREFATIO.

3303 399 3494 440 CLXXIX

260 502 373 558 zilii
401 514 562 570 opera
584 496 781 552 Latina
813 497 947 552 fecit
991 497 1060 564 is,
1102 511 1260 566 quem
1295 497 1426 563 dixi,
1465 499 1548 552 vir
1578 500 1828 554 eruditis-
1859 509 1904 562 Α
1935 501 2014 555 vis
2041 501 2288 570 cognosci
2343 508 2540 569 potest.
2589 499 2878 570 Postquam
2931 501 3089 571 igitur
3115 498 3358 555 Graecum
3397 517 3493 557 ex-

260 595 430 646 simus
476 590 798 645 Carnarius.
853 587 1024 644 Multo
1073 590 1327 658 pauciora
1380 591 1538 644 vertit
1571 589 1834 662 Georgius

262 681 694 752 Trapezuntius,
743 679 1002 735 videlicet
1052 681 1436 735 celeberrimos
1484 681 1720 751 quinque
1780 685 1833 736 in

263 770 586 825 Eunomium
639 770 812 824 libros
844 787 858 823 :
893 785 1052 840 quem
1103 767 1679 840 interpretem'multis
1714 772 1833 827 aliis

257 860 694 930 anteponendum
729 869 879 930 puto.
941 860 1285 928 Reliquorum
1333 861 1829 930 interpretationem

255 971 380 1008 cum
417 953 729 1015 considero.
788 955 926 1006 alius
982 953 1088 1006 alio
1139 968 1241 1005 non
1296 953 1425 1005 mihi
1473 954 1684 1007 videtur
1739 962 1832 1006 aut

257 1047 414 1114 longe
442 1044 716 1114 superior,
746 1056 839 1098 aut
869 1045 1027 1114 longe
1060 1044 1302 1098 inferior.
1334 1044 1598 1099 Caeterum
1629 1047 1672 1098 si
1709 1046 1826 1098 dili-

249 1138 473 1204 gentius
521 1151 686 1190 nosse
730 1136 940 1205 cupias,
972 1137 1098 1205 quid
1133 1136 1254 1204 quis
1307 1136 1688 1205 interpretatus
1737 1138 1827 1199 sit,

255 1229 402 1298 legas
433 1227 603 1280 velim
644 1237 774 1281 tum.
808 1212 914 1280 \flll
947 1226 1308 1298 [Bibliothecw
1339 1225 1560 1299 Gra'cw]
1600 1229 1698 1280 viri
1722 1227 1830 1280 cla-

254 1322 462 1376 rissimi
495 1319 650 1388 juxta
675 1336 740 1376 ac
765 1320 1067 1374 doctissimi
1098 1320 1319 1375 Joannis
1344 1319 1546 1374 Alberti
1572 1319 1826 1386 Fabricii,

252 1412 291 1465 l-
330 1429 383 1477 v,
420 1428 472 1466 c.
508 1413 593 1468 19.
638 1413 716 1465 Ad
755 1413 1045 1466 editionem
1083 1411 1442 1467 Parisiensem
1495 1413 1678 1476 redeo,
1712 1427 1828 1481 quae

252 1520 358 1557 non
393 1506 574 1559 solum
624 1505 726 1557 hac
766 1519 821 1557 re
862 1505 1074 1560 caeteris
1104 1515 1343 1575 praestat,
1373 1506 1514 1575 quod
1548 1521 1578 1559 e
1607 1506 1826 1575 regione

249 1597 570 1652 Graecorum
607 1595 798 1650 Latina
836 1597 1174 1664 reperiantur
1214 1614 1228 1650 :
1272 1598 1364 1652 sed
1391 1597 1531 1665 quod
1574 1597 1826 1650 doctissi-

250 1706 462 1743 morum
504 1690 744 1744 virorum
793 1689 1076 1743 Frontonis
1125 1689 1301 1742 Ductci
1351 1699 1404 1742 et
1438 1686 1680 1742 chcrici
1714 1687 1827 1740 Μο-

251 1783 363 1835 relli
393 1781 834 1851 pmclarissimis
873 1781 1015 1836 notis
1069 1781 1384 1836 illustretur.
1424 1779 1592 1849 llujus
1644 1794 1826 1847 paucae

1934 590 2141 658 emplar
2182 590 2450 643 variarunt
2498 588 2785 644 lectionum
2835 590 3071 645 subsidio
3127 598 3290 660 atque
3338 593 3492 662 copia

1932 684 2202 751 corrigere
2257 691 2483 736 conatus
2533 697 2674 746 sum,
2737 683 2803 738 de
2858 699 2993 738 nova
3051 684 3495 752 interpretatione

1931 775 2234 828 adornanda
2267 774 2536 843 cogitavi:
2569 789 2730 842 quam
2780 785 2834 829 et
2882 778 3065 830 statim
3121 778 3352 847 suscepi,
3405 794 3494 833 se-

1932 867 2142 934 melque
2204 877 2503 934 susceptam
2555 877 2704 920 tanto
2753 869 2928 921 studio
2985 885 3100 922 sum
3156 880 3492 938 prosecutus,

1929 968 1987 1011 ut
2013 974 2110 1013 nec
2131 959 2284 1013 labor
2307 999 2322 1023 ,
2350 975 2447 1013 nec
2474 960 2551 1014 rei
2577 960 2862 1013 diﬁicultas
2886 975 2970 1014 me
2992 977 3226 1029 unquam
3259 978 3287 1016 a
3313 973 3492 1030 empto

1929 1049 2271 1104 deterruerit.
2316 1049 2370 1102 ld
2394 1059 2572 1102 autem
2605 1058 2730 1103 ante
2755 1049 2933 1102 omnia
2965 1051 3091 1103 ntihi
3127 1065 3339 1119 semper
3372 1067 3493 1120 pro-

1929 1141 2101 1207 posui,
2133 1150 2188 1193 ut
2215 1139 2462 1205 ﬁdeliter,
2501 1149 2759 1208 quantum
2797 1141 2850 1194 in
2887 1155 2970 1194 me
2999 1151 3134 1205 erat,
3174 1149 3229 1195 et
3261 1143 3493 1198 dilucide

1928 1231 2110 1284 Graeca
2144 1241 2515 1285 converterem
2545 1250 2558 1284 :
2590 1232 2779 1284 deinde
2803 1241 2858 1285 ut
2887 1231 3282 1302 interpretatio,
3311 1235 3354 1287 si
3385 1250 3492 1289 non

1928 1321 2168 1389 elegans,
2203 1331 2260 1374 at
2307 1336 2405 1390 pro
2436 1335 2553 1374 meo
2589 1330 2764 1373 tamen
2815 1322 3026 1390 ingenio
3054 1338 3156 1376 non
3198 1323 3491 1392 inelegans,

1932 1426 2106 1478 neque
2143 1411 2354 1475 illepida
2389 1411 2546 1466 foret.
2604 1411 2892 1480 Reliquum
2926 1422 3041 1467 erat
3073 1425 3131 1467 ut
3154 1429 3276 1468 vera
3307 1413 3492 1470 Basilii

1927 1515 2089 1568 opera
2127 1517 2155 1554 a
2189 1500 2334 1554 falsis
2375 1515 2709 1555 secernerem
2741 1521 2754 1555 :
2791 1517 2909 1572 quin
2943 1505 3173 1558 secretio
3219 1508 3493 1575 negotium

1928 1591 2058 1644 ntihi
2104 1590 2348 1645 exhibuit
2395 1592 2476 1644 vel
2523 1593 2836 1657 maximum,
2881 1608 3000 1647 cum
3049 1597 3384 1651 adducantur
3437 1597 3491 1654 in

1927 1683 2350 1738 controversiam
2412 1696 2520 1735 non
2576 1697 2745 1750 pauca
2797 1683 3038 1752 quzedam
3099 1687 3337 1755 scripta,
3397 1689 3493 1742 sed

1928 1774 2128 1828 omnia.
2160 1772 2374 1828 Etvero
2407 1774 2668 1827 dissident
2697 1775 2837 1827 inter
2866 1790 2922 1828 se
2952 1776 3147 1829 eruditi
3179 1781 3241 1829 de
3269 1793 3492 1832 numero

247 1885 398 1936 sunt,
429 1874 580 1928 illius
614 1872 795 1926 multa:
819 1883 870 1925 et
907 1872 1129 1926 eruditae
1157 1891 1170 1926 :
1203 1888 1336 1942 quas
1368 1884 1520 1926 notas
1553 1889 1739 1927 omnes
1759 1873 1825 1926 ad
1857 1851 1896 1905 Β
1928 1866 2269 1921 homiliarunt
2298 1867 2353 1919 in
2384 1864 2742 1919 Hexaemeron
2764 1874 2816 1919 et
2841 1865 2892 1918 in
2919 1864 3179 1921 Psalmos.
3207 1867 3490 1924 Orationes

247 1965 435 2033 operis
459 1963 668 2018 calcem
707 1963 945 2018 edendas
977 1963 1306 2018 curabimus.
1342 1961 1452 2017 Nec
1492 1972 1822 2032 prtetereun-

245 2057 377 2106 dum
406 2054 536 2108 illud
557 2095 575 2119 ,
618 2055 759 2122 quod
786 2053 1048 2106 editiones
1076 2053 1305 2106 maxime
1343 2065 1498 2106 ornat
1521 2061 1574 2106 et
1598 2053 1820 2120 perﬁcit,

243 2147 543 2201 editionem
576 2145 940 2199 Parisiensem
973 2144 1041 2198 ad
1086 2144 1281 2199 multos
1309 2159 1440 2200 mss.
1473 2145 1686 2198 codices
1710 2145 1825 2198 An-

244 2239 422 2307 glicos
446 2245 503 2290 et
533 2235 773 2290 Gallicos
808 2235 1135 2303 recognitam
1183 2233 1351 2289 fuisse
1399 2242 1560 2302 atque
1593 2235 1824 2303 castiga-

247 2339 381 2383 tam.
426 2329 484 2383 ln
519 2328 625 2384 hac
664 2329 900 2382 editione
951 2328 1296 2382 inveniuntur
1327 2337 1382 2382 et
1413 2329 1528 2386 alite
1555 2329 1716 2382 vat-ite
1751 2327 1826 2381 lc-

244 2423 461 2475 ctiones
515 2434 547 2472 a
601 2419 933 2489 peritissimo
981 2419 1097 2473 viro
1152 2420 1368 2474 Andrea
1433 2419 1656 2474 Schotto
1709 2418 1822 2473 col-

247 2514 428 2568 lectae.

316 2604 379 2657 8.
417 2602 598 2656 Pauca
625 2601 803 2655 dicam
833 2600 896 2654 de
925 2609 1107 2654 nostro
1134 2599 1336 2664 labore,
1371 2615 1490 2654 cum
1529 2600 1593 2653 de
1621 2613 1685 2652 eo
1714 2612 1825 2652 me-

245 2694 357 2748 lius
377 2695 627 2761 judicare
653 2694 851 2760 cuique
891 2692 1003 2760 jam
1035 2691 1210 2744 liceat.
1240 2691 1631 2746 Celeberrimas
1662 2705 1824 2759 quas-

243 2801 357 2853 que
384 2786 737 2838 bibliothecas
779 2783 1067 2837 Basilianis
1116 2782 1392 2838 codicibus
1431 2783 1657 2835 refertas
1703 2796 1824 2835 esse

245 2878 435 2931 multis
468 2878 623 2941 locis,
653 2877 875 2930 Lutetiae
903 2875 1253 2937 Parisiorum,
1275 2873 1479 2936 Romae,
1513 2873 1821 2938 Florentiae,

242 2964 469 3028 Oxonii,
501 2976 555 3019 et
588 2965 736 3028 alibi,
771 2963 851 3018 vel
894 2978 924 3017 e
971 2965 1141 3032 primo
1173 2964 1404 3017 indicum
1442 2973 1659 3031 aspectu
1688 2977 1822 3016 con-

242 3068 376 3112 stat.
411 3058 646 3110 Codices
680 3055 958 3108 Parisinos
991 3067 1215 3120 quorum
1263 3054 1418 3107 nobis
1464 3053 1674 3121 cepiam
1719 3052 1818 3106 hu-

243 3150 567 3206 manissizne
599 3148 801 3202 faciunt
831 3146 1065 3215 praefecti
1114 3145 1580 3209 bibliothecarum,
1624 3147 1675 3198 in
1710 3146 1820 3213 pri-

243 3245 348 3297 mis
380 3242 672 3310 diligenter
707 3239 883 3308 legere
916 3237 1297 3292 conslitueram
1335 3255 1348 3291 :
1385 3237 1475 3291 sed
1503 3237 1647 3289 brevi
1675 3237 1815 3290 sensi

244 3350 364 3388 esse
393 3347 485 3387 me
513 3331 795 3385 volvendis
840 3340 916 3384 tot
968 3330 1114 3384 libris
1151 3330 1429 3397 imparem.
1485 3328 1670 3383 Adhuc
1707 3329 1820 3383 haec

242 3434 422 3489 erant,
469 3438 592 3476 cum
629 3437 769 3475 unus
804 3437 833 3475 e
872 3422 1071 3475 nostris
1117 3421 1178 3472 Ι).
1214 3419 1537 3474 Franciscus
1567 3419 1819 3473 Faverol-

241 3515 342 3570 lius
401 3514 740 3583 perolIiciose
788 3524 952 3582 atque
1018 3522 1359 3580 peramantcr
1407 3511 1562 3578 hujus
1614 3511 1818 3565 laboris

243 3624 475 3664 consors
508 3623 574 3660 ac
603 3607 784 3661 socius
820 3621 939 3661 esse
967 3607 1151 3660 voluit.
1199 3605 1436 3673 Uterque
1487 3605 1648 3670 igitur
1675 3615 1819 3657 vete-

243 3717 331 3756 res
362 3702 487 3755 iilas
519 3700 866 3754 membranas
913 3715 1033 3752 cum
1072 3699 1348 3767 impressis
1380 3698 1531 3751 libris
1575 3713 1732 3766 quam
1763 3697 1818 3748 li-

241 3794 351 3847 cuit
387 3792 804 3846 accuratissime
847 3790 1093 3844 conferre
1139 3790 1403 3858 cmpimus
1442 3807 1456 3842 :
1510 3788 1587 3842 sic
1619 3797 1813 3851 tamen,

242 3893 297 3937 nt
320 3898 514 3938 earum
543 3880 800 3947 majorem
826 3890 1030 3947 partem
1056 3880 1100 3933 is
1126 3920 1142 3944 ,
1171 3894 1328 3946 quem
1361 3877 1518 3931 modo
1551 3878 1659 3932 dixi
1686 3917 1700 3941 ,
1735 3880 1818 3931 vir

242 3975 374 4028 mihi
419 3973 791 4026 amicissimus
833 3973 1079 4040 idemque
1124 3971 1361 4025 omnium
1411 3971 1562 4039 longe
1596 3972 1818 4039 diligen-

242 4066 492 4120 tissimus
521 4065 830 4120 contulerit.
880 4065 1016 4130 Quin
1062 4065 1243 4130 etiam,
1275 4065 1451 4133 quoad
1482 4065 1594 4118 ﬁeri
1622 4064 1814 4133 potuit,

243 4156 462 4210 codices
491 4156 668 4223 ipsos,
701 4155 790 4223 qui
837 4155 904 4208 ab
953 4154 1256 4207 hominibus
1287 4153 1531 4207 doctrina
1563 4161 1818 4222 priestan-

244 4248 475 4302 tissimis
528 4248 720 4300 Duczeo
755 4255 808 4298 et
840 4244 1161 4298 Combeﬁsio
1216 4245 1338 4298 lecti
1395 4244 1519 4297 olim
1580 4245 1813 4305 fuerant,

245 4355 439 4395 rursus
468 4339 722 4410 legendos
759 4337 1154 4406 indicavimus;
1214 4352 1406 4405 neque,
1456 4347 1515 4390 ut
1561 4353 1628 4391 ex
1674 4338 1815 4391 notis

243 4432 541 4490 constabit,
595 4445 812 4498 Operam
865 4441 1102 4482 nostram
1157 4428 1400 4482 lusimus.
1453 4427 1648 4481 Mirum
1685 4443 1814 4484 sane

1926 1959 2029 2013 illa:
2058 1975 2160 2010 una
2187 1966 2241 2010 et
2285 1958 2500 2026 triginta
2549 1972 2654 2011 non
2685 1972 2873 2010 omnes
2918 1958 3006 2010 uni
3061 1970 3114 2011 et
3147 1961 3320 2014 eidem
3354 1963 3493 2015 scri-

1926 2048 2062 2118 ptori
2099 2030 2428 2101 tribuuntur.
2478 2046 2588 2099 Duo
2622 2060 2756 2114 quos
2805 2046 3067 2100 habemus
3111 2049 3185 2102 De
3237 2049 3490 2119 baptitmo

1925 2140 2046 2194 libri
2083 2147 2402 2193 revocantur
2430 2138 2482 2190 in
2516 2138 2737 2191 dubium
2765 2154 2792 2191 a
2819 2140 3160 2208 quihusdam.
3201 2142 3256 2194 In
3281 2154 3492 2197 contro-

1924 2246 2082 2286 verso
2116 2239 2198 2286 est
2228 2230 2362 2284 liber
2392 2229 2468 2283 De
2494 2247 2614 2284 vera
2644 2231 2966 2301 virginitate.
2995 2233 3376 2302 Amplissimos
3403 2235 3492 2289 ille

1927 2325 1977 2378 iit
2017 2324 2196 2392 priora
2232 2324 2505 2379 sexdecim
2554 2322 2705 2376 Isaiae
2753 2325 2932 2392 capita
2980 2340 3086 2378 non
3135 2335 3284 2379 caret
3317 2326 3492 2394 suspi-

1925 2418 2079 2472 cione
2125 2416 2292 2472 omni.
2347 2415 2421 2468 De
2469 2416 2705 2483 quinque
2754 2415 2808 2468 ἱη
2844 2415 3160 2470 Eunomium
3201 2417 3351 2471 libris
3384 2432 3490 2472 non

1924 2524 2030 2560 una
2069 2514 2150 2559 est
2185 2506 2426 2559 omnium
2473 2504 2761 2558 sententia.
2802 2505 2939 2559 Sunt
2985 2521 3120 2575 quos
3157 2523 3263 2561 non
3302 2509 3492 2575 puduit

1925 2600 2114 2654 ultima
2170 2597 2478 2667 quindecim
2525 2596 2647 2650 libri
2684 2596 2763 2651 De
2807 2596 3009 2666 Spiritu
3063 2611 3242 2653 sam-lo
3291 2602 3492 2669 capita,

1924 2707 2095 2761 eaque
2125 2691 2412 2761 praecipua,
2457 2689 2511 2742 in
2552 2689 2704 2743 falsis
2749 2698 2909 2758 atque
2942 2692 3232 2745 subdititiis
3269 2708 3491 2760 ponere.

1926 2785 2281 2853 Antiquorum
2314 2791 2368 2836 et
2404 2781 2766 2836 recentiorum
2817 2784 2882 2834 de
2913 2783 3175 2837 Ascetieis
3209 2785 3492 2852 opiniones

1925 2877 2064 2932 inter
2103 2892 2163 2932 se
2206 2876 2506 2930 concordes
2551 2890 2652 2927 non
2701 2883 2846 2927 sunt.
2883 2873 2980 2928 Vix
3017 2875 3148 2928 certi
3194 2876 3490 2944 quidquam

1926 2968 2135 3023 deﬁniri
2162 2976 2338 3036 potest
2383 2965 2446 3020 de
2474 2965 2734 3033 Liturgia.
2767 2962 3074 3032 Jurgiorum
3105 2981 3167 3020 ac
3201 2967 3492 3020 discordia-

1927 3077 2042 3114 rum
2103 3059 2370 3129 quoddam
2432 3058 2586 3127 quasi
2642 3057 2994 3111 seminarium
3043 3062 3317 3113 continent
3365 3061 3492 3129 Epi-

1928 3152 2098 3207 stolae.
2136 3151 2268 3203 Nam
2295 3166 2399 3218 quo
2437 3165 2601 3213 anno,
2627 3165 2732 3216 quo
2768 3165 2974 3213 mense,
3004 3165 3032 3202 a
3057 3166 3184 3220 quo,
3213 3152 3279 3204 ad
3308 3167 3488 3221 quem,

1924 3261 2026 3315 qua
2066 3246 2132 3298 de
2177 3259 2232 3298 re
2279 3246 2598 3314 conscriptae
2646 3247 2792 3309 sint,
2853 3246 3094 3313 quotidie
3145 3246 3492 3300 vehementer

1923 3340 2228 3406 acriterque
2273 3338 2596 3405 disputatur.
2631 3338 2799 3403 Quam
2829 3347 3006 3391 autem
3055 3339 3292 3407 proclive
3325 3339 3394 3393 sit
3437 3340 3492 3394 in

1922 3442 2068 3487 tanta
2121 3433 2220 3484 hac
2269 3446 2447 3483 rerum
2495 3446 2557 3484 ac
2613 3433 3003 3484 sententiarum
3060 3433 3320 3486 varietate
3361 3442 3485 3487 tan-

1920 3540 2080 3594 quam
2135 3525 2185 3576 in
2225 3523 2372 3576 illuni
2426 3531 2580 3577 nocte
2621 3539 2828 3586 errare,
2880 3525 3082 3588 vident,
3120 3525 3330 3592 opinor,
3382 3539 3492 3579 ont-

1923 3634 2038 3671 ncs.
2074 3617 2179 3670 Sed
2221 3625 2427 3669 tantum
2465 3619 2636 3682 abest,
2687 3625 2742 3668 lll
2774 3625 3058 3684 propterea
3092 3632 3238 3685 spem
3276 3617 3490 3684 abjece-

1922 3711 2020 3763 rint
2054 3710 2355 3763 inveniendi
2397 3710 2530 3771 veri,
2573 3718 2631 3762 ut
2677 3710 2726 3761 id
2768 3712 2931 3762 etiam
2967 3710 3156 3776 majori
3199 3711 3378 3761 studio
3420 3711 3493 3763 in-

1918 3803 2288 3872 vestigandum
2327 3802 2636 3868 judicarint.
2671 3801 2839 3855 Recte
2870 3818 2935 3854 an
2985 3801 3120 3854 male
3153 3802 3253 3855 hoc
3289 3802 3490 3869 negotii

1919 3909 2128 3967 gestum
2167 3897 2270 3960 sit,
2302 3897 2527 3951 aliorum
2558 3897 2773 3964 quidem
2806 3898 2909 3949 erit
2947 3897 3206 3964 judicium
3238 3913 3250 3950 :
3284 3899 3377 3950 sed
3407 3907 3491 3949 ta-

1921 4003 2044 4041 tncn
2081 3986 2347 4040 allii-mare
2381 4001 2537 4055 posse
2566 3988 2772 4047 videor,
2797 4003 2902 4050 me,
2934 3988 2975 4040 si
3014 3986 3145 4038 nihil
3179 3987 3319 4038 aliud
3355 4001 3492 4054 prte-

1919 4081 2050 4142 stiti,
2087 4090 2232 4135 certe
2258 4079 2392 4133 lucis
2429 4081 2629 4149 aliquid
2671 4081 2832 4134 rebus
2867 4095 2958 4146 per
2999 4095 3057 4132 se
3093 4079 3493 4133 obscurissimis

1920 4173 2181 4226 attulisse.
2235 4172 2386 4238 Quod
2416 4175 2457 4224 si
2491 4175 2724 4241 quando,
2765 4174 2905 4240 quod
2963 4175 3090 4225 non‘
3121 4188 3243 4226 raro
3290 4162 3489 4241 evenit,

1920 4266 1986 4319 al)
2015 4267 2351 4320 eruditorum
2380 4266 2723 4334 Opinionibus
2753 4268 2964 4329 recedo,
2990 4267 3061 4319 ita
3089 4280 3172 4318 me
3201 4267 3266 4319 ab
3296 4267 3361 4320 iis
3393 4267 3496 4320 dis-

1920 4360 2129 4411 sentire
2154 4357 2430 4426 proﬁteor,
2454 4368 2508 4410 ut
2540 4358 2582 4410 si
2612 4359 2809 4410 erroris
2837 4373 3049 4427 arguar,
3080 4357 3131 4409 in
3166 4373 3349 4412 eorum
3373 4372 3496 4410 scn-

1921 4450 2140 4502 leutiam
2180 4450 2484 4502 concedere
2538 4465 2755 4517 semper
2809 4459 3030 4517 paratas
3084 4449 3206 4503 Sim.
3264 4449 3493 4502 Maxime

245 4534 510 4592 quantum
558 4524 861 4590 ceperimus
912 4521 1119 4575 fructus
1147 4536 1211 4575 ex
1250 4531 1432 4575 nostro
1466 4522 1678 4576 labore!
1725 4521 1812 4574 ln--
1848 4560 1888 4614 Ι)
1920 4542 2135 4608 quidem
2172 4541 2223 4592 ίη
2259 4540 2308 4591 id
2341 4541 2580 4600 incubui,
2613 4550 2671 4593 ut
2705 4540 2888 4593 Grmca
2926 4553 3329 4608 pet-purgarem,
3367 4553 3491 4606 per-

243 4617 506 4670 credibile
539 4624 623 4668 est
666 4615 807 4668 enim
853 4624 982 4683 quot
1024 4618 1292 4668 variantes
1339 4617 1593 4670 lectiones
1624 4632 1688 4670 ex
1727 4615 1813 4669 his

246 4709 525 4762 codicibus
580 4707 843 4760 Parisinis
897 4707 1366 4775 excerpserimus:
1409 4710 1637 4777 quibus,
1694 4723 1816 4762 cum

249 4811 357 4852 tam
401 4799 583 4852 multae
617 4800 753 4860 sint,
795 4798 912 4852 alite
953 4807 1128 4853 tamen
1171 4816 1273 4853 non
1322 4817 1504 4870 paucze
1534 4817 1595 4855 ex
1625 4802 1815 4870 Anglia

250 4888 507 4957 Italiaque
535 4897 902 4942 accesserunt.
951 4888 1146 4942 Parum
1189 4891 1287 4942 fuit
1318 4900 1392 4944 tot
1429 4893 1608 4945 varias
1641 4892 1819 4946 lectio-

253 4998 348 5035 ncs
375 4981 659 5050 collegisse
689 4995 701 5029 :
751 4982 842 5034 sed
879 4982 930 5034 in
957 4981 1008 5035 id
1035 4984 1267 5036 maxime
1291 4983 1524 5037 incumbi
1557 4985 1816 5052 oportuit,

251 5083 306 5124 ut
333 5071 586 5133 Basilius,
622 5072 712 5140 qui
742 5071 792 5123 in
818 5069 1022 5124 Gratcis
1055 5071 1279 5126 miriﬁce
1309 5073 1642 5128 deformatus
1677 5085 1814 5140 erat,

254 5165 440 5217 harum
485 5179 588 5230 ope
648 5163 892 5231 pristina:
946 5163 1236 5231 integritati
1300 5165 1698 5218 restitueretur.
1754 5165 1819 5219 Et

254 5256 464 5321 quidem
497 5269 619 5320 spes
662 5263 743 5306 est
788 5269 909 5307 eum
945 5270 1090 5308 nunc
1138 5257 1474 5323 proditurum
1506 5257 1730 5310 nitidum
1765 5266 1820 5311 et

255 5356 657 5413 perpurgatum.
708 5344 814 5397 Tot
858 5346 999 5396 enim
1047 5346 1236 5398 merula
1280 5347 1584 5403 maculasve
1624 5349 1817 5402 sustuli

254 5451 284 5489 e
307 5436 494 5490 Graeco
524 5435 818 5503 exentplari
848 5434 1053 5498 Basilii,
1082 5446 1139 5489 ut
1171 5439 1323 5505 pauci
1377 5438 1661 5492 admodum
1695 5440 1819 5504 loci,

257 5527 298 5579 si
345 5529 433 5596 qui
476 5529 604 5591 sint,
653 5529 761 5595 iam
793 5529 1173 5582 emendatione
1225 5529 1403 5596 aliqua
1460 5530 1703 5599 indigere
1736 5533 1819 5582 vi-

258 5622 496 5675 deantur.
537 5622 696 5680 Certe
721 5623 975 5692 antiquas
1016 5637 1237 5690 operum
1272 5623 1451 5676 Basilii
1495 5625 1821 5692 interpreta-

261 5713 421 5769 tiones
459 5717 574 5784 plus
588 5717 778 5770 minus
805 5730 996 5769 omnes
1047 5715 1199 5790 longe
1233 5717 1670 5771 meudosissimas
1702 5732 1822 5771 esse

261 5812 412 5875 atque
445 5807 851 5871 vitiosissimas,
883 5820 912 5861 e
948 5805 1170 5876 singulis
1193 5808 1414 5878 paginis
1446 5809 1603 5864 facile
1630 5825 1658 5863 a
1688 5825 1820 5879 quo-

1922 4641 2141 4701 purgata
2174 4629 2366 4684 Latine
2404 4632 2682 4685 redderent
2708 4670 2724 4694 ,
2771 4645 2900 4683 vcra
2941 4646 3002 4682 ac
3037 4630 3266 4697 genuina
3299 4629 3493 4681 distin-

1920 4735 2135 4790 guerent
2189 4737 2214 4772 a
2271 4719 2419 4773 falsis
2468 4729 2522 4774 ct
2571 4720 2938 4773 adulterinis:
2978 4719 3070 4771 sed
3110 4719 3220 4772 lucc
3269 4732 3372 4770 non
3419 4717 3493 4770 ita

1921 4814 2047 4866 mihi
2081 4812 2230 4866 fuere
2267 4826 2409 4864 curae
2452 4828 2513 4865 ac
2559 4812 2738 4866 studio
2765 4852 2779 4878 ,
2827 4822 2885 4865 ut
2937 4809 3490 4879 rcliqua'negligenda

1921 4905 2192 4958 ducerem.
2239 4905 2516 4956 Addeulur
2558 4905 2722 4972 igitur
2753 4906 2972 4967 monita,
3008 4905 3322 4964 summaria,
3358 4917 3494 4970 pra:-

1919 4996 2168 5061 fationcs,
2205 5004 2363 5058 nota),
2406 4996 2767 5055 Vitnllasilii,
2817 4996 3075 5048 anecdota
3126 5010 3229 5046 non
3280 5009 3489 5061 pauca;

1922 5097 1975 5140 et
2015 5088 2270 5154 quoniam
2321 5089 2372 5139 itt
2420 5088 2572 5141 navis
2623 5087 2950 5139 editiouibus
3007 5085 3143 5139 nihil
3194 5087 3493 5140 desiderari

1921 5192 2092 5248 opera:
2123 5181 2350 5248 prcliunt
2387 5191 2509 5244 est,
2561 5179 2900 5232 invenientur
2935 5179 2985 5232 in
3031 5188 3212 5233 nostra
3267 5193 3331 5232 eo
3384 5195 3494 5246 quo

1922 5271 2116 5325 debent
2153 5273 2339 5325 ordine
2381 5273 2492 5342 ipsa
2525 5272 2685 5324 etiam
2734 5271 3013 5338 opuscula,
3052 5286 3170 5338 quzc
3216 5270 3321 5326 iam
3350 5271 3496 5337 'qui-

1928 5365 2047 5416 dem
2078 5363 2219 5416 edita
2247 5373 2390 5428 sunt,
2431 5364 2522 5417 sed
2557 5363 2672 5417 loco
2707 5379 2811 5417 non
2843 5379 2960 5428 suo,
2993 5363 3066 5416 uti
3102 5364 3152 5416 in
3182 5361 3494 5415 Monumen-

1923 5456 1986 5506 tis
2018 5452 2213 5507 Grrccis
2242 5453 2461 5507 Joannis
2505 5453 2790 5517 Cotelerii,
2844 5465 2936 5509 aut
2987 5455 3038 5508 iit
3093 5452 3348 5523 praeclaro
3404 5454 3494 5508 illo

1924 5544 2149 5612 utilique
2190 5558 2353 5613 opere
2405 5543 2682 5598 Francisci
2721 5543 3066 5606 Combcﬁsii,
3107 5545 3172 5596 de
3219 5558 3324 5613 quo
3369 5559 3495 5597 mox

1924 5635 2111 5700 loquar
2142 5654 2155 5689 :
2189 5650 2308 5704 qua:
2337 5637 2514 5689 omnia
2547 5637 2820 5705 excipient
2853 5637 3056 5691 indices
3080 5635 3378 5690 ﬁdelissimi
3415 5635 3492 5688 si-

1925 5729 2033 5780 mul
2067 5735 2122 5782 et
2147 5727 2484 5795 amplissimi.
2525 5728 2731 5784 Norunt
2763 5731 2998 5794 eruditi,
3033 5730 3172 5782 inter
3208 5727 3307 5781 alia
3333 5725 3494 5780 Com-

1926 5817 2094 5872 beﬁsii
2129 5817 2329 5889 scripta
2354 5822 2651 5892 _recenseri
2701 5822 2963 5893 insignem
3012 5823 3210 5878 librum
3258 5819 3314 5875 in
3363 5819 3492 5874 duos
