4040 6216
516 408 692 449 CLXXX

1845 383 2372 444 PROLEGOMENA.

517 518 692 565 tomos
713 508 942 564 divisum
962 543 978 570 ,
1026 505 1112 561 cui
1144 503 1353 559 titulum
1403 502 1534 558 fecit
1553 546 1567 572 ,
1596 502 1832 558 Basilius
1856 504 2081 576 Magnus
2110 509 2157 566 Α
2183 504 2325 572 quod
2357 501 2543 563 sciam,
2570 509 2896 570 compareat.
2919 498 3175 569 Equidem
3197 514 3304 555 non
3333 501 3521 570 ignoro
3545 516 3751 570 quam-

517 619 584 656 ea:
617 603 816 672 integro
868 597 1171 663 recensitus,
1205 596 1381 652 Paris.
1413 595 1551 651 l679
1578 636 1593 661 ,
1640 597 1692 650 in
1722 598 1814 662 8°;
1861 612 1967 666 quo
2008 598 2074 652 de

517 708 678 761 opere
699 694 810 759 jam
837 689 1051 760 quidem
1083 688 1290 743 locutus
1313 702 1451 752 sum,
1481 689 1575 740 sed
1599 687 1662 742 de
1684 698 1749 741 eo
1777 687 1864 741 hic
1888 701 2076 740 rursus

518 783 666 850 loqui
703 782 874 836 visum
913 788 1013 835 est.
1064 780 1222 834 Certe
1251 779 1434 833 mirari
1477 779 1619 832 subit
1654 778 1752 832 viri
1783 779 2074 833 doctissimi

518 876 817 943 improbum
865 873 1103 927 laborem
1135 887 1151 925 :
1182 871 1272 941 qui
1323 871 1376 925 in
1415 872 1499 926 his
1523 870 1730 925 duobus
1761 871 1921 925 tomis
1970 885 2076 925 non

519 967 677 1021 modo
708 966 906 1020 multas
934 965 1112 1019 varias
1155 963 1410 1020 lectiones
1443 979 1471 1016 a
1510 979 1567 1017 se
1597 977 1628 1017 e
1665 961 1830 1016 variis
1872 962 2076 1018 codici-

519 1061 617 1114 bus
635 1059 887 1114 collectas
913 1057 1115 1122 edidit,
1153 1057 1246 1111 sed
1277 1057 1421 1126 ipsas
1451 1056 1610 1109 etiam
1641 1055 1891 1122 antiquas
1920 1055 2079 1107 inter-

518 1151 846 1218 pretationes
873 1148 1140 1203 sexcentis
1173 1147 1306 1201 locis
1337 1145 1667 1200 emendavit.
1702 1142 1758 1198 ld
1788 1158 1924 1212 Opus
1951 1158 2076 1198 cum

518 1240 769 1309 legerem,
810 1238 991 1292 notavi
1020 1238 1160 1307 quod
1192 1235 1280 1290 alii
1329 1235 1438 1304 jam
1491 1245 1776 1299 notarant,
1807 1233 2078 1289 Combefi-

518 1331 658 1384 sium
688 1329 923 1398 linguam
958 1327 1172 1396 quidem
1205 1325 1449 1380 Gracam
1483 1323 1896 1392 diligentissime
1916 1338 2079 1378 exco-

520 1421 705 1486 luisse,
736 1429 792 1475 et
821 1418 1024 1489 Optime
1049 1418 1276 1473 scivisse
1309 1434 1324 1471 :
1368 1415 1463 1471 scd
1494 1415 1664 1469 videri
1697 1415 1942 1469 Latinam
1970 1430 2076 1468 non

521 1513 595 1567 ita
640 1511 862 1566 multum
887 1511 954 1564 ab
978 1525 1044 1564 eo
1081 1509 1246 1564 fuisse
1285 1507 1574 1563 excultam.
1616 1506 1683 1560 Et
1715 1506 1929 1576 quidem
1960 1521 2080 1576 qua

513 1596 708 1656 Latine
755 1598 1004 1666 scripsit,
1031 1612 1096 1652 ea
1121 1605 1331 1651 constat
1360 1605 1414 1650 et
1451 1597 1683 1650 obscura
1726 1610 1866 1663 esse,
1917 1603 1974 1650 et
2013 1595 2082 1650 ab

519 1689 738 1758 antiqua
781 1690 870 1745 illa
914 1689 1140 1744 Romani
1184 1688 1450 1744 sermonis
1498 1687 1804 1758 integritate
1851 1701 2077 1757 prorsus

516 1781 707 1835 aliena.
766 1780 941 1846 Quare
999 1781 1091 1836 ubi
1149 1781 1313 1835 etiam
1360 1779 1567 1850 priscas
1601 1778 2076 1849 interpretationes

2174 595 2296 648 dam
2323 593 2506 648 Basilii
2543 591 2742 654 Vitam,
2768 607 2888 661 qua
2923 591 3329 646 celeberrimum
3370 593 3749 662 Amphilochii

2175 699 2370 738 nomen
2408 682 2646 753 prafert,
2689 698 2794 736 non
2825 683 2896 736 ita
2936 681 3142 751 pridem
3196 697 3225 735 a
3270 681 3592 738 Combefisio
3637 685 3753 738 edi-

2176 786 2284 829 tam
2322 774 2522 840 fuisse;
2553 775 2644 828 sed
2675 775 2793 829 hac
2836 773 2956 828 Vita
2988 789 3086 844 pro
3113 775 3295 844 spuria
3322 785 3484 844 atque
3508 774 3748 830 subditi-

2181 869 2254 920 tia
2284 882 2313 920 a
2336 867 2656 923 doctissimo
2695 880 2909 936 quoque
2943 865 3193 929 habetur,
3227 879 3326 920 nec
3364 865 3583 934 injuria.
3612 865 3752 919 Scio

2180 972 2397 1028 quoque
2424 959 2750 1011 mentionem
2779 956 2898 1011 fieri
2921 964 2976 1010 et
2995 956 3132 1023 apud
3159 953 3418 1010 Joannem
3449 955 3752 1010 Damasce-

2179 1065 2307 1102 num
2331 1050 2396 1103 de
2425 1048 2528 1102 alia
2566 1046 2688 1102 Vita
2717 1045 2923 1110 Basilii,
2959 1061 3078 1116 qua
3119 1046 3236 1115 ejus
3271 1045 3569 1101 successori
3606 1045 3748 1098 Hel-

2176 1139 2318 1195 ladio
2352 1139 2602 1194 tribuitur
2637 1157 2650 1193 :
2687 1139 2781 1193 sed
2805 1149 3161 1208 praterquam
3194 1137 3336 1206 quod
3367 1136 3597 1192 dubitari
3622 1151 3748 1191 me-

2182 1234 2288 1287 rito
2318 1243 2497 1302 potest
2543 1247 2609 1285 an
2638 1246 2872 1301 unquam
2902 1230 3190 1292 exstiterit,
3222 1230 3335 1298 ipsa
3367 1245 3470 1283 non
3510 1231 3746 1299 amplius

2176 1326 2233 1379 in
2271 1324 2571 1379 litterarum
2625 1322 2991 1377 monumentis
3013 1321 3304 1374 invenitur.
3350 1315 3528 1386 Quare
3556 1330 3612 1374 ut
3635 1322 3746 1374 huc

2178 1417 2430 1471 damnum
2462 1415 2715 1471 resarciri
2755 1416 2988 1484 quodam
3019 1414 3180 1468 modo
3203 1413 3390 1482 possit,
3418 1429 3610 1467 novam
3635 1413 3745 1468 Ba-

2177 1508 2282 1563 silii
2322 1505 2493 1561 Vitam
2515 1506 2810 1576 praesertim
2834 1521 2904 1561 ex
2923 1506 3039 1574 ejus
3061 1505 3275 1575 scriptis
3297 1505 3576 1561 collectam
3605 1521 3744 1562 con-

2179 1599 2421 1654 scribere
2450 1597 2637 1652 statui.
3466 1617 3470 1621 -

2251 1690 2338 1746 ll.
2371 1688 2517 1758 Opus
2559 1698 2726 1744 totum
2776 1687 2856 1743 sic
2891 1687 3296 1743 distribuemus.
3343 1686 3748 1756 Complectetur

2181 1792 2359 1837 tomus
2385 1783 2589 1850 primus
2619 1779 2880 1834 llomil‘ias
2924 1780 2979 1832 in
3021 1778 3386 1834 Hexaemeron
3415 1788 3470 1834 et
3503 1781 3561 1832 in
3589 1777 3750 1832 Psal-

515 1874 774 1938 correxit,
823 1873 898 1928 ibi
930 1873 1032 1927 alia
1077 1874 1258 1942 phrasi
1290 1873 1367 1928 uti
1393 1883 1620 1928 coactus
1668 1887 1784 1927 sum
1814 1890 1828 1927 :
1854 1873 1949 1927 sed
2000 1883 2079 1926 ta-
2109 1871 2152 1926 B
2181 1872 2571 1938 mos,librosin
2591 1871 2930 1936 Eunomium,
2954 1871 3479 1926 Commentariumin
3499 1869 3744 1935 Isaiam,-

515 1978 638 2018 mea
680 1964 857 2018 virum
909 1964 1329 2019 eruditissimum
1393 1975 1521 2020 tunc
1573 1979 1787 2034 quoque
1837 1964 2076 2018 maximo

517 2053 650 2109 mihi
699 2054 1008 2124 adjumento
1051 2054 1218 2110 fuisse
1251 2055 1478 2126 ingenue
1513 2053 1754 2118 fatebor,
1785 2069 1908 2109 cum
1942 2054 2076 2108 mihi

512 2145 600 2202 bis
630 2147 683 2201 in
719 2145 854 2202 locis
885 2146 1057 2203 facem
1100 2146 1380 2217 praeferret
1414 2149 1481 2201 ad
1519 2146 1830 2201 Gracarum
1887 2159 2074 2202 vocem

514 2239 867 2309 detegendam
890 2239 1229 2296 sententiam.
1255 2238 1390 2296 Cum
1413 2238 1738 2293 audivissem
1754 2251 1898 2301 eum,
1913 2251 2076 2306 quem

513 2327 709 2396 sapius
737 2327 1048 2394 nominavi,
1084 2328 1260 2382 virum
1289 2327 1660 2382 doctissimum
1691 2326 2080 2382 Combefisium.

520 2431 588 2470 ex
629 2431 759 2472 mss.
789 2417 1062 2472 codicibus
1095 2431 1384 2487 excerpere
1415 2417 1632 2473 solitum
1675 2417 1817 2487 quod
1861 2416 2075 2484 liberet,

515 2509 820 2580 relinquere
856 2511 998 2580 quod
1043 2510 1388 2580 disliliceret,
1439 2511 1663 2568 collatos
1706 2511 1775 2566 ab
1822 2511 1939 2582 ipso
1986 2527 2078 2567 ve-

517 2611 662 2659 teres
711 2602 881 2658 libros
929 2617 1117 2658 rursus
1172 2613 1268 2658 aut
1316 2604 1519 2661 contuli
1569 2607 1704 2676 ipse,
1752 2614 1844 2660 aut
1895 2603 2082 2659 confe-

517 2695 714 2748 rendas
745 2693 967 2760 curavi;
1017 2707 1115 2749 nec
1154 2708 1318 2760 sane,
1368 2702 1430 2749 ut
1461 2693 1613 2761 dixi,
1653 2704 1863 2764 tempus
1895 2695 2076 2766 perdi-

516 2783 716 2838 (limus.

593 2875 646 2931 9.
696 2875 848 2931 Nunc
883 2877 947 2930 de
976 2877 1273 2944 anecdotis,
1313 2877 1486 2948 deque
1539 2877 1722 2932 Basilii
1768 2876 1890 2931 Vita
1920 2879 2076 2948 paulo

519 2965 690 3022 fusius
714 2969 1109 3022 disserendum.
1154 2968 1232 3022 Ita
1259 2979 1629 3038 comparatum
1669 2979 1752 3024 est
1797 2969 2073 3024 hominum

517 3073 711 3126 genus,
770 3066 830 3111 ut
877 3058 1186 3113 existiment
1238 3073 1434 3113 novam
1497 3058 1732 3129 aliquam
1785 3060 2074 3117 editionem

516 3148 805 3217 plurimum
839 3149 1203 3204 commendari
1250 3151 1402 3218 copia
1427 3152 1828 3207 anccdotorum.
1857 3153 1958 3209 Aio
1978 3154 2076 3226 igi-

515 3245 604 3292 tur
659 3238 712 3292 id
743 3240 1044 3293 ornamenti
1074 3240 1127 3294 in
1177 3255 1313 3296 nova
1351 3242 1538 3297 Basilii
1579 3258 1802 3313 operum
1833 3247 2077 3304 editione

518 3327 739 3384 minime
766 3327 1091 3384 defuturum.
1128 3330 1277 3387 Nova
1304 3332 1446 3386 enim
1482 3334 1756 3390 veteribus
1786 3336 2071 3403 addentur,

519 3419 817 3488 fragmenta
880 3422 1159 3490 quadam,
1215 3423 1490 3478 orationes
1538 3423 1772 3494 aliquot,
1837 3426 2076 3495 epistola

516 3509 802 3565 nonnulla.
838 3510 974 3578 Quin
1019 3513 1182 3566 etiam
1232 3527 1294 3568 ea
1341 3511 1524 3568 Basilii
1555 3515 1814 3584 opuscula
1837 3531 1958 3586 qua
1987 3516 2077 3573 hic

520 3599 628 3655 illic
669 3615 860 3670 sparsa
891 3602 1258 3666 inveniuntur,
1291 3604 1401 3673 ipsa
1443 3620 1657 3676 quoque
1677 3621 1775 3662 suo
1804 3609 1994 3663 ordine
2022 3617 2076 3662 et

517 3692 636 3748 loco
677 3709 867 3749 rursus
901 3695 1119 3764 vulgare
1158 3709 1262 3750 non
1297 3698 1664 3765 gravabimur.
1697 3697 1824 3754 Scio
1851 3699 2072 3768 quidem

516 3797 650 3852 opus
700 3784 949 3839 Eunomii
1001 3786 1220 3854 dignum
1246 3801 1368 3842 esse
1413 3788 1651 3844 tenebris
1688 3791 1882 3859 magis,
1914 3805 2076 3859 quam

517 3874 680 3930 luce:
717 3877 970 3944 quoniam
1021 3887 1202 3933 tamen
1243 3880 1310 3934 ad
1367 3880 1738 3936 dilucidandos
1787 3880 1970 3936 Basilii
2021 3883 2077 3936 in

521 3964 839 4019 Eunomium
874 3967 1043 4022 libros
1073 3969 1191 4023 usui
1223 3985 1343 4026 esse
1376 3979 1571 4038 potest,
1603 3971 1655 4026 id
1695 3987 1909 4043 quoque
1955 3989 2080 4029 rur-

517 4069 611 4109 sus
660 4055 902 4110 edemus.
953 4056 1148 4112 Notutn
1201 4068 1290 4114 est
1335 4059 1587 4115 Rufinum
1631 4070 1686 4116 et
1735 4062 2074 4120 Eustathium

515 4145 757 4214 quadam
806 4145 986 4201 Basilii
1021 4149 1223 4218 scripta
1288 4151 1343 4204 in
1393 4151 1625 4222 linguam
1659 4153 1905 4210 Latinam
1950 4157 2078 4212 olim

519 4237 914 4292 transtulisse:
963 4255 1194 4308 quorum
1249 4243 1749 4312 interpretationem
1814 4250 1882 4302 ad
1950 4264 2080 4304 exa-

516 4337 662 4383 ratos
692 4343 853 4384 manu
906 4329 1074 4386 libros
1117 4336 1450 4403 recognitam
1505 4338 1642 4407 typis
1668 4338 1884 4408 quidem
1922 4357 2076 4395 man-

515 4419 643 4474 dare
693 4423 863 4476 visum
909 4430 1011 4487 est,
1035 4424 1130 4478 sed
1165 4424 1270 4490 sic,
1298 4434 1357 4480 ut
1392 4427 1458 4481 ad
1495 4429 1676 4498 operis
1705 4409 1909 4485 calcem
1955 4433 2080 4502 reji-

514 4513 706 4566 ciatur.
733 4512 874 4568 Loco
924 4515 1112 4570 eodem
1161 4516 1400 4586 ejusdem
1449 4518 1631 4575 Rufini
1680 4521 1937 4578 ineditam
1987 4525 2072 4580 in-

2186 1965 2478 2031 secundus,
2531 1963 2790 2018 Homilies
2833 1962 2903 2018 de
2953 1962 3199 2029 diversis,
3249 1962 3514 2030 Ascetica,
3544 1962 3748 2016 librum

2184 2057 2258 2112 De
2296 2057 2619 2127 virginitate,
2659 2055 2827 2110 libros
2853 2054 2932 2110 De
2965 2056 3261 2124 baptismo;
3314 2055 3508 2110 tertius
3544 2053 3746 2110 librum

2181 2149 2258 2204 De
2278 2151 2468 2219 spiritu
2496 2158 2695 2217 sancto,
2723 2147 3009 2217 Epistolas,
3038 2146 3360 2218 Liturgiam,
3388 2147 3575 2217 viginti
3604 2162 3748 2215 qua-

2183 2252 2306 2298 tuor
2361 2254 2637 2297 sermones
2685 2240 2952 2298 Simeonis
2998 2240 3242 2312 magistri
3291 2253 3355 2295 ac
3408 2237 3746 2309 Logotheta,

2185 2333 2356 2388 Vitam
2383 2333 2586 2390 Basilii.

2251 2424 2339 2479 12.
2373 2423 2669 2478 Commune
2700 2423 2915 2493 quidem
2960 2422 3198 2478 omnium
3246 2436 3440 2476 munus
3468 2429 3552 2476 est
3595 2409 3752 2475 bene

2183 2516 2247 2571 de
2265 2531 2324 2572 se
2351 2515 2555 2571 meritis
2571 2514 2775 2585 justam
2793 2513 3132 2584 debitamque
3151 2513 3377 2586 gratiam
3398 2511 3711 2583 persolvere
3729 2528 3746 2562 :

2186 2610 2290 2664 hoc
2319 2617 2500 2663 tamen
2525 2607 2707 2664 nescio
2736 2609 3006 2678 quomodo
3034 2606 3204 2677 magis
3226 2606 3501 2676 proprium
3529 2603 3751 2658 videtur

2182 2701 2525 2771 scriptorum.
2557 2699 2721 2769 Ergo,
2753 2707 2812 2753 ut
2843 2699 2968 2754 huic
3018 2698 3192 2754 officio
3248 2698 3442 2751 faciam
3479 2696 3634 2758 satis,
3673 2695 3750 2747 li-

2181 2790 2370 2845 benter
2395 2787 2699 2857 pradicabo
2729 2785 2990 2842 beneficia
3017 2800 3225 2851 eorum,
3253 2783 3342 2854 qui
3382 2782 3580 2851 aliquid
3609 2781 3746 2834 mihi

2180 2880 2298 2950 opis
2329 2879 2396 2933 ad
2427 2893 2622 2934 novam
2659 2875 2845 2933 Basilii
2870 2876 3158 2932 editionem
3186 2872 3566 2942 perficiendam
3603 2887 3741 2926 cou-

2183 2971 2377 3027 tulere.
2408 2970 2650 3025 Primum
2689 2968 2994 3024 laudandus
3031 2967 3182 3022 Dom.
3219 2965 3481 3020 Henricus
3512 2963 3746 3018 Carolus

2181 3065 2249 3120 du
2279 3063 2542 3119 Cambout
2563 3063 2628 3118 de
2649 3061 2874 3126 Coislin,
2901 3060 3006 3115 dux
3040 3070 3094 3113 et
3118 3074 3214 3129 par
3241 3057 3506 3125 Francia,
3533 3057 3748 3126 episco-

2181 3171 2279 3225 pus
2309 3155 2586 3221 Hetensis,
2610 3155 2700 3223 qui
2724 3152 3108 3208 bibliothecam
3137 3165 3285 3205 suam
3317 3165 3439 3206 cum
3469 3150 3590 3205 aliis
3621 3165 3742 3203 ma-

2178 3247 2470 3317 nuscriptis
2499 3255 2610 3301 tum
2638 3245 2843 3301 Graecis
2873 3244 3283 3301 refertissimam
3324 3243 3463 3314 apud
3513 3258 3614 3298 nos
3644 3244 3745 3298 de—

2177 3338 2374 3406 posuit,
2402 3347 2541 3393 utea
2575 3336 2752 3402 nobis,
2781 3351 2904 3406 qua
2931 3335 3049 3402 ejus
3083 3335 3136 3389 in
3168 3343 3407 3390 nostram
3445 3347 3746 3402 congrega-

2181 3431 2383 3485 tionem
2417 3428 2790 3484 benevolentia
2820 3436 2926 3494 est,
2953 3426 3165 3482 facilius
3203 3441 3268 3481 ac
3289 3425 3629 3481 commodius
3663 3424 3746 3478 uti

2177 3520 2386 3576 liceret.
2419 3519 2674 3575 Laudabo
2723 3528 2778 3574 et
2823 3519 3256 3575 illustrissimum
3297 3517 3549 3572 abbatem
3581 3515 3647 3570 D.
3677 3517 3748 3569 de

2177 3610 2430 3678 Louvois,
2484 3611 2820 3668 bibliotheca
2844 3609 3027 3680 Regia
3069 3609 3403 3679 prafectum,
3431 3607 3525 3677 qui
3547 3622 3747 3676 magno

2177 3706 2477 3758 litterarum
2525 3712 2579 3759 et
2623 3703 2988 3760 litteratorum
3046 3702 3245 3757 damno
3288 3701 3501 3766 duobus
3545 3699 3748 3755 abhinc

2179 3795 2354 3860 anuis,
2391 3803 2642 3849 recusato
2696 3795 3012 3865 episcopatu
3063 3793 3517 3856 Claromontano,
3548 3806 3580 3845 e
3632 3791 3743 3844 vita

2179 3886 2433 3941 excessit.
2484 3885 2755 3941 Faverunt
2794 3887 2952 3942 nobis
2995 3900 3207 3957 quoque
3243 3884 3504 3948 maxime,
3549 3883 3744 3953 optimi

2185 3986 2240 4031 et
2287 3976 2638 4032 illustrissimi
2664 3976 2874 4032 abbatis
2915 3977 3184 4047 exemplo,
3223 3965 3325 4031 viri
3355 3975 3740 4045 spectatissimi

2179 4069 2419 4138 ejusdem
2471 4066 2806 4122 bibliotheca
2854 4066 3037 4138 Regia
3063 4065 3330 4134 custodes,
3355 4065 3748 4123 D.Ludovicu3

2184 4159 2249 4212 de
2271 4156 2522 4228 Targnis,
2549 4155 2808 4214 Sorbona
2836 4157 3026 4213 doctor
3049 4156 3455 4223 celeberrimus,
3491 4156 3747 4227 idemque

2179 4251 2234 4306 in
2291 4251 2496 4306 amicos
2547 4249 3011 4317 ofﬁciosissimus,
3055 4259 3110 4306 et
3160 4249 3394 4306 Joannes
3437 4250 3741 4316 Boivinius,

2185 4353 2324 4398 unus
2353 4343 2591 4397 omnium
2633 4341 3044 4410 urbanissimus,
3068 4351 3122 4396 et
3149 4342 3289 4398 idem
3316 4342 3535 4413 scriptis
3563 4343 3743 4413 publi-

2180 4435 2259 4488 cis
2285 4434 2338 4488 in
2369 4440 2485 4488 toto
2517 4433 2648 4487 orbe
2686 4424 2955 4488 litterario
2986 4431 3338 4488 clarissimus.
3366 4432 3604 4488 Laudem
3632 4447 3744 4487 non

2181 4525 2504 4579 mediocrem
2536 4523 2741 4594 pariter
2769 4531 3006 4578 meretur
3039 4523 3436 4579 illustrissimus
3459 4525 3657 4579 comes
3675 4525 3745 4577 de

516 4606 956 4672 terpretationem
1006 4609 1359 4678 quarumdam
1413 4611 1718 4667 orationum
1765 4611 1949 4669 licebit
1996 4614 2080 4670 in—
2109 4587 2156 4642 D
2185 4615 2501 4686 Seiguelay,
2537 4587 2707 4687 cujus
2759 4615 3091 4685 amplissima
3142 4615 3468 4670 bibliotheca
3523 4630 3744 4684 semper

515 4697 676 4750 tueri.

585 4791 672 4845 i0.
706 4790 865 4847 Certe
894 4792 1090 4862 siquis
1131 4793 1353 4848 idoneus
1396 4795 1628 4864 scriptor
1664 4794 1850 4853 Basilii
1898 4796 2076 4854 Vitam

515 4883 757 4949 proxime
788 4893 908 4951 post
960 4883 1130 4952 ipsius
1190 4893 1417 4938 mortem
1470 4884 1668 4940 litteris
1716 4889 2076 4956 prodidisset,

516 4970 674 5025 modo
707 4970 774 5026 ad
815 4986 913 5027 nos
940 4987 1110 5042 usque
1139 4976 1475 5041 pervenisset
1496 4985 1603 5029 tam
1624 4978 1938 5046 praclarum
1963 4995 2077 5034 mo-

515 5070 849 5126 numentum.
878 5079 992 5118 rem
1023 5063 1244 5119 fecisset
1275 5075 1329 5120 et
1357 5065 1540 5120 utilem
1571 5077 1624 5121 et
1660 5077 1866 5137 gratam
1896 5081 2077 5138 poste-

516 5150 683 5204 ritati.
711 5149 943 5208 Basilius
972 5155 1292 5217 euim,-dum
1325 5158 1562 5221 viveret,
1600 5156 1671 5211 ita
1699 5160 1871 5213 modis
1899 5161 2076 5215 omni-

515 5241 615 5296 bus
666 5240 880 5307 claruit,
932 5243 1057 5298 vita
1113 5248 1425 5310 sanctitate,
1476 5263 1688 5302 morum
1737 5249 2070 5320 integritate,

514 5335 818 5402 prudentia,
849 5337 1172 5403 eruditione,
1195 5339 1465 5404 facundia,
1494 5331 1658 5395 animi
1684 5345 2071 5413 magnitudine,

513 5422 754 5480 laborum
801 5441 900 5497 pro
947 5427 1189 5484 Ecclesia
1247 5442 1620 5501 susceptorum
1671 5435 1980 5504 tolerantia,
2017 5450 2075 5491 ut

511 5527 700 5568 eorum
723 5531 841 5586 quae
870 5530 962 5572 aut
985 5521 1152 5590 gessit
1177 5533 1267 5575 aut
1304 5524 1524 5592 scripsit
1553 5538 1806 5581 accurata
1835 5530 2072 5598 cognitio

516 5619 628 5658 rem
655 5605 970 5664 litterariam
994 5613 1228 5667 maxime
1259 5613 1567 5671 illustraret.
1596 5615 1702 5673 Sed
1735 5622 1916 5675 nescio
1939 5636 2073 5690 quo-

515 5697 674 5751 modo
705 5700 947 5771 contigit,
972 5712 1030 5757 ut
1058 5718 1238 5758 rerum
1285 5721 1314 5758 a
1353 5715 1501 5762 tanto
1531 5710 1649 5765 viro
1673 5722 1945 5781 gestarum
1980 5729 2073 5782 pe-

513 5788 730 5846 culiaris
757 5791 983 5849 historia
1035 5803 1217 5852 nostra
1270 5799 1506 5857 maximo
1559 5803 1752 5859 damno
1784 5817 2068 5872 nusquam,

2183 4716 2369 4774 aperta
2400 4717 2484 4762 est
2527 4707 2805 4773 studiosis,
2846 4709 3001 4775 quasi
3032 4705 3268 4762 fructum
3292 4706 3624 4762 uberrimum
3662 4708 3744 4761 lu-

2178 4812 2440 4866 crumque
2475 4798 2770 4852 maximum
2801 4812 2925 4852 esse
2953 4805 3186 4868 putaret,
3222 4797 3289 4852 de
3325 4797 3579 4852 litteratis
3601 4797 3743 4851 bene

2189 4887 2406 4941 mereri.
2443 4885 2499 4939 ln
2549 4887 2708 4956 hujus
2751 4886 2923 4946 laudis
2972 4887 3278 4949 societatem
3309 4901 3441 4941 voco
3475 4888 3740 4955 optimum

2177 4988 2233 5032 et
2270 4978 2694 5032 eruditissimum
2743 4979 2918 5032 virum
2951 4978 3204 5035 Carolum
3239 4981 3310 5033 du
3352 4978 3585 5044 Chesne,
3620 4979 3741 5045 ejus

2176 5053 2339 5138 quam
2368 5083 2494 5123 mox
2537 5069 2652 5123 dixi
2697 5069 3038 5125 bibliotheca
3089 5068 3424 5138 praefectum,
3465 5070 3578 5138 qui,
3609 5070 3739 5122 dum

2177 5161 2333 5226 vixit,
2369 5160 2628 5230 singulari
2652 5168 2707 5216 et
2737 5174 2921 5216 amore
2953 5171 3010 5214 et
3040 5159 3409 5216 benevolentia
3455 5175 3552 5213 nos
3589 5175 3740 5213 sem-

2177 5266 2271 5321 per
2298 5260 2614 5318 prosecutus
2657 5261 2762 5307 est.
2792 5251 2892 5307 Hic
2931 5266 3143 5322 quoque
3195 5251 3740 5305 honorificentissime

2178 5344 2532 5414 appellandus
2579 5345 2663 5398 vir
2694 5347 2871 5413 magni
2907 5344 3160 5408 nominis,
3194 5359 3258 5399 ac
3307 5343 3526 5397 infinita
3556 5343 3740 5397 lectio-

2178 5438 2280 5503 nis,
2299 5434 2538 5491 .loannes
2567 5436 2896 5501 Barduinus,
2923 5436 3260 5491 bibliotheca
3303 5435 3740 5490 Claromontana

2176 5528 2484 5596 prafectus,
2512 5528 2602 5597 qui
2639 5527 2950 5583 Graecorum
2981 5528 3184 5596 aliquot
3207 5527 3450 5582 codicum
3480 5526 3610 5580 mihi
3636 5541 3737 5580 co-

2177 5619 2500 5687 piamhaud
2535 5620 2737 5674 invitus
2772 5620 2917 5675 fecit.
2948 5619 3091 5674 Inter
3123 5621 3361 5690 ingratos
3383 5621 3504 5688 jure
3545 5634 3740 5675 nume-

2177 5712 2410 5776 rarer,si
2452 5713 2702 5766 meritam
2730 5713 2940 5766 laudem
2986 5728 3092 5766 non
3131 5713 3422 5766 tribuerem
3453 5712 3567 5766 viro
3591 5712 3740 5773 inte-

2174 5804 2405 5872 gerrimo
2433 5813 2593 5873 atque
2611 5804 3031 5875 sapientissimo,
3049 5805 3242 5862 Achilli
3263 5805 3491 5872 liarlao,
3510 5815 3740 5862 senatus
