4040 6216
503 256 719 297 CLXXXII

1837 239 2339 298 PROLEGOMENA
2350 284 2363 297 .

507 370 588 418 tes
637 370 691 415 et
740 360 1090 417 Cassiodorus
1145 373 1402 429 expresse
1453 360 1671 415 tradunt
1720 377 1854 431 opus
1886 363 2066 416 Basilii
2098 370 2143 424 Α
2172 366 2498 435 scipulorum
2541 379 2701 422 nemo
2722 365 2823 420 hac
2849 365 2901 419 in
2943 372 3097 433 parte
3139 363 3470 433 perficienda
3518 377 3749 432 operam

505 452 876 525 imperfectum
902 465 1041 516 esse,
1070 451 1203 505 adeo
1232 460 1290 505 ut
1330 461 1535 505 tantum
1564 467 1667 505 non
1694 452 1876 507 dicant
1910 452 2065 508 Basi-

506 545 635 600 lium
670 544 804 599 duas
852 543 951 596 has
1001 542 1066 596 de
1104 541 1300 611 quibus
1330 541 1621 613 ambigitur
1657 543 1933 597 orationes
1958 558 2063 597 non

504 633 910 703 conscripsisse.
932 630 1159 701 Expedit
1181 641 1467 699 utrumque
1489 632 1697 687 audire.
1727 628 1823 686 Ille
1858 633 1936 685 sic
1966 632 2064 685 ba-

502 731 594 783 bet
647 726 740 780 lib.
770 739 846 791 ιν,
889 737 941 779 c.
983 720 1054 775 26
1086 737 1100 776 :
1134 720 1431 793 Γρηγόριος
1483 722 1540 775 δὲ
1593 722 1654 774 τὸ
1685 718 2065 776 διδασκαλικὸν

502 819 596 872 τοῦ
631 817 788 885 λόγου
821 813 1162 888 [ἐζήλωσεν]
1183 831 1196 844 ·
1232 814 1290 878 ὃς
1311 814 1404 868 καὶ
1431 813 1528 884 τὴν
1558 814 1873 885 ποιηθεῖσαν
1899 814 2064 869 Βασι-

498 908 631 978 λείῳ
677 905 1035 976 Ἐξαήμερον,
1081 904 1177 958 ἆτε
1217 904 1275 957 δὲ
1316 903 1792 974 καταλειφθεῖσαν,
1830 922 2067 978 προσαν-

501 998 786 1070 επλήρωσε
841 996 977 1068 μετὰ
1022 995 1249 1051 θάνατον
1292 995 1385 1050 τοῦ
1438 997 1690 1067 ἀδελφοῦ.
1724 1017 1743 1049 ι
1773 998 2068 1069 Gregorius

501 1107 630 1148 vero
663 1088 944 1157 aemulatus
971 1097 1055 1145 est
1081 1088 1267 1146 Basilii
1307 1089 1360 1144 in
1402 1091 1643 1146 docendo
1677 1091 2063 1160 eloquentiam,

502 1182 592 1250 qui
622 1189 677 1236 et
711 1180 907 1234 librum
945 1176 1133 1234 Basilii
1161 1178 1229 1233 de
1252 1191 1437 1247 .Opere
1474 1192 1568 1233 sex
1620 1178 1851 1245 dierum,
1903 1192 2063 1246 quem

500 1274 593 1329 ille
650 1269 1030 1342 imperfectum
1081 1268 1397 1339 reliquerat,
1450 1278 1572 1339 post
1617 1270 1824 1325 obitum
1881 1267 2065 1322 fratris

500 1363 789 1434 supplevit.
812 1381 832 1416 ι
851 1361 951 1418 Hic
979 1375 1110 1416 vero
1134 1361 1214 1416 sic
1239 1360 1476 1430 loquitur
1508 1360 1602 1415 lib.
1628 1359 1708 1414 De
1737 1359 2066 1415 institutione

500 1453 608 1507 diu.
633 1453 740 1519 ιιι..
772 1466 891 1522 cap.
927 1451 955 1505 1
990 1467 1004 1505 :
1040 1468 1061 1504 ι
1095 1449 1195 1518 Qui
1228 1448 1501 1520 (Basilius)
1525 1463 1695 1518 usque
1726 1449 1792 1504 ad
1832 1448 2064 1503 hominis

496 1543 863 1600 conditionem
901 1556 1098 1598 novem
1140 1540 1309 1597 libros
1332 1541 1559 1596 tetendit
1596 1539 1728 1594 :ubi
1768 1549 1823 1595 et
1851 1539 1973 1594 coeli
2011 1548 2065 1594 et

501 1647 662 1692 terrae
690 1643 962 1702 naturam,
992 1633 1135 1688 aeris
1173 1641 1227 1687 et
1273 1647 1537 1702 aquarum
1569 1631 1653 1687 vel
1689 1640 2058 1686 creaturarum

496 1742 636 1798 pene
658 1727 896 1782 omnium
944 1725 1233 1796 qualitates
1274 1725 1506 1794 aperuit.
1546 1743 1566 1776 ι
1609 1723 1845 1779 Basilius
1895 1724 2062 1792 igitur

497 1835 566 1875 ex
592 1819 783 1874 horum
828 1828 1110 1873 auctorum
1137 1818 1429 1883 sententia,
1454 1832 1590 1887 opus
1615 1832 1770 1872 suum
1804 1833 1911 1872 non
1941 1832 2062 1887 per-

496 1909 648 1965 duxit
670 1908 739 1965 ad
764 1907 1075 1965 umbilicum
1104 1927 1117 1963 :
1146 1910 1240 1965 sed
1297 1909 1350 1965 id
1401 1908 1782 1980 imperfectum
1820 1909 2060 1976 reliquit.

497 2001 629 2069 Sed,
659 2001 707 2057 si
740 1999 911 2057 semel
934 2001 1261 2067 constiterit,
1298 2009 1359 2055 ut
1385 2014 1453 2055 ex
1482 2001 1641 2056 dictis
1673 2009 1923 2055 constare
1968 2002 2062 2055 de-

494 2093 607 2160 bet,
640 2106 775 2170 opus
803 2090 990 2146 Basilii
1020 2089 1189 2170 fuisse
1219 2091 1628 2160 imperfectum;
1662 2091 1788 2146 inde
1816 2106 1923 2147 non
1957 2092 2052 2146 ob-

494 2195 654 2239 scure
678 2168 1010 2247 efﬁciturhut
1033 2168 1265 2235 Basilius
1296 2194 1470 2251 neque
1494 2181 1562 2236 de
1601 2180 1841 2237 hominis
1869 2180 2061 2236 condi-

497 2277 664 2345 tione,
687 2288 863 2345 neque
890 2277 957 2329 de
980 2272 1096 2343 ejus
1125 2280 1392 2328 structura
1411 2273 1749 2338 disseruerit,
1779 2288 1900 2329 cum
1925 2273 2059 2329 alio-

493 2367 630 2438 quin
655 2364 982 2423 sanctissimi
1035 2364 1214 2420 Patris
1257 2377 1390 2434 opus
1434 2363 1730 2434 perfectum
1760 2363 1956 2419 fuisset
2004 2372 2060 2419 et

495 2459 748 2515 omnibus
773 2458 885 2514 suis
914 2458 1155 2513 numeris
1185 2471 1249 2513 ac
1291 2457 1536 2528 partibus
1583 2456 1880 2528 expletum.
1919 2455 2054 2511 Nam

492 2552 538 2606 si
568 2549 933 2606 conditionem
965 2546 1199 2605 hominis
1229 2556 1392 2618 atque
1423 2555 1757 2604 structuram
1794 2548 2054 2617 excipias,

494 2642 701 2714 reliqua
738 2642 920 2698 omnia
968 2641 1252 2712 eleganter
1306 2654 1373 2696 ac
1425 2641 1643 2711 copidse
1680 2640 1733 2695 in
1782 2639 2056 2710 prioribus

492 2747 689 2790 novem
725 2730 1064 2789 orationibus
1097 2731 1460 2802 explicantur.
1486 2729 1589 2787 Vix
1626 2731 1789 2803 igitur
1818 2729 2054 2786 dubitari

488 2832 670 2896 potest
694 2822 825 2894 quin
849 2822 1055 2879 decima
1098 2831 1155 2878 et
1200 2822 1484 2877 undecima
1528 2821 1705 2877 oratio
1755 2821 1815 2875 in
1855 2821 2055 2891 spuriis

493 2920 655 2984 atque
712 2911 1003 2968 subdititiis
1048 2912 1308 2981 ponendas
1345 2911 1475 2967 sint.
1524 2909 1659 2966 Nam
1709 2911 1852 2980 quod
1903 2911 2055 2965 aiunt

2167 454 2511 524 impendisset
2543 470 2718 517 suam,
2751 454 3024 508 habuisset
3059 466 3239 506 causa
3265 450 3510 505 nonnihil
3544 451 3753 504 adver-

2165 561 2257 601 sus
2315 546 2570 602 eximiam
2615 545 2718 600 viri
2770 545 2995 616 gloriam
3045 542 3495 612 reprehensorum
3548 539 3751 604 libido,

2165 639 2318 707 quasi
2347 638 2439 708 qui
2479 638 2546 693 ad
2590 653 2679 693 res
2706 638 2887 692 animo
2924 635 3257 706 indagandas
3304 634 3579 689 auditores
3612 646 3752 686 suos

2163 725 2549 781 consuefacere
2578 724 2860 779 noluisset.
2892 723 3047 780 Nunc
3073 739 3194 778 cum
3232 737 3295 777 ea
3327 737 3450 786 nos,
3485 738 3604 791 qua:
3639 723 3750 776 de—

2163 824 2308 881 sunt,
2335 816 2669 885 explananda
2693 814 2967 885 suscipere
2996 816 3110 870 ausi
3143 830 3354 878 sumus,
3394 835 3414 867 ι
3447 814 3749 868 ειε.οΝἰ1ιίι

2165 905 2457 974 quidquam
2488 906 2669 962 afferri
2701 922 2860 974 posse
2899 907 3136 961 arbitror
3166 913 3259 959 aut
3303 903 3613 968 dilucidius,
3646 914 3750 957 aut

2165 1000 2496 1070 expressius.
2539 1001 2629 1054 Ait
2661 1001 2806 1054 enim
2856 998 3151 1068 Gregorius
3178 997 3453 1066 suscipere
3485 1011 3544 1050 se
3581 1011 3748 1049 suum

2163 1105 2297 1160 Opus
2329 1092 2395 1144 de
2431 1090 2667 1145 hominis
2713 1099 2906 1145 natura
2936 1099 3097 1158 atque
3151 1088 3489 1152 conditione,
3524 1102 3634 1141 non
3685 1095 3752 1138 ut

2165 1182 2280 1236 fuse
2317 1190 2515 1235 tractet
2540 1196 2659 1250 qua:
2687 1180 3122 1249 compendiosius
3151 1188 3479 1234 tractaverat
3505 1175 3750 1232 Basilius

2163 1276 2304 1342 (qua:
2330 1271 2543 1326 videtur
2563 1286 2683 1326 esse
2712 1271 2894 1337 opinio
2933 1268 3286 1339 Combefisii),
3318 1284 3425 1323 non
3466 1281 3525 1322 ut
3555 1269 3748 1323 absol—

2160 1372 2257 1416 vat
2287 1378 2406 1432 quae
2432 1361 2720 1416 inclinarat
2760 1360 2994 1416 Basilius
3036 1379 3051 1416 :
3098 1361 3190 1416 sed
3222 1361 3423 1415 idcirco
3451 1361 3651 1415 addere
3682 1376 3749 1414 se

2162 1454 2292 1508 dicit
2313 1468 2376 1508 ea
2405 1467 2525 1521 qua:
2555 1451 2621 1506 ad
2650 1452 2922 1507 hominem
2953 1452 3207 1517 attinent,
3270 1452 3412 1521 quod
3446 1470 3465 1503 ι
3500 1452 3748 1507 hominis

2162 1544 2526 1599 consideratio
2564 1565 2588 1591 ι
2625 1545 2676 1596 in
2727 1542 2907 1598 Basilii
2946 1557 3112 1613 opere
3142 1561 3162 1595 ι
3202 1543 3360 1599 desit.
3405 1562 3423 1594 ι
3449 1543 3656 1598 Possim
3683 1553 3748 1597 et

2163 1634 2305 1688 aliud
2337 1633 2699 1688 testimonium
2731 1632 2975 1702 proferre
3005 1647 3074 1688 ex
3101 1634 3288 1690 eodem
3323 1633 3606 1703 Gregorio,
3638 1637 3740 1703 qui

2094 1705 2135 1763 Β
2166 1728 2268 1779 hoc
2317 1724 2457 1780 idem
2512 1724 2608 1779 lib.
2657 1724 2734 1778 De
2767 1724 2977 1793 opiﬁcio
3007 1725 3252 1791 hominis,
3283 1740 3405 1797 pag.
3450 1726 3541 1789 43,
3576 1740 3745 1795 aper-

2166 1816 2374 1872 tissime
2401 1815 2691 1871 comirmat
2721 1831 2737 1870 :
2774 1816 2868 1871 sed
2906 1817 2988 1872 his
3019 1816 3220 1871 diutius
3267 1817 3546 1871 immorari
3594 1817 3741 1872 nihil

2163 1922 2390 1963 necesse
2415 1916 2519 1974 est,
2555 1922 2677 1963 cum
2708 1908 2752 1962 si
2795 1907 2926 1962 nihil
2949 1906 3115 1972 aliud,
3152 1908 3328 1976 ipsum
3360 1917 3510 1963 certe
3536 1907 3745 1961 dictio-

2163 2000 2248 2054 nis
2281 2012 2450 2070 genus
2471 1999 2605 2055 duas
2646 2000 2747 2054 has
2779 1997 3150 2054 oratiunculas
3174 1998 3385 2068 spurius
3422 2006 3588 2068 atque
3607 2014 3742 2067 sup-

2160 2087 2432 2155 posititias
2466 2101 2588 2141 esse
2623 2097 2808 2156 aperte
2834 2086 3163 2141 ostenderet.

2231 2179 2319 2232 16.
2349 2177 2415 2232 Et
2431 2178 2646 2247 quidem
2683 2179 2876 2233 adduci
2910 2177 3001 2232 vix
3034 2192 3253 2247 possum
3282 2178 3581 2233 utcredam
3615 2178 3729 2234 hoc

2160 2268 2339 2338 operis
2376 2270 2520 2324 serio
2552 2269 2717 2324 tribui
2771 2283 2929 2339 posse
2968 2285 3166 2340 magno
3210 2269 3284 2325 illi
3336 2268 3557 2326 Basilio.
3592 2270 3736 2326 Nam

2161 2361 2436 2418 scribendi
2472 2361 2616 2417 ratio
2646 2364 2720 2417 ita
2750 2377 2781 2416 a
2815 2360 3092 2418 Basiliana
3113 2361 3362 2430 dissidet,
3391 2372 3450 2417 ut
3472 2378 3593 2418 eam
3620 2364 3737 2418 dis-

2159 2453 2490 2521 crepantiam
2521 2451 2616 2523 qui
2656 2467 2764 2508 non
2794 2453 2963 2518 videt,
3004 2453 3258 2508 caecutire
3292 2455 3513 2507 omnino
3540 2453 3737 2508 videa-
3766 2451 3773 2461 '

2160 2550 2269 2597 tur.
2298 2542 2378 2597 Ad
2411 2541 2656 2613 exempla
2674 2542 2979 2612 veniamus,
3011 2558 3131 2613 quae
3159 2552 3344 2612 petere
3378 2542 3535 2614 juvat
3563 2557 3630 2599 ex
3661 2546 3735 2601 iis

2158 2649 2293 2705 quas
2323 2634 2681 2691 Combefisius
2724 2634 2894 2691 edidit
2936 2635 3296 2701 orationibus,
3339 2650 3463 2691 cum
3515 2636 3660 2706 ipsas
3697 2654 3734 2692 a

2157 2740 2217 2781 se
2245 2727 2486 2795 pristina:
2530 2740 2641 2783 suae
2673 2726 2969 2798 integritati
3013 2727 3288 2782 restitutas
3323 2742 3444 2783 esse
3504 2741 3733 2784 conten-

2156 2816 2270 2870 dat.
2315 2814 2513 2870 Nostro
2569 2829 2721 2870 more
2749 2814 2965 2885 vulgata
2996 2815 3441 2884 interpretatione
3476 2823 3722 2870 utemur.

2156 2904 2249 2960 Sic
2279 2905 2443 2972 igitur
2472 2905 2650 2977 legere
2688 2917 2770 2960 εει
2806 2921 2953 2959 num.
2973 2907 3009 2959 2
3042 2923 3056 2959 :
3092 2905 3344 2961 Θάλασσα
3386 2907 3482 2961 καὶ
3513 2907 3729 2980 πελάγη

491 3002 844 3060 eruditissimi
877 3001 978 3057 viri
1011 2999 1368 3057 Combefisius
1391 3009 1446 3055 et
1473 3000 1731 3070 Dupinus,
1756 3001 1879 3056 ideo
1910 3000 2050 3055 mul-

2162 2996 2389 3069 ἄπειρα,
2427 2996 2523 3050 καὶ
2571 3000 2852 3069 προσταγῇ
2897 2996 3151 3069 παρήχθη
3195 3000 3275 3062 είς
3320 2998 3380 3051 τὸ
3417 2993 3581 3054 εἶναι.
3615 3000 3731 3054 Vox

492 3100 578 3148 tos
601 3092 891 3161 scriptores
915 3088 1165 3159 antiquos
1202 3089 1266 3144 de
1288 3087 1493 3142 decima
1525 3096 1581 3142 et
1613 3088 1897 3142 undecima
1929 3102 2051 3143 ora-

494 3184 640 3238 tione
664 3181 915 3248 tacuisse,
955 3179 1207 3252 quoniam
1253 3193 1497 3235 seorsum
1530 3188 1650 3249 post
1694 3179 1825 3235 alias
1860 3194 2052 3234 novent

491 3276 692 3333 habitas
729 3284 875 3342 sunt,
912 3275 966 3329 id
1020 3273 1238 3345 quidem
1283 3272 1489 3330 faterer
1540 3274 1742 3345 aliquid
1795 3275 2052 3330 momenti

488 3366 711 3433 habere,
738 3365 783 3420 si
815 3364 1177 3420 testimonium
1208 3364 1608 3435 proferrentvel
1632 3365 1786 3418 unius
1828 3364 2053 3434 scripto-

486 3458 570 3513 ris
607 3456 839 3528 antiqui,
868 3455 960 3526 qui
992 3469 1052 3512 se
1091 3456 1191 3511 has
1237 3456 1372 3511 duas
1411 3455 1736 3525 posteriores
1765 3457 2052 3512 conciones

480 3548 693 3604 vidisse
723 3555 1056 3602 testaretur:
1104 3546 1197 3603 sed
1254 3561 1376 3602 cum
1425 3546 1560 3601 nihil
1591 3546 1696 3600 tale
1720 3547 2047 3615 proferatur,

489 3639 758 3712 ejusmodi
781 3628 1043 3693 rationem
1071 3637 1304 3709 probare
1342 3637 1489 3693 nullo
1513 3637 1672 3692 modo
1705 3652 1946 3707 possum.
1990 3674 1993 3677 -

560 3730 652 3787 15.
695 3729 777 3785 Ad
813 3729 1153 3799 propositum
1218 3742 1315 3783 nos
1364 3727 1685 3784 referamus.
1726 3727 1839 3781 Etsi
1888 3727 2053 3796 igitur

478 3821 824 3892 argumentis
852 3820 917 3875 iis
949 3834 1069 3889 quas
1103 3820 1373 3875 ducuntur
1403 3833 1468 3872 ex
1504 3818 1828 3873 auctoritate
1855 3817 2050 3873 Hiero-

488 3911 659 3982 nymi,
685 3908 948 3975 Socratis,
1001 3907 1270 3963 Eustathii
1318 3916 1373 3962 et
1416 3906 1749 3973 Cassiodori,
1792 3908 1923 3963 insit
1968 3909 2051 3964 vis

474 3999 744 4063 maxima,
798 4009 975 4052 tamen
1024 3998 1164 4053 levia
1205 3997 1376 4052 videri
1428 4008 1676 4067 possunt,
1728 3999 1773 4053 si
1821 4014 1944 4053 cum
1986 4014 2051 4054 eo

476 4093 805 4156 argumento
843 4085 987 4154 quod
1037 4099 1106 4140 ex
1158 4086 1481 4141 auctoritate
1527 4086 1773 4157 Gregorii
1816 4087 2048 4166 .‘iysseni

486 4176 745 4246 petimus,
764 4183 1164 4245 comparentur.
1212 4176 1424 4231 Etenim
1469 4178 1614 4232 clare
1644 4188 1699 4232 et
1741 4179 1941 4234 diserte
1975 4181 2052 4234 ait

476 4266 798 4338 Gregorius,
839 4275 1046 4335 partem
1080 4281 1198 4322 eam
1222 4282 1345 4337 quas
1382 4269 1450 4322 ad
1491 4269 1725 4323 hominis
1772 4269 2048 4338 opificium

2155 3087 2373 3156 quidem
2409 3087 2739 3161 πρόσταγμα
2767 3098 2827 3142 ut
2857 3089 2996 3159 apud
3031 3089 3250 3145 idoneos
3281 3089 3519 3160 reliquos
3543 3101 3733 3145 aucto-

2154 3193 2265 3243 res,
2307 3180 2382 3234 ita
2411 3179 2550 3250 apud
2593 3179 2853 3235 Basilium
2903 3180 3104 3235 usitata
3138 3191 3241 3236 est.
3299 3179 3404 3237 Sed
3461 3193 3731 3252 pra-stare

2154 3271 2326 3325 ausim
2354 3285 2537 3325 vocem
2569 3272 2855 3343 προσταγή
2890 3271 2944 3326 in
2974 3271 3171 3328 Basilio
3206 3285 3309 3326 non
3343 3275 3612 3343 reperiri;
3655 3290 3727 3329 an

2154 3359 2462 3415 inveniatur
2489 3361 2543 3415 in
2583 3362 2708 3416 aliis
2744 3363 2902 3418 bona:
2935 3370 3078 3418 notae
3118 3363 3495 3434 scriptoribus,
3528 3379 3723 3430 necne,

2152 3465 2260 3505 non
2291 3449 2595 3521 aﬂirmabo,
2619 3453 2853 3508 dixerim
2890 3463 3069 3509 tamen
3101 3456 3153 3509 in
3196 3455 3534 3525 amplissimo
3573 3456 3726 3511 Hen-

2152 3542 2250 3598 rici
2281 3543 2539 3613 Stephani
2592 3544 2861 3601 Thesauro
2894 3563 3000 3602 non
3053 3546 3178 3618 legi.
3216 3548 3354 3603 Num
3393 3548 3465 3604 6:
3508 3550 3599 3604 Ἐν
3640 3543 3726 3614 οἷς

2152 3632 2313 3696 αὐτὸς
2346 3628 2499 3687 εἶπεν
2524 3633 2582 3701 ἐξ
2614 3635 2852 3703 ὑπογύου
2889 3636 2918 3687 ὁ
2946 3636 3099 3705 Θεός,
3127 3655 3146 3689 ι
3179 3637 3234 3692 1η
3264 3638 3329 3693 ii's
3354 3639 3633 3703 nimirum,
3667 3642 3725 3695 in

2151 3724 2347 3792 quibus
2375 3725 2489 3795 ipse
2520 3725 2659 3780 Deus
2687 3728 2929 3794 proxime
2958 3729 3113 3783 dixit.
3151 3747 3171 3780 ι
3207 3728 3308 3785 Vix
3332 3730 3463 3784 mihi
3494 3745 3726 3799 persua-

2152 3816 2263 3870 deri
2295 3818 2492 3887 poterit
2521 3816 2780 3873 Basiliam
2812 3820 2915 3874 hac
2949 3819 3204 3890 loquendi
3231 3822 3461 3883 ratione,
3503 3821 3564 3889 εξ
3591 3822 3721 3877 ὑπο-

2149 3907 2302 3976 γύου,
2329 3924 2562 3979 unquam
2592 3926 2745 3966 usum
2796 3912 2982 3967 fuisse.
3029 3912 3291 3982 Reperias
3338 3915 3534 3983 saepius
3577 3917 3725 3984 apud

2149 3997 2412 4054 Basilium
2460 4001 2564 4056 hoc
2628 4000 2744 4070 ipso
2796 4015 2981 4067 sensu,
3021 4002 3079 4055 ὲν
3137 4004 3250 4066 τοῖς
3289 4002 3520 4057 κατόπιν
3572 3998 3720 4069 εἷπε,

2157 4107 2176 4140 ι
2211 4089 2458 4161 superius
2491 4091 2664 4146 dixit:
2704 4109 2722 4142 ι
2756 4092 2849 4146 sed
2878 4091 3026 4157 illud,
3061 4091 3119 4159 ἐξ
3153 4093 3719 4163 ὑπογύου,ηυ5ψιτιηι,

2148 4182 2360 4250 Opinor,
2393 4183 2656 4237 invenias.
2686 4183 2845 4237 Num.
2870 4184 2903 4240 8
2938 4199 2950 4234 :
2991 4185 3224 4238 Ἔπειτα
3254 4186 3347 4239 καὶ
3387 4187 3420 4256 ή
3456 4185 3724 4257 ιιταρςιιιδεί⁴

2152 4289 2245 4326 σου
2274 4272 2766 4345 συνεπεδαψιλεύθη
2796 4273 3114 4340 ἀπόλαυσις,
3152 4294 3172 4327 ι
3206 4272 3342 4330 Tum
3387 4287 3442 4330 et
3478 4279 3717 4344 paradisi

487 4367 716 4429 spectat,
751 4359 802 4412 in
836 4356 1021 4412 Basilii
1061 4373 1225 4428 opere
1263 4358 1580 4424 desiderari,
1616 4367 1676 4413 ut
1701 4360 1884 4414 mirari
1920 4359 2048 4415 sub-
2081 4373 2125 4427 Ι)
2152 4362 2499 4418 liberalitatis
2534 4363 2751 4419 cumulo
2808 4365 3031 4435 adjectae
3054 4365 3280 4424 deliciae.
3320 4384 3339 4418 ι
3377 4365 3543 4431 Illud,
3599 4384 3724 4421 συν-

472 4440 576 4504 eat
622 4464 653 4503 a
699 4464 967 4518 quoquam
1017 4449 1115 4503 has
1165 4449 1537 4505 oratiunculas
1585 4448 1785 4505 Basilio
1859 4450 2042 4506 tribui.

486 4541 713 4596 Praestat
746 4541 905 4596 verba
933 4539 1180 4611 Gregorii
1198 4541 1531 4604 exscribere,
1557 4556 1679 4611 quae
1706 4541 1751 4594 si
1799 4540 2048 4612 legantur

475 4641 709 4700 attente,
733 4647 794 4686 ea
825 4632 892 4687 de
936 4647 993 4686 re
1028 4647 1131 4687 non
1160 4632 1393 4702 amplius
1440 4633 1827 4688 dubitationem
1885 4633 2045 4687 ullam

484 4722 602 4775 fore
628 4722 967 4777 confidimus.
1002 4721 1100 4778 Sic
1128 4721 1290 4793 igitur
1315 4722 1554 4791 loquitur
1598 4722 1891 4791 Gregorius
1940 4724 2038 4781 lib.

483 4811 563 4865 De
591 4812 813 4865 hominis
838 4812 1065 4880 opiﬁcio,
1093 4826 1215 4882 pag.
1239 4810 1309 4866 45
1334 4829 1347 4866 :
1372 4812 1437 4865 Εί
1466 4812 1574 4884 γὰρ
1607 4813 1904 4884 λειπούσης
1942 4815 2044 4886 τῆς

486 4902 852 4975 Ἕξαημέρου,
875 4903 977 4973 τῆς
1015 4904 1094 4966 είς
1118 4903 1209 4956 τὸν
1243 4901 1527 4975 ἄνθρωπον
1553 4905 1809 4976 θεωρίας,
1856 4906 2046 4976 μηδεὶς

474 4991 590 5045 τῶν
635 4994 1086 5064 μθητευσὰντων
1141 4993 1288 5065 αὑτῷ
1310 4995 1544 5067 σπουδήν
1590 5012 1712 5050 τινα
1766 4997 1902 5068 πρὸς
1944 4999 2044 5067 τὴν

481 5082 575 5137 τοῦ
604 5084 875 5149 λείποντος
905 5085 1290 5157 ἀναπλήρωσιν
1341 5086 1737 5155 εἰσενέγκαιτο·
1787 5089 1942 5159 ἔσχεν
1977 5088 2043 5142 ἂν

481 5173 704 5237 εἰκότως
730 5175 871 5227 κατὰ
899 5175 996 5245 τῆς
1021 5174 1263 5245 μεγάλης
1297 5176 1460 5229 αὐτοῦ
1493 5177 1649 5249 δόξης
1681 5181 1709 5230 ὁ
1739 5177 1927 5248 μῶμος
1952 5176 2043 5230 λα-

479 5264 603 5335 ϐὴν,
641 5264 717 5328 ὡς
746 5265 821 5336 μὴ
853 5263 1200 5336 βουληθέντος
1224 5264 1336 5329 ἕξιν
1355 5267 1476 5320 τινὰ
1504 5269 1895 5340 κατανοητικὴν
1932 5273 2041 5333 τοῖς

480 5355 776 5425 ἀκροαταῖς
804 5355 1219 5427 ἐνεργάσασθαι.
1246 5357 1379 5411 Νυνὶ
1396 5358 1452 5411 δὲ
1474 5358 1615 5412 κατὰ
1639 5358 1867 5429 δύναμιν
1885 5361 1917 5429 ή
1926 5359 2040 5430 μῶν

481 5445 954 5516 ὲπιτολμησάντων
1006 5449 1072 5518 τῇ
1123 5448 1382 5519 ἐξηγήσει
1431 5449 1525 5502 τοῦ
1582 5450 1882 5515 λείποντος,
1929 5461 2035 5506 etc.

486 5553 507 5587 ι
544 5534 675 5589 Nam
717 5551 841 5592 cum
876 5538 930 5591 in
965 5539 1309 5593 enarratione
1339 5554 1561 5609 operum
1611 5556 1730 5610 qua:
1761 5542 1902 5594 Deus
1942 5556 2040 5596 sex

463 5626 670 5697 diebus
697 5626 950 5699 absolvit,
984 5628 1220 5686 hominis
1251 5632 1614 5688 consideratio
1645 5633 1818 5700 desit;
1869 5634 1916 5688 si
1954 5635 2038 5689 di-

2148 4454 2566 4527 επεδαψιλεύθη,
2590 4455 2814 4522 frustra,
2847 4458 2948 4512 uisi
2977 4472 3064 4512 me
3092 4457 3229 4512 fallit
3260 4460 3496 4522 animus,
3527 4460 3579 4512 in
3616 4459 3723 4511 Ba-

2147 4545 2267 4601 silio
2312 4548 2612 4615 quaesieris.
2677 4546 2835 4602 Num.
2868 4548 2936 4602 12
2965 4566 2980 4603 :
3007 4549 3156 4613 Τίςὸ
3178 4552 3243 4621 τῇ
3286 4550 3568 4621 ἀραιότητι
3606 4552 3720 4604 τῶν

2147 4635 2430 4706 στημόνων
2475 4635 2695 4689 ἐκείνων
2741 4635 2967 4703 ξυλίνων
2995 4638 3095 4710 τὴν
3138 4640 3409 4711 ἀναπνοὴν
3439 4641 3519 4711 τῷ
3552 4643 3718 4710 ἐγκε-

2144 4723 2449 4796 κλεισμένῳ
2478 4724 2651 4797 θηρίῳ
2681 4728 3127 4796 παρασκευάσας,
3157 4747 3176 4780 t
3205 4729 3336 4795 Quis
3364 4745 3515 4783 raros
3538 4746 3720 4785 cavere

2124 4815 2335 4885 ligneae
2357 4816 2626 4871 cancellos
2654 4818 2871 4873 inclusa:
2886 4819 3013 4873 ferae
3035 4822 3318 4885 exstruxit,
3342 4835 3445 4887 quo
3477 4822 3717 4886 respira-

2144 4916 2247 4959 ret.
2283 4925 2302 4958 ι
2336 4905 2492 4972 Illud,
2525 4909 2769 4979 στήμων,
2806 4918 2867 4963 ιιι
2892 4909 2961 4964 de
2988 4909 3211 4978 reliquis
3240 4920 3471 4975 taceam,
3502 4925 3532 4963 a
3556 4908 3716 4965 Basi-

2145 4995 2291 5051 liano
2315 4997 2455 5068 slon
2476 4997 2634 5068 longe
2672 4998 2936 5055 dissidere
2967 5000 3226 5055 arbitror.
3253 4999 3389 5054 Nam
3427 5014 3553 5062 vox,
3583 5003 3720 5073 στή-

2146 5104 2281 5159 μων,
2309 5088 2601 5158 impropria
2633 5100 2738 5154 est,
2788 5104 2887 5145 nec
2921 5090 3060 5145 bene
3101 5091 3229 5145 huic
3268 5092 3385 5147 loco
3432 5096 3714 5147 convenit.

2144 5179 2431 5250 Significat
2482 5181 2697 5250 quidem
2734 5181 2953 5247 usitate,
2996 5199 3016 5232 ι
3056 5190 3288 5249 stamen,
3339 5202 3358 5235 ι
3396 5194 3490 5237 aut
3537 5202 3556 5235 ι
3594 5184 3727 5255 ipsa,

2140 5286 2259 5341 qute
2285 5286 2317 5327 e
2349 5272 2468 5327 colo
2495 5274 2763 5328 ducuntur
2785 5273 2871 5327 fila
2897 5290 2910 5325 :
2956 5291 2976 5325 ι
3005 5276 3097 5328 sed
3122 5275 3261 5343 apud
3295 5290 3429 5344 quos
3458 5285 3717 5330 auctores

2138 5378 2243 5418 vox
2284 5366 2507 5435 στήμων
2546 5364 2813 5434 signiﬁcet
2856 5383 2876 5416 ι
2934 5380 3177 5429 caveam,
3230 5385 3249 5416 ι
3280 5366 3440 5420 velim
3485 5366 3717 5421 dixisset

2140 5453 2519 5510 Gombefisius.
2553 5452 2877 5533 Numero”
2905 5474 2920 5510 :
2944 5457 3134 5528 Μικρᾷ
3163 5456 3502 5529 προσψαύσει
3539 5458 3716 5529 ἐκρά-

2135 5562 2268 5616 τησε
2305 5545 2366 5598 τὸ
2392 5543 2745 5617 ἀεροποροῦν,
2790 5564 2808 5597 ι
2846 5545 2976 5600 Levi
3009 5557 3215 5619 attactu
3246 5563 3342 5616 per
3366 5563 3488 5602 aera
3517 5548 3716 5603 volan-

2141 5645 2244 5691 tem
2296 5637 2559 5693 avieulam
2601 5638 2799 5710 tenuit.
2860 5657 2880 5690 ι
2932 5636 3165 5695 Verbum
3218 5642 3434 5710 quidem
3476 5640 3716 5710 ἀεροπο-
