4040 6216
1459 327 1522 383 D.
1565 325 1713 383 JUL.
1758 323 2088 381 GARNERH
2127 321 2520 380 PREFATIO.

3347 337 3589 382 οιιχιιιι

335 441 451 508 θεῖν
481 439 684 498 citatur
715 455 746 495 e
776 439 979 496 Basilio
1003 441 1055 495 in
1087 439 1352 496 Thesauro
1377 457 1394 495 :
1425 441 1517 497 sed
1541 441 1792 497 existimo
1817 454 1920 495 non

2025 446 2085 491 ut
2121 435 2473 506 prmterierim
2519 449 2638 505 quae
2685 443 2840 490 erant
2895 442 3081 488 uolatu
3112 434 3378 506 digniora,
3428 449 3595 492 anno-

338 534 437 587 nisi
470 532 523 590 iu
546 533 752 600 spuriis
781 535 870 588 his
896 535 1238 588 orationibus
1262 535 1512 604 reperiri.
1539 535 1742 589 Eodem
1763 551 1911 588 num.

335 623 402 676 {4
436 640 449 674 :
489 620 662 674 Κάτω
688 621 747 674 δὲ
785 623 863 674 τὼ
898 626 1048 694 χεῖρε
1077 622 1264 687 αὐτοῦ,
1307 625 1401 677 καὶ
1431 622 1508 676 τὼ
1539 623 1685 686 πόδε,
1710 641 1728 674 ‹
1755 623 1912 677 Humi

335 731 464 766 vero
503 715 625 782 ejus
653 725 708 767 et
731 730 926 770 manus
967 725 1022 768 et
1050 717 1233 783 pedes.
1263 735 1280 767 ι
1323 715 1437 770 Hoc
1474 732 1576 770 non
1609 717 1809 770 dictum
1834 726 1917 770 est

331 824 395 862 ex
432 822 586 861 more
639 805 848 870 Basilii,
899 807 988 876 qui
1025 807 1164 861 duali
1208 807 1284 861 uti
1339 825 1444 862 non
1491 809 1648 875 solet,
1698 821 1918 878 prmter—

331 913 496 966 quam
524 898 670 967 quod
694 899 810 969 ipsa
841 900 1077 954 elocutio
1100 901 1244 953 humi
1280 915 1466 971 repere
1498 903 1726 956 videtur.
1756 902 1912 960 Num.

332 990 400 1043 18
450 1009 463 1043 :
501 991 616 1044 Καὶ
660 992 741 1054 εἰς
795 991 856 1043 τὸ
897 990 1318 1064 ῥωμαλεώτερον
1373 992 1767 1064 ἁποκαθιστᾷν,
1805 1013 1823 1044 ε
1863 1004 1918 1048 et

331 1080 583 1134 membra
625 1082 677 1135 in
712 1083 1072 1138 robustiorem
1109 1093 1309 1139 statum
1354 1069 1669 1156 perducere.
1703 1105 1721 1137 ι
1758 1086 1918 1153 Quis-

331 1172 459 1240 quis
504 1171 691 1227 Basilii
726 1177 972 1246 apprime
1016 1178 1294 1233 studiosus
1343 1188 1446 1240 est,
1497 1180 1720 1249 ejusque
1750 1181 1917 1236 libros

333 1265 762 1333 diligentissime
792 1278 956 1338 atque
993 1270 1364 1326 assiduissime
1402 1272 1688 1337 lectitavit,
1730 1288 1916 1328 vocem

332 1355 773 1428 ρωμαλεὼτερος
795 1357 1120 1415 Basilianam
1148 1377 1256 1416 non
1283 1377 1404 1417 esse
1424 1362 1571 1417 nullo
1587 1363 1798 1433 negotio
1841 1364 1919 1416 fa-

332 1447 562 1502 tebitur.
601 1449 760 1506 Num.
797 1452 862 1505 19
899 1465 914 1505 :
949 1454 1155 1506 Οὐκοῦν
1189 1456 1457 1522 ἀναγκαῖα
1491 1457 1584 1510 καὶ
1611 1457 1777 1527 ἄμφω
1825 1459 1918 1512 καὶ

336 1534 762 1614 ἰδιοσήμαντρα,
803 1559 822 1592 ‹
875 1541 1057 1612 Itaque
1101 1550 1406 1602 necessaria
1455 1552 1613 1604 ambo
1667 1565 1814 1615 sunt,
1855 1569 1919 1608 ac

331 1628 607 1698 cujusque
669 1635 947 1702 proprium
1004 1638 1387 1705 signiﬁcatum.
1447 1661 1466 1694 ι
1519 1642 1668 1710 lllud,
1723 1645 1920 1717 ἰδιοση-

333 1736 582 1792 μαντρα,
621 1723 837 1780 barbari
870 1727 1072 1798 aliquid
1117 1739 1173 1785 et
1208 1733 1413 1790 horridi
1445 1751 1554 1804 pra:
1593 1752 1653 1792 se
1701 1737 1830 1802 fert,
1865 1749 1919 1793 et

2022 528 2183 581 tarim
2239 528 2465 581 leviora.
2503 527 2575 584 Ut
2622 537 2680 579 ut
2733 528 2847 581 haec
2880 537 3023 593 sunt,
3085 528 3421 583 arbitramur
3473 545 3595 599 quas

2023 619 2347 689 protulimus
2401 620 2642 689 exempla
2675 621 2917 676 sulliccre
2947 636 3106 692 posse
3142 631 3286 677 recte
3333 623 3400 678 de
3435 625 3597 677 rebus

2017 713 2260 782 judicatu
2272 729 2349 766 r0.

2095 805 2181 859 18.
2215 805 2332 860 Jam
2373 806 2440 859 ad
2477 807 2622 874 ipsas
2668 805 2970 859 sententias
3015 806 3160 874 quod
3201 807 3411 872 attinet,
3442 805 3495 860 in
3531 805 3598 860 iis

2024 913 2237 967 quoque
2266 897 2399 950 nihil
2419 896 2749 951 Basilianum
2776 899 3031 953 occurrit.
3070 899 3207 953 Sunt
3237 899 3379 954 inter
3407 911 3466 953 se
3494 897 3597 952 dis-

2025 1002 2181 1051 sutzn,
2225 991 2367 1045 male
2425 991 2782 1055 cohzerentes,
2817 993 2953 1047 nihil
3009 993 3274 1048 habentes
3313 992 3598 1062 exquisita:

2026 1082 2169 1136 illius
2221 1082 2488 1137 facundia:
2534 1093 2696 1152 atque
2738 1085 3078 1150 eruditionis,
3131 1100 3294 1154 quam
3324 1099 3514 1138 omnes
3542 1085 3597 1137 in

2024 1172 2220 1228 Basilio
2245 1174 2529 1227 mirantur.
2559 1173 2668 1229 lmo
2693 1190 2821 1230 vero
2845 1177 3082 1244 reperire
3105 1185 3186 1229 est
3213 1176 3465 1246 ineptias,
3497 1191 3600 1229 nu-

2025 1279 2143 1333 gas,
2181 1277 2506 1328 commenta,
2547 1281 2665 1333 qua;
2691 1270 2798 1320 non
2847 1267 3005 1320 modo
3029 1276 3299 1320 oratorem
3329 1281 3597 1320 summum

2024 1354 2278 1410 Basilium
2312 1358 2629 1423 dedeceant,
2663 1359 2755 1412 sed
2790 1357 2954 1410 alium
2991 1359 3236 1426 quemvis
3271 1357 3597 1425 scriptorem

2025 1462 2133 1501 non
2164 1448 2382 1501 omnino
2413 1448 2762 1502 ineruditum.
2801 1447 2909 1503 Sed
2962 1448 3473 1516 ipsum-audiamus.
3508 1449 3600 1503 Sic

2027 1539 2191 1608 igitur
2223 1539 2412 1592 scribit
2445 1554 2591 1592 num.
2629 1537 2693 1592 18
2722 1557 2736 1592 :
2779 1539 2842 1591 Ἡ
2865 1537 3056 1609 πρώτη
3081 1538 3313 1608 ἑϐδομὰς
3351 1539 3448 1609 τὴν
3477 1558 3604 1593 παι-

2024 1629 2177 1700 δικὴν
2209 1630 2420 1700 ἡλικίαν
2448 1629 2579 1700 ἔχει.
2617 1631 2814 1701 Ὄρους
2837 1631 2934 1702 τῆς
2964 1630 3218 1700 παιδικῆς
3245 1630 3460 1700 ἡλικίας
3499 1649 3604 1701 φα-

2025 1723 2228 1793 νεροῖὴ
2260 1721 2368 1776 τῶν
2399 1721 2626 1773 ὀδόντων
2673 1721 2890 1792 ἐκϐολή.
2949 1723 3012 1774 Οἱ
3059 1722 3157 1792 μὲν
3187 1721 3400 1774 ἔπεσον·
3445 1725 3492 1774 οἱ
3545 1721 3605 1776 δὲ

332 1812 487 1880 quod
510 1828 542 1866 a
569 1813 850 1874 Basiliano
882 1819 1140 1889 loquendi
1185 1825 1395 1881 ratione
1427 1827 1662 1882 maxime
1718 1830 1918 1885 abhor-

2023 1815 2350 1885 ἁνεφύησαν.
2385 1855 2398 1867 .
2435 1853 2450 1868 .
2484 1816 2715 1867 Ἔπεσον
2757 1815 2806 1867 οἱ
2848 1813 3077 1879 ὀδόντες,
3106 1814 3348 1884 ἔγνωμεν
3390 1816 3469 1868 ὅτι
3502 1816 3602 1886 ηὑ-

332 1918 430 1957 rea
439 1913 481 1959 ι.

411 1995 503 2053 l7.
539 1996 660 2052 Jam
697 2000 762 2055 ad
789 2005 1078 2056 secundam
1111 2007 1408 2063 orationem
1435 2025 1804 2080 properemus.
1830 2013 1922 2070 Sic

332 2085 524 2155 legere
558 2100 645 2144 est
675 2108 825 2148 num.
855 2095 890 2147 2
919 2113 933 2149 :
981 2097 1047 2148 Ἢ
1094 2098 1232 2168 αὐτὴ
1267 2139 1280 2152 .
1316 2139 1330 2153 .
1365 2140 1379 2154 .
1413 2142 1426 2155 .
1461 2143 1476 2155 .
1514 2144 1526 2154 .
1573 2104 1780 2176 ὡρίσθη
1815 2124 1921 2175 τῳ-

333 2179 462 2232 τότε
491 2184 691 2254 τροφή,
745 2203 764 2234 ι
796 2185 993 2241 Eadem
1055 2199 1178 2245 tunc
1227 2193 1481 2249 alimonia
1544 2201 1857 2253 constituta.
1897 2221 1916 2252 ι

333 2271 575 2330 Basilius
609 2279 812 2346 passim
843 2281 1030 2337 scribit
1061 2282 1203 2349 τότε,
1237 2301 1530 2356 nunquam,
1567 2292 1668 2345 nisi
1707 2309 1791 2348 me
1824 2294 1926 2348 fal-

334 2360 401 2413 lit
430 2363 670 2428 animus,
703 2367 929 2436 τῳτότε.
963 2369 1073 2424 lmo
1109 2372 1270 2426 etiam
1303 2391 1409 2430 non
1447 2389 1576 2446 puto
1603 2395 1790 2436 vocem
1821 2401 1927 2455 τῳ·

332 2451 466 2505 τότε
494 2457 638 2524 apud
667 2457 834 2513 ullum
870 2461 1067 2516 bonum
1103 2476 1380 2522 auctorem
1407 2484 1635 2539 usquam
1671 2451 1921 2531 inveniri.

333 2541 503 2597 Num.
601 2568 612 2602 :
646 2549 791 2620 Πρὸς
829 2553 985 2619 ἀξίαν
1011 2557 1118 2612 τῶν
1159 2560 1570 2632 ἁμαρτημάτων
1596 2565 1923 2640 ἁντιμέτρη-

345 2653 431 2700 σις
480 2639 579 2693 καὶ
631 2642 1022 2716 ἀντισήκωσις,
1089 2669 1108 2703 ι
1137 2652 1288 2708 Justa
1339 2656 1604 2712 scelerum
1642 2639 1926 2719 retributio

343 2745 611 2800 aequaque
648 2733 805 2791 lance
846 2741 1115 2808 repensio.
1142 2763 1162 2796 ι
1192 2744 1311 2801 Alio
1336 2748 1619 2814 vocabulo,
1653 2765 1760 2805 non
1795 2767 1928 2808 voce

343 2821 737 2892 ἀντισήκωσις,
765 2835 894 2894 puto
921 2845 1140 2886 usurum
1173 2833 1339 2891 fuisse
1359 2837 1632 2893 Basiliam.
1668 2839 1828 2898 Num.
1858 2843 1923 2896 9:

343 2908 432 2978 Τῷ
468 2910 586 2981 ἰδίῳ
614 2913 774 2984 βάρει
800 2916 908 2970 τῶν
941 2919 1352 2992 ἁμαρτημάτων
1379 2927 1747 2999 πεπεδημένοι
1777 2930 1926 2983 κάτω

343 3003 626 3069 πεσόντες,
662 3009 871 3060 κεῖνται
906 3009 1324 3084 δυσσυνείδῃτοι,
1374 3035 1392 3067 ‹
1415 3013 1766 3072 Peccatornm
1803 3035 1926 3084 pro-

345 3093 465 3160 prio
497 3095 740 3164 pondere
785 3103 1059 3170 praepediti
1091 3106 1156 3157 ad
1196 3105 1407 3161 inferna
1458 3109 1921 3177 cadentes,jace-

345 3185 504 3249 bunt,
542 3188 660 3256 ipso
686 3192 1034 3248 conscientia
1072 3195 1380 3263 prtejudicio
1409 3199 1642 3255 confusi.
1685 3221 1704 3253 ι
1751 3201 1922 3268 Quid-

344 3277 428 3331 vis
459 3279 660 3347 potius,
711 3296 871 3349 quam
937 3297 994 3342 ut
1052 3287 1228 3342 fatear
1277 3305 1462 3344 vocem
1521 3291 1920 3363 δυσσυνείδητοι

339 3368 680 3426 Basilianam
707 3387 846 3429 esse.
885 3376 995 3430 luto
1031 3388 1134 3431 tam
1168 3381 1382 3434 insolita
1416 3383 1546 3437 mihi
1581 3385 1792 3438 videtur
1821 3402 1921 3438 vox

337 3461 543 3522 illa,ut
566 3462 725 3519 valde
751 3467 1042 3521 admodum
1073 3469 1311 3524 dubitem
1347 3487 1414 3524 an
1440 3473 1506 3526 ab
1532 3473 1642 3528 ullo
1673 3475 1922 3542 locupleti

338 3562 574 3606 auctore
605 3570 839 3624 unquam
877 3570 1128 3628 usurpata
1173 3561 1264 3614 sit.
1296 3560 1454 3616 Num.
1487 3564 1553 3618 10
1583 3583 1596 3618 :
1628 3567 1920 3638 Συνημμέ-

338 3661 453 3707 νως
482 3647 580 3698 καὶ
611 3647 1056 3720 ἀμεσολαϐήτως,
1111 3670 1129 3702 ι
1161 3652 1349 3722 juncta
1381 3670 1542 3724 opera
1583 3657 1921 3712 immediate-

341 3749 474 3804 que.
517 3756 536 3789 ι
585 3737 788 3808 Legere
838 3757 944 3794 non
1009 3745 1228 3798 memini
1282 3760 1468 3801 vocem
1499 3748 1922 3821 ἁμεσολαϐήτως

341 3841 524 3896 neque
552 3829 603 3882 in
644 3830 862 3895 Basilio,
904 3849 1078 3902 neque
1118 3837 1169 3888 in
1208 3835 1315 3890 alio
1356 3838 1465 3890 ullo
1499 3840 1782 3910 scriptore.
1815 3842 1920 3895 Eo—

344 3917 470 3971 dem
496 3933 647 3973 mnn.
687 3935 791 3974 vox
818 3921 1057 3991 παρευῢό
1084 3923 1284 3992 aliquid
1317 3923 1549 3978 alienum
1583 3938 1758 3981 sonat.
1816 3927 1921 3982 lte-

342 4022 467 4059 rum
514 4009 707 4063 eodem
743 4026 894 4064 num.
941 4011 1030 4078 Ἐξ
1076 4012 1310 4081 ὑπογύου
1342 4014 1483 4084 ἔχεις
1511 4013 1571 4067 τὸ
1625 4017 1923 4088 ὑπόμνημα

340 4100 448 4171 τῆς
486 4102 680 4155 ἑαυτοῦ
709 4104 1110 4171 ταπεινώσεως,
1175 4125 1192 4159 ι
1223 4107 1280 4160 In
1326 4109 1602 4177 procinctu
1635 4119 1716 4163 cst
1746 4109 1924 4162 vilita-

344 4187 419 4242 tis
458 4199 565 4243 tuze
612 4190 1040 4263 abjectionisque
1081 4207 1507 4252 monumentum.
1548 4217 1566 4249 ι
1615 4197 1732 4252 Jam
1770 4208 1924 4254 nota-

341 4283 524 4335 vimus
553 4283 606 4337 in
634 4285 880 4340 oratione
910 4289 1105 4355 prima,
1135 4305 1284 4342 num.
1313 4289 1369 4353 6,
1404 4290 1553 4356 illud,
1573 4291 1630 4357 ἐξ
1660 4291 1920 4361 ὑπογύου,

343 4390 375 4427 a
409 4375 610 4430 Basilio
639 4377 936 4445 profectum
979 4397 1082 4434 non
1132 4382 1318 4435 fuisse.
1351 4382 1513 4436 Num.
1565 4384 1633 4437 12
1687 4385 1764 4438 sic
1794 4385 1924 4453 legi-

342 4480 468 4519 mus
499 4484 512 4518 :
545 4466 669 4518 ΕΞὉε
711 4485 800 4537 μοι
849 4469 1100 4523 τοσοῦτον
1143 4472 1354 4544 σχολῆς,
1415 4471 1553 4527 ὥστε
1586 4476 1920 4529 καταλεπτὸν
1954 4509 1995 4562 D

341 4558 439 4608 καὶ
467 4558 1002 4630 ἀκριϐολογουμένως
1035 4562 1305 4628 ὑποδεῖξαί
1352 4581 1430 4616 σοι
1459 4564 1556 4635 τὴν
1584 4565 1676 4617 τοῦ
1707 4565 1916 4637 ἀνθρώ-

341 4663 449 4700 που
496 4652 881 4722 κατασκευήνῐ
918 4670 935 4700 ι
978 4655 1149 4722 Atque
1170 4657 1374 4708 utinam
1405 4664 1610 4709 tantum
1647 4658 1773 4710 mihi
1797 4673 1921 4725 sup-

343 4749 561 4808 peteret
600 4743 720 4806 otii,
761 4753 815 4796 ut
847 4745 1026 4800 subtili
1060 4757 1114 4800 et
1143 4756 1394 4801 accurata
1426 4740 1790 4816 disputatione
1823 4752 1919 4803 ho-

346 4830 512 4884 minis
529 4831 717 4886 liceret
740 4832 1051 4890 facultatem
1072 4837 1508 4892 submonstrare!
1537 4858 1555 4889 ι
1571 4837 1738 4894 Voces
1759 4857 1920 4892 κατα-

341 4923 540 4975 λεπτὺν
589 4925 683 4977 καὶ
732 4926 1268 4999 ἀκριϐολογουμένως
1320 4945 1425 4983 non
1453 4930 1699 4984 videntur
1736 4931 1918 4985 Basilii

342 5029 484 5070 esse.
518 5014 678 5071 Num.
715 5018 783 5071 14
831 5038 846 5075 :
903 5019 1092 5074 Ὁπότε
1151 5023 1246 5075 καὶ
1298 5024 1640 5095 ἰσχυρότερος
1686 5025 1915 5092 γίνεται,

341 5107 521 5162 εἶτουν
544 5111 946 5184 ἐνεργέστερος,
1011 5132 1030 5164 (
1065 5112 1230 5183 Cujus
1259 5116 1465 5171 scilicet
1523 5116 1695 5185 major
1749 5119 1827 5173 vis
1859 5133 1921 5172 ac

341 5199 610 5257 eﬂicacior
632 5205 725 5258 sit.
756 5223 776 5256 ›
809 5206 1034 5260 Etnum.
1070 5207 1134 5261 Π
1163 5209 1304 5262 εΚαὶ
1323 5207 1544 5281 Θριγγὸν
1575 5212 1710 5282 αὐτῇ
1741 5211 1919 5265 τοιοῦ-

341 5307 433 5344 τον
459 5294 796 5365 περιϐαλεῖν,
837 5314 856 5346 ‹
896 5298 1362 5370 Circumjectaque
1417 5305 1753 5358 communire
1793 5321 1915 5358 ma-

341 5386 508 5440 ceria.
533 5406 552 5437 ι
583 5386 736 5452 lllud,
774 5391 974 5454 εἵτουν,
1005 5405 1034 5443 a
1063 5389 1280 5455 Basilio,
1303 5394 1442 5462 quod
1475 5394 1690 5462 quidem
1725 5397 1916 5461 sciam,

341 5477 582 5534 adhiberi
630 5495 736 5534 non
776 5481 932 5535 solet.
983 5481 1094 5535 Vox
1135 5497 1294 5548 vero,
1350 5483 1595 5556 Οριγγός,
1632 5502 1738 5542 non
1785 5489 1917 5542 nihil

341 5570 552 5625 videtur
572 5573 839 5629 exhibere
866 5575 1290 5643 peregrinitatis,
1310 5577 1454 5646 quod
1487 5592 1516 5630 a
1555 5594 1703 5633 more
1733 5577 1914 5635 Basilii

331 5662 496 5733 ‘longe
524 5669 762 5732 positum
791 5667 883 5720 sit.
926 5665 1114 5721 Timeo
1139 5683 1205 5722 ne
1239 5667 1293 5721 in
1339 5669 1421 5722 his
1447 5669 1760 5739 colligendis
1791 5688 1916 5728 eve-

344 5757 482 5812 nerit
501 5759 631 5816 mihi
663 5761 808 5830 quod
838 5757 954 5817 fere
978 5759 1249 5817 similibus
1278 5761 1329 5816 in
1361 5761 1577 5818 casibus
1615 5779 1710 5820 usu
1745 5767 1912 5834 venit,

2025 1905 2159 1978 ξήθη
2189 1908 2342 1960 τόσον
2388 1907 2601 1979 μέτρον.
2629 1907 2850 1978 Τριετὲς
2878 1907 2939 1960 τὸ
2969 1907 3178 1961 παιδίον
3224 1907 3525 1980 ἐμέτρησεν
3572 1910 3602 1962 ὁ

2026 2002 2226 2072 πατὴρ.
2251 1996 2406 2052 Οἶδεν
2431 2002 2512 2054 ὅτι
2557 2000 2616 2052 τὸ
2658 1999 2937 2052 διπλάσιον
2971 1999 3159 2051 τούτου
3214 1999 3441 2069 μέγεθος
3465 2000 3600 2052 ἀπο-

2024 2093 2252 2162 λήψεται
2278 2093 2333 2145 ὲν
2363 2095 2430 2162 τῇ
2459 2091 2754 2144 τελειώσει.
2786 2093 2946 2155 Ὅσος
2977 2091 3083 2163 γὰρ
3115 2094 3170 2144 ἐν
3194 2095 3259 2162 τῇ
3292 2091 3500 2162 τριετίᾳ.
3521 2091 3600 2162 τῷ

2029 2185 2191 2255 μήκει
2225 2184 2252 2235 ό
2301 2181 2586 2254 ἄνθρωπος
2636 2183 2906 2250 φαίνεται,
2955 2182 3036 2244 δὶς
3067 2182 3316 2233 τοσοῦτον
3362 2181 3512 2233 ἔσται
3541 2183 3602 2234 ὲν

2025 2278 2091 2345 τῇ
2118 2274 2508 2346 συμπληρώσει
2531 2275 2629 2344 τῆς
2663 2274 2964 2344 αὐξήσεως.
2999 2271 3169 2326 Τοῦτο
3188 2271 3249 2324 τὺ
3283 2272 3478 2344 μέτρον
3504 2273 3601 2342 τῆς

2027 2366 2372 2438 ἀνθρωπίνης
2419 2367 2632 2435 φύσεως
2664 2369 2823 2438 μέχρι
2863 2366 3118 2438 πέρατος.
3180 2384 3199 2418 ι
3235 2365 3472 2420 Primum
3517 2382 3605 2420 se-

2027 2461 2306 2530 ptennium
2380 2460 2681 2514 infantilem
2743 2469 2960 2514 aetatem
3022 2461 3282 2514 continet.
3340 2459 3604 2514 lufantilis

2031 2550 2169 2604 lines
2200 2551 2378 2604 anatis
2417 2549 2730 2603 manifestat
2764 2551 3004 2604 dentium
3028 2551 3261 2617 eruptio,
3291 2565 3413 2604 cum
3445 2551 3496 2605 iu
3524 2554 3605 2604 lo-

2027 2657 2151 2697 cum
2193 2657 2380 2698 eorum
2440 2643 2528 2712 qui
2584 2641 2915 2707 ceciderunt,
2954 2641 3047 2694 alii
3079 2641 3282 2696 fuerint
3311 2643 3456 2696 enati
3488 2681 3499 2695 .
3533 2680 3550 2696 .
3583 2679 3602 2695 .

2030 2734 2229 2789 Dentes
2285 2733 2607 2788 ceciderunt
2641 2749 2655 2787 :
2688 2733 2890 2787 scimus
2939 2740 3146 2785 tantum
3205 2733 3476 2801 augmenti
3511 2749 3604 2789 ac-

2028 2826 2283 2880 cessisse.
2315 2824 2607 2878 Triennem
2634 2823 2896 2877 infantem
2927 2821 3215 2876 admensus
3245 2831 3328 2876 est
3360 2837 3555 2892 parens
3581 2840 3601 2890 ;

2029 2916 2176 2970 novit
2207 2916 2341 2981 fore,
2371 2925 2430 2970 ut
2454 2914 2613 2982 duplo
2638 2913 2895 2981 majorem
2927 2914 3029 2967 hac
3071 2913 3426 2982 quantitatem
3457 2914 3600 2968 reci-

2029 3006 2160 3075 piat,
2183 3021 2304 3060 cum
2335 3006 2499 3060 fuerit
2522 3005 2697 3059 anatis
2727 3004 2997 3072 perfectae.
3027 3041 3042 3056 .
3077 3044 3090 3057 .
3127 3043 3141 3056 .
3175 3045 3188 3059 .
3225 3003 3434 3070 Quanta
3456 3004 3601 3058 enim

2029 3098 2262 3152 triennis
2294 3097 2470 3152 (etatis
2502 3105 2707 3151 statura
2743 3095 2979 3150 hominis
3028 3096 3242 3161 visitur,
3304 3095 3465 3165 duplo
3498 3111 3597 3149 au-

1951 3167 1993 3224 C
2027 3188 2168 3244 ctior
2191 3189 2297 3244 erit
2327 3203 2446 3244 cum
2471 3186 2582 3256 jam
2623 3196 2969 3258 augmentum
3005 3187 3324 3255 expleverit.
3361 3187 3460 3242 llic
3497 3189 3601 3242 hu-

2029 3297 2200 3336 manae
2231 3282 2420 3334 modus
2449 3289 2653 3334 naturae.
2705 3289 2821 3343 est,
2857 3279 2910 3332 in
2946 3279 3106 3332 ﬁnem
3160 3294 3352 3348 usque.
3397 3299 3416 3332 ι
3461 3279 3601 3346 Quid

2027 3382 2127 3434 est,
2160 3387 2358 3441 quaeso,
2399 3371 2646 3441 ineptire,
2701 3372 2746 3426 si
2782 3371 2884 3426 hoc
2911 3387 3014 3424 non
3057 3371 3178 3425 est?
3215 3371 3465 3426 Viderint
3500 3374 3597 3442 qni

2026 3464 2126 3518 has
2147 3463 2514 3517 oratiunculas
2547 3463 2744 3518 Basilio
2769 3464 3031 3529 tribuunt,
3063 3463 3152 3531 qui
3183 3463 3296 3516 fieri
3339 3465 3508 3533 possit
3539 3473 3599 3518 ut

2025 3555 2300 3610 hominem
2339 3556 2719 3625 gravissimum
2753 3558 3126 3624 acerrimoque
3155 3555 3358 3623 judicio
3398 3558 3598 3626 praedi-

2026 3657 2139 3701 tum
2186 3630 2298 3700 non.
2354 3647 2601 3715 puduerit
2630 3649 2700 3700 ita
2746 3647 2956 3716 nugari.
3004 3647 3112 3701 Nos
3138 3647 3329 3701 melius
3379 3650 3445 3707 de
3481 3649 3600 3703 viro

2027 3740 2444 3810 prudentissimo
2477 3739 2674 3793 Basilio
2706 3756 2918 3810 semper
2945 3739 3394 3802 existimabimus,
3429 3755 3593 3808 quam

2028 3843 2228 3884 uteum
2268 3831 2528 3898 ejusmodi
2572 3846 2828 3900 nugarum
2877 3842 3149 3883 auctorem
3198 3844 3317 3885 esse
3358 3847 3594 3899 unquam

2026 3931 2294 3990 putemus.
2325 3921 2477 3986 Quod
2510 3921 2756 3988 sequitur
2781 3935 2929 3973 ntnn.
2961 3919 3050 3982 22,
3089 3917 3306 3984 majoris
3333 3923 3593 3974 momenti

2024 4028 2144 4068 esse
2187 4013 2421 4067 fortasse
2459 4013 2745 4068 videbitur.
2779 4031 2798 4063 ι
2822 4010 2939 4066 Vidi
2973 4027 3069 4082 ego
3092 4012 3393 4078 mulierem,
3453 4011 3593 4067 clam

2026 4107 2162 4168 viro,
2195 4120 2313 4174 quae
2346 4120 2472 4158 usus
2503 4105 2718 4158 familia:
2748 4115 2929 4159 essent
2975 4106 3064 4174 pio
3091 4105 3424 4174 salutarique
3450 4105 3595 4161 furto

2026 4198 2435 4261 subduccntem,
2477 4214 2540 4252 ac
2566 4197 2889 4266 pauperibus
2915 4196 3126 4252 occulte
3159 4197 3592 4264 distribuentem,

2025 4288 2360 4357 invitumque
2385 4277 2559 4341 virum
2593 4303 2655 4341 ac
2691 4289 3041 4355 nescientem,
3077 4304 3175 4343 nec
3204 4305 3307 4343 non
3333 4289 3594 4343 domesti-

2025 4394 2116 4434 cos
2148 4379 2660 4434 dcmcrentcm.Pro
2707 4379 2795 4434 illo
2843 4395 3075 4448 namque
3116 4390 3171 4435 et
3209 4379 3426 4435 familiae
3464 4397 3594 4448 aug-

2026 4481 2240 4534 mento,
2301 4481 2655 4538 natorumque
2733 4471 3144 4533 incolumitate,
3206 4473 3593 4527 beneficientia:

2022 4577 2188 4630 Opera
2237 4563 2547 4631 prmstabat.
2573 4583 2590 4614 ι
2649 4561 2956 4634 Nunquam,
3021 4565 3072 4618 ni
3110 4564 3289 4629 fallor,
3324 4565 3589 4636 ejusmodi

2020 4653 2163 4706 furta
2200 4656 2499 4724 generatim
2551 4655 2819 4710 laudasset
2859 4655 3110 4710 Basilius.
3166 4657 3273 4711 Bes
3307 4667 3389 4710 est
3444 4657 3590 4710 enim

2019 4745 2249 4814 periculi
2281 4745 2459 4814 plena,
2492 4745 2797 4815 jurgiisqne
2826 4747 3006 4800 multis
3040 4756 3203 4816 atque
3237 4747 3590 4802 dissensioni-

2020 4839 2120 4894 bus
2151 4839 2406 4900 obnoxia,
2439 4853 2652 4908 quaque
2686 4839 2832 4894 abuti
2864 4840 3178 4895 facillimum
3214 4841 3302 4894 sit.
3333 4841 3591 4896 Laudavit

2022 4945 2150 5002 ergo
2195 4929 2428 4985 Basilius
2459 4933 2738 4987 mulierem
2785 4947 2901 5001 quas
2945 4933 3120 4986 inscio
3166 4933 3359 4986 marito
3396 4933 3588 5001 stipem

2023 5025 2290 5078 modicam
2319 5039 2415 5078 nec
2438 5024 2638 5080 limites
2668 5025 3156 5096 transgredientem
3184 5027 3425 5096 erogavit
3455 5042 3590 5096 pau-

2021 5115 2278 5183 peribus:
2314 5116 2410 5170 sed
2445 5117 2511 5170 ab
2534 5131 2599 5170 eo
2632 5117 3062 5172 commendatam
3094 5117 3258 5173 fuisse
3283 5119 3588 5184 mulierem,

2022 5222 2142 5276 quae
2170 5207 2433 5262 insciente
2477 5208 2726 5277 conjuge,
2778 5209 2892 5275 ipsa
2928 5208 2996 5262 τὰ
3021 5209 3117 5279 τῆς
3151 5210 3327 5274 οἰκίας
3356 5210 3586 5283 χρειώδη

2019 5301 2206 5370 egenis
2239 5299 2430 5368 largita
2461 5301 2552 5364 sit,
2585 5315 2860 5370 nunquam
2910 5300 2964 5354 in
2992 5301 3226 5357 animum
3261 5303 3587 5359 induxerim.

2019 5391 2204 5446 Graeca
2239 5393 2351 5462 ipsa
2387 5405 2660 5461 apponere
2687 5392 2783 5448 abs
2806 5408 2863 5447 re
2885 5409 2991 5447 non
3013 5395 3192 5460 fuerit,
3225 5405 3281 5446 ut
3307 5399 3460 5463 culpa
3480 5410 3588 5451 non

2020 5485 2072 5538 in
2104 5485 2352 5538 Latinum
2403 5485 2772 5552 interpretem,
2835 5485 2928 5540 sed
2969 5487 3020 5539 in
3058 5486 3228 5554 ipsum
3264 5487 3584 5554 scriptorem

2018 5576 2263 5632 Grzecum
2315 5577 2653 5646 conjiciatur.
2705 5576 2828 5633 Haec
2869 5588 3050 5632 autem
3092 5589 3255 5633 sunt:
3293 5577 3444 5632 Εἶδον
3475 5581 3587 5649 ἐγὼ

2018 5673 2270 5740 γυναῖκα,
2296 5669 2470 5742 λάθρα
2499 5669 2591 5723 τοῦ
2624 5671 2834 5743 ἀνδρὸς,
2876 5673 3244 5746 ὑφαιρομένην
3285 5675 3354 5727 τὰ
3376 5675 3476 5746 τῆς
3507 5675 3589 5729 ol-

2018 5765 2141 5828 κίας
2164 5763 2418 5836 χρειώδη,
2449 5764 2666 5851 κλοπὴν¹
2707 5769 2995 5852 ἐπαινετὴν
3027 5771 3120 5824 καὶ
3153 5773 3442 5844 σωτηρίαν,
3493 5767 3588 5828 καὶ
