4040 6216
463 272 710 316 νοωκιιν

1821 261 2355 324 PROLEGOMENA.

476 379 702 451 πένησιν
726 375 865 433 αὐτὰ
890 378 946 431 ὲν
970 394 1048 449 τῳ
1067 375 1310 449 λεληθότι
1339 377 1716 450 διανέμουσαν,
1735 381 1828 433 καὶ
1847 380 2019 435 ἄκοντι

2148 385 2309 454 paqu
2368 386 2617 457 sagacior
2655 399 2774 442 eam
2832 387 2981 445 nullo
3042 389 3257 459 negotio
3291 390 3474 448 videre
3514 404 3721 465 potest.

475 470 571 525 καὶ
599 468 893 539 ἀγνοοῦντα
926 467 1019 520 τὸν
1044 466 1211 539 ἄνδρα
1256 468 1350 522 καὶ
1393 470 1518 533 τοὺς
1556 468 1788 534 οἰκείους
1815 472 2042 543 εὐεργε-

475 560 689 616 τοῦσαν.
736 559 906 630 ’Υπὲρ
934 559 1043 632 γὰρ
1064 558 1292 625 ἐκείνου,
1322 560 1535 631 καὶτῆς
1564 561 1672 615 τῶν
1696 561 1902 617 τέκνων
1929 562 2043 616 δια-

479 653 648 724 μονῆς
678 650 809 723 ἕδρα
842 649 944 721 τὴν
983 650 1249 706 εὐποιίαν.
1280 650 1498 707 Monere
1519 653 1648 707 libet
1676 652 1847 708 videri
1883 653 2045 708 Com-

474 744 722 799 belisium
768 757 880 797 suae
931 755 1107 796 causa:
1156 740 1386 797 diffisum
1447 741 1634 810 fuisse,
1692 753 1853 813 atque
1885 744 2042 813 hujus

474 832 735 889 doctrinas
767 831 1105 886 incommoda
1156 831 1518 900 pertimuisse,
1545 834 1659 902 qui,
1682 842 1742 888 ut
1763 834 2038 904 debuerat,

472 938 582 980 non
628 923 886 989 verterit,
922 922 1228 978 «laudabili
1281 922 1460 991 furto,
1493 942 1512 977 ι
1556 924 1763 997 κλοπὴν
1818 927 2042 980 ἐπαινε-

470 1016 572 1087 τήν
601 1032 616 1069 :
647 1015 742 1071 sed
788 1014 1002 1070 mollius
1043 1014 1289 1082 verterit,
1339 1016 1482 1084 cpio
1510 1015 1672 1072 furto.
1710 1036 1729 1069 ι
1775 1016 2042 1073 Combe“-

471 1106 606 1172 sius,
635 1107 863 1176 opinor,
889 1105 978 1176 pie
1009 1115 1064 1161 et
1091 1106 1322 1178 benigne
1346 1105 1532 1162 Basilii
1563 1107 1645 1162 sui
1671 1106 1837 1163 verba
1868 1108 2038 1163 inter-

471 1206 715 1271 pretatus
741 1207 846 1263 est,
878 1197 1024 1254 illius
1060 1207 1118 1253 ut
1139 1197 1444 1253 doctrinam
1477 1198 1891 1255 tolerabiliorem
1916 1200 2042 1255 red-

473 1291 679 1348 deret:
724 1290 821 1347 sed
876 1289 1019 1346 hanc
1073 1290 1397 1345 excusandae
1449 1289 1713 1347 doctrinae
1773 1292 2039 1348 rationem

467 1396 631 1439 nemo
657 1381 872 1453 sapiens
901 1395 1138 1450 unquam
1163 1381 1499 1450 approbarit.

540 1471 632 1528 19.
665 1470 928 1541 Denique,
947 1470 994 1527 si
1016 1484 1122 1541 qua
1155 1478 1242 1525 est
1266 1469 1589 1539 scriptorum
1606 1486 1765 1526 manu
1791 1471 2037 1527 codicum

470 1562 794 1631 auctoritas,
823 1577 946 1633 qua:
969 1560 1136 1618 multa
1170 1574 1294 1616 esse
1319 1560 1497 1627 debet,
1538 1563 1796 1618 dubitari-
1815 1563 1905 1617 vix
1937 1577 2038 1632 po-

466 1656 594 1710 terit
611 1654 739 1724 quin
759 1653 866 1710 sint
889 1668 988 1724 pro
1003 1654 1201 1725 spuriis
1230 1657 1488 1711 habendae
1506 1656 1588 1710 hae
1610 1657 1730 1710 duae
1743 1656 2034 1710 orationes.

464 1749 677 1805 Etenim
700 1763 822 1805 cum
845 1749 955 1804 sint
978 1749 1031 1804 in
1055 1749 1222 1805 variis
1252 1749 1594 1806 bibliothecis
1617 1749 1832 1804 codices
1856 1748 2032 1815 multi,

465 1841 560 1912 qui
586 1840 950 1897 Hexaemeron
979 1839 1165 1897 Basilii
1190 1842 1504 1910 exhibeant,
1536 1855 1764 1911 quorum
1787 1839 1877 1894 alii
1908 1849 2034 1895 sunt

462 1930 824 1998 membranei,
854 1940 911 1986 et
939 1932 1323 2001 antiquissimi,
1359 1942 1416 1988 et
1474 1933 1691 2003 Optimae
1726 1920 1898 1999 noue;
1942 1931 2032 1986 alii

460 2037 594 2078 vero
621 2022 924 2087 chartacei,
953 2032 1227 2090 recentes,
1278 2032 1334 2078 et
1361 2033 1500 2079 notae
1533 2022 1719 2089 malae;
1753 2024 1805 2077 in
1835 2021 2033 2088 priori-

460 2115 567 2172 bus
593 2115 809 2184 quidem
853 2114 963 2171 illis
1003 2115 1380 2171 desiderantur
1427 2116 1546 2170 dum
1585 2115 1668 2170 ha:
1697 2115 1762 2170 de
1796 2115 2031 2171 hominis

461 2207 685 2278 opificio
723 2206 1081 2262 oratiuncula:
1115 2225 1130 2262 :
1191 2206 1539 2276 reperiuntur
1577 2222 1708 2263 vero
1755 2206 1929 2262 solum
1974 2207 2028 2261 in

457 2296 870 2367 posterioribus.
928 2278 1125 2350 Primae
1195 2295 1386 2351 classis
1435 2304 1562 2352 sunt
1583 2295 1827 2355 :codices
1875 2295 2029 2366 Regii

456 2387 620 2456 1824,
670 2385 836 2454 2549,
887 2385 1051 2454 2892,
1094 2385 1441 2441 Colbertinus
1482 2384 1658 2452 5069,
1710 2383 2027 2441 Coisliniani

453 2484 583 2550 228,
610 2474 740 2549 229,
773 2484 828 2539 in
864 2482 1062 2553 quibus
1097 2481 1351 2537 omnibus
1375 2495 1483 2537 non
1516 2480 1636 2552 plus
1670 2494 1862 2537 novem
1901 2494 2030 2535 con-

454 2578 640 2633 ciones
671 2576 1007 2631 uanciscare.
1055 2573 1137 2628 Ad
1169 2575 1460 2629 secundam
1496 2573 1724 2630 classem
1756 2573 2028 2644 pertinent

455 2668 610 2741 Regii
639 2668 804 2734 2286,
852 2667 1018 2734 2287,
1067 2665 1250 2735 28Ἰ7,
1296 2666 1461 2732 2896,
1500 2655 1630 2732 etc.,
1694 2665 1748 2720 in
1793 2679 2023 2734 quorum

450 2761 729 2818 nonnullis
754 2759 1104 2816 inveniuntur
1129 2757 1344 2828 quidem
1367 2755 1682 2811 adulterium
1703 2754 1806 2808 illa:
1831 2754 2027 2809 oratio-

450 2870 590 2913 nes:
626 2854 722 2911 sed
746 2853 960 2909 codices
992 2861 1102 2907 tam
1136 2859 1385 2905 recentes
1416 2849 1458 2903 si
1483 2863 1604 2907 cum
1633 2846 2026 2917 antiquissimis

449 2959 846 3018 comparemus,
885 2942 1049 2999 dubio
1099 2939 1287 3010 procul
1339 2939 1417 3011 (α)
1456 2937 1617 2993 fidem
1662 2936 1863 2991 nullam
1910 2951 2026 2992 me-

448 3052 660 3098 rentur.
694 3040 807 3096 Nec
832 3038 961 3095 illud
988 3036 1427 3108 praetereundum
1473 3033 1712 3101 silentio,
1738 3033 2019 3089 librarium

449 3148 481 3189 a
510 3129 841 3190 Combelisio
879 3129 1158 3184 laudatum
1209 3126 1343 3181 duas
1388 3126 1487 3180 has
1512 3124 1790 3180 orationes
1816 3122 2019 3180 Basilio

449 3226 691 3281 tribuere
720 3222 861 3279 nolle
893 3240 907 3276 :
947 3220 1043 3277 sed
1078 3234 1193 3275 rem
1227 3219 1282 3274 in
1313 3217 1475 3273 dubio
1500 3216 1827 3286 relinquere.
1862 3215 2018 3284 Quod

447 3324 626 3372 autem
645 3313 808 3370 homo
827 3320 884 3369 et
913 3311 1136 3368 Graecus
1164 3319 1221 3367 et
1245 3308 1496 3365 credulus
1520 3309 1573 3362 in
1596 3307 1775 3363 dubiis
1807 3306 2016 3373 habuit,

443 3407 500 3464 id
528 3406 689 3461 homo
717 3411 983 3460 emunctae
1019 3402 1170 3458 naris
1198 3402 1342 3456 inter
1368 3399 1554 3471 spuria
1590 3413 1854 3470 reponere
1907 3413 2016 3453 non

442 3495 732 3553 dubitabit.
763 3493 942 3562 Quaeri
991 3492 1081 3549 hic
1122 3498 1304 3565 potest
1342 3505 1440 3546 cur
1473 3490 1730 3561 scriptor,
1765 3487 2017 3559 quisquis

441 3598 547 3655 est,
585 3588 686 3644 has
713 3588 990 3644 orationes
1041 3586 1097 3641 in
1135 3584 1319 3641 Basilii
1348 3590 1622 3655 ‘persona,
1673 3597 1777 3638 non
1815 3582 1869 3637 in
1915 3597 2014 3637 sua

439 3679 708 3747 ediderit;
751 3679 1011 3748 itemque,
1040 3690 1137 3731 cur
1163 3676 1266 3732 hac
1290 3674 1500 3732 dicendi
1527 3674 1781 3739 lormula,
1816 3674 1874 3728 ὲν
1898 3674 2015 3738 τοῖς

439 3770 691 3836 κατάξειν,
717 3768 916 3826 Basilio
944 3767 1220 3835 familiari,
1273 3782 1411 3839 pene
1463 3766 1703 3821 dixeram
1728 3765 2010 3835 peculiari,

438 3878 568 3919 usus
601 3862 692 3919 sit.
725 3859 862 3916 Num
888 3860 1163 3930 putandus
1187 3867 1270 3914 est
1300 3858 1352 3912 id
1382 3857 1576 3911 fecisse
1634 3854 1774 3909 malo
1806 3855 2009 3922 animo,

435 3955 627 4012 lectori
650 3963 710 4009 ut
742 3954 1062 4023 imponeret,
1091 3967 1160 4006 an
1212 3950 1390 4020 potius
1419 3950 1583 4014 bono,
1612 3962 1674 4002 se
1696 3957 1757 4002 ut
1784 3960 2011 4021 exerce-

435 4055 540 4112 ret,
571 4043 955 4113 Basiliumque,
995 4042 1173 4113 quoad
1209 4042 1427 4105 licebat,
1462 4037 1806 4094 imitaretur?
1833 4036 2007 4091 Nolim

433 4150 537 4207 ego
563 4135 861 4206 quidquam
902 4134 1109 4189 dictum
1157 4133 1375 4202 gravius
1415 4131 1469 4186 in
1504 4138 1742 4185 veterem
1772 4129 2009 4197 scripto-

432 4243 571 4294 rem,
590 4241 689 4299 pro
709 4226 852 4281 virili
875 4227 942 4282 de
968 4241 1027 4281 re
1052 4224 1314 4280 litteraria
1351 4223 1482 4278 bene
1499 4222 1747 4276 meritum
1773 4237 1789 4286 ;
1821 4221 2003 4290 proin-

2145 474 2305 530 Num.
2334 476 2360 530 1
2392 476 2470 532 sic
2491 476 2687 547 legitur
2710 496 2724 533 :
2752 477 3075 551 Νοήσωμεν,
3097 479 3381 551 ἀκροαταὶ,
3404 482 3561 549 ἀξίαν
3578 484 3723 539 Θεοῦ

2146 567 2394 637 φυτείαν,
2427 586 2447 622 t
2477 570 2561 624 Ad
2589 580 2823 627 mentem
2863 585 3201 640 revocemus,
3246 574 3543 640 auditores,
3570 576 3725 646 ejus-

2144 659 2289 714 modi
2316 659 2742 730 plantationem,
2792 676 2914 732 qum
2934 662 3043 717 Deo
3076 662 3236 732 digna
3260 663 3352 717 sit.
3386 682 3407 716 ι
3442 664 3723 720 Combeti-

2143 746 2282 802 sium
2312 748 2497 804 mirari
2544 751 2678 806 satis
2724 765 2829 806 non
2854 766 3033 821 queo,
3080 753 3171 823 qui
3207 767 3266 808 se
3296 754 3397 809 has
3439 757 3724 811 orationes

2144 837 2346 895 idcirco
2374 849 2430 896 et
2453 841 2681 897 vertisse
2702 851 2756 897 et
2800 843 3036 899 edidisse
3067 845 3164 911 ait,
3195 844 3339 913 quod
3367 860 3458 900 eas
3483 845 3628 901 male
3665 847 3721 900 in

2143 929 2421 1001 impressis
2468 932 2625 989 libris
2677 943 2928 1005 acceptas
2990 946 3267 1003 oporteret
3325 951 3516 992 rursus
3572 938 3723 1007 typis

2143 1022 2388 1077 mandari
2423 1022 2491 1078 ad
2539 1024 2784 1079 codicum
2834 1040 2968 1081 mss.
3000 1026 3158 1082 tidem
3182 1065 3199 1092 ,
3246 1026 3432 1095 sicque
3469 1027 3722 1097 pristina:

2142 1108 2436 1181 integritati
2477 1112 2728 1178 restitui,
2769 1129 2890 1169 cum
2930 1125 3109 1170 tamen
3146 1115 3292 1187 ipsas
3320 1114 3473 1185 pejus
3504 1116 3572 1171 ab
3597 1117 3722 1185 ipso

2142 1203 2313 1273 accipi
2347 1207 2695 1273 perspicuum
2720 1206 2812 1260 sit.
2853 1205 2967 1260 Etsi
3013 1207 3158 1261 enim
3195 1207 3249 1261 in
3273 1208 3444 1263 veteri
3473 1208 3721 1263 editione

2140 1299 2360 1345 exstant
2387 1290 2557 1346 multa
2599 1301 2857 1362 certaque
2893 1291 3147 1348 falsitatis
3186 1304 3524 1364 argumenta,
3558 1295 3716 1365 plura

2143 1390 2320 1436 tamen
2357 1382 2701 1453 certioraque
2756 1386 2809 1439 in
2864 1383 3267 1443 Combelisiaua
3319 1387 3500 1443 inesse
3552 1403 3717 1444 nemo

2140 1472 2332 1527 harum
2368 1487 2551 1528 rerum
2586 1474 2794 1544 peritus
2822 1473 3174 1535 inliciabitur.
3198 1476 3264 1531 Et
3292 1487 3352 1531 ut
3373 1477 3475 1531 alia
3494 1480 3718 1532 omitta-

2141 1580 2281 1628 mus.
2313 1581 2436 1635 qua:
2480 1567 2678 1637 cuique
2712 1568 2765 1620 in
2798 1567 2929 1637 ipsis
2984 1566 3224 1626 fontibus
3252 1568 3434 1640 legere
3477 1568 3710 1634 licebit;

2142 1653 2293 1720 illud,
2324 1656 2614 1727 ἀκροαταί,
2646 1672 2833 1712 verum
2887 1673 3010 1714 esse
3075 1659 3216 1729 quod
3250 1659 3484 1715 dicimus
3523 1670 3714 1730 aperte

2069 1725 2110 1781 Β
2138 1725 2414 1804 ostendit;
2453 1748 2568 1801 Vox
2602 1747 2747 1802 enim
2796 1757 2880 1803 est
2903 1763 3024 1804 cum
3057 1725 3198 1821 apud
3223 1751 3464 1821 reliquos
3493 1725 3711 1817 Patres,

2138 1845 2248 1890 tum
2304 1838 2445 1906 apud
2484 1836 3060 1920 Basiliurdinusitata,
3094 1842 3399 1913 priscisqne
3436 1842 3545 1897 illis
3571 1851 3713 1897 tem-

2132 1929 2353 1997 poribus
2402 1945 2624 1999 prorsus
2677 1931 2952 2000 inaudita,
2997 1949 3118 2002 quae
3180 1950 3287 1990 non
3337 1934 3439 1989 nisi
3493 1937 3713 1989 saeculis

2133 2019 2522 2087 poSIerioribus
2547 2021 2598 2074 in
2624 2036 2724 2075 usu
2750 2036 2870 2076 esse
2888 2024 3074 2094 cmpit.
3100 2023 3336 2079 Numero
3364 2024 3712 2089 eodem,Ka‘t

2129 2107 2426 2179 ἀπ’-αὑτῆς
2476 2108 2838 2178 δηλοποιεῖται
2873 2110 2970 2181 τῆς
3016 2111 3260 2182 Γραφῆς.
3317 2110 3490 2175 Illud,
3551 2109 3713 2182 δηλο-

2130 2201 2400 2263 ποιεῖται,
2451 2200 2894 2270 peregrinitatem
2951 2218 3164 2272 quoque
3216 2204 3378 2274 sapit.
3427 2202 3592 2260 Num.
3621 2204 3707 2260 2:

2139 2291 2507 2362 Ἐρυΐσκοντο,
2547 2294 2641 2347 καὶ
2676 2292 2973 2363 ἀπώλοντο,
3028 2315 3047 2348 t
3074 2296 3383 2352 Dilliuerent
3429 2311 3496 2352 ac
3538 2297 3710 2352 inter-

2127 2382 2286 2439 irent.
2323 2402 2343 2436 ι
2376 2382 2524 2439 lnest
2551 2386 2816 2455 asperitas
2843 2387 3086 2456 quaedam
3121 2388 3175 2443 in
3218 2389 3331 2454 illo,
3359 2389 3706 2461 ἐρυτσκοντο,

2125 2492 2246 2547 quae
2274 2493 2302 2530 a
2328 2476 2600 2533 Basiliana
2653 2480 3089 2549 suaviloqueutia
3138 2481 3293 2552 longe
3322 2482 3476 2537 abest
3508 2500 3524 2537 :
3566 2482 3703 2548 imo,

2124 2580 2185 2623 ut
2217 2571 2348 2625 mihi
2382 2571 2626 2639 videtur,
2658 2572 2816 2627 facile
2839 2587 2945 2626 non
2985 2572 3091 2627 erit
3114 2572 3166 2627 id
3196 2574 3419 2628 verbum
3444 2575 3585 2644 apud
3615 2574 3706 2628 ul-

2123 2660 2234 2715 lum
2256 2662 2520 2718 disertum
2551 2663 2871 2733 scriptorem
2920 2663 3190 2719 invenire.
3225 2664 3384 2719 Num.
3429 2666 3505 2721 7:
3551 2667 3707 2719 Ἐκεῖ

2121 2754 2216 2808 καὶ
2246 2755 2475 2827 ὀρνίθων
2519 2755 2873 2810 παντοδαπῶν
2921 2756 3077 2827 γένη,
3122 2755 3201 2827 τῷ
3242 2774 3302 2810 τε
3329 2755 3438 2810 τῶν
3478 2757 3703 2828 πτερῶν

2099 2846 2272 2902 ’ἄνθει
2310 2848 2406 2902 καὶ
2427 2847 2504 2919 τῷ
2529 2850 2628 2920 τῆς
2655 2849 2838 2920 φωνῆς
2864 2848 3086 2921 λυγηρῷ
3113 2848 3409 2903 ἀπόλαυσιν
3427 2866 3552 2904 τινα
3567 2850 3705 2904 Gau-

2124 2940 2337 3010 μαστὴν
2376 2939 2698 3011 προτιθέντα
2739 2942 2852 3003 τοῖς
2875 2940 3198 3012 ὁρωμένοις,
3227 2959 3246 2993 ι
3269 2940 3344 2995 lbi
3375 2951 3429 2994 et
3449 2941 3700 2995 avicula-

2123 3047 2240 3084 rum
2270 3033 2615 3102 omnigenqu
2648 3047 2868 3101 genera,
2903 3043 3014 3086 tum
3058 3047 3354 3103 pennarum
3381 3031 3535 3097 llore,
3581 3043 3700 3087 tum

2123 3123 2309 3178 nativo
2334 3132 2599 3178 concentu
2642 3132 2804 3193 atque
2831 3126 3035 3194 garritu
3057 3166 3071 3191 ,
3107 3125 3300 3179 miram
3330 3125 3624 3195 quamdam
3665 3139 3695 3178 a

2120 3227 2180 3269 se
2229 3212 2624 3283 iucunditatem
2685 3215 3057 3283 spectantibus
3107 3214 3409 3270 oﬂ‘ereutia.
3453 3233 3474 3269 ι
3532 3216 3700 3270 Putet

2120 3304 2476 3362 Combefisius
2499 3321 2687 3361 vocem
2717 3307 2939 3380 λυγηρῷ
2962 3306 3286 3362 Basilianam
3316 3322 3477 3372 esse;
3507 3308 3561 3362 ei
3590 3323 3696 3379 ego

2119 3409 2399 3465 nunquam
2451 3396 2705 3452 assentiri
2757 3408 2968 3467 potero.
3016 3398 3125 3453 Nec
3155 3398 3556 3469 satisiutelligo
3594 3414 3697 3456 c4:

2117 3486 2296 3558 potius
2341 3488 2422 3543 sic
2459 3488 2844 3560 interpretatus
2887 3491 2978 3557 sit,
3012 3506 3032 3541 ε
3068 3489 3273 3555 nativo,
3314 3507 3333 3541 ι
3387 3504 3553 3560 quam
3581 3490 3695 3547 alia

2117 3580 2309 3648 quovis
2347 3580 2529 3646 modo,
2557 3595 2678 3635 cum
2704 3597 2810 3636 vox
2840 3579 3079 3653 λυγηρός
3108 3581 3327 3635 minime
3351 3583 3594 3635 omnium
3619 3582 3695 3638 avi

2115 3670 2170 3725 id
2195 3670 2607 3741 significandum
2635 3682 2756 3742 apta
2798 3688 2921 3728 esse
2968 3675 3232 3728 videatur.
3274 3672 3534 3742 Reperire
3558 3674 3689 3742 qui-

2114 3763 2238 3818 dem
2265 3772 2348 3818 est
2383 3763 2435 3817 iu
2462 3762 2674 3820 Lexicis
2719 3779 2878 3821 voces
2905 3765 3044 3837 λυγή
3085 3776 3140 3821 et
3166 3765 3408 3835 λυγαῖος,
3449 3781 3626 3836 quaru
3646 3780 3692 3823 ut

2112 3854 2289 3924 prima
2321 3854 2569 3910 redditur
2612 3855 2799 3912 Latine
2833 3876 2853 3909 t
2883 3857 3209 3923 obscuritas,
3248 3876 3266 3909 ι
3307 3857 3476 3910 altera
3529 3874 3550 3908 ι
3584 3859 3691 3911 oi;-

2110 3958 2302 3999 scurus
2333 3962 2347 3999 :
2388 3963 2407 3997 ι
2456 3944 2551 4001 sed
2585 3945 2712 4016 quid
2747 3946 2835 4002 bis
2882 3963 3004 4003 cum
3073 3966 3095 4000 ε
3133 3943 3312 4002 nativo
3338 3966 3356 4000 ι
3395 3962 3689 4003 commune

2109 4049 2235 4091 esse
2260 4037 2452 4105 possit,
2499 4037 2736 4093 viderint
2767 4039 2903 4106 alii;
2946 4040 2997 4095 id
3027 4055 3112 4095 me
3159 4055 3264 4096 non
3302 4041 3485 4094 videre
3537 4038 3685 4095 bona

2109 4126 2216 4184 ﬁde
2250 4126 2443 4184 fateor.
2474 4128 2633 4186 Num.
2694 4130 2764 4184 7:
2813 4132 2955 4185 Ἀλλ’
2983 4132 3083 4186 οὐκ
3128 4135 3193 4186 ὲκ
3221 4133 3319 4204 τῆς
3353 4131 3557 4195 οίκείας
3578 4132 3687 4202 φύ-

2110 4234 2267 4283 σεως,
2299 4221 2475 4274 εῐτουν
2511 4223 2610 4293 τῆς
2636 4224 2828 4294 νοερᾶς
2877 4223 3081 4289 οὐσίας,
3140 4243 3157 4276 t
3189 4224 3337 4280 llaud
3378 4235 3555 4279 tamen
3607 4239 3684 4278 ex

433 4320 607 4390 deque
653 4317 825 4373 satius
855 4316 1021 4371 multo
1052 4328 1174 4370 esse
1216 4316 1351 4370 duco
1384 4327 1496 4367 rem
1527 4312 1582 4366 in
1616 4311 1815 4366 bonam
1840 4325 2002 4380 quam
2106 4324 2203 4365 sua
2229 4311 2344 4380 ipsa
2382 4313 2582 4377 indole,
2610 4316 2662 4370 id
2688 4326 2773 4370 est
2794 4357 2808 4383 ,
2837 4333 2939 4386 qua
2972 4325 3127 4387 parte
3148 4318 3446 4374 substantia
3495 4328 3684 4372 mente

431 4407 487 4464 in
518 4406 711 4462 malam
738 4415 941 4475 partem
968 4405 1237 4474 accipere.

498 4499 590 4557 20.
621 4499 876 4569 Adjungit
905 4496 1266 4553 Comhelisius
1305 4495 1512 4554 duabus
1534 4494 1618 4550 his
1649 4492 2000 4550 oratiunculis

427 4602 485 4650 et
523 4592 736 4648 tertiam
774 4591 851 4645 De
876 4590 1149 4660 paradiso,
1175 4605 1295 4661 quae
1318 4596 1372 4644 et
1400 4588 1514 4658 ipsa
1565 4600 1782 4657 quoque
1811 4585 1880 4640 ab
1914 4598 2003 4639 eo-

426 4684 549 4740 dem
578 4683 722 4738 inter
768 4682 998 4753 genuina
1027 4679 1212 4735 Basilii
1242 4694 1405 4748 opera
1439 4688 1775 4734 recensetur.
1830 4675 1996 4732 Fate-

425 4792 549 4833 mur
573 4776 788 4847 quidem
820 4774 962 4830 hanc
987 4773 1286 4829 orationem
1316 4773 1448 4827 bene
1469 4771 1561 4826 hic
1585 4770 1843 4825 collocari
1880 4778 1998 4823 tan-

425 4881 589 4937 quam
636 4866 691 4921 in
743 4865 958 4937 proprio
997 4864 1151 4920 loco:
1191 4863 1285 4919 sed
1320 4861 1488 4918 fctum
1518 4876 1641 4917 esse
1674 4860 1860 4916 Basilii
1899 4874 1996 4914 ne-

424 4974 633 5033 gamus.
670 4957 907 5030 Negandi
932 4968 1111 5015 autem
1143 4955 1296 5012 nobis
1326 4969 1503 5012 causae
1532 4955 1762 5019 eaedem,
1790 4951 1992 5022 quibus

422 5049 656 5121 permoti
697 5051 906 5121 priores
940 5050 1075 5105 duas
1121 5047 1395 5103 orationes
1421 5043 1624 5100 Basilio
1642 5042 1757 5113 jam
1786 5042 1998 5112 abjudi-

422 5140 687 5205 cavimus,
743 5139 1108 5209 antiquiorum
1152 5137 1449 5215 silentium,
1496 5134 1622 5206 styli
1678 5132 1992 5197 diversitas,

420 5233 665 5289 codicum
692 5247 851 5308 manu
873 5240 1215 5287 exaratorum
1245 5228 1492 5300 penuria.
1512 5225 1769 5282 Tacuisse
1791 5225 1857 5280 de
1889 5225 1991 5278 hac

421 5325 665 5378 oratione
689 5324 942 5393 antiquos
986 5322 1069 5378 vel
1116 5336 1182 5377 ex
1211 5336 1275 5376 eo
1302 5321 1435 5376 satis
1464 5318 1805 5388 intelligitur,
1840 5317 1986 5386 quod

421 5411 657 5465 nondum
688 5426 874 5466 eorum
908 5410 1272 5466 testimonium
1298 5424 1329 5462 a
1367 5422 1635 5479 quoquam
1666 5406 1986 5478 productum

420 5508 515 5559 ιιι.
546 5502 626 5556 Ad
657 5502 778 5571 styli
827 5501 1245 5570 discrepantiam
1293 5499 1441 5571 quod
1484 5500 1703 5567 attinet,
1754 5497 1985 5569 quilibet

485 5676 571 5752 (α)
597 5675 728 5733 Bas.
763 5693 981 5746 recens.,
1014 5688 1053 5733 l.
1083 5680 1129 5741 ι,
1166 5693 1219 5749 p.
1246 5675 1367 5732 558.

2032 4418 2078 4474 ι)
2106 4403 2328 4470 praedita
2357 4413 2460 4460 est.
2505 4423 2525 4457 ι
2579 4403 2698 4461 Jam
2738 4407 2791 4461 in
2816 4409 3060 4464 oratione
3101 4409 3360 4472 secunda,
3396 4424 3546 4462 num.
3585 4408 3681 4468 14,

2107 4497 2419 4553 monuimus
2450 4497 2602 4563 illud,
2633 4499 2834 4566 εἵτουν,
2861 4514 2890 4554 a
2920 4497 3119 4556 Basilio
3146 4515 3251 4555 non
3276 4498 3543 4569 usurpari.
3578 4497 3685 4553 llic

2106 4588 2299 4643 addam
2331 4588 2469 4644 hanc
2501 4603 2686 4646 vocem
2717 4605 2820 4646 non
2848 4591 3088 4647 adhiberi
3115 4605 3329 4662 quoque
3359 4591 3427 4644 ab
3464 4589 3680 4644 idoneis

2104 4683 2419 4737 auctoribus
2458 4684 2557 4749 ita,
2586 4692 2645 4740 ut
2667 4684 2755 4740 hic
2789 4684 3080 4740 adhibetur
3117 4687 3185 4741 ab
3214 4686 3395 4754 ignoto
3417 4685 3506 4739 illo
3535 4685 3682 4740 scri-

2103 4780 2276 4841 ptore.
2311 4771 2408 4825 Est
2438 4774 2585 4828 enim
2615 4814 2631 4839 ,
2689 4784 2748 4828 ut
2786 4775 2959 4840 aiunt,
3001 4775 3193 4831 relatio
3239 4777 3483 4845 quaedam
3532 4776 3684 4829 inter

2104 4879 2267 4921 voces
2295 4866 2478 4922 εῐτουν
2509 4876 2565 4925 e4
2591 4866 2725 4933 εἴτε,
2773 4883 2873 4924 nec
2926 4869 3062 4924 bene
3102 4884 3205 4923 una
3233 4870 3301 4923 ab
3329 4868 3497 4921 altera
3519 4882 3683 4935 sepa-

2104 4966 2276 5024 ratur,
2312 4957 2449 5037 adeo
2478 4967 2557 5023 ut,
2581 4958 2755 5028 inquit
2783 4957 3011 5014 Budaeus
3041 4958 3140 5031 (b),
3179 4961 3354 5013 εῐτουν
3388 4976 3684 5031 προτακτι-

2102 5045 2198 5100 κόν
2226 5047 2296 5100 sit
2340 5048 2439 5103 τοῦ
2477 5050 2609 5107 εἴτε.
2656 5049 2845 5106 Finem
2895 5051 3107 5105 tandem
3166 5051 3249 5105 his
3290 5054 3432 5105 notis
3468 5050 3681 5105 criticis

2101 5134 2465 5203 imponemus,
2514 5139 2560 5193 si
2611 5140 2763 5208 prius
2806 5153 2970 5193 unum
3030 5137 3418 5207 atljecerimus,
3473 5140 3677 5194 harum

2097 5225 2406 5281 orationum
2432 5227 2723 5284 falsitatem
2744 5228 2867 5283 inde
2886 5229 3118 5293 ostendi,
3144 5230 3286 5284 umle
3316 5243 3500 5283 earum
3542 5244 3682 5299 γνη-

2097 5315 2282 5389 σιότης
2309 5319 2543 5374 maxime
2556 5328 2777 5389 putatur
2803 5320 3166 5389 comprobari.
3188 5320 3317 5375 Dico
3350 5320 3677 5374 immensam

2094 5405 2246 5462 illam
2284 5410 2557 5464 variarum
2597 5411 2887 5466 lectionum
2934 5412 3147 5477 silvam,
3176 5427 3282 5480 qua
3335 5409 3587 5481 impressi
3618 5418 3682 5463 et

2097 5499 2452 5571 manuscripti
2479 5500 2601 5557 libri
2632 5502 2861 5560 mirifice
2900 5504 3044 5561 inter
3084 5518 3144 5561 se
3172 5502 3433 5561 dissident
3462 5516 3478 5557 :
3505 5513 3677 5574 quam

2162 5677 2236 5749 (θ)
2273 5677 2407 5735 Bud.
2444 5694 2496 5751 p.
2523 5678 2645 5735 951.
