4040 6216
1433 333 1498 392 D.
1536 333 1682 390 JUL.
1734 333 2063 389 GARNERII
2099 303 2500 389 PRIEFATIOJ

3396 345 3621 387 οικιιτ

368 457 547 505 tamen
574 456 856 518 tantopere
872 448 1051 514 jactat
1074 449 1686 521 Combeiisius,quaeque
1712 452 1762 505 in
1782 466 1941 506 causa
1972 456 2019 512 Α
2045 449 2416 519 accipiendam
2441 460 2561 502 esse
2583 445 2783 516 Moysis
2808 445 3169 502 narrationem
3194 452 3392 502 censet.
3414 444 3608 500 Mirum

363 542 463 594 fuit
491 558 590 596 cur
631 557 726 596 eas
754 544 822 596 de
852 543 1064 613 integro
1095 543 1329 597 edendas
1376 553 1619 600 curaret.
1649 544 1784 599 Nam
1815 559 1938 599 vera

365 632 548 686 Basllii
577 648 743 701 opera
776 649 802 685 a
835 633 986 689 falsis
1038 649 1143 688 non
1190 633 1357 688 semel
1404 635 1458 688 in
1490 649 1554 689 eo
1595 633 1813 689 differre
1842 636 1941 688 ad-

362 724 692 789 notavimus,
723 725 866 793 quod
893 726 980 778 illa
1011 726 1248 790 modice,
1303 725 1418 780 hare
1448 725 1731 780 immodice
1759 724 1942 780 lectio-

360 829 491 866 num
513 814 782 868 varietate
844 814 1143 879 luxurient,
1190 814 1348 885 quasi
1373 813 1591 868 reveriti
1620 814 1833 881 quidem
1858 830 1942 869 es-

353 910 484 982 sent
531 902 741 956 librarii
778 904 1011 973 genuina
1043 917 1204 970 opera
1242 903 1622 956 additamentis
1646 912 1738 957 aut
1762 903 1942 957 detra-

372 994 643 1048 ctionibus
665 996 985 1061 depravare,
1041 994 1174 1048 falsa
1200 1008 1326 1047 vero
1353 994 1454 1047 sibi
1484 993 1645 1048 licere
1667 1003 1943 1064 putassent

374 1099 470 1152 pro
494 1084 765 1137 arbitratu
807 1084 1095 1137 immutare
1118 1123 1133 1148 ,
1176 1084 1470 1153 corrigere,
1529 1092 1603 1150 et,
1633 1093 1692 1137 ut
1721 1085 1939 1149 libebat,

377 1177 708 1229 deformare.
733 1175 899 1246 Cujus
923 1175 1000 1230 rei
1030 1190 1151 1230 cum
1199 1176 1307 1230 sint
1332 1177 1582 1245 deinceps
1624 1177 1942 1245 proferenda

366 1267 614 1337 exempla
646 1268 819 1333 varia,
847 1267 937 1323 hic
970 1266 1242 1321 monuisse
1270 1266 1401 1321 satis
1430 1277 1531 1321 est.

363 1377 392 1447 §
418 1375 477 1431 ll.
501 1379 583 1433 An
616 1394 699 1433 res
728 1393 831 1433 uno
860 1389 1118 1430 momento
1146 1385 1337 1457 creata:
1365 1378 1491 1443 sint,
1520 1392 1590 1430 an
1621 1392 1713 1431 rex
1739 1378 1942 1433 dierum

1052 1456 1244 1514 spatio.

434 1536 521 1589 2!.
558 1535 920 1592 Promisimus
947 1551 1098 1590 num.
1130 1536 1218 1602 l5,
1254 1537 1298 1590 si
1329 1536 1456 1605 quid
1490 1538 1543 1591 in
1577 1538 1812 1607 quolibet
1842 1538 1944 1592 Ba-

353 1622 469 1685 :silii
499 1642 670 1696 opere
709 1635 895 1681 notatu
952 1627 1173 1694 dignum
1224 1627 1521 1693 videretur,
1568 1630 1637 1683 de
1662 1643 1726 1683 eo
1760 1644 1856 1683 nos
1886 1630 1939 1684 in

366 1717 683 1786 przefatione
708 1719 985 1788 aliquanto
1014 1719 1321 1786 diligentius
1358 1718 1749 1788 disputaturos.
1777 1720 1949 1803 Igitur

364 1811 650 1879 promissis
680 1820 739 1864 ut
765 1820 994 1875 stemus,
1029 1810 1306 1876 nonnulla,
1350 1818 1408 1864 ut
1438 1820 1746 1875 occurrent,
1772 1812 1940 1867 adno-

366 1903 620 1956 labimus.
655 1901 825 1957 Nemo
848 1903 1022 1957 nescit
1044 1904 1207 1957 verba
1233 1902 1320 1957 illa
1350 1902 1570 1975 Moysis,
1599 1904 1667 1960 In
1686 1906 1940 1974 principio

365 1997 484 2064 [ει-ξι
513 1996 653 2048 Deus
675 1996 863 2049 caelum
888 2005 937 2050 et
963 2008 1156 2050 terram
1177 1997 1216 2062 ί,
1255 2004 1365 2051 tum
1402 1998 1470 2052 ab
1500 1998 1739 2068 antiquis
1768 2008 1877 2054 tum
1908 2015 1936 2052 a

366 2088 759 2165 recentioribus
807 2090 957 2143 varie
1001 2099 1219 2159 accepta
1271 2104 1411 2145 esse.
1464 2088 1717 2160 Plerique
1754 2106 1941 2147 omnes

366 2178 751 2232 existimarunt
802 2195 911 2244 res,
962 2181 1037 2235 uti
1086 2197 1115 2234 a
1156 2181 1339 2253 Moyse
1374 2191 1689 2247 narrantur,
1720 2182 1940 2238 eli‘ectas

366 2282 503 2332 esse,
535 2279 593 2322 et
632 2270 810 2338 reipsa
858 2285 955 2324 sex
994 2271 1198 2325 dierum
1246 2273 1424 2340 spatio
1467 2272 1639 2327 fuisse
1675 2275 1936 2329 conditas.

366 2359 474 2413 Nec
506 2358 842 2415 ditlitendum
874 2362 986 2431 ipsa
1019 2361 1216 2433 Moysis
1246 2364 1408 2418 verba
1441 2364 1565 2419 huic
1597 2365 1669 2418 illi
1698 2365 1938 2433 opinioni

367 2453 595 2507 multum
627 2453 833 2519 favere,
859 2471 984 2510 cum
1018 2455 1327 2526 singillatim
1358 2466 1522 2526 atque
1551 2458 1742 2511 ordine
1770 2472 1938 2526 expo-

365 2553 526 2598 natur
555 2546 685 2614 quid
714 2546 957 2615 quolibet
980 2547 1068 2603 die
1091 2547 1391 2603 conlectum
1419 2548 1508 2605 sit.
1542 2547 1692 2604 Haud
1722 2549 1941 2606 defuere

369 2646 547 2693 tamen
590 2641 682 2706 qui
719 2640 877 2694 aliter
905 2640 1194 2705 senserint,
1227 2641 1331 2696 rati
1361 2643 1502 2697 hanc
1534 2644 1724 2713 agendi
1772 2643 1941 2698 ratio-

365 2744 489 2782 nem
518 2730 699 2800 opiﬁci
728 2732 1102 2800 potentissimo
1130 2734 1242 2787 Deo
1270 2750 1376 2789 non
1409 2736 1721 2801 convenire,
1768 2736 1859 2804 qui
1889 2735 1935 2790 si

366 2818 443 2873 ita
476 2836 534 2874 se
564 2825 823 2889 gessisset
857 2824 911 2877 in
964 2824 1254 2881 condendis
1286 2826 1466 2892 rebus,
1509 2842 1613 2881 non
1664 2841 1724 2881 ut
1769 2827 1936 2883 Deum

365 2912 545 2975 decet,
589 2912 685 2967 sed
731 2913 1011 2968 hominum
1068 2930 1217 2970 more
1258 2917 1477 2986 egisset.
1523 2916 1670 2971 lnter
1705 2931 1798 2973 eos
1842 2920 1937 2988 qui

365 3003 749 3060 existimavere
780 3021 866 3061 res
896 3007 1055 3062 simul
1084 3023 1185 3061 non
1215 3023 1309 3077 per
1336 3008 1482 3063 vices
1510 3018 1722 3065 creatas
1746 3009 1934 3075 finisse,

2043 555 2149 595 non
2202 548 2286 594 est
2340 540 2393 592 in
2442 553 2561 593 eam
2614 539 2937 593 sententiam
3003 541 3163 593 ivisse
3224 538 3605 609 allegoriarum

2043 632 2472 688 amantissimum
2502 632 2676 686 virum
2704 632 3011 701 Origenem.
3038 632 3204 689 Vetus
3234 634 3322 689 ille
3347 634 3604 702 scriptor,

2041 732 2303 794 quantum
2332 721 2640 790 conjectura
2669 724 2919 792 augurari
2951 722 3100 788 licet,
3127 724 3183 778 in
3212 724 3322 779 suis
3354 724 3409 777 in
3440 720 3610 776 Gene-

2041 818 2140 870 sim
2169 814 2586 870 Commentariis
2614 828 2733 883 qua:
2761 815 3024 869 hactenus
3053 817 3107 869 in
3139 815 3448 875 lucem.non
3484 827 3610 883 pro-

2043 907 2212 973 diere,
2244 920 2307 960 ea
2342 907 2408 961 de
2441 921 2500 961 re
2533 904 2651 960 fuse
2677 905 3067 975 disputaverat.
3095 907 3167 961 Ita
3196 906 3340 961 enim
3370 906 3609 974 loquitur

2042 998 2180 1054 libro
2214 1008 2367 1053 sexto
2394 1006 2576 1052 contra
2606 994 2832 1062 Celsum,
2853 1013 2970 1066 pag.
3008 998 3107 1051 517
3139 1015 3153 1051 :
3185 997 3343 1051 Κατὰ
3367 997 3429 1050 τὸ
3452 996 3609 1050 δυνα-

2042 1088 2135 1142 τὸν
2166 1090 2297 1159 ἡμῖν
2335 1090 2392 1141 ὲν
2424 1090 2537 1152 τοῖς
2564 1088 3066 1159 Πραγματευθείσιν
3105 1090 3193 1155 είς
3215 1089 3329 1157 τὴν
3355 1088 3611 1144 Γένεσιν

2044 1181 2366 1251 εἰρήκαμεν,
2394 1196 2413 1231 ι
2437 1180 2541 1235 Pro
2567 1181 2705 1234 virili
2735 1192 2918 1236 nostra
2950 1190 3107 1251 parte
3135 1180 3225 1254 [de
3252 1197 3430 1237 rerum
3457 1198 3609 1237 crea-

2045 1271 2223 1344 tione]
2269 1272 2501 1327 diximus
2546 1273 2599 1326 in
2642 1271 3056 1329 Commentariis
3095 1275 3151 1329 in
3191 1274 3436 1331 δεηθείη.
3463 1294 3481 1327 ι
3519 1276 3612 1332 Sic

2040 1365 2427 1435 prosequitur:
2456 1366 2567 1419 Καὶ
2608 1367 2666 1418 ὲν
2711 1368 2824 1429 τοῖς
2863 1366 3117 1437 ἀνωτέρω
3154 1366 3211 1419 δὲ
3255 1365 3611 1435 ἐγκαλοῦντες

2040 1458 2156 1519 τοῖς
2186 1454 2327 1508 κατὰ
2352 1455 2450 1525 τὴν
2483 1456 2901 1528 προχειροτέραν
2916 1457 3140 1528 ἐκδοχὴν
3163 1457 3367 1527 φήσασι
3387 1456 3612 1529 χρόνους

2041 1544 2103 1610 ἒξ
2132 1546 2354 1617 ἡμερῶν
2384 1545 2749 1616 διεληλυθέναι
2793 1549 2872 1610 είς
2898 1546 2996 1617 τὴν
3028 1548 3403 1616 κοσμοποιίαν,
3431 1565 3611 1621 παρα-

2039 1635 2303 1706 τιθέμεθα
2327 1636 2577 1705 τὸ,Αὕτη
2605 1637 2645 1704 ἢ
2672 1638 2888 1704 βίϐλος
2912 1637 3201 1708 γενέσεως
3221 1641 3479 1709 οὐρανοῦ
3512 1640 3612 1697 καί

2040 1725 2155 1796 γῆς
2174 1726 2272 1781 ὅτε
2289 1727 2545 1796 ἐγένετο,
2576 1724 2617 1800 ᾖ
2643 1728 2833 1798 ἡμέρᾳ
2855 1731 3144 1798 ἐποίησεν
3164 1733 3197 1785 ὁ
3222 1732 3365 1798 Θεὸς
3384 1732 3492 1786 τὸν
3508 1733 3612 1786 οὐ·

2032 1819 2227 1888 ραν-ὸν
2258 1820 2359 1873 καὶ
2384 1820 2500 1889 τὴν
2522 1819 2656 1891 γῆν.
2688 1840 2707 1873 ί
2739 1821 2878 1888 Quin
2907 1829 2961 1877 et
2993 1822 3045 1876 in
3080 1824 3447 1891 superioribus
3483 1823 3613 1877 dum

2042 1912 2563 1979 reprehenderemus
2598 1926 2691 1968 eos
2722 1914 2811 1982 qui
2843 1913 3136 1968 secundum
3169 1928 3389 1969 sensum
3432 1912 3608 1982 magis

2038 2005 2257 2059 obvium
2290 2004 2442 2058 aiunt
2471 2020 2567 2059 sex
2606 2004 2798 2059 diebus
2833 2004 3135 2059 absolutam
3166 2004 3348 2059 mundi
3375 2005 3611 2059 creatio-

2040 2111 2184 2162 nem,
2219 2094 2515 2163 objccimus
2548 2096 2716 2150 illud:
2745 2095 2847 2149 Hic
2871 2096 3004 2150 liber
3028 2095 3377 2164 generationis
3414 2095 3530 2148 caeli
3561 2103 3610 2149 et

2038 2199 2216 2252 terrm,
2248 2202 2365 2240 cum
2396 2186 2539 2254 facta
2573 2197 2693 2241 sunt
2724 2202 2743 2241 :
2772 2203 2877 2258 qua
2910 2188 2994 2241 die
3030 2186 3151 2257 fecit
3177 2186 3315 2240 Deus
3347 2188 3532 2240 coelum
3560 2194 3610 2238 et

2040 2286 2237 2329 terram
2256 2275 2298 2328 ³.
2319 2292 2337 2326 ι
2376 2274 2557 2330 Facile
2586 2285 2766 2330 autem
2804 2276 3128 2331 crediderim
3158 2275 3469 2346 Origenem,
3505 2272 3611 2328 viri

2038 2369 2181 2437 quod
2206 2377 2325 2422 erat
2357 2368 2409 2421 in
2439 2368 2725 2438 allegorias
2755 2368 3016 2433 studium,
3047 2366 3211 2422 multa
3244 2367 3348 2421 alia
3377 2367 3430 2421 in
3462 2380 3613 2421 eam--

2038 2459 2160 2514 dem
2204 2459 2526 2514 sententiam
2568 2459 2622 2513 in
2674 2460 2786 2513 suis
2828 2459 2982 2514 libris
3031 2459 3388 2529 inspersisse;
3438 2457 3530 2527 qui
3560 2458 3611 2513 si

2037 2559 2317 2605 exstarent
2342 2564 2551 2618 omnes,
2585 2564 2689 2603 non
2714 2549 2901 2603 dubito
2919 2549 3047 2619 quin
3072 2549 3335 2619 permulta
3362 2549 3609 2617 exempla

2037 2640 2285 2711 proferre
2327 2641 2534 2708 liceret,
2566 2643 2759 2710 quibus
2788 2640 2930 2709 quod
2975 2639 3097 2695 dico
3146 2640 3379 2695 miriﬁce
3407 2640 3609 2695 contir-

2038 2743 2282 2787 maretur
2312 2750 2328 2785 :
2359 2732 2453 2787 sed
2482 2748 2605 2787 cum
2638 2746 2823 2787 eorum
2873 2745 2998 2800 pars
3025 2732 3262 2785 maxima
3305 2731 3600 2797 interierit,

2039 2822 2400 2877 testimonium
2430 2821 2643 2876 unicum
2665 2836 2696 2875 e
2723 2820 2999 2875 notissimo
3017 2819 3086 2891 (c)
3107 2820 3224 2875 loco
3251 2820 3448 2873 addere
3469 2820 3603 2872 satis

2039 2912 2270 2966 habebo.
2320 2911 2415 2966 Est
2454 2919 2635 2966 autem
2681 2910 2942 2979 ejusmodi
2974 2927 2989 2965 :
3018 2911 3115 2973 Τίς
3155 2908 3284 2977 γοῦν
3319 2907 3445 2962 νοῦν
3470 2908 3610 2979 ἔχων

2036 3004 2281 3074 οἰήσεται
2318 3002 2541 3075 πρώτην
2587 3002 2682 3056 καὶ
2721 3001 2977 3073 δευτέραν
3017 3002 3112 3055 καὶ
3149 3001 3338 3072 τρίτην
3372 2999 3606 3071 ἡμέραν,

365 3095 577 3159 primus
611 3098 880 3152 recenseri
919 3108 1096 3167 potest
1126 3099 1275 3153 Philo
1303 3098 1404 3171 (α).
1453 3102 1605 3168 cujus
1653 3101 1767 3155 haec
1814 3110 1938 3157 sunt

2042 3094 2278 3164 ἑσπέραν
2308 3112 2368 3147 τε
2407 3095 2502 3149 καὶ
2542 3095 2755 3165 πρωῖαν
2799 3094 2972 3165 χωρὶς
3004 3094 3158 3165 ἡλίου
3188 3091 3486 3162 γεγονέναι,
3515 3095 3609 3144 καὶ

365 3185 531 3237 verba
563 3204 575 3238 :
610 3188 741 3239 Τότε
780 3189 881 3257 μὲν
910 3184 1002 3243 οὖν
1032 3191 1147 3261 ἅμα
1168 3192 1342 3245 πάντα
1365 3193 1667 3247 συνίστατο.
1686 3194 1943 3248 Συνιστα-
1975 3182 2012 3188 ν
2044 3187 2293 3258 σελήνης,
2318 3186 2411 3240 καὶ
2431 3186 2644 3257 ἄστρων
2665 3203 2680 3253 ἰ
2708 3185 2805 3257 τὴν
2825 3186 2881 3239 δὲ
2902 3186 3064 3239 οἱονεὶ
3082 3182 3302 3257 πρώτην
3326 3184 3420 3238 καὶ
3442 3183 3610 3255 χωρὶς

367 3278 550 3345 μένων
600 3280 666 3331 δι’
718 3282 853 3350 ὁμοῦ
900 3283 1135 3345 πάντων,
1184 3287 1217 3355 ἡ
1262 3285 1414 3349 τάξις
1471 3285 1752 3355 ἀναγκαίῳ
1798 3286 1941 3357 λόγῳ

363 3371 738 3441 ὑπεγράφετο,
774 3373 862 3427 διὰ
896 3376 996 3447 τὴν
1027 3376 1287 3446 ἐσομένην
1313 3373 1467 3442 αὖθις
1493 3377 1553 3443 ἐξ
1581 3377 1823 3448 ἀλλήλων
1849 3379 1942 3447 γέ-

364 3478 537 3515 νεσιν-
561 3462 740 3519 «Tunc
773 3467 934 3533 igitur
972 3470 1148 3522 omnia
1188 3469 1350 3524 simul
1395 3478 1521 3524 sunt
1546 3472 1785 3528 condita.
1824 3471 1939 3526 Etsi

365 3563 551 3606 autem
586 3556 763 3608 omnia
796 3557 953 3610 simul
986 3559 1324 3624 constabant,
1355 3562 1488 3615 ordo
1524 3570 1702 3616 tamen
1747 3576 1938 3617 neces-

368 3642 518 3693 sario
558 3641 862 3712 descriptus
886 3658 991 3713 est,
1016 3658 1232 3716 propter
1261 3658 1503 3703 mutuam
1530 3665 1651 3720 quae
1685 3652 1939 3721 deinceps

369 3731 551 3786 futura
588 3743 726 3801 erat,
759 3751 827 3791 ex
882 3753 1003 3793 sese
1046 3742 1508 3809 propagationem.
1536 3760 1555 3793 ι
1603 3740 1716 3797 Nec
1764 3744 1938 3797 solum

366 3822 677 3878 doctrinam
726 3827 969 3881 eamdem
1015 3829 1174 3882 tradit
1226 3828 1331 3883 alio
1364 3828 1501 3897 loco,
1530 3830 1625 3885 sed
1652 3844 1746 3883 eos
1773 3829 1938 3883 etiam

368 3912 462 3977 qui
498 3927 655 3967 secus
688 3918 945 3981 sentiunt,
980 3919 1219 3973 stultitiae
1262 3935 1520 3975 accusare
1568 3934 1672 3973 non
1701 3918 1934 3975 dubitat.

366 4000 546 4069 Ipsum
562 4006 941 4077 audiamus.(b)
958 4008 1161 4079 Εὔηθες
1175 4010 1314 4063 πάνυ
1327 4011 1387 4063 τὸ
1398 4010 1601 4064 οἴεσθαι
1615 4009 1939 4081 ἓξήμέραις,

366 4093 400 4160 ἦ
446 4094 672 4148 καθόλου
713 4097 890 4169 χρόνῳ
923 4099 1122 4171 κόσμον
1159 4103 1461 4170 γεγονέναι,
1493 4103 1624 4156 διότι
1661 4102 1880 4173 σύμπας
1909 4103 1939 4154 ὁ

367 4185 577 4253 κόσμος
599 4189 819 4259 ἡμερῶν
841 4193 932 4243 καὶ
953 4192 1159 4246 νυκτῶν
1178 4196 1293 4247 ἐστι
1313 4194 1585 4265 διάστημα
1601 4210 1613 4223 ’
1644 4193 1740 4247 καὶ
1765 4193 1941 4247 ταῦτα

364 4276 521 4345 ἡλίου
552 4278 764 4349 κίνησις
786 4281 923 4352 ὑπὲρ
940 4285 1044 4353 γῆν
1066 4285 1158 4336 καὶ
1177 4285 1280 4338 ὑπὸ
1300 4288 1402 4355 γῆν
1426 4285 1593 4348 ἰόντος
1612 4285 1672 4350 ἐξ
1694 4285 1938 4354 ἀνάγκης

362 4366 645 4425 ἀποτελεῖ.
686 4388 704 4421 ι
732 4370 892 4426 Plane
923 4375 1148 4427 stultum
1189 4384 1273 4428 est
1309 4375 1561 4428 arbitrari
1594 4389 1688 4429 sex
1724 4374 1934 4438 diebus,

2040 3279 2306 3352 cupas/oi};
2344 3281 2520 3346 «Quis
2564 3279 2726 3349 igitur
2771 3277 2968 3334 mentis
3017 3290 3237 3345 compos
3274 3274 3611 3330 existimabit

2041 3375 2272 3443 primam
2301 3380 2357 3426 et
2392 3372 2680 3426 secundam
2714 3380 2769 3425 et
2801 3371 3013 3424 tertiam
3045 3370 3210 3433 diem,
3239 3376 3294 3423 et
3326 3378 3608 3435 vesperam

2039 3472 2095 3518 et
2120 3477 2277 3517 mane
2303 3462 2420 3516 sine
2452 3462 2591 3527 sole,
2622 3460 2769 3523 luna,
2802 3471 2856 3513 et
2887 3459 3093 3514 stellis?
3120 3466 3174 3513 et
3200 3458 3429 3528 primam
3456 3457 3607 3511 illam

2039 3555 2201 3608 etiam
2237 3554 2358 3608 sine
2403 3553 2543 3608 caelo
2582 3553 2784 3608 fuisse?
2809 3571 2828 3603 ι
2868 3553 3053 3606 Potest
3082 3550 3315 3605 cumbis
3346 3563 3607 3603 annume-

2041 3647 2148 3699 rari
2197 3646 2493 3701 acerrimus
2544 3644 2823 3700 catholicae
2872 3644 2993 3697 ﬁdei
3054 3641 3308 3696 defensor
3359 3642 3604 3696 Athana-

2039 3736 2151 3789 sius
2177 3734 2279 3805 (ά),
2329 3734 2420 3802 qui
2468 3748 2590 3789 cum
2627 3733 2767 3787 inter
2800 3732 2902 3785 alia
2951 3731 3245 3800 Scriptura:
3298 3730 3603 3785 testimonia

2039 3828 2259 3883 citasset
2311 3826 2488 3881 locum
2544 3825 2696 3880 illum
2750 3823 3192 3885 Proverbiorum,
3248 3824 3383 3875 Ante
3426 3837 3601 3874 omnes

2039 3918 2196 3972 colles
2238 3918 2401 3987 gignit
2448 3916 2582 3983 me‘,
2619 3917 2696 3972 sic
2726 3916 2900 3985 pergit
2930 3932 2944 3968 :
2978 3914 3090 3968 Καὶ
3134 3912 3243 3985 γὰρ
3283 3914 3378 3967 καί⁸
3406 3912 3601 3981 λέγων,

2037 4009 2158 4078 Πρὸ
2185 4008 2425 4063 πάντων
2449 4005 2634 4079 γεννᾷ
2646 4025 2742 4077 με,
2772 4007 2928 4061 ἄλλον
2960 4007 3149 4060 ἑαυτὸν
3178 4001 3315 4059 εἶναι
3342 4006 3448 4058 τῶν
3471 4006 3602 4058 πάν.

2037 4117 2147 4153 των
2173 4100 2446 4170 σημαίνει,
2479 4097 2729 4170 δειξὰσης
2756 4099 2813 4152 ὲν
2836 4100 2947 4161 τοῖς
2980 4097 3085 4169 πρὸ
3115 4096 3317 4150 τούτων
3347 4097 3444 4167 τῆς
3474 4097 3607 4166 ἀλη-

2040 4191 2207 4257 Θείας,
2226 4192 2414 4264 ὅτιπερ
2439 4190 2547 4246 τῶν
2571 4192 2881 4263 κτισμάτων
2906 4190 3056 4243 οὐδὲν
3087 4189 3273 4261 ἕτερον
3298 4189 3391 4243 τοῦ
3419 4189 3603 4259 ἐτέρου

2038 4283 2384 4355 προγέγονεν,
2414 4283 2551 4337 ἀλλὰ
2577 4283 2786 4353 ἀθρόως
2818 4283 2933 4354 ἅμα
2966 4281 3143 4335 πάντα
3173 4281 3242 4334 τὰ
3264 4279 3497 4350 γεννητὰ
3526 4281 3605 4333 ἑνὶ

2039 4376 2131 4429 καὶ
2172 4375 2250 4446 τῷ
2291 4376 2438 4447 αὐτῷ
2488 4376 2867 4448 προστάγματι
2914 4375 3142 4446 ὑπέστη.
3178 4393 3198 4427 ι
3241 4372 3482 4442 Namque
3523 4372 3605 4427 di-

366 4469 468 4511 aut
512 4462 734 4517 omnino
782 4463 835 4517 in
884 4472 1125 4532 tempore
1173 4466 1429 4519 mundum
1484 4465 1683 4519 factum
1740 4465 1931 4531 fuisse,
1964 4462 2011 4517 D
2041 4467 2228 4529 cendo,
2279 4466 2413 4521 Ante
2460 4484 2634 4521 omnes
2687 4483 2805 4521 vero
2850 4466 3018 4536 gignit
3070 4480 3175 4531 me,
3223 4478 3283 4517 se
3322 4462 3484 4516 alium
3533 4459 3602 4513 ab

364 4558 660 4618 propterea
700 4554 842 4621 quod
890 4555 1122 4609 mundus
1152 4564 1295 4611 totus
1338 4554 1680 4609 intervallum
1709 4565 1793 4609 est
1821 4553 1938 4608 die-

369 4654 489 4692 rum
523 4655 587 4694 ac
611 4644 869 4699 noctium.
902 4644 1081 4715 Atque
1112 4646 1241 4701 solis
1274 4661 1438 4716 super
1471 4655 1670 4700 terram
1702 4654 1758 4700 et
1790 4645 1932 4699 inl'ra

369 4740 571 4785 terram
620 4735 800 4789 euntis
842 4746 1019 4791 motus
1062 4738 1364 4793 necessario
1408 4736 1526 4792 bare
1560 4735 1782 4791 cilicii.»
1819 4735 1936 4802 Quo

369 4833 553 4878 autem
593 4838 755 4881 sensu
804 4829 967 4884 verba
1016 4829 1211 4901 Moysis
1266 4831 1609 4898 interpretari
1665 4840 1932 4897 oporteat,

366 4915 554 4969 statim
604 4919 793 4973 edocet
838 4921 975 4989 ipse,
1023 4938 1146 4976 cum
1191 4924 1339 4978 addit
1365 4943 1377 4977 :
1405 4923 1757 4977 Συνετέλεσεν
1797 4922 1937 4995 ἕκτῃ

367 5006 551 5079 ἡμέρᾳ
580 5009 646 5063 τὰ
679 5009 833 5083 ἔργα,
869 5015 1083 5084 νοητέον
1108 5016 1189 5067 ὅτι
1237 5017 1298 5069 οὐ
1343 5017 1542 5086 πλῆθος
1573 5016 1794 5087 ἡμερῶν
1822 5032 1930 5069 πα-

368 5100 724 5171 ραλαμϐάνει,
754 5105 955 5159 τέλειον
986 5108 1043 5160 δὲ
1068 5108 1297 5179 ἀριθμὸν
1318 5109 1410 5162 τὸν
1433 5109 1512 5173 ἒξ.
1547 5127 1565 5162 ι
1594 5108 1776 5177 Itaque
1809 5124 1928 5162 cum

365 5193 496 5247 dicit
530 5213 544 5250 :
579 5194 869 5265 Complevit
916 5201 999 5253 die
1048 5211 1193 5254 sexto
1236 5217 1391 5269 opera
1414 5202 1458 5266 ³,
1495 5201 1793 5271 intelligere
1827 5215 1931 5252 non

366 5283 529 5339 debes
558 5289 623 5340 de
668 5288 883 5343 dierum
931 5305 1176 5357 numero,
1226 5292 1323 5346 sed
1358 5292 1423 5347 de
1452 5293 1667 5347 senario
1695 5288 1934 5359 perfecto

367 5390 655 5433 numero.)
711 5379 902 5452 itaque
956 5397 1050 5451 per
1086 5383 1399 5453 allegoriam
1448 5399 1555 5439 non
1601 5387 1668 5439 ad
1709 5387 1935 5442 verbum

436 5536 611 5592 ’Gen.
663 5557 705 5604 ι,
759 5542 808 5593 i.
890 5541 1067 5596 ’Gen.
1107 5559 1169 5610 lt,
1220 5544 1275 5598 2.

433 5672 505 5750 (ul
535 5673 700 5750 _P_l_ii10
723 5676 1170 5750 D_e_mnndi0pif.,
1199 5697 1251 5750 p.
1286 5682 1370 5736 Η.

432 5746 503 5806 tb)
531 5744 653 5800 Lib.
688 5762 703 5800 I
736 5747 909 5808 Alleq.
939 5744 1112 5803 initio.

2038 4556 2288 4610 ornnibus
2321 4571 2443 4610 esse
2472 4556 2733 4622 declarat,
2755 4572 2878 4610 cum
2908 4571 2973 4610 ex
3005 4569 3165 4623 supra
3199 4552 3358 4607 dictis
3391 4558 3602 4605 constet

2038 4648 2237 4701 nullam
2270 4662 2301 4701 e
2329 4649 2489 4701 rebus
2517 4648 2716 4701 creatis
2745 4647 2894 4715 prius
2921 4645 3088 4699 altera
3119 4643 3317 4697 factam
3344 4654 3484 4702 esse,
3509 4639 3601 4690 sed

2040 4754 2126 4792 res
2178 4753 2366 4793 omnes
2421 4738 2592 4793 factas
2638 4753 2747 4791 uno
2800 4738 3099 4805 eodemque
3145 4731 3396 4788 mandato
3442 4729 3602 4784 simul

2038 4830 2326 4884 exstitisse.
2350 4849 2371 4882 ›
2403 4830 2697 4900 Gregorius
2718 4828 2987 4899 Nyssenus
3014 4829 3087 4881 ita
3112 4823 3394 4895 perspicue
3419 4820 3600 4890 loqui-

2042 4935 2147 4989 tur,
2184 4932 2240 4977 ut
2264 4922 2497 4977 dubitari
2535 4939 2640 4976 non
2672 4922 2841 4991 possit
2865 4919 2993 4988 quin
3026 4918 3097 4973 sit
3118 4914 3426 4985 opinionem
3452 4926 3603 4965 eam-

2039 5018 2160 5071 dem
2184 5016 2480 5085 amplexus.
2502 5015 2629 5083 Ejus
2652 5013 2812 5067 verba
2841 5011 3148 5065 exscribere
3167 5022 3343 5078 operae
3364 5004 3598 5075 pretium

2036 5118 2118 5162 est
2145 5122 2175 5161 e
2206 5107 2295 5161 lib.
2317 5107 2370 5159 in
2396 5104 2669 5168 Ηιαςαεηι..
2694 5120 2816 5173 pag.
2836 5102 2867 5155 ’Ἰ
2888 5119 2900 5156 ι
2931 5100 3041 5154 Καὶ
3063 5100 3181 5154 ἀντὶ
3201 5097 3296 5151 τοῦ
3320 5098 3492 5149 εἰπεῖν
3516 5093 3598 5145 ὅτι

2036 5200 2247 5272 ἀθρόως
2277 5198 2453 5252 πάντα
2481 5197 2548 5251 τὰ
2574 5197 2702 5251 ὄντα
2728 5197 2759 5248 ὁ
2786 5194 2917 5258 Θεὸς
2948 5192 3219 5263 εποίησεν,
3244 5186 3395 5243 εἶπεν
3426 5189 3482 5241 ὲν
3506 5203 3598 5238 κερ

2039 5290 2269 5360 φαλαίῳ,
2297 5290 2415 5359 ἦτοι
2444 5291 2502 5341 ὲν
2532 5289 2672 5358 ἀρχῇ
2708 5283 3067 5355 πεποιηκέναι
3105 5282 3195 5335 τὸν
3220 5279 3351 5333 Θεὸν
3377 5278 3468 5331 τὸν
3501 5278 3594 5329 οὑ-

2040 5380 2198 5455 ρανὸν
2227 5381 2319 5434 καὶ
2348 5379 2450 5449 τὴν.
2478 5378 2600 5450 γῆν.
2634 5376 2749 5432 Μία
2777 5376 2835 5429 δὲ
2864 5374 2976 5453 ⁴τῶν
3004 5372 3115 5451 seu;
3148 5370 3339 5450 φῳνῶγ
3353 5370 3596 5445 ῂοσημας-

1353 5545 1374 5577 ³
1412 5546 1541 5602 ibid.
1586 5545 1639 5601 2.
1720 5545 1742 5578 ⁸
1765 5545 1922 5600 Prov.
1952 5558 2070 5607 vm,
2102 5542 2192 5598 25.

2115 5679 2185 5747 (c)
2224 5677 2429 5732 Pliiloc.
2468 5692 2516 5730 c.
2554 5677 2606 5739 Ι,
2642 5676 2813 5747 p._l2.

2117 5742 2191 5819 (Α)
2230 5749 2379 5804 Orat.
2407 5747 2443 5800 2
2471 5742 2654 5801 contra
2675 5744 2795 5816 An,
2823 5760 2969 5800 num.
3006 5742 3095 5819 16..
