4040 6216
355 372 586 418 CLXXXVI

1721 362 2095 418 PROLEGOM
2105 363 2256 418 ENA.

302 474 308 542 Ἴ
357 483 468 537 σία,
501 472 602 542 τῆς
628 489 688 524 τε
717 471 892 542 ἀρχῆς
934 472 1029 524 καὶ
1071 471 1162 524 τοῦ
1193 472 1506 541 κεφαλαίου.
1543 472 1804 542 Δηλοῦται
1829 474 1938 547 γὰρ

2051 491 2229 537 parare
2256 483 2310 530 et
2359 475 2654 544 intelligere
2695 477 2850 546 longe
2892 476 3158 535 difﬁcilius
3204 492 3434 550 poterat.
3464 483 3600 540 Rem

304 580 308 584 '
356 566 552 636 ἐπίσης
592 567 658 619 δι’
701 565 974 635 ἑκατέρων
1018 565 1080 617 τὸ
1117 565 1308 634 ἀθρόον
1331 582 1344 595 ο
1380 567 1436 618 ὲν
1467 566 1563 636 μὲν
1593 567 1700 637 γὰρ
1733 568 1808 638 τῷ
1838 587 1930 622 κε-

303 657 306 660 ’
356 657 567 727 φαλαίῳ
589 657 648 709 τὸ
675 655 974 726 συλλήϐδην
1003 656 1072 708 τὰ
1102 657 1278 710 πάντα
1309 644 1633 729 γεγενῆσθαι
1664 661 1930 730 παρίστη-

359 765 448 801 σι·
500 747 588 800 διὰ
631 747 688 800 δὲ
740 748 839 818 τῆς
888 747 1061 817 ἀρχῆς
1101 747 1354 818 δηλοῦται
1395 750 1455 802 τὺ
1505 750 1711 822 ἀκαρές
1749 769 1809 804 τε
1836 752 1931 805 καὶ

356 838 696 894 ἀδιάστατον.
755 840 859 893 «Et
903 855 1000 908 pro
1049 855 1135 904 eo,
1183 851 1240 893 ut
1281 841 1506 902 diceret,
1541 843 1700 896 simul
1750 846 1929 898 omnia

356 928 526 984 Deum
558 928 771 993 fecisse,
800 931 935 984 dixit
975 929 1139 984 Deum
1176 931 1228 983 iu
1265 946 1474 986 summa
1511 932 1703 988 fecisse
1731 935 1928 988 coelum

357 1031 412 1076 et
442 1033 662 1075 terram.
694 1021 987 1089 Utriusque
1017 1031 1196 1074 autem
1229 1023 1398 1086 vocis,
1426 1025 1678 1093 principii
1710 1035 1763 1079 et
1787 1040 1930 1080 sum-

356 1128 480 1172 ma).
528 1129 632 1166 uua
678 1113 1000 1182 signiﬁcatio
1035 1125 1139 1168 est.
1188 1113 1426 1182 Utraque
1471 1115 1612 1168 enim
1653 1130 1804 1184 reque
1837 1117 1922 1170 de-

358 1204 528 1256 clarat
558 1203 736 1258 simul.
788 1204 965 1270 Quare
1017 1219 1109 1272 per
1158 1219 1425 1259 summam
1472 1207 1709 1260 ostendit
1749 1208 1930 1261 omnia

355 1295 520 1351 simul
567 1310 686 1350 esse
740 1306 1019 1364 procreata
1060 1315 1071 1350 :
1106 1307 1159 1350 et
1208 1312 1306 1364 per
1364 1298 1686 1366 principium
1739 1309 1932 1352 cuncta

359 1395 641 1441 memento
677 1396 730 1439 et
773 1386 890 1440 sine
921 1387 1031 1441 ullo
1073 1387 1330 1454 temporis
1369 1388 1548 1456 spatio
1593 1388 1735 1442 facta
1769 1388 1934 1444 fuisse

359 1476 646 1546 signiﬁcat.
676 1494 693 1527 ι
750 1475 906 1530 Plura
965 1477 1056 1546 qui
1112 1477 1278 1545 cupit,
1329 1477 1472 1547 legat
1517 1479 1760 1548 ejusdem
1809 1479 1933 1535 libri

357 1568 612 1640 paginam
645 1569 1038 1633 duodecimam,
1063 1568 1150 1624 ubi
1169 1568 1462 1640 Gregorius
1487 1574 1650 1623 suam‘
1670 1571 1784 1640 ipse
1807 1587 1931 1626 sen-

360 1659 588 1713 tentiam
635 1658 862 1723 stabilit,
897 1665 949 1713 et
979 1673 1100 1712 eum
1149 1661 1323 1729 ipsum
1355 1675 1514 1729 quem
1545 1661 1934 1730 exscripsimus

361 1749 539 1805 locum
583 1749 733 1806 citat.
762 1749 908 1804 Nihil
944 1765 1078 1819 opus
1110 1759 1192 1804 est
1225 1751 1291 1805 de
1325 1752 1610 1821 Augustini
1655 1753 1926 1820 opinione,

363 1855 485 1896 cum
515 1848 640 1894 uota
665 1841 754 1905 sit,
779 1841 1065 1896 disserere.
1097 1843 1202 1898 Sed
1233 1843 1360 1912 quid
1384 1842 1762 1913 Basilius(ejus
1789 1845 1931 1898 enim
1968 1824 2009 1877 Β

365 1944 529 1986 causa
561 1933 674 1986 lucc
700 1942 953 2002 suscepta
974 1944 1028 1988 et
1054 1934 1296 1988 instituta
1325 1935 1618 2003 disputatio
1645 1937 1745 2004 cst)
1776 1950 1838 1990 ea
1866 1939 1932 1992 de

363 2036 427 2076 re
453 2022 704 2086 senserit,
735 2023 947 2077 silentio
987 2025 1267 2092 praeterire
1295 2023 1377 2079 fas
1413 2041 1515 2080 non
1544 2035 1646 2080 est.
1692 2027 1928 2081 Dixerim

363 2113 530 2184 igitur
555 2114 836 2172 Athanasii
879 2113 1184 2183 opinionem
1217 2123 1271 2168 et
1301 2114 1528 2169 aliorum
1571 2117 1704 2171 satis
1733 2116 1933 2173 Basilio

364 2204 586 2274 probari
631 2203 730 2272 (α),
782 2205 891 2259 imo
935 2219 1064 2269 vero
1107 2204 1300 2273 ipsam,
1349 2215 1608 2274 quantum
1665 2207 1936 2275 conjicere

373 2297 526 2357 licet,
559 2295 612 2350 ei
639 2295 744 2350 alia
785 2294 955 2350 videri
992 2294 1430 2365 probabiliorem.
1463 2295 1576 2363 Qua
1603 2297 1669 2350 de
1695 2312 1754 2352 re
1782 2297 1936 2352 dubio

369 2395 604 2444 laturum
635 2395 761 2455 puto
792 2387 1088 2451 neminem,
1128 2388 1219 2454 qui
1268 2403 1450 2442 secum
1490 2388 1648 2456 paulo
1677 2390 1937 2445 attentius

369 2480 696 2547 reputaverit
726 2479 850 2534 illud
879 2479 1061 2534 Basilii
1087 2481 1302 2552 :"Ortsp
1325 2481 1500 2553 ἕτεροι
1533 2481 1642 2536 τῶν
1666 2483 1938 2555 ἑρμηνευ-

367 2568 498 2633 τῶν,
529 2571 860 2641 σαφέστερον
887 2570 976 2623 τὸν
1004 2571 1128 2624 νοῦν
1159 2573 1475 2639 ἐκδιδόντες,
1505 2576 1810 2645 εἰρήκασιν,
1851 2576 1940 2628 Ἐν

367 2662 649 2734 κεφαλαίῳ
681 2663 935 2733 ἐποίησεν
963 2665 990 2715 ὁ
1021 2663 1173 2727 Θεὸς,
1205 2664 1500 2728 τουτέστιν,
1521 2665 1732 2736 ἀθρόως
1763 2666 1856 2720 καὶ
1880 2669 1938 2720 ὲν

371 2755 558 2825 ὀλίγῳ,
613 2755 806 2822 «Quod
857 2755 1032 2823 ipsum
1081 2755 1406 2824 interpretes
1453 2756 1566 2822 alii,
1616 2759 1940 2813 sententiam

371 2846 657 2901 dilucidius
697 2845 1004 2908 reddenles,
1079 2845 1336 2900 dixerunt
1391 2845 1452 2901 In
1529 2849 1768 2918 capilqu
1811 2850 1943 2904 fecit

371 2937 538 3002 Deus,
593 2941 698 2995 hoc
761 2947 843 2994 est
868 2978 883 3001 ,
941 2936 1226 2992 confestim
1267 2945 1323 2992 et
1361 2937 1416 2992 iu
1457 2939 1627 2993 brevi.
1660 2959 1678 2991 ι
1717 2939 1947 2997 Basilius

371 3030 516 3082 enim
550 3037 604 3083 et
635 3029 762 3084 dum
809 3029 1311 3098 interpretationem
1343 3018 1557 3096 eorum,
1601 3032 1692 3100 qui
1735 3041 1947 3086 vertere

372 3121 434 3174 ὲν
463 3119 760 3191 κεφαλαίῳ,
805 3120 986 3175 laudat
1018 3121 1094 3174 uti
1125 3120 1516 3186 dilucidiorem,
1557 3133 1610 3176 et
1638 3123 1763 3176 dum
1795 3123 1941 3188 illud,

373 3213 434 3264 ὲν
460 3210 758 3282 κεφαλαίῳ,
785 3211 863 3266 sic
892 3212 1060 3280 accipi
1094 3211 1208 3265 vult
1237 3220 1296 3266 ut
1327 3212 1594 3281 signiﬁcet
1625 3231 1643 3264 ι
1662 3213 1945 3269 confestim

375 3313 430 3355 et
488 3303 544 3355 iu
583 3303 769 3370 brevi,
794 3319 820 3353 τ
873 3311 1080 3370 aperte,
1129 3302 1343 3371 opinor,
1393 3302 1596 3356 iudicat
1637 3317 1697 3357 se
1738 3319 1842 3358 non
1871 3304 1944 3358 ita

374 3394 604 3449 multum
649 3395 718 3448 ab
756 3394 1002 3466 Origcnis
1040 3395 1293 3463 opinione
1341 3395 1652 3450 abhorrere.
1693 3396 1946 3452 Attamen

374 3484 462 3537 vir
498 3483 948 3553 prudentissimus
990 3485 1123 3540 nihil
1165 3483 1218 3538 in
1269 3499 1328 3538 re
1369 3484 1528 3538 dubia
1573 3495 1950 3538 asseveranler

378 3575 579 3631 dictum
608 3575 798 3642 voluit,
847 3578 938 3632 sed
981 3577 1151 3630 tutius
1182 3575 1336 3630 duxit
1382 3577 1751 3630 asscnsioncm
1795 3576 1946 3630 cohi-

377 3665 527 3720 bere.
574 3667 664 3721 Sic
713 3677 892 3721 autem
944 3682 1005 3721 se
1057 3666 1173 3735 ipse
1213 3667 1451 3734 explicat
1501 3667 1777 3734 aliquanto
1819 3676 1948 3720 ante

377 3762 565 3814 eodem
601 3776 726 3814 num
761 3779 777 3815 :
809 3761 880 3812 Ἢ
916 3759 1056 3830 τάχα
1077 3758 1166 3812 διὰ
1205 3758 1266 3810 τὸ
1296 3760 1580 3830 ἀκαριαῖον
1609 3759 1701 3812 καὶ
1725 3759 1951 3829 ἄχρονον

379 3852 476 3921 τῆς
530 3850 889 3922 δημιουργίας
937 3852 1147 3922 εἴρηται
1190 3849 1272 3914 τὸ,
1343 3851 1444 3902 Ἐν
1463 3849 1621 3918 ἀρχῇ
1640 3851 1949 3917 ἐποίησεν,

379 3942 567 4014 ἐπειδὴ
593 3945 798 4016 ἀμερές
826 3962 876 3997 τι
908 3945 1000 3998 καὶ
1041 3944 1361 3998 ἀδιάστατον
1385 3945 1418 4012 ἡ
1445 3944 1609 4014 ἀρχή,
1665 3962 1683 3993 ι
1715 3946 1820 3996 Aut
1843 3943 1953 3996 for-

380 4041 525 4087 tasse
551 4034 673 4101 quia
696 4032 969 4099 Opiﬁcium
994 4032 1124 4086 illud
1159 4031 1212 4085 in
1242 4042 1513 4086 momento
1542 4043 1595 4086 et
1625 4032 1760 4085 citra
1789 4030 1951 4084 ullam

380 4126 640 4193 temporis
673 4140 878 4179 moram
920 4124 1224 4179 absolutum
1254 4135 1362 4190 est,
1394 4127 1510 4180 ideo
1553 4125 1757 4179 dictum
1808 4123 1947 4177 fuit:

379 4217 452 4271 In
501 4217 758 4284 principio
809 4216 993 4286 fecit“,
1039 4218 1470 4286 quandoquidem
1512 4215 1834 4286 principium
1868 4223 1955 4268 est

383 4309 635 4375 quiddam
672 4309 966 4364 insecabile
999 4325 1065 4365 ac
1106 4309 1456 4365 dimensionis
1491 4322 1708 4377 expers.
1741 4325 1760 4357 ›
1797 4305 1954 4361 Basi-

383 4400 514 4454 liam
538 4415 604 4454 ex
624 4415 774 4456 more
805 4412 1023 4458 secutus
1049 4401 1384 4466 Ambrosius,
1409 4400 1600 4454 eadem
1631 4398 1794 4454 tradit
1820 4397 1914 4453 lib.
1937 4415 1955 4452 ι

384 4493 442 4547 in
469 4490 756 4557 Heraean,
791 4509 940 4548 num.
977 4494 1064 4549 16.

668 4584 696 4656 §
725 4584 810 4640 lll.
860 4585 934 4639 De
955 4587 1094 4640 dicto
1119 4586 1344 4657 quodam
1376 4585 1676 4654 Augustini.

457 4674 547 4729 22.
578 4675 755 4743 Quaeri
809 4687 983 4747 potest
1030 4679 1096 4732 ab
1153 4687 1273 4731 utro
1317 4676 1649 4745 Augustinus
1690 4681 1964 4728 mutuatus

391 4765 462 4820 sit
493 4781 554 4821 ea
583 4781 703 4835 quac
736 4767 802 4821 de
841 4773 1000 4822 docto
1043 4768 1273 4836 quodam
1316 4766 1453 4835 Syro
1503 4765 1674 4820 refert
1714 4764 1806 4818 lib.
1842 4779 1861 4817 1
1889 4763 1967 4816 De

394 4854 579 4911 Genesi
611 4860 679 4911 ad
714 4858 820 4924 fit,
860 4876 1010 4915 num.
1039 4859 1128 4923 56,
1175 4870 1354 4913 utrum
1388 4859 1455 4914 ab
1481 4857 1801 4924 Ambrosio,
1835 4870 1903 4908 an
1932 4870 1965 4908 a

392 4949 614 5017 Basilio.
637 4949 841 5006 Idcirco
863 4963 1041 5006 autem
1061 4953 1202 5006 hanc
1221 4952 1573 5020 quaestionem
1594 4949 1960 5018 proponimus,

396 5039 538 5109 quod
571 5039 672 5094 nisi
707 5041 809 5096 sibi
831 5051 1017 5096 caveat
1049 5043 1240 5106 lector,
1273 5040 1431 5094 facile
1454 5039 1622 5108 possit
1645 5041 1698 5092 in
1723 5051 1963 5093 errorem

396 5130 656 5185 incidere.
692 5129 826 5184 Nam
876 5148 1000 5187 cum
1053 5131 1369 5187 Ambrosius
1417 5140 1472 5185 et
1523 5130 1856 5200 Augustinus
1910 5128 1962 5181 in

398 5221 647 5277 omnibus
673 5219 787 5276 fere
811 5222 1134 5278 conveniant
1161 5223 1301 5277 inter
1331 5235 1472 5286 sese,
1504 5218 1968 5275 arbitrari-cuivis

398 5323 703 5382 promptum
744 5321 830 5368 est
868 5313 1116 5368 Latinum
1172 5314 1490 5382 scriptorem
1534 5311 1892 5382 Augustinum
1934 5326 1966 5364 a

400 5401 592 5458 Latino
620 5406 884 5475 scriptore
907 5406 1195 5461 Ambrosio
1224 5406 1410 5460 isthmc
1451 5405 1742 5474 sumpsisse
1770 5403 1964 5473 potius,

402 5509 564 5566 quam
594 5511 626 5551 a
648 5496 836 5553 Graaco
863 5507 1082 5553 auctore
1111 5497 1330 5564 Basilio,
1362 5497 1516 5567 cujus
1550 5497 1714 5554 libros
1737 5503 1792 5553 et
1819 5510 1966 5555 com-

478 5633 500 5665 '
533 5633 669 5689 Gen.
696 5649 734 5702 ι,
765 5637 813 5692 l.
891 5637 912 5668 ⁸
935 5637 1065 5693 ibid.
1093 5636 1148 5690 ‘2.

478 5775 552 5846 (α)
596 5775 748 5832 Hom.
785 5792 800 5830 ι
837 5778 888 5830 in
923 5773 1199 5843 "exacuu,
1226 5790 1372 5831 num.
1399 5774 1454 5830 6.

2032 577 2210 620 tamen
2244 567 2289 620 si
2322 567 2443 634 quis
2473 567 2632 634 paulo
2660 568 2920 622 attentius
2947 571 3283 638 expenderit,
3311 571 3469 630 facile
3497 577 3600 632 sibi

2031 658 2379 728 persuadebit
2423 659 2779 730 Augustinum
2817 674 2883 716 ex
2925 661 3039 729 ipso
3070 661 3246 728 fonte,
3276 679 3383 718 non
3412 680 3442 720 e
3483 667 3600 724 rivo

2033 749 2297 804 hausisse.
2361 747 2476 815 Qua
2531 750 2596 803 de
2641 765 2698 803 re
2734 758 2792 802 ut
2839 751 3009 804 cuivis
3058 751 3369 808 existimare
3417 754 3598 820 liceat,

2033 842 2262 910 primum
2279 840 2548 895 Ambrosii
2576 849 2631 895 et
2649 842 2934 911 Augustini
2961 844 3123 896 verba
3145 843 3410 913 subjicere
3426 846 3601 900 visum

2031 941 2136 997 est,
2169 931 2361 985 deinde
2391 932 2660 984 Ambrosii
2707 932 3102 1002 Augustinique
3144 945 3198 988 et
3228 934 3407 989 Basilii
3438 936 3601 990 verba

2033 1026 2174 1079 inter
2203 1040 2260 1078 se
2287 1039 2606 1092 comparare
2637 1040 2648 1074 :
2687 1040 2789 1093 qua
2827 1040 2893 1079 ex
2919 1026 3264 1081 contentione
3288 1026 3442 1096 plane
3471 1044 3601 1082 cou-

2035 1116 2199 1168 szahit
2251 1116 2629 1184 Augustinum,
2685 1131 2806 1168 cum
2857 1116 3153 1180 scriberet,
3204 1131 3310 1171 non
3355 1117 3600 1172 Latinam

2033 1208 2300 1262 Ambrosii
2335 1207 2858 1275 interpretationem,
2896 1207 2989 1260 sed
3023 1207 3198 1276 ipsum
3229 1206 3478 1263 Grmcum
3510 1209 3605 1263 Ba-

2035 1299 2137 1353 silii
2169 1297 2444 1366 exemplar
2463 1298 2531 1351 oh
2563 1295 2752 1351 oculos
2785 1297 3057 1352 habuisse.
3095 1296 3186 1352 Sic
3215 1298 3397 1367 itaque
3431 1299 3605 1368 loqui-

2037 1402 2122 1443 tur
2151 1389 2467 1443 Ambrosius
2504 1389 2596 1441 lib.
2633 1406 2648 1442 ι
2681 1390 2732 1442 in
2756 1387 3034 1453 Heraean,
3063 1404 3208 1443 num.
3238 1389 3308 1444 29
3346 1407 3362 1444 :
3398 1409 3417 1442 ι
3443 1391 3606 1460 Spiri-

2035 1491 2118 1532 tus
2155 1478 2250 1532 Dei
2291 1475 2712 1546 superferebatur
2725 1491 2880 1544 super
2910 1477 3126 1546 aquas“.
3152 1477 3342 1544 Quem,
3371 1480 3470 1534 etsi
3501 1479 3604 1534 ali-

2033 1569 2125 1638 qui
2166 1583 2264 1638 pro
2291 1583 2417 1622 aerc
2452 1567 2740 1635 accipiant,
2779 1567 2943 1637 aliqui
2976 1583 3072 1636 pro
3098 1570 3288 1637 spiritu
3319 1585 3475 1639 quem
3499 1572 3609 1642 spi-

2036 1675 2218 1715 ramus
2249 1671 2298 1716 el
2327 1661 2599 1727 carpimus
2634 1674 2780 1713 aura:
2811 1659 2966 1727 hujus
2998 1663 3174 1718 vitalis
3205 1663 3476 1733 spiritum,
3511 1679 3609 1718 nos

2040 1761 2218 1807 tamen
2264 1767 2384 1806 cum
2425 1763 2740 1806 sanctorum
2789 1761 2846 1806 et
2882 1753 3120 1807 ﬁdelium
3169 1756 3436 1810 sententia
3478 1770 3610 1810 con-

2039 1854 2297 1916 gruentes
2326 1883 2340 1908 ,
2385 1842 2646 1912 Spiritum
2688 1851 2934 1897 sanctum
2982 1845 3416 1914 accipimus......
3447 1845 3611 1900 Deni-

2039 1952 2143 2005 que
2175 1935 2464 2006 Syrusqui
2495 1934 2706 1990 vicinus
2732 1933 2958 1989 Hebraeo
2989 1943 3101 1999 est.
3134 1945 3187 1991 et
3210 1951 3459 1993 sermone
3485 1952 3614 1993 con-

2041 2036 2198 2080 sonat
2227 2027 2278 2080 iu
2307 2025 2578 2094 plerisque
2605 2033 2662 2078 et
2693 2025 2966 2094 congruit,
3003 2025 3083 2080 sic
3109 2026 3273 2081 habet
3289 2031 3313 2080 ':
3348 2026 3416 2080 Et
3449 2026 3614 2097 Spiri-

2043 2127 2126 2169 tus
2157 2114 2258 2192 Dei
2286 2114 2488 2184 {avebat
2523 2130 2721 2185 aquas;
2753 2113 2805 2168 id
2829 2122 2946 2178 est,
2970 2114 3305 2183 vivificabat,
3336 2126 3395 2170 ut
3430 2117 3482 2171 in
3518 2131 3616 2171 no-

2041 2225 2136 2262 vas
2167 2217 2384 2277 cogeret
2428 2214 2732 2270 creaturas,
2763 2213 2816 2260 et
2852 2206 2967 2260 fotu
2999 2221 3096 2261 suo
3145 2208 3409 2262 animaret
3441 2209 3510 2263 ad
3535 2210 3617 2264 vi-

2046 2310 2174 2354 tam.
2213 2320 2232 2351 ι
2279 2297 2610 2367 Augustinus
2653 2312 2784 2352 vero
2829 2299 2908 2352 sic
2941 2299 3104 2352 habet
3136 2297 3228 2352 lib.
3267 2315 3283 2352 ι
3319 2299 3394 2354 De
3428 2297 3610 2355 Cenes.

2044 2394 2112 2445 ad
2143 2391 2248 2458 lit.,
2287 2407 2438 2445 num.
2470 2389 2540 2444 36
2572 2407 2586 2443 :
2633 2408 2652 2439 ι
2687 2388 2822 2443 Nam
2853 2398 2908 2443 et
2937 2389 3062 2443 illud
3089 2391 3229 2459 quod
3257 2405 3350 2459 per
3371 2390 3614 2446 Grrccam

2044 2492 2101 2538 et
2153 2481 2399 2536 Latinam
2448 2481 2686 2550 linguam
2753 2480 2952 2534 dictum
3009 2487 3092 2534 est
3147 2480 3213 2535 de
3261 2479 3467 2550 Spiritu
3496 2481 3613 2548 Dei,

2045 2573 2188 2642 quod
2230 2573 2652 2642 superferebatur
2684 2587 2842 2641 super
2879 2587 3042 2640 aqua:
3073 2610 3089 2637 ,
3133 2572 3426 2626 secundum
3465 2572 3619 2643 Syra

2049 2666 2241 2735 lingute
2281 2665 2636 2727 intellectum,
2682 2678 2802 2732 quae
2846 2663 3022 2717 vicina
3061 2669 3144 2718 est
3203 2662 3443 2718 Hebraea:
3472 2663 3620 2734 (nam

2049 2752 2152 2806 hoc
2182 2767 2212 2804 a
2240 2749 2472 2820 quodam
2515 2751 2675 2802 docto
2704 2747 3018 2803 Christiano
3045 2747 3186 2818 Syro
3217 2747 3389 2801 fertur
3411 2749 3623 2817 exposi-

2053 2847 2210 2915 tum),
2252 2859 2359 2897 non
2389 2841 2813 2912 superferebatur
2838 2842 2931 2898 sed
2963 2839 3170 2911 fovebat
3211 2841 3410 2910 p0tius,
3451 2840 3622 2896 intel—

2049 2938 2141 3007 ligi
2187 2936 2518 3004 perhibetur.
2581 2934 2692 3010 Nec
2751 2934 2893 2989 sicut
2932 2934 3184 2989 foveatur
3241 2941 3482 2989 tumores
3529 2940 3624 2987 aut

2051 3027 2273 3082 vulnera
2300 3027 2353 3080 in
2383 3040 2613 3096 corpore
2641 3026 2798 3095 aquis
2820 3025 2907 3080 vel
2939 3024 3152 3096 frigidis
3176 3024 3259 3080 vel
3285 3025 3466 3081 calore
3494 3040 3624 3080 con-

2053 3136 2188 3190 gruo
2225 3120 2532 3188 temperatis
2556 3136 2571 3184 ;
2604 3119 2698 3174 sed
2725 3122 2866 3174 sicut
2885 3135 2986 3174 ova
3014 3117 3266 3175 foveatur
3291 3121 3358 3173 ab
3383 3117 3619 3182 alitibus,

2053 3213 2141 3265 ubi
2167 3211 2314 3264 calor
2349 3210 2436 3264 ille
2463 3210 2694 3262 materni
2725 3211 2969 3278 corporis
2991 3211 3152 3264 etiam
3177 3208 3473 3264 formandis
3502 3207 3622 3276 pul-

2054 3304 2117 3355 lis
2143 3301 2544 3370 quodammodo
2586 3301 3033 3354 adminiculatur.
3073 3320 3092 3352 »
3135 3300 3192 3355 lu
3220 3300 3414 3368 quibus
3442 3299 3625 3368 Augu-

2053 3395 2179 3448 stini
2227 3393 2410 3448 verbis
2458 3395 2563 3448 duo
2615 3394 2885 3463 praecipue
2915 3402 3098 3446 notata
3142 3392 3266 3446 volo
3304 3408 3318 3444 :
3365 3391 3623 3460 primum,

2055 3488 2249 3558 Syrum
2281 3488 2570 3556 quemdam
2623 3487 2796 3539 virum
2831 3486 3051 3541 doctum
3081 3484 3240 3539 simul
3281 3497 3334 3539 et
3362 3483 3625 3540 Christia-

2055 3595 2182 3634 num
2225 3581 2367 3633 hunc
2397 3578 2694 3648 Scriptura
2728 3577 2906 3632 locum
2955 3578 3028 3630 ita
3057 3575 3396 3645 exposuisse,
3446 3584 3499 3628 ut
3528 3573 3624 3629 Dei

2057 3673 2294 3742 Spiritus
2321 3688 2511 3741 aquas,
2539 3672 2665 3726 dum
2695 3687 2856 3740 super
2882 3686 2976 3726 eas
3012 3669 3437 3740 superferretur,
3472 3668 3623 3723 fove-

2055 3771 2172 3826 ret;
2225 3762 2457 3815 alterum
2503 3762 2642 3816 fotas
2670 3775 2791 3816 esse
2823 3775 2993 3830 aquas
3041 3762 3097 3814 in
3128 3762 3315 3814 alitum
3347 3760 3562 3813 modum
3595 3773 3626 3813 a

2057 3854 2153 3908 Dei
2180 3853 2405 3923 Spiritu.
2449 3851 2567 3907 Jam
2617 3867 2774 3907 nemo
2821 3867 2927 3906 non
2966 3853 3112 3906 videt
3146 3861 3395 3905 neutrum
3437 3850 3628 3904 horum

2059 3945 2125 3998 ab
2152 3944 2438 3999 Ambrosio
2466 3947 2764 3996 mutuatum
2796 3942 3313 4011 esseAugustiuum.
3345 3941 3456 3995 Etsi
3481 3941 3628 3995 enim

2058 4036 2356 4106 generatim
2385 4035 2706 4104 proﬁteatur
2736 4035 3054 4090 Ambrosius
3077 4035 3230 4103 sequi
3257 4048 3314 4087 se
3357 4052 3375 4084 ι
3413 4041 3630 4087 sancto-

2063 4142 2182 4180 rum
2233 4133 2287 4180 et
2327 4126 2568 4180 ﬁdelium
2601 4144 2621 4177 ι
2668 4124 3014 4191 sententiam,
3063 4125 3348 4192 tradatque
3393 4122 3632 4177 Hebraeis

2061 4216 2270 4270 vicinos
2307 4229 2427 4270 esse
2457 4214 2644 4285 Syros,
2693 4230 2928 4282 quorum
2960 4228 3162 4278 sermo,
3190 4221 3248 4267 ut
3271 4212 3384 4279 ipse
3426 4216 3629 4274 monet,

2061 4324 2182 4364 cum
2232 4306 2582 4364 Hebraeorum
2621 4309 2801 4376 lingua
2837 4326 2855 4358 ι
2897 4315 3160 4362 consonat
3200 4306 3252 4359 iu
3282 4304 3553 4374 plerisque
3580 4309 3635 4356 et

2061 4399 2330 4468 congruit,
2370 4417 2391 4450 ι
2427 4397 2563 4451 nihil
2618 4407 2797 4450 tamen
2831 4394 3146 4449 nominatim
3190 4392 3322 4446 dicit
3358 4403 3532 4457 neque
3570 4387 3635 4441 de

2063 4488 2156 4544 illa
2187 4488 2328 4543 docti
2359 4488 2637 4557 cujusdam
2669 4486 2792 4556 Syri
2820 4483 3219 4553 explanatione,
3256 4480 3410 4548 cujus
3442 4478 3632 4532 memi-

2065 4581 2146 4636 nit
2185 4579 2517 4650 Augustinus
2542 4618 2557 4643 ,
2596 4592 2768 4646 neque
2797 4577 2862 4630 de
2893 4575 2982 4628 illa
3014 4575 3190 4629 avium
3232 4573 3348 4628 ovis
3375 4570 3638 4626 incuban-

2067 4675 2201 4728 tium
2249 4670 2675 4740 comparatione,
2709 4684 2814 4738 qua
2857 4668 3000 4722 idem
3047 4668 3236 4721 doctor
3277 4665 3464 4719 utitur.
3492 4661 3636 4715 Fieri

2067 4764 2232 4834 igitur
2264 4778 2368 4817 non
2396 4772 2596 4833 p0test,
2617 4771 2694 4815 ut
2723 4761 3058 4831 Augustinus
3090 4761 3204 4815 haec
3231 4758 3336 4812 duo
3363 4762 3638 4810 mutuatus

2069 4857 2141 4912 sit
2169 4856 2237 4910 ah
2269 4854 2556 4909 Ambrosio
2575 4894 2590 4918 ,
2625 4869 2749 4908 cum
2792 4854 2844 4906 in
2872 4852 2989 4922 ejus
3017 4851 3235 4920 scriptis
3264 4847 3397 4903 nihil
3419 4845 3523 4901 tale
3553 4845 3638 4902 'm-

2071 4945 2343 4999 veniatur.
2379 4943 2485 4998 Sed
2516 4944 2638 5012 quis
2669 4943 2757 5010 sit,
2789 4956 2948 5012 quem
2989 4940 3094 4996 sibi
3141 4937 3470 5009 sequendum
3514 4950 3641 5005 pro-

2071 5037 2313 5106 posuerit
2336 5037 2692 5106 Augustinus,
2725 5036 2966 5090 iudicare
2995 5032 3139 5089 haud
3187 5031 3433 5086 arduum.
3467 5028 3549 5081 Ad
3587 5026 3642 5081 id

2072 5128 2218 5182 enim
2264 5127 2660 5182 ostendendum
2705 5127 2838 5182 satis
2884 5125 3042 5181 nobis
3072 5123 3234 5179 fuerit
3266 5122 3431 5177 verba
3457 5117 3642 5173 Basilii

2075 5218 2300 5284 referre,
2354 5233 2473 5288 quae
2529 5219 2645 5274 haec
2697 5227 2824 5274 sunt
2877 5232 2944 5272 ex
2993 5217 3236 5271 oratione
3294 5212 3527 5268 secunda
3584 5210 3641 5262 in

2073 5311 2354 5376 chaem.,
2373 5326 2521 5366 num.
2540 5310 2594 5365 ϐε
2611 5311 2752 5382 Ἐρῶ
2769 5310 2866 5363 οὒκ
2877 5309 3115 5380 ἐμαυτοῦ
3128 5307 3304 5376 λόγον,
3322 5304 3456 5359 ἀλλὰ
3467 5301 3643 5373 Σύρου

2073 5402 2283 5475 ἀνδρὸς,
2316 5405 2507 5473 σοφίας
2530 5404 2800 5475 κοσμικῆς
2826 5401 3078 5456 τοσοῦτον
3098 5399 3492 5471 ἀφεστηκότος,
3519 5396 3644 5450 ὅσον

2075 5493 2240 5564 ὲΥγὺς
2263 5489 2332 5567 ἦν
2350 5494 2451 5566 τῆς
2466 5493 2867 5571 τῶν-ἀληθινῶν
2890 5493 3220 5565 ἐπιστήμης.
3248 5489 3439 5559 Ἔλεγε
3465 5485 3645 5542 τοίνυν
