4040 6216
1531 365 1594 422 D.
1630 364 1774 423 JUL.
1810 365 2139 421 GARNEHH
2184 360 2573 419 PRIEFATIO.

3419 380 3551 423 σωκ
3560 385 3586 423 Χ
3595 385 3666 425 VII

427 478 530 548 τὴν
564 475 674 530 τῶν
706 476 893 548 Σύρων
937 479 1117 551 φωνὴν
1151 481 1604 557 ὲμφατικωτέραν
1635 504 1695 540 τε
1730 486 1889 553 εἶναι,
1916 491 1995 543 κα¹

2115 488 2275 541 liceat
2298 501 2419 541 eum
2448 486 2642 555 partim
2672 500 2791 539 cum
2821 485 2988 539 fratre
3019 484 3339 552 convenire,
3370 488 3565 555 partim
3601 492 3663 544 ab

426 568 515 621 διὰ
548 569 645 639 τὴν
676 570 812 639 πρὸς
860 570 955 640 τὴν
1010 572 1265 641 Ἐϐραῖδα
1304 577 1599 643 γειτνίασιν
1639 578 1837 649 μᾶλλόν
1889 600 2005 645 πως

425 665 493 733 τῇ
521 660 699 731 ἐννοίᾳ
732 662 840 713 τῶν
874 663 1104 731 Γραφῶν
1146 667 1543 736 προσεγγίζειν.
1584 667 1738 725 Εἶναι
1775 667 1866 726 οὖν
1904 675 2004 746 τὴν

425 753 662 806 διάνοιαν
694 752 786 804 τοῦ
820 753 983 823 ῥητοῦ
1012 757 1287 827 τοιαύτην.
1330 760 1400 811 Τὸ
1433 761 1782 830 ἐπεφέρετο,
1815 766 2001 835 φησὶν,

426 843 766 914 ἐξηγοῦνται,
797 847 917 899 dum
961 847 1054 899 τοῦ
1092 849 1437 906 συνέθαλπε
1465 855 1559 906 καὶ
1592 855 1872 924 ἐζωογόνει
1903 858 2003 927 τὴν

424 934 530 986 τῶν
556 935 762 988 ὑδάτων
788 936 967 1003 φύσιν,
1003 938 1142 991 κατὰ
1168 939 1264 1010 τὴν
1295 943 1478 996 εἰκόνα
1511 945 1609 1013 τῆς
1654 947 2002 1017 ἐπωαζούσης

424 1027 651 1098 ὄρνιθος,
684 1028 775 1081 καὶ
809 1029 1043 1099 ζωτικὴν
1070 1050 1187 1086 τινα
1216 1033 1444 1105 δύναμιν
1470 1039 1705 1108 ὲνιείσης
1730 1044 1841 1103 τοῖς
1876 1043 2002 1094 ὑπο.

426 1122 1106 1192 θαλπομένοις.-Τοιοῦτόν
1151 1127 1271 1180 τινά
1328 1146 1490 1197 φασιν
1542 1132 1643 1183 ὑπὸ
1682 1132 1783 1200 τῆς
1821 1134 2001 1203 φωνῆς

424 1216 626 1284 ταύτης
666 1216 1104 1286 παραδηλοῦσθαι
1135 1220 1226 1274 τὸν
1275 1221 1420 1287 νοῦν,
1456 1224 1530 1287 ὡς
1575 1226 2001 1297 ἐπιφερομένου

424 1304 529 1356 τοῦ
555 1306 915 1372 Πνεύματος,
946 1308 1208 1370 τουτέστι,
1255 1310 1390 1381 πρὸς
1426 1313 1717 1381 ζωογονίαν
1768 1317 1867 1386 τὴν
1905 1315 1998 1370 τοῦ

425 1392 615 1456 ὓδατος
662 1394 821 1462 φύσιν
869 1399 1397 1467 παρασκευάζοντος.
1456 1420 1475 1453 ι
1532 1405 1710 1458 Dicam
1758 1407 1851 1460 tibi
1894 1422 1999 1463 non

428 1499 627 1550 meam,
688 1489 780 1539 sed
838 1488 940 1542 viri
1001 1488 1120 1558 Syri
1175 1494 1536 1557 scrutantium,
1596 1498 1685 1564 qui
1729 1507 1930 1551 tantum
1968 1513 1997 1552 a

428 1576 612 1628 mundi
645 1576 877 1630 distabat
910 1581 1196 1647 sapientia,
1229 1596 1483 1650 quantum
1521 1585 1584 1637 ad
1628 1602 1806 1639 rerum
1842 1603 1999 1641 vera-

425 1680 544 1717 rum
566 1668 848 1721 scientiam
876 1672 1369 1742 appropinquabat.
1398 1677 1586 1731 Aicbat
1625 1679 1788 1747 igitur
1812 1693 1995 1733 vocem

429 1754 688 1825 Syrorum
716 1772 768 1813 et
818 1762 1297 1830 signiﬁcantiorem
1344 1782 1484 1830 esse,
1516 1778 1570 1822 et
1600 1768 1667 1823 ob
1694 1785 1844 1824 suam
1873 1785 1993 1825 cum

427 1845 691 1901 llebraica
721 1850 923 1921 ,lingua
982 1855 1379 1921 cognationem,
1433 1859 1664 1926 quodam
1720 1861 1876 1913 modo
1925 1862 1991 1914 ad
2022 1846 2065 1901 Β

430 1942 833 2009 Scripturarum
869 1960 1087 2000 sensum
1121 1949 1341 2016 propius
1379 1950 1656 2005 accedere.
1702 1950 1885 2021 Itaque
1914 1963 1992 2006 ta-

429 2031 534 2085 lem
563 2034 776 2087 dicebat
799 2050 919 2090 esse
951 2035 1108 2103 hujus
1144 2037 1272 2092 dicti
1309 2042 1653 2096 sententiam.
1708 2045 1862 2107 lllud,
1912 2046 1993 2098 in-

431 2126 684 2192 quiebat,
736 2128 990 2192 verbum,
1058 2131 1516 2198 superferebatur,
1573 2135 1992 2204 interpretantes

431 2227 648 2270 sumunt
678 2235 774 2287 pro
802 2223 989 2281 verbo.
1025 2224 1330 2291 confovebal
1351 2266 1365 2289 ,
1396 2237 1451 2280 et
1499 2236 1704 2283 naturae
1732 2244 1993 2299 aquarum

430 2309 540 2360 vim
579 2310 848 2365 tribuebat
878 2312 1195 2375 fetiﬁcandi.
1230 2316 1400 2370 instar
1432 2319 1735 2375 incubantis
1768 2323 1913 2385 avis,
1942 2330 1997 2376 et

432 2401 651 2453 vitalem
676 2403 960 2469 quamdam
982 2404 1286 2461 facultatem
1315 2409 1378 2462 iis
1405 2426 1522 2477 qua:
1552 2412 1865 2466 fovebantur
1888 2414 1988 2466 im-

430 2494 731 2559 partientis.
770 2494 950 2549 Talem
984 2503 1269 2565 quamdam
1294 2500 1699 2571 intelligentiam
1725 2506 1873 2561 aiunt
1896 2508 1996 2563 hac

430 2597 563 2637 voce
620 2584 866 2643 indicari.
918 2586 1183 2643 Nimirum
1236 2592 1499 2660 ferebatur
1546 2593 1775 2662 Spiritus
1842 2616 1996 2666 super

428 2690 616 2743 aquas,
657 2676 757 2728 hoc
783 2684 888 2742 est,
922 2688 1168 2733 naturam
1198 2696 1349 2751 aqua:
1376 2683 1442 2737 ad
1466 2684 1692 2738 feturam
1713 2701 1997 2756 pra‘para—

431 2762 543 2819 bat.
583 2782 602 2815 ι
635 2764 843 2819 Addam
863 2774 916 2820 et
948 2767 1074 2823 illud
1100 2769 1421 2840 Augustini,
1459 2792 1481 2826 ι
1516 2778 1806 2831 secundum
1846 2778 1996 2850 Syrte

430 2852 625 2924 lingua:
668 2856 1026 2924 intellectum,
1061 2875 1183 2929 quae
1233 2863 1413 2919 vicina
1447 2874 1530 2921 est
1577 2865 1843 2935 Hebraeae,
1884 2889 1903 2922 ›
1929 2872 1993 2927 ad

432 2945 653 2998 verbum
680 2961 708 3000 e
736 2947 926 3003 Graeco
954 2951 1121 3005 videri
1153 2967 1485 3023 expressum.

542 3036 572 3107 §
602 3036 688 3093 IV.
720 3038 798 3093 De
828 3043 976 3110 aquis
1000 3059 1123 3112 quae
1149 3061 1307 3113 super
1334 3048 1487 3102 cwlos
1510 3065 1620 3103 esse
1641 3051 1910 3110 dicuntur.

504 3129 593 3184 23.
620 3129 882 3185 Convenit
918 3133 1058 3187 inter
1096 3136 1335 3191 ermlitos
1374 3137 1660 3210 Origeuem
1709 3143 1933 3199 indicari
1962 3161 1990 3199 a

430 3218 628 3272 Basilio
649 3223 895 3275 oratione
929 3224 1081 3278 tertia
1112 3226 1165 3277 in
1191 3224 1468 3293 Hexaem,
1498 3246 1641 3286 num.
1660 3231 1709 3286 9.
1732 3233 1992 3303 Origenes

432 3308 596 3370 extim,
656 3324 774 3377 qua
823 3320 939 3363 erat
987 3312 1086 3366 viri
1135 3314 1360 3379 indoles,
1410 3320 1656 3373 trahebat
1694 3324 1873 3376 omnia
1924 3326 1990 3378 ad

433 3398 736 3466 allegorias,
771 3416 835 3454 ex
877 3417 982 3470 quo
1020 3403 1182 3459 ﬁebat
1214 3418 1275 3461 ut
1300 3424 1493 3477 magno
1516 3409 1768 3465 Ecclesim
1795 3415 1995 3469 damno

434 3486 744 3571 Scripturas
785 3506 881 3546 suo
920 3495 1149 3563 quisque
1192 3498 1454 3551 arbitratu
1502 3508 1557 3553 et
1602 3499 1897 3570 intelligere
1940 3514 1994 3557 et

432 3581 778 3651 interpretari
834 3597 1033 3653 posset.
1084 3586 1368 3657 Origeuem
1417 3600 1593 3645 autem
1642 3594 1712 3645 ita
1756 3596 1994 3650 sensisse

433 3675 593 3727 docet
616 3674 942 3745 Epiphanius
972 3679 1024 3732 in
1054 3680 1288 3747 Epistola
1328 3682 1394 3735 ad
1430 3682 1689 3738 Joannem
1720 3684 1991 3756 Jerosoly-

432 3767 716 3832 mitanum,
741 3775 800 3820 ut
827 3768 1004 3835 legere
1030 3777 1110 3824 est
1148 3772 1286 3839 apud
1321 3770 1701 3842 Hieronymum
1724 3815 1739 3838 ,
1767 3776 1991 3845 epistola

432 3856 557 3908 olim
595 3855 684 3920 70,
732 3872 874 3912 nunc
902 3859 1022 3913 HO.
1073 3869 1216 3915 tomo
1248 3860 1338 3926 IV,
1386 3878 1509 3932 pag.
1542 3864 1665 3930 820,
1703 3864 1993 3934 Postquam

433 3946 595 4015 igitur
618 3947 948 4017 Epiphanius
980 3952 1261 4007 nonnullos
1307 3954 1553 4023 Origeuis
1599 3973 1815 4013 errores
1875 3975 1995 4029 per-

432 4040 686 4105 strinxit,
736 4042 815 4097 sic
864 4045 1222 4113 persequitur,
1279 4045 1603 4119 Ilieronymo
1655 4051 1984 4121 interprete:

438 4147 457 4181 t
489 4131 609 4185 lllas
642 4146 772 4187 vero
820 4136 1117 4205 praestigias
1147 4138 1268 4203 quis
1302 4154 1405 4193 non
1444 4141 1623 4195 statim
1654 4131 1873 4211 abjiciat
1914 4154 1995 4200 at-

431 4236 538 4289 que
592 4224 937 4277 contemnat?
986 4225 1196 4280 dicente
1239 4226 1511 4295 Origene,
1563 4230 1631 4286 de
1678 4233 1836 4301 aquis
1878 4248 1999 4303 quae

432 4325 595 4377 super
624 4314 1022 4369 ﬁrmamentum
1057 4326 1202 4391 sunt,
1237 4334 1340 4373 non
1388 4335 1507 4375 esse
1536 4336 1725 4391 aquas,
1774 4325 1866 4379 sed
1896 4325 2001 4387 for-

434 4403 691 4458 titudines
733 4406 994 4474 quasdam
1040 4410 1298 4478 angelicae
1335 4414 1617 4478 petestatis
1648 4431 1662 4465 ε
1696 4425 1749 4469 et
1781 4432 1993 4472 rursum

2106 592 2169 631 eo
2199 578 2531 645 discrepare.
2565 576 2823 630 Dissentit
2851 576 2901 628 in
2946 590 3010 630 eo
3036 591 3066 629 a
3096 574 3282 641 fratre,
3312 578 3455 647 quod
3501 593 3663 649 aquas

2103 669 2225 723 illas
2256 669 2452 736 quibus
2478 667 2793 723 incubuiSSe
2822 668 3017 721 dicitur
3043 667 3275 737 Spiritus
3313 669 3403 725 Dei
3424 709 3439 734 ,
3471 682 3523 724 et
3549 686 3663 739 ψιελδ

2102 775 2263 831 supra
2295 761 2695 815 ﬁrmamentum
2728 761 3107 827 constiterunt,
3138 762 3384 817 crelestes
3408 766 3664 832 quasdam

2102 868 2221 908 esse
2264 854 2492 907 virtutes
2544 860 2693 921 putet
2741 867 2756 903 :
2796 852 2846 906 in
2895 868 2958 907 eo
3002 867 3131 908 vero
3176 855 3487 919 assentitur,
3524 856 3664 924 quod

2101 958 2257 1013 teque
2282 960 2345 999 ac
2371 943 2603 999 Basilius
2634 943 2916 999 inferiores
2941 958 3106 1012 aquas
3145 946 3323 1015 abyssi
3368 961 3463 1016 pro
3491 946 3663 1000 rebel-

2103 1037 2240 1091 libus
2263 1052 2326 1090 ac
2352 1037 2604 1106 malignis
2635 1037 2989 1105 potestatibus
3015 1038 3258 1105 accipere
3286 1040 3436 1092 nolit.
3469 1038 3659 1091 Mirum

2101 1129 2333 1184 fortasse
2361 1129 2627 1182 videbitur
2656 1128 2973 1195 Gregorium
3006 1144 3035 1180 a
3064 1128 3229 1183 fratre
3258 1128 3474 1193 Basilio,
3500 1144 3659 1198 quem

2101 1222 2260 1276 unice
2285 1221 2495 1276 colebat
2521 1236 2584 1275 ac
2612 1220 2950 1283 observabat,
2983 1220 3035 1273 in
3067 1235 3124 1273 re
3171 1220 3474 1287 hujusmodi
3508 1220 3663 1275 dissi-

2101 1315 2251 1378 dere,
2274 1323 2435 1382 atque
2456 1312 2701 1379 Origenis
2726 1311 3029 1381 opinionem
3056 1311 3293 1380 opinioni
3320 1311 3500 1366 fratris
3523 1328 3661 1381 pra:—

2104 1405 2306 1460 tulisse.
2361 1404 2510 1459 Hanc
2578 1413 2755 1457 tamen
2804 1402 3049 1472 Gregorii
3119 1402 3282 1458 fuisse
3332 1404 3662 1472 opinionem,

2100 1511 2218 1551 esse
2256 1496 2528 1550 hominem
2561 1496 2646 1564 qui
2680 1503 2835 1564 neget
2863 1495 3100 1548 arbitror
3133 1496 3435 1559 neminem,
3469 1495 3514 1549 si
3547 1509 3665 1564 quae

2098 1587 2411 1657 subjicimus
2437 1584 2681 1653 Gregorii
2730 1584 2888 1639 verba
2934 1584 3210 1653 aliquanto
3246 1584 3553 1653 diligentius
3590 1583 3664 1637 le-

2097 1679 2253 1747 gerit.
2289 1677 2378 1731 Sic
2408 1679 2588 1743 itaque
2605 1678 2839 1745 loquitur
2859 1674 3146 1743 Gregorius
3174 1673 3266 1727 lib.
3288 1675 3344 1727 in
3374 1672 3660 1737 Hexaem.,

2097 1786 2218 1839 pag.
2253 1769 2317 1822 15
2345 1785 2358 1820 :
2399 1769 2470 1821 Τὸ
2507 1770 2563 1821 δὲ
2602 1769 2743 1837 ὕδωρ
2767 1761 2811 1835 ᾧ
2837 1768 2894 1819 τὸ
2925 1764 3144 1836 Πνεῦμα
3178 1765 3270 1818 τοῦ
3301 1765 3433 1818 Θεοῦ
3466 1767 3663 1835 ἐπεφέ-

2097 1876 2236 1929 ρετο,
2272 1858 2401 1911 ἄλλο
2438 1877 2489 1911 τι
2520 1860 2668 1930 παρὰ
2703 1861 2801 1930 τὴν
2845 1860 3135 1930 κατωφερῆ
3170 1858 3371 1929 ταύτην
3403 1858 3509 1912 τῶν
3541 1861 3662 1929 ῥευ-

2095 1951 2233 2004 στῶν
2262 1950 2466 2004 ὑδάτων
2503 1951 2661 2019 φύσιν
2697 1951 2863 2014 ἐστὶν,
2900 1951 2933 2001 δ’
2964 1950 3038 2020 τῷ
3065 1950 3400 2021 στερεώματι
3432 1950 3566 2021 πρὸς
3602 1950 3663 2001 τὸ

2095 2044 2227 2115 βαρύ
2276 2061 2335 2095 τε
2383 2044 2476 2095 καὶ
2524 2042 2837 2113 κατωφερὲς
2882 2042 3027 2111 ὕδωρ
3075 2040 3475 2113 διατειχίζεται.
3516 2043 3579 2095 Εἰ
3607 2041 3662 2093 δὲ

2095 2135 2234 2207 ὕδωρ
2264 2137 2482 2188 κάκεῖνο
2537 2134 2685 2203 παρὰ
2731 2136 2829 2204 τῆς
2861 2134 3081 2205 Γραφῆς
3116 2134 3463 2205 ὀνομάζεται,
3573 2132 3661 2185 διὰ

2092 2228 2191 2297 τῆς
2234 2227 2570 2296 ὑψηλοτέρας
2618 2224 2850 2295 Θεωρίας
2899 2225 2959 2277 τὸ
3000 2225 3108 2277 τῶν
3140 2224 3344 2295 νοητῶν
3384 2224 3661 2293 δυνάμεων

2094 2320 2364 2389 πλήρωμα
2408 2316 2769 2389 σημαίνεσθαι
2824 2313 3222 2387 στοχαζόμεθα,
3260 2313 3547 2381 ξενιζὲσθω
3574 2313 3661 2366 διὰ

2094 2412 2191 2481 τῆς
2205 2411 2520 2481 ὁμωνυμίας
2548 2409 2755 2479 μηδείς,
2783 2416 2887 2461 etc.
2913 2426 2932 2459 ι
2950 2410 3102 2476 Aqua
3116 2406 3353 2477 profecto
3377 2421 3537 2475 super
3554 2420 3662 2474 qua

2094 2502 2369 2557 ferebatur
2418 2503 2652 2569 Spiritus
2711 2502 2839 2566 Dei,
2900 2501 3111 2555 diversa
3168 2508 3251 2554 est
3314 2497 3381 2551 ab
3433 2499 3660 2552 istarum

2096 2608 2358 2663 aquarum
2418 2602 2633 2657 natura,
2688 2606 2809 2660 qua:
2864 2592 3113 2645 deorsum
3166 2588 3337 2643 ﬂuunt
3380 2598 3434 2641 et
3479 2589 3662 2642 ﬁrma-

2096 2695 2278 2739 mento
2325 2683 2393 2737 ab
2448 2698 2587 2752 aqua
2643 2682 2791 2752 gravi
2850 2692 2904 2735 et
2953 2682 3021 2735 ad
3089 2679 3343 2736 inferiora
3412 2680 3663 2735 tendente

2096 2776 2412 2845 sejungitur.
2439 2775 2589 2841 Quod
2618 2782 2796 2828 autem
2845 2773 2897 2826 in
2931 2770 3211 2840 Scriptura
3244 2778 3466 2825 vocetur
3508 2784 3649 2839 aqua

2097 2870 2260 2924 etiam
2292 2867 2405 2933 illa,
2447 2882 2561 2935 qua
2602 2865 2905 2920 sublimiori
2954 2863 3405 2932 contemplatione
3449 2862 3658 2916 divina-

2098 2975 2217 3013 rum
2274 2960 2533 3015 mentium
2588 2958 2883 3027 plenitudo
2915 2956 3271 3026 signiﬁcatur,
3320 2970 3388 3011 ne
3437 2955 3560 3024 quis
3607 2955 3659 3008 id

2099 3050 2333 3106 alienum
2360 3060 2454 3103 aut
2480 3066 2675 3106 novum
2704 3058 2876 3117 putet,
2903 3067 2922 3099 ι
2948 3059 3056 3103 etc.
3085 3046 3151 3100 Et
3175 3048 3335 3117 paulo
3363 3054 3483 3117 post
3508 3064 3521 3100 :
3549 3047 3659 3098 Και

2102 3159 2168 3214 με
2206 3141 2393 3212 μηδεὶς
2421 3140 2714 3195 ὑπονοείτω
2745 3140 2830 3193 διὰ
2869 3140 2965 3209 τῆς
3010 3138 3364 3210 τροπολογίας
3403 3138 3659 3207 σύγχυσιν

2095 3234 2319 3300 ἐπάγειν
2356 3232 2421 3301 τῇ
2459 3230 2661 3301 θεωρίᾳ
2706 3229 2805 3300 τῆς
2836 3229 3067 3295 λέξεως,
3116 3228 3191 3292 ὡς
3231 3228 3349 3290 ταῖς
3387 3226 3661 3289 ὑπονοίαις

2094 3324 2200 3375 τῶν
2233 3322 2337 3393 πρὸ
2377 3322 2533 3393 ἡμῶν
2560 3320 2628 3374 τὰ
2658 3318 2879 3373 τοιαῦτα
2924 3318 3343 3389 τεθεωρηκότων
3388 3317 3661 3388 συμφέρει

2096 3415 2254 3479 σθαι,
2305 3413 2400 3467 καὶ
2448 3413 2625 3481 λέγειν
2673 3412 2771 3475 τὰς
2822 3414 2919 3481 μὲν
2977 3411 3346 3475 ἁποστατικὰς
3403 3410 3661 3481 δυνάμεις

2093 3506 2326 3561 ἄϐυσσον
2377 3504 2663 3573 λέγεσθαιο
2704 3503 2793 3556 τὸν
2831 3504 2887 3555 δὲ
2932 3504 3350 3574 κοσμοκράτορα
3383 3501 3477 3555 τοῦ
3532 3500 3657 3554 σκό-

2094 3613 2238 3658 τους,
2269 3595 2333 3647 τὸ
2376 3594 2560 3647 ἐπάνω
2589 3594 2690 3663 τῆς
2719 3594 2954 3647 ἀϐύσσου
2993 3594 3227 3651 νοεῖσθαι
3258 3593 3465 3655 σκότος.
3502 3609 3520 3642 t
3550 3591 3661 3645 Nec

2096 3688 2383 3755 quisquam
2428 3685 2725 3739 arbitretur
2762 3699 2861 3738 nos
2899 3684 3188 3737 verborum
3223 3682 3655 3750 interpretationi

2094 3793 2160 3831 ex
2194 3779 2295 3831 hac
2342 3775 2531 3830 morali
2568 3774 2909 3845 expositione
2940 3772 3314 3827 confusionem
3343 3769 3555 3835 afferre,
3598 3778 3675 3825 ut-

2094 3868 2435 3939 opinionibus
2463 3883 2650 3923 eorum
2699 3867 2791 3938 qui
2834 3875 2959 3920 ante
2991 3880 3087 3919 nos
3123 3864 3461 3933 interpretati
3511 3871 3657 3926 sunt,

2095 3960 2392 4026 faveamus,
2436 3960 2783 4027 dicamusque
2826 3965 3120 4027 potestates
3151 3954 3269 4009 illas
3297 3969 3415 4023 quae
3448 3953 3660 4008 defece-

2096 4061 2258 4117 runt,
2308 4054 2558 4122 abyssum
2601 4052 2741 4115 dici;
2790 4049 3083 4119 principem
3126 4062 3253 4102 vero
3303 4047 3657 4100 tenebrarum

2098 4142 2324 4211 intelligi
2354 4139 2603 4196 tenebras
2637 4140 2777 4204 illas,
2804 4153 2925 4207 qua:
2953 4151 3116 4205 super
3146 4137 3400 4207 abyssum
3430 4143 3604 4189 erant.
3633 4150 3653 4183 ι

2098 4232 2252 4300 Quod
2303 4247 2467 4301 supra
2518 4231 2773 4291 diximus,
2818 4228 3135 4299 Gregorium
3185 4242 3214 4280 a
3269 4225 3466 4280 Basilio
3503 4225 3555 4278 in
3596 4238 3661 4278 eo

2101 4326 2416 4389 dissentire,
2447 4324 2589 4393 quod
2624 4338 2792 4393 aquas
2821 4337 2932 4387 eas,
2963 4321 3158 4390 quibus
3189 4318 3500 4374 incubuisse
3526 4316 3662 4371 scri—

2099 4416 2244 4471 bitur
2306 4414 2541 4484 Spiritus
2586 4414 2717 4480 Dei,
2763 4422 2818 4468 et
2862 4427 2981 4482 quae
3044 4426 3207 4480 supra
3262 4410 3661 4463 ﬁrmamentum

433 4511 604 4565 aquas
649 4511 769 4566 quae
797 4511 958 4566 super
1004 4508 1200 4554 terram
1244 4512 1389 4568 sunt,
1420 4505 1521 4559 hoc
1552 4516 1655 4571 est,
1681 4509 1779 4563 sub
1813 4509 1994 4564 ﬁrma-
2024 4523 2075 4578 Ῑ)
2098 4506 2487 4569 constiterunt,
2537 4505 2985 4575 Origenianorum
3020 4518 3169 4557 more
3214 4516 3310 4571 per
3351 4499 3660 4568 allegoriam

432 4599 637 4654 mento,
667 4604 788 4645 esse
815 4591 1042 4645 virtutes
1071 4594 1370 4648 contrarias
1389 4633 1404 4659 ,
1436 4598 1492 4651 id
1520 4605 1602 4653 est
1639 4600 1928 4655 daemones.
1970 4620 1989 4652 ›

435 4678 798 4750 Hieronymus
820 4694 1033 4749 quoque
1061 4688 1115 4734 et
1160 4681 1305 4736 hunc
1350 4682 1522 4751 ipsum
1573 4700 1812 4741 errorem
1856 4688 1995 4741 inter

430 4781 553 4826 octo
582 4772 831 4843 Origeuis
883 4787 1096 4829 errores
1146 4788 1437 4832 recensere
1472 4792 1576 4832 non
1626 4779 1828 4833 omisit.
1868 4780 1992 4834 Hie-

432 4865 640 4934 ronymi
669 4875 849 4921 autem
878 4868 1039 4921 verba
1082 4874 1207 4922 sunt
1244 4881 1309 4923 ex
1334 4856 1557 4939 epistola
1592 4871 1681 4937 ‘58,
1725 4872 1789 4927 ad
1833 4873 1993 4927 Pam-

431 4955 723 5020 machium,
771 4965 913 5010 tomo
966 4956 1053 5020 ιν,
1088 4972 1207 5026 pag.
1240 4957 1343 5010 510
1374 4976 1387 5011 :
1418 4977 1437 5009 ι
1475 4959 1698 5014 Sextum
1737 4962 1878 5030 quod
1908 4962 1991 5016 sic

430 5046 737 5114 paradisum
759 5046 1092 5115 allegorizet,
1114 5056 1169 5101 ut
1195 5047 1429 5103 historiae
1450 5049 1659 5103 auferat
1679 5051 1987 5116 veritatem,

430 5152 526 5203 pro
564 5137 846 5191 arboribus
877 5138 1125 5208 angelos,
1162 5154 1258 5207 pro
1287 5141 1594 5196 ﬂuminibus
1620 5142 1845 5196 virtutes
1875 5157 1991 5197 cte-

431 5225 591 5279 lestes
630 5225 968 5293 intelligens,
1019 5235 1290 5295 totamque
1333 5228 1566 5297 paradisi
1602 5229 1992 5283 continentiam

434 5319 758 5389 tropologica
813 5319 1257 5389 interpretatione
1320 5321 1616 5376 subvertat.
1670 5321 1991 5389 Septimum,

432 5414 570 5479 quod
611 5426 777 5481 aquas
810 5426 927 5480 quae
956 5426 1117 5480 super
1164 5413 1331 5468 cmlos
1358 5413 1409 5467 in
1436 5412 1724 5481 Scripturis
1764 5428 1884 5467 esse
1912 5414 1994 5468 di-

433 5511 649 5565 cuntur,
704 5512 920 5558 sanctas
966 5518 1337 5573 supernasque
1367 5505 1630 5571 virtutes;
1664 5520 1783 5572 quae
1832 5520 1992 5574 super

429 5598 631 5643 terram
677 5601 732 5644 et
760 5591 897 5644 infra
940 5600 1163 5657 terram,
1194 5595 1493 5649 contrarias
1537 5604 1596 5648 et
1634 5596 1991 5652 dazmoniacas

431 5696 553 5739 esse
586 5681 901 5736 arbitretur.
940 5702 959 5736 ι
1010 5683 1303 5752 Gregorius
1350 5685 1529 5740 Basilii
1581 5685 1749 5740 frater
1788 5687 1987 5743 subob-

433 5773 645 5828 scurius
693 5789 754 5829 ea
799 5772 864 5830 de
900 5790 955 5830 re
1003 5777 1241 5843 disserit,
1282 5778 1359 5832 sic
1398 5789 1597 5841 tamen,
1641 5790 1696 5833 ut
1739 5779 1987 5851 colligere

2102 4600 2483 4665 interpretatus
2534 4596 2641 4659 sit,
2695 4595 2938 4664 nihilque
2993 4608 3113 4649 esse
3161 4592 3305 4646 aliud
3368 4589 3661 4645 crediderit

2101 4688 2205 4741 nisi
2242 4686 2490 4741 caelestes
2519 4685 2775 4755 quasdam
2809 4696 2969 4752 atque
3009 4682 3370 4752 intelligibiles
3406 4682 3657 4741 virtutes,

2100 4779 2152 4833 id
2188 4778 2419 4833 miriﬁce
2443 4792 2509 4831 ex
2557 4778 2797 4847 ejusdem
2832 4775 3071 4845 Gregorii
3119 4774 3509 4844 posterioribus
3539 4788 3660 4827 ver-

2102 4869 2186 4923 bis
2218 4866 2590 4922 conﬁrmatur.
2622 4867 2833 4921 Etenim
2876 4867 2979 4919 nisi
3015 4863 3305 4933 Gregorius
3351 4862 3574 4932 perinde
3601 4868 3660 4914 ut

2104 4957 2367 5027 Origenes
2412 4957 2717 5025 superiores
2767 4970 2935 5024 aquas
2970 4968 3066 5023 pro
3098 4952 3296 5007 sanctis
3320 4966 3384 5005 ac
3413 4950 3659 5021 supernis

2100 5048 2390 5103 virtutibus
2443 5047 2777 5117 accepisset,
2826 5045 3011 5115 procul
3067 5044 3227 5099 dubio
3278 5042 3489 5097 amoliri
3534 5057 3564 5095 a
3600 5056 3660 5097 se

2096 5139 2245 5195 illam
2289 5139 2599 5210 opinionem
2648 5138 2945 5202 debuisset,
2996 5136 3446 5207 quemadmodum
3494 5150 3659 5203 repu-

2095 5234 2247 5289 diare
2290 5247 2348 5287 se
2379 5240 2605 5287 testatus
2650 5242 2736 5287 est
2781 5230 3002 5285 alteram
3034 5228 3271 5296 ejusdem
3321 5228 3659 5297 Origeniana:

2095 5327 2381 5382 sententiae
2416 5334 2659 5394 partem,
2712 5339 2832 5394 qua:
2886 5322 3171 5377 inferiores
3226 5337 3396 5389 aquas
3442 5321 3656 5392 abyssi,

2094 5424 2369 5486 apostatas
2397 5414 2518 5469 illas
2540 5413 3259 5483 potestatesinterpretatur.
3293 5411 3499 5479 Itaque,
3532 5411 3657 5463 dum

2093 5523 2257 5564 unam
2299 5513 2507 5561 tantum
2537 5506 2877 5574 Origeniante
2911 5503 3183 5573 opinionis
3214 5511 3422 5573 partem
3462 5502 3657 5570 rejicit,

2098 5600 2348 5670 amplecti
2389 5615 2448 5655 se
2495 5600 2722 5653 alteram
2756 5615 2863 5653 non
2900 5598 3130 5651 obscure
3164 5597 3388 5650 indicat.
3440 5595 3549 5648 Nec
3580 5595 3657 5647 in-

2088 5691 2409 5762 jucundum,
2454 5702 2603 5762 puto,
2638 5707 2737 5747 nec
2766 5692 2956 5744 inutile
3002 5690 3163 5745 fuerit
3208 5703 3447 5743 errorem
3496 5685 3655 5740 Justi-

2093 5785 2238 5841 niani
2272 5786 2837 5852 imperatorisnotare.
2876 5785 3107 5848 Etenim,
3142 5784 3263 5839 dum
3303 5781 3527 5837 aliorum
3568 5794 3651 5834 ar-
