4040 6216
358 333 627 396 ειιικνὴι

1699 343 2237 403 PROLEGOMENA.

357 465 594 523 guuntur
641 467 876 520 errores,
919 453 1172 525 quilibet,
1222 462 1283 511 ut
1333 436 1547 512 cautior
1575 471 1638 515 ac
1669 460 1921 515 conside-
1950 465 1998 523 Α
2028 475 2144 515 rum
2176 473 2317 525 esse,
2365 458 2411 514 si
2461 472 2566 528 qua
2610 455 2880 514 Ambrosii
2920 455 3038 511 loca
3089 454 3361 511 illustrare
3404 470 3595 512 coner.

297 566 302 572 ’
357 547 528 600 ratior
561 547 614 600 iu
649 545 934 602 scribendo
962 547 1055 613 sit,
1085 548 1430 604 admonetur.
1466 549 1710 605 Primum
1758 553 1926 621 igitur

357 635 693 692 Justiniauus
723 636 808 692 illa
837 635 1021 694 Basilii
1053 640 1215 696 verba
1252 641 1349 713 (α),
1380 641 1543 713 Ἡμῖν
1570 642 1628 696 δὲ
1657 643 1751 698 καὶ
1790 644 1928 714 πρὸς

356 727 484 790 τοὺς
527 727 634 780 ἀπὸ
664 727 764 797 τῆς
807 728 1131 798 Ἐκκλησίας
1169 731 1288 784 ἐστι
1327 749 1411 796 τις
1449 731 1605 800 λόγος
1649 735 1778 804 περὶ
1817 733 1928 786 τῶν

355 813 743 885 ὕιακριθέντων
793 816 1028 883 ὑδάτων,
1075 829 1218 884 etc.,
1260 820 1314 874 in
1369 822 1604 876 medium
1655 824 1865 892 profert
1907 843 1922 879 :

358 921 478 975 quae
512 922 632 962 eum
676 907 752 964 ita
791 910 1135 980 interpretari
1181 913 1455 970 debuisset
1480 928 1510 978 :_
1537 932 1558 966 ι
1588 915 1728 982 Quin
1761 915 1926 971 etiam

357 997 554 1066 aliquis
584 1000 740 1055 nobis
769 1002 1027 1057 adversus
1055 1002 1461 1060 ecclesiasticos
1492 1006 1755 1076 quosdam
1791 1007 1927 1062 seri-

357 1098 544 1158 ptores
568 1089 634 1144 de
662 1091 909 1148 discretis
931 1094 1086 1163 aquis
1112 1095 1388 1150 habendus
1417 1108 1498 1153 est
1527 1113 1728 1163 sermo,
1758 1117 1779 1150 »
1814 1099 1926 1168 ipsa

357 1196 466 1239 non
509 1190 614 1235 tam
664 1185 850 1250 vertit,
895 1201 1055 1254 quam
1091 1190 1370 1256 pervertit.
1418 1188 1522 1246 Sed
1561 1190 1778 1259 expedit
1812 1193 1926 1260 ipsa

356 1268 650 1329 Iustiniani
695 1276 883 1342 verba,
930 1293 1036 1348 quo
1069 1280 1212 1334 illius
1259 1296 1413 1336 error
1461 1284 1633 1352 magis
1680 1283 1926 1347 eluceat,

360 1363 586 1420 referre.
636 1366 764 1424 Haac
793 1379 975 1425 autem
1029 1383 1157 1426 sunt
1197 1388 1229 1428 e
1267 1383 1496 1428 tractatu
1550 1377 1805 1446 quodam,
1836 1379 1928 1447 qui

363 1465 508 1510 tomo
534 1457 578 1512 ν
607 1457 768 1516 Canc.
801 1463 1053 1519 editionis
1083 1463 1278 1530 Labb.,
1307 1482 1433 1536 pag.
1461 1467 1587 1534 66!,
1617 1470 1927 1538 reperitur:

355 1548 450 1600 Δεῖ
491 1547 548 1602 δὲ
581 1551 869 1622 προσέχειν
900 1555 1026 1618 τοὺς
1064 1557 1362 1628 ἀκροατὰς,
1411 1561 1493 1613 ἔτι
1533 1559 1610 1630 τῷ
1635 1562 1809 1614 εἰπεῖν
1837 1561 1930 1616 τὸν

357 1638 599 1713 Πατέρα,
645 1645 791 1717 Πρὸς
841 1647 968 1711 τοὺς
1000 1647 1108 1702 ἀπὸ
1162 1651 1263 1722 τῆς
1312 1652 1636 1723 Ἐκκλησίας
1681 1653 1800 1707 ἐστι
1846 1671 1930 1718 τις

356 1731 491 1800 ἡμῖν
537 1733 726 1803 λόγος,
775 1739 902 1809 περὶ
949 1741 1256 1810 Ὠριγένους
1300 1744 1635 1814 διαλέγεται,
1680 1746 1780 1818 τῆς
1833 1747 1928 1801 τοῦ

358 1819 493 1874 Θεοῦ
535 1825 754 1896 χάριτος
791 1829 888 1882 acati.
930 1829 1032 1900 τῆς
1069 1832 1232 1900 ἁγίας
1287 1833 1377 1888 τοῦ
1420 1811 1554 1889 Θὲοῦ
1605 1811 1933 1910 Ἐκκλησίας
1963 1811 2006 1868 Β

355 1912 738 2002 ἀπελαθέντος,
785 1919 882 1974 καὶ
924 1921 1031 1976 τῶν
1087 1925 1404 1996 ὁμοφρόνων
1449 1927 1664 1999 ἐκείνῳ.
1708 1930 1784 1983 Οὐ
1821 1931 1929 2002 γὰρ

355 1998 499 2070 εἷπε,
529 2006 673 2077 Πρδς
699 2011 823 2074 τοὺς
861 2013 920 2067 ἐν
952 2016 1018 2086 τῇ
1071 2016 1386 2090 Ἐκκλησίᾳ,
1434 2020 1589 2086 ἀλλὰ,
1618 2021 1760 2094 Πρὸς
1803 1998 1929 2086 τοὺς

353 2094 466 2148 ἀπὸ
510 2096 610 2168 τῆς
650 2101 974 2173 Ἐκκλησίας
1012 2107 1143 2178 ἡμῖν
1186 2108 1302 2161 ἐστι
1349 2127 1431 2174 τις
1472 2110 1648 2180 λόγος.
1692 2112 1802 2166 Καὶ
1842 2112 1930 2166 διὰ

358 2187 460 2254 μὲν
484 2188 579 2243 τοῦ
608 2191 803 2258 εἰπεῖν,
819 2193 1008 2265 Ἡμῖν,
1032 2198 1162 2261 τοὺς
1183 2199 1622 2271 τῆςἙκκλησίας
1658 2203 1894 2274 ἐδήλωσε
1911 2221 1926 2235 ·

355 2277 446 2333 διὰ
481 2278 538 2332 δὲ
578 2280 673 2334 τοῦ
705 2283 897 2351 εἰπεῖν,
928 2287 1064 2350 Τοὺς
1105 2287 1216 2340 ἀπὸ
1257 2290 1358 2362 τῆς
1411 2293 1756 2365 Ἐκκλησεας,
1804 2296 1931 2360 τοὺς

355 2370 561 2444 ταύτης
582 2374 960 2442 ἁποπεσόντας
982 2380 1080 2451 ὲσή
1091 2398 1279 2451 μανεν.
1312 2401 1331 2435 ι
1349 2383 1743 2441 Attendendum
1771 2402 1930 2458 porro

357 2470 445 2516 est
477 2465 838 2534 auditoribus,
871 2468 1114 2537 Patrem,
1155 2472 1248 2529 illo
1278 2476 1437 2531 modo
1465 2475 1714 2545 loquendi
1751 2494 1930 2547 usum,

357 2555 555 2611 Sermo
588 2560 806 2627 quidam
842 2563 998 2618 nobis
1031 2572 1115 2619 est
1145 2565 1212 2620 ad
1265 2581 1360 2622 eos
1408 2569 1498 2634 qui
1552 2579 1676 2624 sunt
1725 2571 1793 2627 ab
1825 2571 1932 2627 Ec-

361 2647 554 2716 clesia,
583 2651 650 2705 de
679 2651 912 2724 Origene
945 2656 1235 2720 disserere,
1261 2673 1291 2712 a
1322 2659 1416 2715 Dei
1457 2663 1629 2731 gratia
1659 2674 1714 2718 et
1742 2674 1932 2719 sancta

357 2737 454 2794 Dei
507 2741 742 2799 Ecclesia
793 2746 1040 2816 expulso,
1089 2749 1316 2821 ejusque
1381 2755 1735 2821 sequacibus.
1804 2756 1929 2810 Non

359 2827 505 2883 enim
561 2832 724 2899 dixit,
771 2833 853 2889 Ad
900 2851 994 2892 eos
1047 2839 1140 2907 qui
1190 2849 1318 2896 sunt
1365 2843 1418 2896 in
1471 2843 1754 2911 Ecclesia,
1797 2847 1931 2912 sed,

362 2919 556 2976 Sermo
593 2924 814 2992 quidam
845 2927 1002 2982 nobis
1029 2938 1111 2983 est
1138 2933 1205 2984 ad
1235 2946 1330 2986 eos
1361 2933 1452 3000 qui
1488 2942 1614 2987 sunt
1648 2934 1715 2988 ab
1744 2935 1934 2991 Eccle-

361 3011 464 3066 sia.
492 3012 559 3066 Et
590 3029 684 3082 per
712 3015 842 3070 illud
875 3018 1091 3085 quidem
1119 3020 1260 3088 quod
1289 3021 1439 3088 dicit,
1467 3020 1652 3088 Nobis,
1679 3025 1935 3080 Ecclesize

2027 551 2160 628 cum
2192 552 2337 606 enim
2368 550 2504 606 nihil
2533 551 2605 605 sit
2639 560 2839 620 praeter
2881 547 3220 619 Scripturam
3267 561 3478 603 sacram
3530 548 3599 604 li-

2034 645 2150 700 bris
2191 643 2412 698 Patrum
2443 643 2766 714 pretiosius,
2814 655 2975 697 nemo
3016 649 3138 706 est,
3178 639 3270 710 qui
3303 654 3368 695 ex
3409 653 3596 696 eorum

2027 736 2406 792 emendatione
2445 734 2775 806 singularem
2809 733 3099 804 quamdam
3134 732 3316 787 animo
3350 732 3598 801 volupta-

2029 837 2138 882 tem
2189 841 2384 897 capere
2417 841 2523 882 non
2558 825 2772 882 debeat.
2817 825 2928 880 Nec
2968 839 3294 894 quemquam
3329 833 3460 894 puto
3511 838 3598 879 re-

2029 923 2237 985 pertum
2267 915 2334 969 iri
2367 924 2476 970 tam
2505 915 2771 984 iniquum,
2806 916 2895 984 qui
2936 915 2988 968 id
3024 914 3257 968 alienum
3290 928 3410 968 esse
3443 929 3472 966 a
3508 929 3600 968 uo-

2029 1013 2142 1060 stro
2185 1007 2459 1075 proposito
2506 1005 2818 1060 arbitretur.
2864 1003 2997 1059 Cum
3043 1004 3185 1060 enim
3233 1001 3598 1058 Hexaemeron

2028 1097 2297 1152 Ambrosii
2328 1112 2433 1152 non
2468 1098 2741 1152 immerito
2769 1097 2872 1152 dici
2901 1095 3072 1166 possit
3104 1111 3240 1166 opus
3267 1096 3471 1162 Basilii,
3503 1110 3597 1150 eo-

2029 1189 2151 1244 dem
2175 1189 2298 1256 jure
2321 1199 2374 1245 et
2403 1199 2650 1244 nostrum
2682 1204 2897 1258 quoque
2921 1189 3026 1243 diei
3058 1198 3256 1257 potest,
3284 1189 3373 1258 qui
3402 1203 3596 1243 novam

2029 1280 2268 1334 omnium
2331 1279 2516 1334 Basilii
2584 1295 2806 1349 operum
2863 1280 3153 1334 editionem
3210 1280 3591 1349 suscipiamus.

2030 1369 2209 1435 Quare
2239 1369 2284 1424 si
2327 1370 2456 1437 quid
2494 1369 2635 1425 forte
2685 1368 2986 1424 occurrerit
3024 1369 3078 1422 in
3112 1367 3422 1432 Ambrosio,
3454 1366 3598 1436 quod

2030 1459 2279 1512 videatur
2303 1474 2468 1527 opera
2505 1469 2688 1514 nostra
2720 1458 3006 1514 dilucidari
3042 1473 3221 1528 posse,
3255 1458 3308 1512 id
3340 1458 3600 1513 adnotare

2032 1566 2137 1604 non
2187 1549 2409 1620 pigebit.
2456 1549 2699 1604 Primum
2740 1550 2983 1605 occurrit
3036 1550 3166 1604 illud
3217 1563 3249 1602 e
3294 1548 3389 1604 lib.
3428 1563 3489 1601 ιιι
3543 1548 3602 1598 is

2032 1644 2312 1710 llexaem.,
2346 1660 2466 1715 cap.
2499 1645 2586 1709 15,
2620 1659 2770 1698 num.
2798 1644 2905 1698 65:
2948 1662 2968 1694 ‹
2995 1643 3132 1710 Quid
3170 1652 3347 1697 autem
3389 1642 3484 1695 tibi
3515 1655 3602 1695 re-

2034 1738 2226 1802 feram,
2257 1736 2575 1792 clementem
2614 1736 2741 1790 licet
2769 1750 2892 1793 esse
2942 1750 3272 1801 sermonem,
3320 1734 3462 1803 quod
3499 1734 3603 1788 elc-

2031 1839 2208 1885 ctrum
2240 1829 2478 1898 lacryma
2505 1825 2720 1895 virgulti
2753 1827 2846 1882 sit.
2872 1845 2892 1878 i
2929 1825 3060 1891 Quae
3089 1827 3256 1881 verba
3291 1841 3411 1880 cum
3459 1825 3599 1894 lego,

2030 1921 2235 1991 pendeo
2275 1920 2479 1984 animi,
2528 1933 2627 1975 nec
2665 1920 2801 1974 bene
2848 1919 3084 1989 intelligo
3131 1934 3230 1973 cur
3277 1917 3599 1973 Ambrosius

2033 2026 2185 2064 suum
2222 2025 2527 2065 sermonem
2575 2009 2899 2064 clementem
2952 2010 3131 2078 potius
3179 2008 3382 2062 dixerit
3435 2022 3598 2077 quam

2033 2102 2427 2157 inclementem.
2475 2101 2614 2169 Quid
2665 2101 2812 2155 enim
2844 2113 3130 2156 commune
3171 2108 3256 2153 est
3304 2099 3604 2154 clemcn'ia:

2031 2210 2152 2249 cum
2185 2193 2419 2248 electro?
2462 2195 2600 2261 Quid
2631 2195 2697 2247 ad
2739 2208 2852 2248 rem
2889 2193 3017 2246 facit
3062 2191 3328 2245 sermonis
3366 2203 3460 2246 aut
3491 2191 3602 2245 cle-

2033 2284 2229 2338 mentia
2258 2293 2346 2338 aut
2397 2282 2784 2338 inelementia?
2816 2280 2917 2336 Vix
2965 2297 3098 2351 ergo
3141 2279 3396 2333 dubitari
3425 2288 3601 2349 potest

2032 2375 2160 2444 quin
2212 2375 2500 2429 mendosus
2533 2375 2604 2429 sit
2637 2375 2725 2428 hic
2771 2373 2941 2428 locus.
2971 2373 3225 2427 Fortasse
3256 2381 3434 2424 autem
3465 2369 3599 2424 ditii-

2032 2467 2136 2522 cile
2167 2482 2272 2522 non
2299 2467 2404 2522 erit
2431 2482 2554 2522 eum
2583 2466 2874 2520 emendare
2899 2481 2964 2519 ex
2993 2463 3198 2519 Grmcis
3227 2461 3434 2527 Basilii,
3462 2463 3601 2532 apud

2032 2573 2192 2628 quem
2239 2559 2314 2612 ita
2362 2558 2556 2626 legitur
2608 2560 2750 2612 hom.
2779 2559 2836 2623 5,
2874 2575 3022 2613 num.
3061 2559 3094 2613 8
3144 2578 3158 2614 :
3203 2557 3376 2624 Λόγος
3419 2556 3477 2608 δέ
3518 2556 3603 2620 τίς

2033 2651 2150 2703 ἐστι
2171 2650 2267 2704 καὶ
2288 2650 2348 2703 τὸ
2383 2650 2634 2722 ἐλεκτρον
2661 2649 2790 2703 ὀπὸν
2819 2645 2957 2704 εἶναι
2979 2651 3182 2720 φυτῶν,
3214 2671 3233 2702 ι
3262 2649 3464 2705 Ferunt
3497 2649 3606 2704 eie-

2041 2751 2216 2798 ctrum
2260 2757 2475 2811 quoque
2526 2757 2746 2796 succum
2803 2757 2923 2797 esse
2972 2742 3344 2812 plantarum.»
3394 2739 3602 2796 Etenim

2033 2833 2080 2889 si
2117 2849 2492 2903 comparemus
2519 2833 2880 2888 Ambrosiana
2911 2847 3035 2888 cum
3066 2831 3378 2896 Basilianis,
3411 2833 3591 2888 statim

2032 2927 2519 2982 animadvertimus
2547 2925 2890 2980 Ambrosium
2934 2924 3113 2996 palam
3146 2924 3456 2994 interpretis
3489 2939 3606 2993 par-

2037 3025 2118 3072 tes
2159 3031 2462 3086 peragere:
2499 3014 2697 3069 deinde
2729 3012 2888 3067 facile
2917 3011 2971 3066 in
3005 3020 3241 3065 mentem
3274 3011 3421 3065 venit
3461 3010 3604 3064 hunc

362 3104 609 3162 homines
640 3108 814 3163 dixit:
845 3124 943 3180 per
985 3111 1114 3166 illud
1144 3116 1371 3178 tantem,
1413 3114 1514 3182 Qui
1547 3125 1674 3170 sum,
1721 3116 1792 3171 ab
1827 3117 1931 3172 Ec-
1960 3145 2003 3203 α
2038 3108 2214 3163 locum
2259 3122 2328 3162 ex
2357 3107 2546 3164 ϐττιτοο
2599 3107 2672 3160 ita
2718 3104 2929 3159 restitui
2967 3117 3166 3173 posse:
3203 3120 3222 3152 ι
3247 3101 3382 3168 Quid
3425 3111 3605 3155 autem

363 3195 822 3266 clesia,dejectos
873 3201 942 3255 ab
978 3201 1090 3269 ipsa
1143 3202 1442 3258 denotavit.
1472 3222 1492 3256 ι
1550 3204 1734 3260 Mirari
1786 3208 1936 3263 subit

363 3285 726 3343 Justinianum
772 3291 1148 3360 imperatorem
1187 3294 1352 3349 verba
1398 3295 1604 3362 Basilii,
1648 3313 1770 3354 cum
1808 3315 1936 3370 per-

363 3379 550 3448 spicua
585 3379 723 3444 sint,
772 3381 824 3436 in
860 3384 1190 3439 contrarium
1239 3401 1458 3442 sensum
1505 3388 1822 3446 detersisse.
1875 3390 1934 3447 Id

367 3471 692 3528 crediderim
744 3475 1036 3543 contigisse
1077 3491 1184 3531 non
1218 3477 1378 3533 aliam
1418 3479 1487 3534 ob
1531 3495 1784 3548 causam,
1829 3482 1935 3538 nisi

378 3563 524 3632 quod
577 3562 923 3620 immodicum
976 3565 1329 3623 maledicendi
1384 3569 1621 3625 studium
1672 3572 1938 3627 maximas

369 3654 623 3711 tenebras
669 3657 835 3738 rebus
879 3656 1198 3714 clarissimis
1246 3659 1519 3715 obducere
1570 3661 1760 3718 soleat.
1802 3662 1936 3718 Pro-

367 3745 534 3814 fecto,
564 3747 610 3802 si
645 3747 781 3802 nihil
809 3748 978 3813 aliud,
1007 3750 1123 3820 ipsa
1159 3760 1311 3806 certe
1344 3751 1609 3806 orationis
1637 3753 1807 3808 series
1835 3753 1938 3806 im-

368 3839 558 3907 pedire
597 3840 859 3896 debuerat
902 3843 1192 3910 quominus
1232 3843 1378 3897 hunc
1422 3843 1606 3899 Basilii
1654 3844 1829 3899 locum
1864 3844 1936 3898 ita

369 3941 625 3998 perverse
656 3929 1126 3999 interpretaretur.
1156 3931 1350 3987 Paucis
1378 3933 1489 3999 jam
1516 3934 1755 4002 aperiam
1795 3948 1938 3988 men-

373 4027 482 4074 tem
516 4019 694 4074 Patris
728 4022 1029 4090 gravissimi
1065 4031 1231 4091 atque
1279 4024 1638 4092 propositum.
1673 4023 1786 4081 Hoc
1835 4027 1940 4080 ita-

371 4125 481 4180 que
514 4112 646 4167 dieit
680 4112 953 4168 Basilius:
985 4113 1140 4170 Prius
1168 4130 1475 4170 sermonem
1510 4117 1842 4172 instituimus
1874 4119 1940 4180 de

371 4210 720 4256 externorum
766 4202 1073 4269 sententiis,
1119 4203 1186 4258 de
1221 4205 1560 4260 ethnicorum
1593 4207 1841 4272 somniis,
1875 4210 1942 4265 de

374 4289 826 4360 philosophorum
881 4290 1012 4345 deos
1075 4290 1244 4346 falsos
1319 4291 1612 4348 colentium
1668 4292 1938 4362 placitis:

374 4395 521 4437 nunc
559 4395 689 4437 vero
722 4381 877 4447 nobis
914 4383 1193 4438 habendus
1222 4397 1406 4438 sermo
1431 4393 1514 4438 est
1557 4383 1816 4438 adversus
1847 4399 1943 4440 eos

2039 3200 2133 3254 tibi
2163 3199 2419 3264 releram,
2449 3198 2688 3268 aliquem
2718 3196 2927 3251 scilicet
2958 3208 3080 3249 esse
3107 3208 3435 3256 sermonem,
3461 3193 3606 3262 quod

2033 3293 2293 3346 electrum
2345 3289 2584 3362 laeryma
2635 3286 2850 3356 virgulti
2906 3285 3020 3341 sit?
3057 3303 3076 3337 ι
3141 3285 3211 3339 Ει
3268 3285 3436 3338 verba
3487 3299 3607 3354 qua:

2033 3384 2284 3454 proxime
2317 3392 2643 3451 sequuntur,
2672 3380 2805 3434 vitio
2836 3393 3050 3448 quoque
3075 3392 3182 3431 non
3217 3389 3405 3431 carere
3435 3375 3608 3444 suspi-

2034 3486 2133 3528 cor
2163 3488 2178 3538 ;
2227 3468 2367 3537 quod
2397 3477 2455 3521 ut
2486 3466 2700 3521 facilius
2734 3466 3090 3536 intelligatur,
3131 3473 3298 3518 totam
3327 3465 3604 3534 periodum

2036 3560 2341 3615 exscribam
2378 3559 2471 3622 ita,
2499 3566 2557 3612 ut
2585 3559 2639 3612 in
2672 3557 2954 3627 impressis
2981 3556 3133 3611 libris
3163 3555 3390 3624 legitur:
3419 3571 3438 3604 ε
3468 3551 3606 3620 Quid

2038 3661 2256 3720 autem,
2294 3651 2493 3721 inquit,
2531 3650 2625 3704 tibi
2670 3649 2925 3714 referam,
2966 3649 3283 3704 clementem
3322 3645 3447 3700 licet
3486 3657 3607 3699 esse

2037 3756 2368 3807 sermonem,
2395 3743 2536 3810 quod
2561 3741 2820 3796 electrum
2852 3740 3088 3811 lacryma
3117 3737 3329 3808 virgulti
3357 3737 3448 3805 sit,
3471 3736 3603 3790 etin

2040 3843 2203 3888 tanta:
2229 3837 2470 3887 materia:
2498 3833 2828 3888 soliditatem
2864 3832 3100 3904 lacryma
3132 3833 3437 3886 durescat.)
3470 3828 3604 3882 Nam

2038 3939 2146 3994 quo
2172 3925 2342 3993 magis
2367 3923 2516 3990 illud,
2549 3942 2568 3974 ι
2603 3932 2763 3977 tanta:
2793 3924 3051 3987 materia),
3077 3941 3096 3974 ι
3132 3924 3186 3976 in
3216 3923 3397 3976 animo
3423 3920 3602 3986 volvo,

2040 4030 2106 4069 eo
2141 4015 2317 4069 minus
2361 4014 2492 4067 mihi
2526 4013 2854 4082 persuadere
2897 4029 3114 4082 possum
3159 4013 3500 4068 Ambrosium
3531 4011 3606 4066 ita

2038 4105 2278 4161 locutum
2327 4103 2516 4160 fuisse.
2565 4105 2632 4158 Et
2682 4119 2832 4169 vero,
2875 4105 2977 4160 nisi
3023 4120 3109 4160 me
3156 4108 3334 4160 omnia
3381 4103 3605 4168 fallunt,

2042 4198 2235 4253 idonea
2277 4197 2421 4252 nulla
2448 4196 2717 4251 sententia
2747 4211 2812 4251 ex
2862 4195 2948 4250 bis
2978 4197 3202 4252 vocibus
3243 4196 3378 4252 ellici
3411 4203 3605 4265 potest.

2041 4289 2224 4344 Placet
2258 4290 2492 4344 maxime
2543 4289 2699 4344 lectio
2745 4291 2997 4346 editionis
3045 4289 3320 4357 Romanae,
3363 4304 3484 4357 qua:
3528 4289 3609 4343 sic

2044 4383 2225 4448 habet,
2252 4403 2270 4436 ί
2288 4392 2342 4438 et
2369 4383 2423 4436 in
2453 4382 2674 4451 lapidea:
2709 4392 2912 4436 natura:
2940 4382 3260 4438 soliditatem
3289 4383 3562 4445 durescat,
3586 4399 3605 4433 ι

375 4473 467 4543 qui
501 4480 630 4529 sunt
659 4473 728 4529 ab
755 4474 1021 4543 Ecclesia,
1049 4476 1155 4531 hoc
1184 4486 1265 4530 est
1295 4477 1557 4531 adversus
1595 4476 1740 4546 ipsos
1774 4478 1944 4533 ecele—
1973 4480 2019 4536 D
2050 4486 2160 4530 tum
2203 4475 2344 4544 quod
2379 4489 2491 4529 rem
2537 4476 2736 4542 optime
2781 4476 3042 4545 explicet,
3094 4484 3206 4530 tum
3248 4474 3392 4542 quod
3441 4471 3613 4542 possit

373 4563 624 4618 siastieos
670 4565 995 4658 scriptorei
1031 4564 1141 4620 Nec
1173 4565 1515 4620 aberraveris
1559 4579 1588 4619 a
1625 4577 1806 4622 mente
1840 4567 1938 4620 Ba-

372 4655 502 4722 silii,
529 4656 572 4710 si
605 4656 680 4712 ita
709 4655 1090 4727 interpretere:
1109 4656 1274 4712 Nobis
1289 4657 1451 4712 etiam
1470 4657 1744 4714 habendus
1761 4673 1940 4714 sermo

377 4755 462 4801 est
514 4747 774 4802 adversus
832 4747 976 4817 ipsos
1022 4747 1362 4802 Christianos
1423 4749 1737 4818 scriptores.
1786 4746 1939 4814 Quod

376 4837 540 4906 igitur
583 4839 716 4894 dicit
743 4837 1098 4904 Justinianus,
1149 4839 1434 4909 Origenem
1467 4839 1535 4893 ab
1584 4839 1822 4895 Ecclesia
1853 4855 1942 4895 ex-

377 4927 593 4998 pulsum
632 4939 686 4985 et
714 4930 945 5000 ejectum
985 4946 1122 4996 esse,
1166 4941 1220 4985 et
1267 4931 1335 4986 ab
1372 4931 1609 4986 Ecclesia
1657 4933 1946 4996 excidisse,

380 5020 434 5075 id
464 5034 496 5074 e
527 5035 624 5074 sua
660 5021 816 5088 dixit,
846 5038 952 5079 non
998 5037 1066 5078 ex
1098 5022 1282 5077 Basilii
1312 5024 1601 5078 sententia.
1631 5022 1778 5078 Nihil
1805 5025 1949 5079 aliud

369 5105 455 5166 'ex
478 5109 662 5166 Basilii
691 5113 870 5170 verbis
895 5114 1148 5184 colligere
1173 5115 1318 5178 licet,
1346 5114 1445 5168 nisi
1473 5112 1759 5184 Origenem
1786 5113 1950 5170 fuisse

387 5202 812 5259 ecclesiasticum
870 5207 1214 5277 scriptorem.
1257 5204 1525 5274 Quidquid
1574 5205 1710 5259 ultra
1758 5206 1951 5274 adjici-

382 5301 494 5356 tur,
530 5309 692 5351 omne
733 5295 786 5350 id
837 5295 1219 5367 glossematum
1266 5298 1387 5354 loco
1434 5297 1760 5366 ponendum.
1806 5298 1947 5368 Lege

385 5383 648 5441 Basilium
711 5390 959 5445 oratione
1025 5391 1186 5446 tertia
1253 5393 1308 5446 in
1373 5391 1665 5458 Hexaem.,
1723 5406 1866 5445 num.
1912 5390 1946 5446 8

383 5483 438 5530 et
475 5475 531 5531 9.
947 5547 950 5552 _

641 5571 669 5642 ς
707 5570 775 5626 V.
808 5571 881 5626 De
909 5574 1218 5643 quibusdam
1247 5575 1512 5630 Ambrosii
1551 5575 1697 5630 locis.

458 5661 550 5716 24.
588 5660 703 5718 Non
737 5671 865 5734 puto
899 5680 984 5720 me
1024 5681 1137 5721 rem
1173 5667 1430 5724 studiosis
1464 5668 1730 5740 ingratam
1765 5664 1946 5723 factu-

450 5773 528 5848 (a)
567 5773 725 5834 Hom.
751 5777 784 5833 5
817 5777 870 5831 in
904 5775 1182 5845 Hexaem.,
1210 5793 1355 5834 num.
1381 5778 1435 5833 9.

2045 4567 2354 4622 conﬁrmari
2385 4580 2449 4622 ex
2484 4566 2574 4622 illo
2592 4566 2772 4622 Basilii
2791 4565 2894 4638 (ὁ),
2917 4568 2998 4630 εἰς
3023 4566 3169 4620 λίθου
3207 4565 3370 4635 φύσιν
3400 4565 3614 4634 ἀποπη-

2045 4658 2330 4730 γνύμενον,
2369 4676 2388 4710 t
2418 4658 2470 4713 in
2502 4658 2692 4728 lapidis
2739 4670 2986 4712 naturam
3041 4669 3372 4714 concretum.
3398 4677 3417 4711 ι
3465 4656 3615 4723 Quo--

2043 4752 2190 4806 niam
2239 4760 2415 4806 tamen
2447 4751 2714 4820 scriptura
2755 4752 2872 4807 haec
2917 4753 3144 4807 nimium
3193 4751 3399 4807 recedit
3437 4765 3468 4804 a
3498 4748 3616 4803 vul-

2043 4851 2188 4910 gata,
2229 4841 2470 4910 suspicor
2501 4840 2573 4894 ita
2616 4854 2684 4894 ex
2725 4840 2929 4898 Graecis
2966 4841 3309 4897 emendatum
3349 4839 3515 4894 fuisse
3548 4836 3618 4891 ab

2045 4933 2368 5004 aliquo,qui
2418 4933 2562 4987 hunc
2599 4931 2776 4987 locum
2831 4933 2883 4987 in
2931 4933 3127 5004 priscis
3159 4931 3487 4988 editionibus
3531 4927 3614 4980 vi-

2048 5027 2244 5080 tiusum
2293 5038 2414 5079 esse
2469 5024 2714 5080 vidisset.
2765 5023 2948 5082 Satius
2985 5017 3150 5096 igitur
3189 5038 3312 5080 esse
3358 5023 3516 5087 duco,
3569 5020 3614 5074 si

2050 5117 2225 5172 solum
2261 5125 2530 5171 mutemus
2579 5117 2722 5186 quod
2768 5129 2952 5186 aperte
2996 5118 3212 5173 videtur
3254 5129 3376 5171 esse
3427 5129 3616 5170 corru-

2048 5223 2219 5278 ptum.
2244 5207 2570 5264 Emendatio
2598 5210 2741 5263 enim
2787 5224 2893 5279 quo
2937 5209 3233 5281 simplicior
3277 5218 3386 5273 est,
3426 5223 3491 5262 eo
3523 5221 3618 5261 ve—

2055 5301 2169 5355 rior
2201 5299 2336 5354 solet
2381 5313 2502 5354 esse
2528 5309 2583 5354 et
2623 5300 2832 5354 melior.
2880 5300 3057 5366 Quare
3087 5298 3340 5353 libentius
3369 5297 3442 5351 ita
3473 5296 3616 5362 lege-

2052 5406 2187 5456 rem,
2217 5411 2236 5443 ι
2267 5399 2318 5446 et
2351 5391 2404 5444 in
2437 5399 2638 5445 tantam
2670 5393 2910 5448 materiae
2939 5391 3264 5448 soliditatem
3296 5391 3566 5453 durescat,
3593 5405 3614 5440 ι

2053 5497 2176 5536 eum
2207 5482 2285 5537 sic
2317 5492 2593 5536 correctus
2622 5482 2772 5538 locus
2800 5495 3072 5553 utcunque
3106 5483 3233 5538 ferri
3264 5482 3451 5552 possit.
3477 5483 3617 5537 Prte-

2056 5582 2201 5628 terea
2236 5573 2349 5628 hare
2384 5584 2568 5627 nostra
2597 5574 2900 5629 emendatio
2932 5575 3057 5629 hinc
3084 5574 3392 5629 confirmari
3419 5579 3616 5643 potest,

2054 5665 2197 5736 quod
2247 5664 2572 5719 Ambrosius
2621 5679 2729 5720 non
2779 5679 2994 5737 semper
3036 5666 3259 5722 verbum
3312 5679 3411 5736 pro
3451 5666 3617 5720 verbo

2114 5770 2192 5838 (li)
2231 5769 2385 5828 Hom.
2415 5770 2470 5834 5,
2503 5786 2652 5827 num.
2675 5770 2729 5826 8.

4010 945 4040 1006 με·

4021 1071 4027 1100 I‘

4007 1105 4040 1214 ἓ
