4040 6216
1616 348 1680 405 D.
1721 345 1867 405 JUL.
1906 349 2235 406 GABNERH
2270 351 2661 409 PREFATIO.

3496 374 3727 416 εικκςις

494 467 703 531 reddat,
730 468 822 522 sed
856 465 1082 523 liberius
1125 466 1444 538 plerumque
1493 466 1837 539 interpretari
1872 470 2059 525 soleat.
2093 472 2137 527 A
2231 471 2320 527 26.
2352 447 2703 525 Ambrosiana
2740 470 2829 525 illa
2858 488 2888 527 e
2932 472 3026 528 lib.
3051 487 3105 528 tv
3132 474 3186 528 in
3211 473 3490 541 Hexaem.,
3520 492 3637 545 cap.
3670 480 3729 548 ‘5,

494 562 565 616 Ea
597 562 662 615 de
688 574 746 614 re
776 560 863 613 alii
892 559 1229 628 judicabant.

555 650 647 705 25.
691 650 829 704 Sunt
870 651 961 716 qui
1013 650 1369 705 Auibrosiana
1422 649 1512 703 illa
1550 665 1581 705 e
1626 650 1718 706 lib.
1748 667 1806 705 ιιι
1854 653 1906 705 in
1948 650 2059 705 He;

491 760 682 808 mem,
715 759 836 811 cap.
864 743 953 808 10,
987 759 1134 797 num.
1162 744 1227 798 67
1256 761 1271 798 :
1307 763 1325 794 ι
1353 744 1535 812 Itaque
1559 744 1599 797 si
1634 758 1825 813 magna
1857 744 2059 797 virtute

491 837 581 889 D’ei
614 836 853 891 sterilem
902 836 1169 890 bruchum
1203 845 1343 890 terra
1387 837 1688 904 generavit,
1714 854 1732 887 ι
1778 845 1909 900 etc.,
1957 850 2057 889 cu-

490 916 683 984 riosius
728 930 957 983 scrutari
992 944 1055 984 ac
1088 929 1429 998 interpretari
1466 929 1750 983 voluerunt
1780 947 1793 982 :
1824 928 1971 998 quod
2001 928 2056 984 in

488 1036 650 1074 causa
697 1020 837 1083 fuit,
882 1036 979 1075 cur
1028 1020 1079 1074 in
1117 1034 1357 1074 errorem
1410 1020 1542 1086 lapsi
1578 1034 1699 1073 esse
1748 1021 2053 1074 videantur.

489 1110 754 1177 Legerunt
794 1110 936 1163 enim
966 1110 1057 1164 lib.
1091 1123 1144 1162 1v
1178 1108 1416 1175 ejusdem
1442 1109 1497 1162 in
1534 1108 1791 1162 Hexanm.
1822 1123 1943 1178 cap.
1980 1109 2002 1161 1
2038 1126 2053 1164 :

492 1220 511 1253 ι
542 1204 794 1256 Anterior
834 1203 1067 1256 bruchus
1093 1216 1255 1270 quam
1284 1199 1383 1265 sol,
1410 1218 1430 1251 ι
1464 1201 1552 1255 ubi
1584 1200 1686 1268 legi
1712 1209 2049 1270 oportuerat,

490 1311 511 1345 ι
541 1295 777 1348 anterior
806 1294 969 1347 rubus
998 1308 1157 1363 quam
1190 1291 1291 1346 sol.
1318 1310 1337 1344 ι
1380 1290 1486 1346 Nec
1516 1291 1691 1355 aliter,
1731 1300 1883 1360 puto,
1931 1306 2056 1347 sen-

488 1385 604 1448 tiet,
634 1386 726 1453 qui
764 1394 922 1454 caput
958 1386 1190 1454 primum
1229 1382 1503 1439 Geneseos
1552 1383 1863 1453 perlegerit,
1898 1385 2056 1448 cujus

484 1492 548 1531 ex
587 1478 815 1531 lectione
847 1476 1102 1543 colligere
1152 1475 1369 1536 licebit,
1421 1485 1479 1527 ut
1530 1475 1733 1541 reliqua
1775 1474 2051 1539 animalia,

486 1569 555 1620 ita
588 1569 847 1621 bruchum
878 1583 984 1621 non
1019 1565 1121 1619 nisi
1153 1574 1272 1633 post
1297 1564 1570 1618 conditum
1600 1564 1763 1617 solem
1791 1564 1843 1617 in
1877 1564 2049 1617 lucem

484 1660 766 1728 prodiisse.
802 1659 880 1711 Ex
935 1673 1040 1725 quo
1078 1657 1139 1710 lit
1183 1665 1241 1710 ut
1273 1656 1319 1709 si
1361 1655 1679 1709 Ambrosius
1733 1655 2051 1722 scripserit,

488 1769 506 1801 ι
539 1752 777 1803 anterior
812 1749 1048 1802 bruchus
1092 1762 1253 1817 quam
1289 1746 1393 1812 sol,
1424 1764 1442 1797 ι
1477 1745 1649 1814 palam
1697 1746 2051 1799 convincatur

2165 578 2311 616 num.
2339 562 2425 628 lO,
2466 582 2483 614 ι
2514 562 2617 617 Sed
2648 564 2969 619 illuminatio
2998 564 3114 635 ejus
3158 565 3342 639 [ignis]
3385 568 3707 638 inexstingui

2160 650 2288 706 bilis
2315 662 2397 705 est
2424 653 2488 705 ad
2516 653 2945 720 perfunctionem
2972 655 3265 720 bonorum,
3319 660 3531 711 exustio
3565 661 3727 714 vehe-

2159 754 2311 794 mens
2337 741 2403 793 ad
2444 741 2765 809 supplicium
2795 752 3164 810 peccatorum,
3204 763 3225 796 ι
3287 757 3542 801 revocant
3593 749 3725 801 mihi

2158 830 2212 883 in
2242 829 2557 883 memoriam
2585 841 2766 884 notam
2802 834 3090 901 quamdam
3134 835 3332 898 Daemi,
3356 852 3459 906 qua
3495 835 3724 891 similem

2156 921 2426 975 Ambrosii
2480 920 2655 975 locum
2717 936 2747 976 e
2783 922 2876 976 lib.
2937 939 2998 977 ιιι
3056 923 3291 992 ejusdem
3333 927 3724 997 in.llea:aem.,

2156 1026 2277 1080 cap.
2316 1011 2401 1072 15.
2458 1019 2549 1065 aut
2602 1014 2931 1080 emendavit,
2970 1024 3062 1067 aut
3111 1027 3259 1071 certe
3312 1020 3587 1072 emendari
3622 1020 3723 1073 sibi

2157 1104 2303 1156 visus
2330 1113 2433 1158 est.
2490 1102 2780 1172 Postquam
2813 1105 2978 1172 igitur
3009 1106 3191 1159 retulit
3215 1108 3302 1159 vir
3337 1109 3526 1161 doctus
3565 1110 3723 1161 verba

2156 1194 2452 1257 Ambrosii,
2486 1194 2589 1249 hoc
2618 1197 2776 1249 modo
2808 1214 2820 1249 :
2856 1213 2874 1247 ι
2910 1196 3231 1264 Prwjaciunt
3260 1199 3425 1253 ramis
3456 1200 3571 1269 ejus
3609 1201 3724 1267 pal»

2157 1300 2365 1338 marum
2392 1287 2636 1353 quaedam
2665 1287 2828 1341 .velut
2856 1290 3059 1342 semina
3114 1290 3492 1353 mascularum,
3531 1291 3723 1359 quibus

2156 1372 2229 1427 illi
2257 1373 2403 1427 velut
2448 1375 2665 1443 quidam
2722 1392 2918 1430 sensus
2980 1377 3354 1446 perfruitionis
3407 1380 3722 1444 infunditur,

2153 1476 2209 1519 et
2246 1466 2470 1534 expetiti
2500 1466 2823 1521 concubitus
2853 1469 3024 1535 gratia
3065 1480 3502 1538 reprzesentalur,
3541 1489 3559 1522 ι
3595 1485 3711 1525 con-

2154 1556 2384 1609 fidenter
2438 1558 2633 1612 addit:
2672 1575 2691 1608 ι
2727 1557 2818 1610 Sic
2859 1558 3002 1613 enim
3055 1560 3450 1614 emendandum
3509 1574 3722 1626 censeo,

2152 1662 2272 1700 cum
2324 1647 2411 1702 hic
2457 1648 2646 1703 Graece
2697 1649 2924 1717 legatur,
2972 1650 3029 1702 ἐν
3077 1651 3426 1722 συναισθήσει
3466 1652 3565 1721 τῆς
3599 1654 3708 1705 ἀπο

2151 1736 2413 1802 λαύσεως.
2440 1758 2459 1790 ι
2479 1740 2738 1794 Ducazana
2770 1739 2883 1794 hazc
2905 1740 3198 1796 declaratio
3230 1743 3429 1796 dudum
3456 1745 3582 1797 mihi
3614 1744 3721 1813 pla-

481 1839 620 1892 falsi.
656 1838 760 1891 Sed
801 1840 877 1907 (a)
912 1836 998 1891 cui
1039 1835 1347 1904 persuaderi
1388 1836 1587 1902 poterit
1637 1844 1842 1887 tantum
1874 1836 2050 1887 virum
2086 1837 2127 1892 Β
2159 1833 2290 1897 cuit,
2324 1842 2379 1885 et
2409 1832 2562 1887 valde
2586 1834 2881 1887 etiamnum
2912 1834 3105 1902 placet.
3148 1834 3301 1890 Unde
3340 1838 3385 1891 si
3415 1838 3536 1907 quis
3596 1852 3720 1891 con-

482 1932 534 1982 in
565 1939 771 1981 tantum
801 1942 1042 1981 errorem
1072 1925 1363 1980 incidisse?
1391 1924 1531 1980 Puto
1571 1926 1734 1995 igitur
1760 1940 1882 1979 eum
1915 1926 2049 1979 seri-

479 2022 669 2089 psisse,
712 2040 731 2072 (
762 2020 1002 2072 anterior
1035 2020 1199 2072 rubus
1245 2033 1405 2087 quam
1438 2019 1538 2072 sol.
1563 2036 1582 2069 ι
1634 2018 1821 2085 quue
1870 2020 2048 2073 minus
2085 2057 2090 2060 -

481 2116 666 2166 dubito
706 2113 832 2181 quin
868 2113 982 2165 lizec
1014 2111 1305 2178 scriptura.
1358 2128 1376 2160 ι
1410 2111 1596 2172 rubus,
1622 2128 1640 2161 ι
1677 2125 1801 2163 vera
1854 2111 1923 2164 sit
1958 2126 2048 2178 ge-

481 2205 665 2266 nuina,
695 2202 833 2268 quod
872 2201 943 2253 ita
982 2208 1038 2254 et
1086 2201 1136 2253 in
1182 2199 1458 2253 codicibus
1500 2200 1682 2253 multis
1714 2211 1767 2255 et
1810 2200 1862 2254 iu
1889 2202 2049 2254 editis

476 2296 726 2349 omnibus
752 2294 905 2347 libris
933 2293 1191 2362 scriptum
1217 2293 1576 2346 inveniamus.
1602 2293 1744 2347 Cave
1767 2293 2047 2347 existimes

478 2389 738 2440 bruchum
789 2387 855 2440 ab
911 2386 1197 2440 Ambrosio
1245 2401 1342 2457 pro
1399 2388 1620 2440 arbusto
1669 2386 1839 2440 sterili
1895 2401 2043 2440 sum-

478 2490 623 2546 ptum
674 2492 793 2532 esse
842 2471 897 2531 in
930 2493 996 2532 eo
1045 2493 1205 2547 quem
1247 2479 1408 2533 citavi
1457 2478 1599 2533 loco.
1646 2477 1857 2532 Etenim
1910 2478 2047 2531 dixit

476 2570 793 2624 Ambrosius
835 2571 1075 2625 sterilem
1128 2572 1428 2637 bruchum,
1474 2586 1579 2624 non
1627 2570 1767 2639 quod
1809 2570 2044 2623 bruchus

480 2668 759 2718 arbustum
791 2664 976 2719 sterile
1009 2665 1101 2730 sit,
1127 2667 1219 2720 sed
1247 2668 1388 2735 quod
1433 2664 1787 2721 corrodendis
1810 2662 2045 2716 arbustis

476 2750 807 2804 sterilitatem
854 2752 1090 2806 inducat.
1154 2750 1469 2817 Quanquam
1525 2758 1702 2802 autem
1736 2762 1859 2817 quae
1910 2747 2042 2811 dixi,

478 2839 613 2893 satis
645 2855 914 2911 superque
941 2855 1036 2908 per
1068 2854 1125 2895 se
1154 2848 1417 2910 pateant,
1445 2848 1672 2909 possunt
1722 2848 1899 2892 tamen
1936 2854 2040 2893 non

474 2944 664 2996 parum
711 2932 894 2985 verbis
928 2931 1114 2985 Basilii
1144 2930 1476 2986 confirmari.
1543 2931 1673 2985 Haec
1702 2938 1881 2985 autem
1917 2939 2044 2985 sunt

477 3023 661 3078 bomil.
686 3023 756 3087 6,
794 3040 940 3077 num.
979 3024 1051 3079 2:
1089 3024 1155 3077 Ἦ
1210 3024 1282 3094 γῆ
1320 3023 1646 3095 πεπλήρωτο
1672 3026 1784 3087 τοίς
1822 3023 2043 3087 οἰκείοις

472 3116 630 3185 γεννή
640 3132 790 3185 μασι,
818 3116 887 3169 τά
906 3134 965 3168 τε
993 3116 1161 3188 μυρία
1179 3117 1309 3187 γένη
1334 3116 1443 3170 τῶν
1470 3116 1709 3187 βοτανῶν
1742 3115 2043 3187 ὲκϐλαστή-

2158 1921 2403 1975 tenderet
2437 1920 2723 1990 legendum
2759 1937 2883 1977 esse
2922 1925 3063 1993 apud
3087 1925 3430 1979 Ambrosium
3461 1927 3512 1980 in
3568 1936 3719 1981 mro-

2155 2027 2259 2079 que
2286 2027 2447 2081 quem
2478 2014 2767 2067 eitavimus
2805 2015 2943 2081 loco,
2979 2034 2998 2066 ι
3030 2016 3333 2085 perfruitio,
3370 2035 3390 2068 ›
3426 2018 3517 2070 ubi
3549 2035 3567 2068 ι
3601 2031 3707 2086 per-

2152 2103 2319 2158 functi
2357 2123 2377 2156 ι
2416 2104 2615 2174 legitur
2644 2105 2700 2160 in
2735 2106 2919 2172 editis,
2958 2108 3027 2163 ab
3055 2108 3171 2176 ejus
3201 2110 3454 2178 opinione
3490 2124 3596 2163 non
3648 2108 3719 2163 ita

2154 2195 2381 2250 multum
2417 2196 2685 2250 abessem.
2716 2196 2785 2250 Et
2825 2208 2884 2251 ut
2915 2206 3123 2253 taceam
3153 2214 3296 2254 nunc
3348 2201 3413 2253 de
3463 2200 3717 2252 emenda-

2155 2289 2300 2342 tione
2359 2287 2558 2355 Ducaei,
2588 2289 2821 2343 dubitari
2859 2290 2945 2344 vix
2997 2306 3157 2360 posse
3214 2291 3451 2345 arbitror
3507 2293 3635 2361 quin
3668 2292 3716 2346 in

2152 2380 2258 2435 alio
2292 2380 2411 2434 loco
2462 2379 2566 2448 legi
2613 2390 2884 2449 oporteat,
2918 2399 2938 2432 ι
2976 2381 3041 2435 ad
3099 2382 3506 2450 perfruitionem
3551 2385 3713 2440 bene:

2153 2487 2296 2536 rum,
2337 2490 2357 2524 ι
2402 2487 2523 2525 cum
2574 2471 2715 2527 hunc
2782 2473 3054 2528 Ambrosii
3100 2475 3274 2528 locum
3306 2474 3372 2528 ad
3432 2474 3652 2529 verbum
3692 2489 3713 2530 ε

2151 2562 2350 2618 Basilio
2391 2577 2709 2617 conversum
2770 2579 2891 2619 esse
2931 2566 3106 2635 palam
3146 2566 3238 2621 sit.
3290 2565 3621 2621 Proferiines
3668 2566 3711 2620 ir

2152 2657 2385 2709 medium
2414 2658 2575 2711 verba
2593 2657 2771 2711 Basilii
2803 2672 2868 2711 ex
2900 2657 3142 2711 oratione
3168 2669 3321 2712 sexta
3352 2659 3406 2711 in
3433 2657 3711 2713 ιιεπαεηι..

2151 2762 2299 2801 num.
2331 2748 2385 2812 5,
2413 2760 2607 2803 utcum
2635 2749 3006 2803 Ambrosianis
3022 2750 3232 2817 possint
3266 2748 3711 2818 comparari.Ka‘

2146 2838 2209 2891 τὺ
2248 2839 2345 2909 μὲν
2388 2840 2505 2909 φῶς
2537 2841 2617 2903 εἰς
2647 2840 2945 2894 ἀπόλαυσιν
2992 2841 3107 2904 τοῖς
3135 2840 3393 2905 δικαίοις,
3425 2841 3487 2893 τὸ
3519 2842 3576 2895 δὲ
3619 2842 3709 2911 τῆ·

2147 2930 2391 2994 καύσεως
2413 2932 2669 3003 ὀδυνηρὸν
2687 2934 2800 2993 τοῖς
2816 2930 3196 3004 κολαζομένοις
3211 2932 3692 3004 ἀποταχθήσεσθσι

2154 3038 2174 3073 ι
2204 3022 2272 3075 Et
2300 3021 2438 3083 fore.
2468 3031 2525 3075 ut
2554 3023 2645 3076 lux
2676 3023 2893 3091 quidem
2923 3024 2976 3077 in
3005 3023 3318 3079 fruitionem
3346 3022 3511 3091 justis
3540 3062 3555 3087 ,
3583 3023 3699 3077 adu-

2149 3112 2342 3167 stionis
2366 3127 2498 3167 vero
2546 3114 2819 3167 acerbitas
2844 3113 3131 3183 puniendis
3158 3114 3479 3168 destinetur.
3527 3132 3547 3164 ι
3606 3112 3687 3169 No

471 3221 634 3270 σατα,
670 3209 767 3260 καὶ
816 3209 1179 3273 παντοδαποῖς
1233 3209 1398 3263 εἴδεσι
1433 3208 1617 3279 φυτῶν
1649 3209 2035 3281 εὐθηνουμένη.

2144 3212 2307 3257 stram
2357 3204 2496 3258 hanc
2549 3203 2919 3273 conjecturam
2973 3204 3221 3258 nonnihil
3284 3206 3411 3259 hinc
3466 3204 3707 3273 adjuvari

473 3294 663 3358 Ἤλιος
691 3296 747 3349 δὲ
777 3295 931 3351 οὔπω
962 3294 1052 3368 ἦν,
1105 3298 1201 3351 καὶ
1233 3299 1453 3370 σελήνη.
1509 3316 1529 3350 t
1590 3299 1756 3353 Terra
1809 3300 2039 3369 propriis

474 3389 805 3456 germinibus
841 3401 958 3445 erat
1008 3391 1205 3446 referta
1241 3409 1256 3446 :
1296 3392 1732 3460 quandoquidem
1780 3402 1835 3446 et
1888 3393 2041 3446 innu-

477 3494 622 3533 mera
676 3483 975 3551 protulerat
1034 3483 1325 3537 herbarum
1382 3492 1687 3553 genera,et
1711 3483 2039 3539 omnimodis

472 3572 774 3639 plantarum
830 3575 1112 3644 Speciebus
1181 3576 1533 3631 exuberabat.
1580 3576 1817 3631 Necdum
1860 3586 2038 3631 tamen

470 3673 587 3717 erat
609 3664 709 3729 sol,
749 3676 841 3717 aut
870 3665 1017 3718 luna.
1054 3684 1072 3717 ι
1100 3665 1310 3721 Etenim
1342 3668 1483 3734 quod
1525 3666 1759 3723 Basilius
1786 3668 2039 3722 universe

471 3755 604 3807 dixit
633 3756 698 3810 de
725 3755 1030 3820 fruticibus,
1065 3756 1116 3812 id
1150 3757 1650 3827 speciatimdixisse
1670 3758 2035 3822 Ambrosium,

470 3845 563 3898 lib.
621 3862 691 3907 tv.
750 3864 900 3902 num.
930 3851 983 3914 l,
1018 3850 1085 3904 de
1142 3850 1277 3903 rnho
1312 3852 1657 3918 perspicuum
1714 3860 1816 3905 est.
1866 3850 1931 3905 Et
1980 3851 2034 3905 in

468 3936 647 3989 verbis
702 3937 806 3990 illis
865 3952 984 4006 quae
1031 3940 1276 4007 proxime
1325 3949 1644 4008 sequuntur,
1706 3957 1725 3991 ι
1759 3941 1865 3995 noli
1906 3955 2035 4010 ergo

468 4025 632 4079 Deum
674 4030 921 4093 credere,
957 4028 1042 4083 cui
1080 4030 1229 4084 vides
1294 4030 1385 4084 Dei
1441 4045 1664 4084 munera
1701 4044 1820 4085 esse
1851 4032 2038 4100 przela-

470 4126 544 4181 ta,
571 4134 589 4166 ι
624 4115 841 4183 aliquod
869 4131 1082 4185 quoque
1109 4119 1299 4172 vitium
1336 4119 1513 4174 inesse
1534 4120 1799 4188 suspicor.
1821 4119 2033 4175 Etenim

466 4206 593 4274 quid
646 4207 746 4260 sibi
797 4206 923 4261 velit
964 4206 1112 4272 illud,
1168 4227 1187 4260 ι
1234 4208 1343 4263 noli
1374 4225 1501 4278 ergo
1534 4210 1697 4264 Deum
1725 4212 1970 4280 credere,
2010 4232 2027 4263 ι

467 4311 570 4349 non
603 4297 735 4351 satis
764 4295 1029 4366 intelligo.
1060 4298 1185 4353 Mihi
1243 4309 1420 4353 autem
1470 4300 1762 4355 verisimile
1795 4301 1885 4365 fit,
1937 4318 2034 4370 pro

464 4386 551 4443 his
575 4388 778 4453 verbis,
822 4406 842 4439 ι
878 4389 985 4443 noli
1018 4405 1146 4459 ergo
1182 4390 1347 4444 Deum
1380 4391 1628 4453 credere,
1669 4410 1688 4444 ι
1735 4392 1836 4460 legi
1869 4408 2032 4460 opor-

467 4487 600 4542 tere,
650 4497 671 4530 ‹
714 4478 819 4532 noli
852 4494 982 4549 ergo
1017 4479 1125 4535 Deo
1168 4497 1272 4535 non
1300 4484 1521 4536 credere
1546 4482 1680 4554 (6|).
1712 4502 1730 4535 ι
1783 4483 1859 4537 lta
1886 4487 2028 4538 enim

461 4572 662 4637 optime
692 4567 867 4625 oratio
911 4572 1222 4627 cohaerebit.
1258 4571 1372 4628 Hoc
1419 4575 1564 4628 enim
1598 4577 1811 4630 videtur
1849 4577 2029 4632 dicere

460 4660 778 4716 Ambrosius
813 4679 828 4714 :
858 4662 966 4717 Etsi
993 4663 1070 4717 sol
1105 4671 1159 4716 et
1208 4663 1327 4717 alia:
1357 4666 1597 4733 quaedam
1647 4678 1910 4722 creaturae
1932 4684 2029 4739 pro

465 4752 565 4805 diis
623 4752 890 4816 colantur,
944 4769 1179 4824 veroque
1234 4757 1343 4809 Deo
1400 4756 1788 4825 praeferantur,
1856 4778 1876 4810 ι
1918 4761 2026 4814 noli

463 4853 742 4912 propterea
782 4844 893 4900 Deo
925 4860 1034 4900 non
1062 4847 1301 4901 credere.
1347 4865 1367 4898 ι
1421 4845 1593 4915 Hujus
1622 4848 2026 4918 interpretatio-

461 4936 545 4990 nis
569 4948 847 4993 auctorem
877 4939 1048 4994 habeo
1082 4938 1427 4993 Ambrosium
1466 4939 1662 5009 ipsum,
1699 4941 1787 5009 qui
1817 4940 1908 4995 lib.
1941 4958 2024 5006 ιιι,

460 5044 605 5081 num.
639 5028 729 5091 27,
783 5029 861 5083 sic
894 5029 1131 5100 loquitur
1161 5045 1175 5083 :
1214 5047 1234 5081 ι
1271 5029 1458 5084 Solent
1482 5031 1626 5085 enim
1665 5031 1906 5100 plerique
1945 5034 2026 5087 di-

460 5134 579 5173 cere
605 5140 617 5174 :
654 5121 761 5175 Nisi
792 5122 1110 5177 clementior
1136 5121 1265 5177 solis
1297 5121 1443 5177 calor
1487 5121 1797 5190 tepefecerit
1827 5132 2022 5190 terras,

460 5221 509 5262 et
542 5212 937 5279 quodammodo
964 5212 1129 5266 radiis
1150 5212 1265 5266 suis
1296 5210 1518 5275 foverit,
1553 5226 1658 5265 non
1690 5211 1887 5279 poterit
1907 5226 2028 5279 ger-

460 5302 666 5355 minare
694 5312 873 5368 terra;
898 5312 952 5356 et
987 5312 1270 5372 propterea
1307 5311 1497 5370 gentes
1556 5301 1796 5355 divinum
1854 5302 2026 5357 hono-

459 5407 573 5447 rem
600 5393 861 5461 deputant
894 5393 1016 5461 soli,
1056 5395 1198 5464 quod
1232 5395 1431 5447 virtute
1476 5392 1674 5447 caloris
1727 5393 1808 5446 sui
1864 5401 2026 5447 terra-

458 5498 576 5539 rum
606 5496 852 5555 penetret
874 5486 1047 5551 sinus,
1084 5505 1103 5537 ι
1143 5495 1250 5540 etc.

529 5602 605 5673 (a)
644 5602 813 5673 Leges
844 5614 1023 5658 notam
1052 5603 1304 5672 primam,
1337 5618 1390 5673 p.
1416 5600 1503 5655 63.

2141 3296 2534 3357 existimamus,
2583 3298 2725 3364 quod
2768 3298 3159 3352 admoneamur
3211 3296 3263 3349 in
3298 3297 3462 3360 notis,
3500 3297 3705 3352 codices

2142 3402 2277 3441 mss.
2316 3403 2420 3442 non
2450 3387 2551 3441 sibi
2588 3397 2864 3451 constare,
2896 3388 3219 3443 habentibus
3242 3388 3397 3457 aliis,
3442 3407 3460 3439 ι
3500 3389 3564 3441 ad
3592 3404 3687 3457 per

2138 3478 2425 3532 fectionem
2450 3479 2734 3545 honorum,
2768 3498 2789 3530 ι
2843 3480 2987 3547 aliis,
3040 3498 3059 3531 ι
3097 3483 3163 3534 ad
3204 3481 3653 3551 perfunctionem.
3688 3498 3706 3532 ι

2139 3565 2607 3621 Verisitnillimum
2642 3571 2786 3623 enim
2825 3571 2956 3624 mihi
2981 3571 3215 3635 videtur,
3266 3573 3310 3626 si
3354 3572 3569 3626 codices
3598 3572 3699 3639 plu-

2139 3675 2227 3714 res
2251 3659 2681 3725 consulerentur,
2704 3661 2841 3727 fore,
2878 3672 2939 3715 ut
2970 3663 3209 3717 nonnulli
3258 3664 3578 3726 scripturam
3619 3679 3703 3717 ve-

2140 3766 2251 3804 ram
2284 3766 2702 3822 germanamque
2727 3754 3067 3819 exhiberent,
3126 3755 3229 3808 hoc
3266 3764 3372 3817 est,
3414 3773 3433 3804 ‹
3482 3754 3700 3823 perfrui-

2140 3842 2364 3907 tionem,
2406 3862 2427 3897 ›
2486 3860 2594 3899 non
2653 3864 2671 3898 ι
2704 3846 3116 3917 perfectionem,
3153 3866 3173 3899 ι
3211 3862 3384 3917 neque
3429 3863 3448 3897 ι
3496 3846 3687 3915 perfun

2138 3935 2394 3989 ctionem.
2429 3953 2449 3987 ι

2205 4023 2296 4077 27.
2323 4021 2668 4080 Conveniunt
2722 4027 2867 4081 inter
2905 4039 2965 4082 se
2988 4036 3043 4082 et
3092 4016 3221 4081 editi
3257 4036 3310 4082 et
3333 4027 3546 4083 codices
3575 4042 3687 4083 mss

2135 4114 2189 4169 in
2219 4132 2283 4171 eo
2305 4116 2444 4183 loco,
2477 4119 2566 4172 tibi
2590 4117 2818 4175 Basilius
2843 4135 3146 4175 sermonem
3174 4122 3406 4176 instituit
3435 4122 3501 4175 de
3529 4123 3700 4176 vultu-

2136 4208 2304 4261 ribus.
2332 4208 2458 4278 Ejus
2489 4209 2602 4263 hmc
2627 4220 2754 4264 sunt
2779 4211 2939 4265 verba
2977 4215 3222 4266 oratione
3255 4214 3286 4267 8
3314 4214 3368 4265 in
3424 4212 3700 4267 Hexaem..

2135 4314 2282 4351 Itum.
2310 4298 2343 4351 6
2372 4315 2386 4350 :
2434 4299 2612 4354 Πολλὰ
2670 4300 2779 4353 τῶν
2828 4304 3057 4373 ὀρνίθων
3089 4306 3218 4375 γένη
3256 4306 3408 4358 οὐδὲν
3436 4305 3572 4376 πρὸς
3608 4306 3700 4377 τὴν

2134 4392 2329 4462 κύησιν
2371 4391 2540 4445 δεῖται
2571 4395 2669 4465 τῆς
2706 4396 2814 4447 τῶν
2861 4398 3104 4467 ἀρρένων
3139 4399 3473 4468 ἐπιπλοκῆς·
3504 4399 3619 4451 ἀλλ’
3647 4402 3699 4452 et.

2138 4482 2235 4551 μὲν
2282 4485 2392 4545 τοῖς
2448 4483 2627 4549 ἄλλοις
2666 4487 2835 4555 ἄγονά
2884 4491 3000 4541 ἐστι
3039 4489 3106 4541 τὰ
3145 4491 3448 4560 ὑπηνέμια·
3484 4490 3609 4552 τοὺς
3647 4491 3696 4542 δὲ

2136 4575 2313 4642 γύπας
2336 4578 2495 4645 φασὶν
2517 4579 2899 4643 ἀσυνδυάστως
2927 4581 3133 4633 τίκτειν
3170 4581 3244 4644 ὡς
3296 4582 3366 4633 τὰ
3396 4581 3583 4643 πολλὰ,
3609 4583 3696 4633 καὶ

2132 4666 2301 4719 ταῦτα
2336 4670 2814 4740 μακροϐιωτάτους
2840 4672 3026 4735 ὄνταςο
3061 4669 3141 4735 οἷς
3174 4690 3235 4740 γε
3284 4673 3475 4742 μέχρις
3510 4674 3696 4726 ἑκατὸν

2132 4756 2289 4820 ἐτῶν,
2319 4757 2395 4820 ὡς
2420 4759 2490 4810 τὰ
2525 4759 2714 4823 πολλὰ,
2756 4748 3189 4831 παρατείνεταιή
3218 4760 3349 4831 ζωή.
3410 4761 3577 4813 Τοῦτό
3611 4779 3695 4831 μοι

2130 4848 2219 4919 ἔχε
2250 4852 2846 4922 παρασεσημειωμένον
2895 4856 2958 4906 ἐκ
2997 4854 3094 4922 τῆς
3125 4855 3251 4919 περὶ
3300 4855 3426 4918 τοὺς
3480 4854 3691 4925 ὄρνιθας

2133 4940 2394 5011 ἱστορίας,
2452 4942 2517 4995 ἵν’
2544 4944 2761 4997 ἐπειδάν
2808 4962 2936 4997 ποτε
2992 4947 3105 5018 ἴδῃς
3130 4946 3399 5013 γελῶντάς
3449 4963 3601 5009 τινας
3638 4947 3690 4998 τὶ

2135 5034 2428 5103 μυστήριον
2460 5037 2491 5104 ἡ
2502 5035 2639 5104 μῶν,
2665 5036 2739 5099 ὡς
2766 5037 3022 5090 ἀδυνάτου
3048 5038 3197 5100 ὄντος
3221 5039 3311 5090 καὶ
3338 5038 3441 5102 ἔξω
3470 5039 3566 5109 τῆς
3599 5038 3681 5106 φύ-

2132 5142 2267 5189 σεως
2290 5126 2557 5197 παρθένον
2581 5131 2777 5192 τεκεῖν,
2807 5129 2908 5198 τῆς
2946 5130 3240 5200 παρθενίας
3273 5131 3443 5199 αὐτῆς
3498 5129 3682 5198 φυλατ·

2122 5218 2355 5289 τομένης
2395 5221 2682 5292 ἀχράντου,
2706 5222 3016 5293 ὲνθυμηθῇς
3036 5224 3116 5275 ὅτι
3147 5224 3173 5275 ὁ
3201 5223 3497 5293 εὐδοκήσας
3536 5224 3592 5274 ὲν
3623 5226 3688 5291 τῇ

2124 5311 2305 5382 μωρίᾳ
2334 5313 2427 5365 τοῦ
2461 5314 2813 5385 κηρύγματος
2838 5315 3007 5369 σῶσαι
3033 5316 3157 5377 τοὺς
3186 5314 3554 5379 πιστεύοντας,
3590 5331 3684 5382 ptu-

2122 5401 2244 5470 ρίας
2299 5404 2363 5456 ἐκ
2410 5406 2510 5474 τῆς
2561 5405 2773 5474 φύσεως
2800 5406 3053 5478 ἀφορμὰς
3082 5404 3222 5477 πρὸς
3251 5406 3348 5475 τὴν
3378 5404 3558 5458 πίστιν
3581 5405 3686 5456 τῶν

2120 5492 2435 5562 παραδόξων
2461 5494 2804 5549 κατεϐάλετο.
2847 5514 2867 5548 ι
2906 5495 3085 5555 Multis
3107 5497 3283 5549 avium
3308 5494 3591 5563 generibus
3623 5498 3684 5544 ad

526 5716 638 5792 (bl)
668 5716 1064 5792 Hallucinatum
1095 5732 1173 5783 se,
1213 5732 1334 5792 cum
1362 5718 1475 5792 haec
1518 5715 1800 5792 scriberet,
1831 5715 2028 5771 fatetur
2046 5716 2136 5792 _D.
2186 5718 2480 5778 Garnerius
2509 5720 2560 5778 in
2591 5720 2915 5777 Praefatione
2961 5728 3089 5777 tom.
3128 5716 3171 5773 ll
3216 5716 3349 5791 [Ill],
3386 5718 3415 5792 ς
3453 5734 3563 5785 xiv,
3598 5719 3679 5773 cui

455 5786 668 5842 titulum
728 5787 858 5844 fecit
905 5805 921 5844 :

967 5786 1045 5841 De
1093 5788 1282 5843 erratis
1340 5788 1652 5856 quibusdam
1702 5787 1849 5856 meis,
1900 5797 2006 5843 etc.
2044 5787 2204 5844 Eon.
