4040 6216
357 374 452 419 διο

1713 350 2246 411 ΡιιοιεωιιεΝΑ.

347 485 673 546 conceptum
705 472 839 529 nihil
869 485 1005 542 opus
1042 478 1124 525 est
1173 471 1403 526 marium
1437 472 1627 542 copula
1666 489 1679 525 :
1726 475 1820 529 sed
1866 476 1919 527 in
1949 476 1995 531 A
2025 469 2414 524 incarnationis
2460 467 2710 522 decorem
2753 454 3030 536 probaret,
3058 475 3112 520 et
3142 474 3410 522 astrueret
3446 470 3591 524 νει-ἰν·

350 569 471 624 aliis
526 567 812 637 generibus
867 564 1008 618 edita
1038 564 1174 617 citra
1205 564 1406 618 coitum
1437 578 1536 617 ova
1556 603 1571 629 ,
1632 565 1918 620 infecunda

353 671 500 717 sunt.
527 660 735 714 Ferunt
772 666 952 712 autem
986 656 1105 711 sine
1134 656 1279 711 coitu
1314 664 1372 711 ut
1425 657 1717 725 plurimum
1758 674 1919 727 pare-

354 761 415 802 re
443 746 705 807 vultures,
728 742 855 797 licet
886 741 1121 795 maxime
1162 740 1432 807 longzevos
1461 754 1476 793 :
1506 742 1701 811 quippe
1725 743 1921 810 quibus

349 840 462 893 vita
496 837 562 891 ad
601 844 817 890 centum
847 848 1016 902 usque
1049 848 1219 887 annos
1259 832 1580 901 plerumque
1639 834 1921 902 protenda-

356 940 461 983 tur.
498 928 554 982 ld
599 926 758 997 vlim
792 935 1036 981 notatum
1067 926 1478 978 etobscrvatum
1514 940 1580 978 ex
1615 925 1801 978 alitum
1838 926 1922 980 hi-

352 1017 538 1081 storia,
568 1023 627 1070 ut
670 1016 717 1071 si
773 1014 986 1084 quando
1034 1013 1318 1068 nonnullos
1350 1012 1549 1067 videris
1603 1015 1920 1084 mysterium

351 1116 596 1164 nostrum
623 1106 870 1170 irridere,
896 1106 1049 1175 quasi
1076 1105 1193 1160 fieri
1219 1114 1477 1174 nequeat,
1512 1115 1566 1161 et
1596 1106 1752 1175 quasi
1789 1106 1860 1161 sit
1889 1122 1921 1161 a

354 1208 547 1252 natura
582 1196 841 1263 alienum,
865 1206 925 1249 ut
956 1195 1108 1263 virgo
1128 1235 1143 1261 ,
1175 1194 1484 1263 virginitate
1540 1195 1656 1263 ejus
1701 1195 1922 1251 inteme-

353 1294 474 1339 rata
498 1294 868 1354 permanente,
894 1284 1182 1353 pepererit,
1202 1284 1384 1337 veniat
1431 1286 1484 1337 in
1531 1293 1764 1339 mentem
1801 1285 1919 1349 tibi,

353 1376 544 1443 Deum,
573 1377 657 1431 cui
698 1390 793 1445 per
850 1374 1249 1445 praedicationis
1303 1373 1588 1428 stultitiam
1643 1377 1922 1430 credentes

353 1465 533 1521 salvos
571 1465 751 1521 facere
772 1465 957 1529 libuit,
983 1467 1261 1519 innumera
1292 1464 1675 1531 incitamenta,
1705 1466 1773 1521 ab
1806 1467 1920 1536 ipsa

356 1568 545 1614 natura
577 1558 882 1626 desumpta,
914 1557 981 1611 ad
1013 1556 1171 1611 fidem
1217 1558 1377 1612 rebus
1432 1558 1712 1625 stupendis
1741 1558 1923 1613 conci-

356 1650 589 1704 liandam
640 1648 694 1703 in
755 1657 1092 1702 antecessum
1157 1648 1519 1718 proposuisse.
1559 1666 1579 1700 ι
1639 1646 1766 1702 llaec
1803 1663 1922 1717 quae

356 1740 595 1810 longiora
625 1740 852 1793 fortasse
879 1738 1221 1801 videbuntur,
1255 1752 1363 1792 non
1395 1738 1516 1793 ideo
1552 1739 1710 1792 retuli
1736 1778 1752 1802 ,
1778 1739 1922 1808 quod

2028 561 2233 615 tatem?
2267 580 2286 613 ι
2321 558 2489 614 Nemo
2524 574 2628 612 non
2656 559 2799 612 videt
2843 558 3189 613 Ambrosium
3245 559 3431 615 istliaec
3474 560 3589 618 fere

2027 654 2093 708 ad
2120 654 2342 708 verbum
2368 654 2704 707 convertisse
2745 665 2775 704 e
2799 648 3030 714 Basilio,
3058 650 3153 704 sed
3196 650 3268 704 ita
3299 659 3495 717 tamen,
3528 661 3589 707 ut

2025 759 2088 800 ea
2116 742 2514 812 quodammodo
2546 757 2643 797 sua
2675 741 2871 796 fecisse
2891 741 3153 805 videatur,
3188 751 3282 796 aut
3322 745 3586 810 ornando,

2026 845 2120 890 aut
2154 833 2481 902 ampliando.
2506 833 2592 897 Et,
2624 833 2767 902 quod
2800 832 2865 886 ad
2925 847 3038 886 rem
3081 832 3336 901 pertinet,
3387 835 3589 902 perspi-

2026 940 2187 980 cuum
2237 931 2322 977 est
2365 938 2431 978 ex
2475 923 2584 989 his,
2635 923 2978 977 Ambrosium
3027 938 3133 978 non
3181 923 3339 978 aliter
3395 922 3590 993 legisse

2028 1023 2188 1084 atque
2209 1028 2351 1067 nunc
2374 1012 2607 1083 legitur:
2643 1012 2694 1065 id
2743 1014 2885 1082 quod
2938 1013 3231 1079 suspicioni
3282 1013 3588 1070 Combelisii

2028 1121 2135 1159 non
2195 1104 2373 1158 minus
2429 1105 2786 1168 adversatur,
2851 1118 3013 1173 quam
3060 1120 3253 1174 magna
3307 1104 3398 1159 illa
3427 1120 3589 1174 quam

2029 1197 2184 1253 initio
2234 1194 2415 1250 testati
2465 1210 2653 1249 sumus
2701 1195 2963 1250 librorum
3005 1197 3183 1250 omnis
3211 1196 3424 1265 generis
3458 1211 3590 1253 con-

2027 1288 2226 1342 sensio.
2270 1286 2495 1342 Accedit
2520 1286 2684 1340 etiam
2725 1287 2868 1356 quod
2902 1295 3060 1342 vetus
3088 1288 3358 1355 interpres
3401 1288 3590 1343 Eusta-

2029 1379 2173 1432 thius
2212 1379 2308 1444 ita,
2347 1387 2405 1430 ut
2428 1377 2694 1445 hodieque
2733 1377 2952 1448 legitur,
2983 1376 3176 1445 legerit
3209 1388 3264 1435 et
3300 1380 3432 1450 ipse.
3460 1378 3590 1434 Vide

2027 1468 2417 1538 Appendicem.
2454 1467 2606 1534 Quod
2660 1469 2810 1523 addit
2843 1468 3217 1535 Combelisius,
3254 1488 3274 1522 ι
3343 1470 3589 1526 Subven-

2031 1568 2186 1613 tanea
2213 1557 2463 1622 fecunda,
2491 1560 2635 1627 quod
2673 1561 2990 1630 ascriptum,
3026 1576 3095 1615 ex
3141 1562 3384 1632 margine
3439 1562 3593 1618 obre-

2031 1650 2156 1718 psit,
2195 1667 2214 1700 ι
2250 1650 2305 1703 id
2347 1651 2542 1703 mirum
2573 1650 2749 1705 videri
2778 1658 2990 1720 potest,
3025 1666 3147 1705 cum
3195 1652 3310 1707 haec
3356 1661 3592 1724 pugnent

2030 1742 2175 1795 inter
2219 1756 2280 1795 se
2317 1757 2331 1794 :
2366 1743 2459 1795 sed
2515 1742 2799 1811 scripsisse
2846 1743 3024 1796 virum
3071 1743 3287 1798 doctum
3334 1744 3603 1808 arbitror,

355 1833 575 1887 allatam
603 1847 632 1886 a
661 1830 863 1887 Basilio
894 1830 960 1885 de
993 1830 1296 1885 vulturibus
1318 1829 1602 1884 historiam
1650 1832 1874 1899 probem
1908 1854 1921 1887 ;
1958 1830 2000 1884 Β
2030 1853 2049 1884 ‹
2083 1835 2448 1889 subventanea
2508 1834 2817 1900 infecunda,
2852 1854 2870 1887 ι
2924 1837 2992 1890 ob
3038 1836 3130 1890 illa
3177 1834 3384 1902 Basilii,
3427 1837 3596 1906 ἄγονα

355 1926 449 1979 sed
467 1925 594 1979 utin
625 1933 943 1979 transcursu
977 1922 1200 1978 doceam
1232 1924 1379 1977 hunc
1405 1922 1586 1981 Basilii
1620 1923 1695 1994 (a)
1746 1923 1920 1977 locum

356 2030 550 2070 sanum
573 2028 694 2070 esse
719 2022 774 2069 et
804 2014 1201 2082 incorruptum.
1248 2012 1364 2067 Non
1410 2028 1628 2082 possum
1685 2014 1848 2084 igitur
1892 2029 1923 2066 a

353 2104 681 2161 Combellsio
740 2104 901 2159 aliter
958 2103 1225 2158 sentiente
1288 2118 1393 2157 non
1448 2103 1764 2158 dissentire.
1818 2103 1922 2159 Sed
1989 2101 1997 2108 ’

358 2195 529 2265 ipsum
591 2194 892 2250 audiamus.
925 2195 1242 2260 «Laborat,
1296 2195 1505 2264 inquit,
1566 2205 1752 2264 aperte
1812 2208 1927 2251 tex-

357 2294 471 2350 tus,
528 2283 834 2354 falsumque
887 2282 1086 2353 ingerit
1141 2297 1357 2337 sensum
1395 2321 1411 2347 ,
1446 2298 1606 2351 quem
1656 2282 1926 2351 interpres

357 2378 661 2449 expressit;
712 2376 868 2446 quasi
918 2376 1000 2431 sic
1038 2377 1323 2445 concipere
1354 2378 1559 2444 absque
1596 2390 1744 2430 mare
1774 2390 1926 2429 com-

357 2484 523 2525 mune
572 2469 644 2524 sit
689 2468 932 2538 pluribus
967 2467 1147 2520 avium
1179 2467 1488 2537 generibus.
1538 2466 1596 2521 ln
1634 2482 1740 2521 uno
1774 2465 1927 2522 Basi-

359 2559 464 2616 lius
489 2557 791 2628 exemplum
820 2558 1036 2627 posuit,
1068 2572 1167 2611 nec
1209 2556 1313 2611 alia
1348 2556 1680 2613 sollicitavit.
1715 2557 1807 2612 Sic
1835 2574 1925 2614 er-

360 2669 428 2723 go
452 2653 700 2719 emendo,
752 2651 890 2723 γένη
946 2643 1021 2706 ὧν
1077 2649 1134 2704 ἓν
1172 2649 1324 2717 οὐδέ,
1377 2665 1598 2719 quorum
1647 2666 1807 2703 unum
1865 2667 1929 2704 ne

359 2744 591 2799 marium
652 2744 860 2814 quidem
929 2744 1120 2813 rapula
1201 2759 1330 2811 opus
1393 2741 1585 2808 habet,
1656 2742 1928 2797 vulturum

362 2837 570 2894 scilicet
603 2852 620 2890 :
648 2836 790 2906 quod
842 2836 1018 2908 ipsum
1054 2836 1262 2891 incerta
1302 2833 1445 2888 fama
1476 2833 1666 2890 refert.
1710 2852 1732 2886 ι
1786 2832 1928 2888 Sub-

360 2938 614 2983 rcntanea
670 2927 899 2998 fecunda
930 2965 947 2993 ,
1001 2926 1146 2996 quod
1196 2925 1513 2994 ascriptum,
1568 2939 1637 2980 ex
1681 2925 1927 2995 margine

361 3020 620 3090 obrepsit.
662 3036 684 3072 ι
736 3019 890 3074 Hanc
918 3026 1099 3073 autem
1146 3016 1462 3073 Combelisii
1497 3015 1929 3071 emendationem

368 3113 604 3169 arbitror
656 3125 844 3182 puram
903 3119 1087 3180 putam
1146 3124 1271 3166 esse
1326 3109 1754 3180 corruptionem.
1815 3108 1928 3163 Etsi

364 3204 509 3259 enim
541 3203 829 3258 alIirmavit
864 3202 1096 3258 Basilius
1135 3202 1304 3257 multa
1332 3216 1453 3257 esse
1490 3201 1672 3255 avium
1707 3215 1927 3272 genera,

364 3309 487 3366 quae
513 3295 826 3364 concipiunt
877 3295 997 3348 sine
1043 3293 1364 3360 concubitu,
1414 3293 1587 3362 potuit
1636 3300 1815 3344 tamen
1869 3292 1934 3345 de

367 3387 498 3441 solis
548 3384 854 3441 vulturibus
910 3384 1237 3439 mentionem
1291 3384 1493 3449 facere,
1542 3381 1798 3437 videlicet
1842 3391 1936 3435 aut

366 3479 651 3534 brevitatis
680 3491 865 3541 causa,
897 3487 992 3531 aut
1011 3486 1288 3531 oratorum
1332 3490 1505 3543 more,
1533 3474 1627 3544 qui
1675 3488 1764 3529 res
1793 3473 1938 3542 ejus-

371 3570 516 3625 modi
551 3585 655 3625 non
690 3579 795 3624 tam
830 3568 1123 3639 diligenter
1140 3581 1389 3632 narrare,
1422 3582 1584 3637 quam
1599 3580 1795 3621 ornare
1826 3576 1939 3621 stu-

370 3661 521 3716 dent.
559 3658 666 3715 Sed
711 3659 852 3728 quod
881 3658 1054 3729 magis
1110 3657 1397 3713 conﬁrmat
1419 3657 1555 3711 nihil
1615 3657 1670 3712 in
1706 3656 1939 3725 vulgatis

370 3750 571 3820 corrigi
610 3750 825 3815 debere,
853 3748 981 3803 illud
1012 3757 1116 3817 est,
1148 3748 1287 3818 quod
1326 3748 1397 3802 ita
1459 3747 1654 3817 legisse
1710 3746 1941 3821 Ambro-

383 3842 521 3897 sium
549 3849 778 3897 constet.
819 3839 950 3908 Ejus
996 3842 1112 3895 haec
1177 3850 1303 3894 sunt
1326 3854 1358 3893 e
1384 3838 1477 3892 lib.
1512 3838 1626 3892 vin
1656 3836 1937 3902 Hexaem.,

374 3946 493 4002 cap.
517 3930 588 3986 20
629 3946 644 3983 :
681 3949 701 3982 ι
733 3929 887 3985 Nunc
932 3930 997 3984 de
1040 3929 1351 3997 integritate
1383 3927 1650 3989 dicamus,
1702 3938 1821 3992 qua:
1887 3924 1939 3977 in

375 4024 616 4095 pluribus
667 4020 881 4090 quidem
929 4021 1116 4074 avibus
1156 4020 1227 4072 ita
1280 4032 1402 4073 esse
1455 4025 1818 4080 asseveratur,
1885 4025 1944 4069 ut

378 4112 548 4184 possit
600 4110 763 4164 etiam
820 4109 876 4163 in
923 4108 1227 4161 vulturibus
1279 4106 1628 4176 deprehendi.
1668 4104 1944 4175 Negautur

379 4205 526 4260 enim
593 4202 835 4257 vultures
887 4187 1166 4269 indulgere
1209 4197 1526 4265 concubitu,
1559 4206 1614 4251 et
1663 4196 1941 4265 coniugali

379 4296 611 4367 quodam
660 4308 761 4349 usu
808 4292 1174 4361 nuptialisque
1230 4289 1435 4358 copulae
1491 4298 1638 4344 sorte
1701 4287 1941 4353 misceri,

381 4401 542 4459 atque
567 4388 640 4442 ita
673 4387 791 4442 sine
823 4384 930 4440 ullo
970 4384 1331 4439 masculorum
1384 4383 1669 4451 concipere
1714 4380 1943 4445 semine,

2027 1924 2323 1994 ὑπηνέμια.
2372 1923 2573 1979 Verum
2612 1938 2719 1978 non
2786 1925 2861 1978 ita
2908 1924 3066 1979 facile
3105 1926 3359 1980 excusari
3394 1936 3591 1996 potest,

2026 2031 2148 2069 cum
2193 2016 2309 2070 haec
2345 2015 2420 2068 ait
2462 2028 2494 2069 e
2547 2015 2792 2082 margine
2830 2014 3139 2083 irrepsisse.
3168 2014 3282 2069 Etsi
3309 2016 3453 2070 enim
3485 2017 3594 2080 Eu-

2026 2107 2262 2162 stathius
2279 2107 2560 2177 insigniter
2586 2106 2945 2162 hallucinatus
2961 2108 3053 2174 sit,
3079 2108 3418 2177 pessimeque
3440 2108 3597 2164 Basiv-

2025 2199 2156 2253 lium
2197 2201 2617 2269 interpretatus,
2667 2199 2784 2269 ejus
2812 2208 2990 2254 tamen
3032 2200 3194 2254 verba
3248 2201 3595 2270 apertissime

2026 2292 2316 2344 ostendunt
2372 2306 2477 2344 non
2506 2306 2664 2345 secus
2689 2306 2812 2346 eum
2843 2291 3037 2360 legisse
3067 2292 3120 2345 in
3152 2293 3265 2346 suis
3288 2292 3585 2356 codicibus.

2028 2390 2190 2449 atque
2235 2395 2376 2434 mine
2428 2381 2481 2434 in
2537 2381 2740 2435 nostris
2789 2380 3039 2450 legimus.
3103 2380 3232 2450 Ejus
3269 2382 3382 2438 hac
3415 2391 3589 2437 sunt:

2034 2489 2053 2521 ι
2089 2473 2220 2525 Aliae
2264 2486 2395 2526 sane
2441 2486 2653 2539 earum,
2680 2487 2800 2541 quae
2846 2472 3009 2527 altius
3066 2474 3595 2538 volitant,-:steriles

2028 2564 2247 2616 omnino
2279 2572 2424 2617 sunt.
2469 2581 2495 2613 ι.
2553 2563 2630 2617 Ex
2657 2564 2855 2634 quibus
2893 2563 3218 2635 intelligitur
3247 2564 3609 2619 Eustathium.

2031 2654 2083 2708 in
2132 2654 2242 2709 suis
2273 2655 2491 2725 quidem
2524 2655 2684 2712 libris
2731 2670 2917 2711 vocem
2951 2656 3232 2728 ὑπηνέμια
3272 2657 3549 2728 reperisse
3578 2673 3607 2710 :7

2030 2743 2125 2798 sed
2181 2757 2300 2798 eam
2332 2744 2472 2799 male
2505 2744 2842 2809 reddidisse,
2868 2747 3026 2814 quasi
3060 2746 3317 2802 videlicet
3345 2762 3460 2802 rem
3498 2762 3600 2816 ape

2027 2845 2312 2890 ventorum
2344 2836 2452 2892 alte
2476 2836 2675 2891 elatam
2702 2836 3056 2907 significaret.
3086 2835 3218 2892 Plus
3235 2837 3370 2892 satis
3399 2837 3465 2892 de
3495 2837 3598 2891 his.

2033 2926 2339 2982 Redeamus
2364 2928 2431 2982 ad
2473 2928 2854 2993 Ambrosium,
2898 2928 3054 2997 cujus
3080 2927 3134 2982 in
3176 2928 3358 2983 verbis
3401 2927 3616 2996 aliquid

2031 3012 2214 3072 inesse
2242 3019 2358 3071 vitii
2392 3020 2661 3086 suspicor.
2685 3017 2789 3073 Ubi
2827 3018 2973 3072 enim
3010 3019 3230 3089 legitur,
3260 3035 3279 3069 ι
3325 3018 3605 3086 indulgere

2033 3107 2346 3171 concubitu,
2389 3126 2408 3159 ι
2442 3108 2725 3178 legendum
2777 3124 2996 3176 censeo,
3038 3127 3059 3162 ι
3114 3111 3359 3179 indigere
3403 3125 3604 3164 concu-

2033 3197 2172 3262 bitu,
2200 3216 2221 3249 ι
2252 3206 2362 3251 tum
2392 3199 2461 3253 ob
2491 3200 2620 3252 illud
2652 3198 2853 3266 Basilii,
2889 3200 3061 3254 δεῖται
3088 3202 3188 3273 τῆς
3209 3200 3319 3255 τῶν
3353 3200 3603 3272 ἀρρένων

2033 3288 2353 3359 ἐπιπλοκῆς,
2393 3298 2504 3343 tum
2557 3292 2700 3359 quod
2730 3291 2845 3360 ipsa
2873 3292 3209 3347 constructio
3243 3293 3601 3360 grammatica

2034 3381 2115 3435 ita
2153 3381 2409 3451 postulet.
2438 3381 2608 3438 Recte
2633 3385 2774 3438 enim
2810 3384 3033 3449 dixeris,
3062 3403 3081 3435 ι
3134 3384 3376 3453 indigere
3396 3399 3599 3439 concup

2034 3473 2148 3528 bitu
2180 3494 2193 3528 :
2222 3474 2499 3543 indulgere
2526 3476 2836 3543 concubitu,
2872 3493 2892 3528 ι
2926 3492 3033 3530 non
3072 3476 3201 3532 item
3227 3517 3243 3544 ,
3270 3491 3393 3532 cum
3422 3477 3617 3532 dicere

2037 3565 2267 3629 soleant,
2298 3578 2317 3616 ‹
2355 3566 2666 3620 concubitui
2701 3565 3002 3633 indulgere.
3037 3585 3057 3618 ι

2107 3657 2198 3712 28.
2228 3654 2386 3711 Clara
2437 3665 2565 3712 sunt
2599 3656 2764 3711 verba
2790 3655 2972 3712 Basilii
3007 3665 3062 3712 et
3083 3671 3236 3720 sana,
3270 3670 3387 3726 quae
3425 3655 3605 3726 legun-

2028 3734 2128 3801 ‘tur
2174 3748 2227 3802 in
2262 3749 2509 3803 oratione
2534 3747 2642 3803 8iu
2667 3747 2948 3813 ﬂexum,
2980 3764 3125 3802 num.
3167 3749 3201 3803 8
3233 3763 3248 3800 :
3295 3748 3482 3800 Ὀποῖα
3512 3746 3605 3800 καὶ

2040 3838 2289 3909 περὶτοῦ
2330 3837 2492 3893 Ἰνδοῦ
2511 3837 2790 3908 σκώληκος
2815 3840 3104 3910 ἱστορεῖται
3131 3838 3220 3892 τοῦ
3244 3837 3603 3908 κερασφόρου,

2040 3930 2100 3995 ὃς
2126 3932 2205 3994 εἰς
2227 3932 2453 4002 κάμπην
2476 3930 2545 3984 τὰ
2587 3929 2780 4002 πρῶτα
2813 3928 3154 4001 μεταϐαλών,
3204 3939 3308 3983 etc.
3376 3947 3393 3980 ι
3424 3928 3574 3995 Quam

2043 4023 2114 4078 lia
2184 4024 2348 4079 etiam
2407 4022 2473 4078 de
2538 4022 2723 4077 lndieo
2778 4036 2964 4077 verme
3028 4021 3313 4091 cornigero
3378 4036 3607 4075 narran-

2050 4124 2161 4180 tur,
2205 4115 2299 4184 qui
2358 4113 2591 4182 primum
2628 4113 2682 4166 in
2706 4127 2926 4167 erucam
2991 4120 3410 4178 transmutatus,
3449 4131 3471 4163 ι
3500 4121 3608 4166 etc.

2047 4207 2155 4261 Sed
2217 4204 2309 4260 hic
2365 4204 2517 4259 locus
2562 4203 2791 4277 mirifice
2819 4203 2953 4258 etin
3000 4203 3284 4258 Eustathio
3318 4215 3609 4271 corruptus

2045 4294 2342 4357 invenitur,
2389 4302 2446 4347 et
2477 4293 2532 4348 in
2584 4293 2872 4347 Ambrosio
2916 4290 3015 4362 (b).
3064 4291 3212 4348 lllius
3247 4293 3408 4348 verba
3438 4302 3563 4347 sunt
3595 4307 3610 4344 :

2052 4405 2069 4437 ι
2107 4384 2247 4451 Quid
2304 4384 2504 4449 dicitis,
2531 4383 2622 4452 qui
2647 4381 2815 4437 Paulo
2849 4382 3092 4452 apostolo
3116 4384 3183 4439 de
3218 4384 3614 4439 resurrectione

380 4490 436 4538 et
471 4481 588 4541 sine
606 4477 985 4549 conjunctione
1012 4489 1295 4547 generare,
1338 4483 1604 4545 natusque
1658 4487 1722 4526 ex
1773 4472 1853 4526 his
1892 4473 1942 4526 in
1976 4497 2021 4555 ο
2048 4494 2154 4533 non
2183 4476 2426 4541 creditis,
2457 4489 2580 4530 cum
2609 4473 2839 4528 videatis
2867 4482 3015 4528 certa
3050 4473 3119 4529 de
3153 4473 3326 4528 aereis
3366 4474 3614 4527 animan-

384 4576 603 4631 multam
625 4580 836 4627 aetatem
867 4571 1206 4639 longaavitate
1246 4568 1535 4638 procedere
1555 4607 1570 4632 ,
1603 4576 1655 4619 ut
1686 4580 1854 4634 usque
1876 4567 1943 4620 ad

383 4681 597 4726 centum
641 4683 813 4724 annos
862 4667 987 4720 vita:
1016 4680 1202 4720 eorum
1243 4663 1411 4718 series
1455 4660 1802 4729 producatur,
1846 4674 1947 4714 nec

386 4763 543 4817 facile
563 4776 656 4817 eos
685 4759 893 4830 angusti
927 4758 1024 4813 :rvi
1072 4757 1192 4810 linis
1225 4754 1474 4823 excipiat.
1508 4751 1644 4818 Quid
1677 4752 1829 4805 aiunt
1856 4753 1945 4821 qui

385 4854 561 4907 Solent
593 4862 776 4905 nostra
806 4848 1032 4904 irridere
1059 4844 1338 4916 mysteria,
1387 4857 1510 4897 cum
1545 4842 1764 4896 audiunt
1804 4842 1946 4910 quod

389 4943 539 5009 virgo
565 4941 862 5010 generavit,
889 4949 944 4993 et
972 4934 1355 5006 impossibilcm
1384 4932 1642 5000 innuptae,
1673 4929 1825 4997 cujus
1854 4946 1950 4999 pu-

390 5031 577 5084 dorem
608 5029 748 5082 nulla
774 5030 875 5082 viri
903 5025 1239 5083 consuetudo
1267 5028 1605 5082 temerasset,
1640 5020 1954 5076 existimant

391 5119 648 5190 partum?
670 5118 1006 5187 lmpossibile
1031 5126 1249 5188 putatur
1275 5115 1329 5169 in
1356 5115 1449 5169 Dei
1484 5123 1683 5178 matre,
1729 5113 1871 5182 quod
1901 5113 1954 5166 in

392 5214 698 5267 vulturibus
719 5211 974 5281 possibile
1005 5226 1108 5265 non
1141 5208 1405 5279 negatur?
1425 5207 1556 5261 Avis
1587 5206 1705 5260 sine
1744 5220 1957 5260 mascu-

394 5305 448 5358 lo
484 5304 644 5373 parit,
672 5313 726 5360 et
755 5302 935 5356 nullus
960 5301 1195 5356 refellit:
1228 5308 1285 5353 et
1313 5299 1438 5368 quia
1478 5299 1801 5368 desponsata
1842 5296 1959 5351 viro

399 5396 565 5449 Maria
585 5397 735 5466 virgo
757 5394 989 5465 peperit,
1012 5393 1202 5464 pudori
1221 5392 1558 5461 ejusfaciunt
1580 5390 1953 5460 quaestionem.

396 5487 586 5543 Nonne
615 5488 942 5543 advertimus
976 5486 1119 5554 quod
1170 5485 1425 5540 Dominus
1484 5499 1550 5539 ex
1609 5483 1723 5554 ipsa
1765 5491 1956 5536 natura

399 5575 633 5648 plurima
672 5575 919 5644 exempla
969 5583 1095 5630 ante
1149 5572 1433 5644 prromisit,
1463 5574 1658 5644 quibus
1701 5580 1960 5641 susceptae

475 5772 554 5849 (a)
579 5772 709 5831 Bas.
739 5790 844 5832 rec.
873 5789 926 5845 p.
958 5773 1046 5833 18.

2051 4566 2193 4621 tibus
2221 4565 2447 4635 figuram
2485 4563 2759 4633 propriam
2776 4572 3131 4630 commutare,
3165 4562 3306 4617 sicut
3341 4562 3613 4619 ludiacum

2052 4670 2312 4718 vermem,
2346 4654 2438 4722 qui
2473 4661 2560 4708 est
2586 4652 2854 4723 corniger,
2888 4652 3064 4721 primo
3094 4651 3146 4706 in
3172 4666 3384 4707 verucae
3417 4666 3475 4707 se
3497 4666 3617 4721 Spe-

2051 4749 2187 4802 ciem
2222 4744 2717 4809 translormantem,
2762 4760 2782 4793 ›
2826 4751 2974 4808 etc.;
3003 4741 3162 4811 hujus
3195 4762 3207 4796 :
3252 4758 3271 4792 ι
3300 4741 3497 4797 Fertur
3526 4741 3617 4795 hic

2052 4837 2300 4905 corniger
2323 4833 2522 4889 vermis
2566 4831 2824 4903 (Indicus)
2857 4832 3101 4887 converti
3137 4831 3370 4902 primum
3392 4831 3447 4887 in
3480 4846 3617 4901 spe-

2053 4930 2188 4982 ciem
2228 4925 2417 4989 caulis,
2451 4934 2615 4992 atque
2642 4923 2694 4977 in
2723 4937 2844 4978 eam
2875 4921 3072 4977 mutari
3121 4930 3388 4977 naturam.
3420 4940 3439 4974 ›
3466 4921 3617 4977 Men-

2052 5019 2178 5072 dum
2202 5016 2346 5085 quod
2377 5015 2429 5069 in
2452 5014 2896 5083 interpretatione
2925 5013 3192 5069 Eustathii
3215 5013 3429 5084 legitur,
3457 5028 3619 5083 grave

2052 5109 2264 5180 quidem
2289 5118 2373 5163 est
2408 5127 2423 5162 :
2465 5107 2559 5162 sed
2590 5107 2720 5162 illud
2749 5107 2891 5177 quod
2923 5107 2977 5160 in
3004 5105 3293 5161 Ambrosio
3323 5106 3617 5170 invenitur,

2056 5213 2203 5256 certe
2241 5200 2408 5255 multo
2444 5200 2663 5269 gravius
2692 5199 2980 5253 videbitur.
3011 5195 3250 5263 Quilibet
3273 5197 3441 5262 enim,
3472 5195 3515 5250 si
3548 5197 3620 5250 sit

2060 5294 2112 5348 in
2154 5292 2459 5363 huiusmodi
2494 5292 2655 5346 rebus
2687 5289 2842 5360 paulo
2873 5288 3239 5355 exercitatior,
3269 5286 3426 5342 facile
3458 5295 3610 5357 pote-

2065 5388 2134 5441 rit
2184 5385 2467 5443 Eustathio
2505 5385 2730 5448 mederi,
2769 5381 3053 5437 Ambrosio
3098 5380 3344 5435 fortassis
3373 5393 3481 5433 non
3514 5378 3622 5433 nisi

2064 5478 2392 5535 difﬁcillime.
2425 5478 2491 5532 Et
2520 5491 2649 5532 vero
2690 5474 2909 5530 cascutit
2960 5472 3051 5541 qui
3090 5486 3195 5526 non
3244 5471 3391 5525 videt
3433 5468 3621 5527 Eusta-

2067 5573 2308 5627 thianum
2360 5578 2598 5625 erratum
2656 5565 2941 5623 Eustatltio
2986 5564 3088 5633 ipsi
3126 5562 3469 5619 tribuendum
3510 5574 3620 5616 non

2130 5769 2203 5846 (ιι)
2233 5768 2484 5825 Ambros.
2509 5765 2562 5821 in
2596 5764 2758 5833 Hem,
2794 5764 2972 5834 lib.,v.
3000 5778 3120 5836 cap.
3149 5762 3243 5821 25.
3312 5841 3317 5844 ᾔ
