4040 6216
1526 406 1600 470 ω.
1647 403 1794 459 JUL.
1842 399 2170 456 GARNEl-lll
2211 394 2602 452 ῺῐιίΕῈΑΤΙΟ.

3544 378 3666 444 cm

415 544 552 592 esse,
577 537 672 583 seu
709 522 966 588 librariis,
1001 521 1092 591 qui
1136 519 1288 574 aliud
1306 522 1606 589 agitantes
1642 535 1660 568 ‹
1685 531 1938 571 verucam
1966 534 1985 566 ι
2019 522 2064 579 Α
2094 512 2365 580 scriptura
2393 509 2698 564 habendam
2745 520 2882 570 esse,
2921 521 3042 560 cum
3073 503 3317 558 altertttri
3347 511 3530 571 aperte
3585 503 3664 556 fa-

415 639 511 693 pro
542 639 560 672 t
584 633 744 674 eruca
768 635 787 668 ι
829 616 1122 683 scripsere.
1150 612 1348 666 Fateor
1382 610 1630 680 equidem
1663 610 1780 679 pari
1811 607 1982 661 facili-

413 724 523 768 tate
544 728 574 767 e
598 726 657 765 re
691 709 1071 778 expediturum
1100 719 1241 770 sese,
1283 703 1374 772 qui
1398 703 1688 758 lectionem
1732 701 1990 756 editionis

414 807 671 861 Romanae
702 799 1003 857 admiserit.
1025 797 1238 852 Etenim
1272 811 1394 850 cum
1434 796 1485 848 in
1513 795 1613 848 hac
1655 794 1890 848 editione
1917 793 1991 846 lc-

418 911 570 969 gatur
595 915 610 951 :
639 914 657 947 (
684 895 737 948 in
775 892 1008 962 speciem
1044 904 1241 952 erucae,
1273 906 1290 936 ι
1321 886 1431 956 jam
1457 887 1713 940 nihilerit
1737 884 1988 954 amplius,

417 991 558 1061 quod
581 990 754 1059 possit
787 987 1081 1056 quidquam
1121 985 1392 1039 facessere
1431 980 1651 1048 negotii,
1685 993 1804 1030 cum
1833 977 1992 1031 lectio

418 1085 612 1139 isthzec
643 1090 698 1138 et
730 1083 810 1136 rei
844 1082 1050 1150 optime
1074 1077 1385 1138 conveniat,
1423 1083 1472 1126 ct
1510 1073 1635 1126 illud
1678 1069 1880 1133 Basilii,
1914 1070 1993 1130 εἰς

417 1177 664 1248 κάμπην,
702 1175 971 1244 exprimat
999 1179 1276 1226 accurate.
1313 1167 1418 1222 Sed
1459 1174 1716 1219 constans
1747 1162 1830 1216 ille
1858 1160 1993 1214 alia-

417 1285 538 1323 rum
578 1268 874 1323 editionum
908 1274 961 1318 et
996 1264 1240 1319 omnium
1294 1259 1542 1313 codicum
1593 1270 1751 1308 manu
1796 1267 1994 1306 exara-

421 1372 598 1415 torum
639 1359 690 1412 in
723 1357 938 1426 vulgata
992 1355 1223 1408 lectione
1272 1349 1468 1404 tuenda
1509 1360 1807 1402 consensus
1834 1356 1994 1396 acce-

420 1452 552 1505 dere
590 1465 674 1502 me
698 1449 827 1504 huic
861 1447 1100 1516 opinioni
1133 1461 1236 1499 non
1294 1445 1448 1498 sinit.
1479 1442 1796 1507 Quanquam
1852 1437 1992 1490 enim

422 1543 525 1598 hoc
560 1554 847 1596 commune
873 1539 1060 1591 vitium
1102 1545 1183 1590 est
1221 1534 1477 1594 librariis,
1528 1546 1712 1584 vocem
1751 1544 1845 1598 pro
1869 1523 1994 1589 alia,

425 1648 547 1687 cum
591 1647 750 1685 voces
787 1631 926 1682 inter
968 1643 1026 1681 se
1060 1626 1264 1680 similes
1296 1631 1444 1686 sunt,
1477 1635 1746 1690 apponere
1778 1636 1790 1671 :
1829 1619 1879 1671 id
1916 1629 1994 1670 ta-

427 1740 570 1787 men,
605 1723 650 1776 si
683 1723 791 1775 sint
820 1721 979 1773 valde
1008 1718 1299 1772 dissimiles
1351 1730 1532 1776 voces,
1563 1713 1743 1766 facere
1775 1726 1880 1764 non
1909 1723 1996 1762 so-

423 1815 555 1868 lent.
610 1814 712 1868 Vix
747 1826 985 1880 unquam
1045 1809 1207 1876 igitur
1254 1807 1384 1860 mihi
1432 1805 1761 1874 persuadere
1807 1809 1997 1870 potero

425 1907 712 1975 scripsisse
746 1902 1117 1963 Ambrosium,
1152 1918 1170 1950 ι
1210 1900 1261 1952 in
1312 1898 1548 1967 speciem
1575 1910 1772 1958 eruere,

426 2000 471 2054 si
503 2000 576 2052 ita
615 2006 782 2058 esset,
817 2009 1090 2062 nunquam
1124 1992 1363 2046 librariis
1395 1990 1633 2043 venisset
1665 1987 1717 2040 in
1763 1995 1996 2038 mentem

427 2105 615 2144 vocem
653 2107 672 2140 ι
710 2087 879 2141 caulis
914 2106 932 2138 ι
965 2085 1328 2149 comminisci,
1376 2083 1447 2138 ob
1495 2095 1744 2149 magnam
1798 2078 2006 2133 scilicet

427 2184 617 2238 harum
647 2195 864 2244 vocum,
897 2197 916 2229 ε
953 2191 1133 2232 erucae
1170 2197 1188 2227 ι
1219 2186 1273 2230 et
1307 2193 1324 2225 ‹
1368 2174 1562 2233 caulis,
1605 2191 1622 2221 ι
1657 2173 1796 2224 inter
1814 2185 1872 2222 se
1901 2170 2004 2222 dis-

429 2274 857 2329 similitudinem.
912 2269 991 2324 Ex
1045 2284 1152 2338 quo
1205 2268 1339 2322 satis
1399 2264 1717 2332 intelligitur
1768 2263 2003 2316 editores

429 2364 700 2419 Romanos
721 2363 876 2429 hujus
899 2361 1148 2415 lectionis
1172 2369 1423 2413 auctores
1440 2372 1558 2411 esse
1579 2365 1633 2409 et
1655 2355 2000 2416 architcCtos;

431 2458 523 2525 qui
569 2471 692 2510 cum
727 2455 973 2507 viderent
1025 2451 1293 2518 vulgatam
1345 2448 1659 2510 lectionem,
1697 2464 1716 2496 ι
1752 2443 1942 2508 caulis,
1979 2463 1998 2495 ι

434 2547 649 2603 tolerari
671 2562 773 2600 non
813 2559 995 2614 posse,
1021 2544 1166 2596 hunc
1193 2539 1466 2594 Ambrosii
1498 2538 1674 2593 locum
1703 2552 1767 2592 ex
1796 2535 2002 2590 Graecis

439 2638 621 2692 Basilii
674 2637 962 2690 emendare
995 2649 1100 2689 non
1139 2631 1478 2686 dubitarunt.
1509 2628 1696 2699 Neque
1731 2642 1861 2683 vero
1905 2641 2005 2681 nos

439 2723 610 2793 magis
635 2712 856 2791 adjuvat
879 2719 1192 2789 conjectura
1218 2717 1440 2792 Latinii,
1477 2718 1567 2788 qui
1598 2717 1880 2789 legendum
1914 2731 2006 2770 su-

441 2816 701 2883 spicatur,
745 2833 763 2866 (
818 2815 872 2867 in
912 2813 1145 2882 speciem
1199 2825 1420 2878 campae.
1453 2828 1472 2861 ι
1513 2808 1647 2863 Nam
1699 2822 1863 2863 voces
1898 2807 2002 2874 hae,

443 2926 461 2957 ι
497 2905 666 2959 caulis
702 2923 722 2956 ι
774 2913 828 2959 et
863 2920 882 2954 ι
937 2917 1163 2972 campae,
1197 2920 1216 2953 ι
1252 2901 1421 2968 magis
1472 2912 1686 2969 quoque
1737 2900 1879 2952 inter
1939 2913 2000 2953 se

438 3000 720 3065 dissident,
745 3011 904 3065 quam
933 3007 994 3050 ut
1018 3009 1206 3048 omnes
1232 2993 1412 3048 omnis
1439 2992 1624 3047 astatis
1651 2991 2006 3060 omniumque

441 3091 718 3162 regionum
741 3089 941 3143 librarii
973 3087 1126 3156 quasi
1145 3101 1210 3141 ex
1236 3092 1520 3153 eumpacto
1562 3097 1664 3153 pro
1701 3100 1720 3134 ι
1752 3096 1955 3151 campre
1980 3100 2000 3134 ι

440 3178 754 3244 scripserint
793 3193 811 3226 ‹
848 3175 1056 3240 caulis;
1104 3193 1123 3225 ι
1175 3174 1335 3240 idque
1383 3187 1447 3226 eo
1493 3171 1686 3240 magis,
1731 3173 1873 3241 quod
1904 3187 2002 3226 vox

447 3293 466 3325 ε
488 3273 653 3327 caulis
671 3291 690 3324 ι
719 3271 1106 3341 ineptissimam
1132 3269 1454 3324 sententiam
1471 3267 1723 3322 efliceret.
1750 3265 1865 3320 Jam
1884 3280 2005 3319 ettm

441 3381 617 3434 neque
637 3379 822 3419 vocem
841 3375 1048 3417 «erucae
1078 3381 1097 3413 ι
1117 3376 1288 3429 neque
1308 3375 1495 3414 vocem
1521 3377 1540 3410 t
1563 3373 1766 3428 eampse
1802 3377 1820 3409 ι
1843 3357 2005 3424 recipi

439 3458 631 3514 merito
648 3470 805 3525 posse
822 3452 1324 3517 ostenderimus,vel
1340 3451 1486 3504 inviti
1505 3450 1768 3504 fateamur
1786 3462 2008 3502 necesse

440 3556 523 3603 est
545 3561 812 3601 summum
843 3545 1020 3597 virum
1056 3543 1398 3596 Ambrosium
1448 3541 1644 3610 aliquid
1679 3541 1768 3594 hic
1812 3541 2007 3594 huma-

440 3641 497 3696 ni
542 3654 755 3708 passum
795 3651 934 3700 esse,
965 3643 1019 3690 et
1054 3635 1173 3688 ideo
1203 3649 1476 3702 peccasse,
1514 3642 1603 3686 aut
1632 3632 1770 3700 quod
1807 3646 1864 3685 re
1894 3632 2006 3699 ipsa

438 3730 494 3785 in
547 3730 726 3797 aliquo
768 3727 1023 3781 mendoso
1072 3723 1254 3778 codice
1314 3723 1573 3792 repererit
1618 3723 1699 3783 εἰς
1731 3719 2009 3792 κράμϐην,

447 3839 467 3872 α
504 3822 554 3875 in
592 3820 761 3874 caulis
813 3817 1068 3887 speciem,
1100 3835 1118 3866 ι
1154 3830 1250 3884 pro
1291 3816 1368 3876 εἰς
1403 3812 1650 3883 κάμπην,
1687 3831 1704 3862 ι
1741 3812 1792 3864 in
1835 3825 2011 3864 erucce

440 3911 702 3980 speciem;
726 3929 744 3960 ι
767 3919 859 3961 aut
890 3909 1052 3978 quod,
1071 3906 1115 3959 si
1144 3905 1311 3959 codex
1345 3902 1537 3956 mendo
1557 3903 1798 3966 carebat,
1832 3900 2011 3953 nomi-

443 4004 530 4058 nis
558 4001 904 4061 similitudine
937 4002 1211 4068 deceptus,
1267 4012 1364 4065 pro
1413 3997 1640 4066 κάμπην
1690 3993 1789 4049 sibi
1838 3993 2012 4064 legere

441 4095 590 4150 visus
631 4094 702 4146 sit
740 4092 1015 4164 κράμϐην.

422 4216 427 4227 --
518 4186 608 4241 29.
641 4185 865 4252 Quando
900 4193 1078 4237 autem
1109 4181 1274 4236 semel
1329 4179 1671 4233 Ambrosium
1718 4177 1770 4230 in
1825 4191 2016 4229 manus

443 4279 791 4347 sumpsimus,
835 4292 942 4330 non
997 4284 1105 4328 tam
1167 4273 1273 4327 cito
1319 4273 1384 4324 ab
1417 4286 1480 4324 eo
1534 4269 1825 4322 avellantur
1854 4265 1883 4319 ε’
1922 4267 2015 4319 sed

444 4382 806 4440 proponamus
859 4366 1030 4420 locum
1063 4363 1347 4434 quemdam
1389 4375 1418 4414 e
1448 4360 1584 4413 libro
1607 4358 1809 4426 [quinto
1832 4357 1886 4409 in
1917 4354 2018 4408 Ile-

446 4477 642 4522 znem.,
666 4472 783 4525 cap.
807 4455 901 4519 25,
922 4453 1184 4509 difﬁcilem
1207 4452 1513 4512 admodum,
1529 4460 1581 4502 et
1611 4450 1682 4501 ita
1700 4448 2013 4508 obscurum,

446 4549 732 4618 utOEdipo
761 4547 939 4616 aliquo
971 4548 1036 4599 ad
1069 4555 1304 4599 mentem
1332 4540 1602 4595 Ambrosii
1627 4537 2014 4609 assequendam
2047 4563 2095 4621 ι)

444 4657 582 4711 Opus
636 4653 757 4694 esse
798 4637 1064 4691 videatur.
1114 4630 1390 4689 Ambrosii
1445 4631 1611 4701 igitur
1676 4630 1790 4683 haec
1841 4639 2010 4681 sunt:

453 4752 473 4784 ε
519 4731 677 4785 Certe
708 4728 851 4782 illius
880 4727 1040 4780 tridui
1070 4735 1312 4779 nostrum
1352 4722 1458 4775 hoc
1497 4720 1761 4790 postridie
1789 4717 2016 4773 laborio-

449 4824 566 4878 sius
597 4831 700 4876 est.
743 4839 762 4872 ›
805 4819 924 4874 Jam
955 4817 1060 4872 duo
1098 4815 1266 4886 qureri
1310 4822 1558 4883 possunt,
1600 4811 1870 4882 quomodo
1913 4809 2013 4878 legi

448 4924 716 4983 oporteat,
746 4920 803 4966 et
836 4911 958 4978 quis
980 4910 1169 4964 borum
1203 4909 1488 4975 verborum
1521 4920 1712 4958 sensus
1740 4905 1828 4957 sit.
1855 4903 2012 4970 Qua:-

449 5007 557 5059 stio
585 5005 757 5073 prima
796 5002 997 5072 pendet
1034 5000 1264 5056 multum
1297 5013 1365 5052 ex
1405 4995 1744 5050 variantibus
1778 4994 2017 5047 lectioni-

449 5094 573 5159 bus,
601 5108 734 5163 quas
764 5091 990 5161 proinde
1023 5090 1231 5144 referre
1269 5101 1447 5157 Opera:
1475 5086 1707 5154 pretium
1742 5092 1846 5138 est.
1882 5081 2018 5136 Dilli-

449 5187 623 5242 cultas
651 5188 752 5242 sita
777 5197 863 5242 est
903 5195 1011 5240 tota
1054 5187 1108 5240 in
1140 5199 1272 5245 voce
1311 5201 1330 5234 (
1359 5182 1640 5252 postridie,
1673 5201 1692 5235 ι
1726 5195 1844 5250 quae
1865 5180 2018 5234 aliter

450 5279 505 5334 in
537 5279 658 5332 aliis
684 5279 958 5333 codicibus
983 5278 1200 5346 legitur.
1236 5272 1432 5330 Vocem
1463 5292 1481 5324 ι
1511 5273 1772 5345 postridie
1803 5291 1822 5324 ι
1867 5272 2020 5326 exhi-

450 5371 580 5425 bent
605 5384 791 5425 omnes
843 5370 963 5424 libri
1009 5370 1138 5424 editi
1190 5383 1310 5424 cum
1367 5367 1570 5435 aliquot
1616 5365 1912 5420 codicibus.
1951 5365 2020 5417 At

452 5461 640 5524 Carm,
659 5461 844 5528 σοι-ιλ,
863 5460 965 5515 Th.
991 5475 1054 5515 ac
1081 5459 1217 5528 Reg.
1240 5459 1440 5512 habent
1469 5476 1486 5507 (
1512 5465 1630 5527 post
1652 5455 1876 5526 pridie.»
1901 5454 2016 5524 Big.

453 5563 507 5606 et
527 5552 679 5608 Gem.
713 5571 731 5604 ι
775 5551 1058 5620 postridui,
1079 5570 1099 5604 ι
1129 5550 1340 5613 Gertn.,
1376 5547 1530 5603 Colb.
1565 5562 1686 5601 cum
1714 5545 1853 5600 Vict.
1887 5545 2022 5600 duo-

455 5644 557 5699 bus
589 5663 607 5694 t
646 5645 1002 5714 postriduum.
1057 5662 1078 5696 ι
1120 5642 1196 5696 Ex
1256 5640 1453 5710 quibus
1497 5637 1634 5692 cllici
1691 5636 1928 5701 videtur,
1972 5636 2019 5690 si

454 5746 699 5791 veterum
751 5735 1008 5790 librorum
1061 5733 1327 5787 habeatur
1380 5730 1540 5795 ratio,
1583 5743 1773 5784 vocum
1803 5721 2036 5794 barum,

468 5846 486 5880 ι
527 5828 783 5897 postridie
817 5835 981 5905 r__et__t
1019 5819 1394 5896 postriduum,
1418 5841 1436 5874 ι
1474 5821 1696 5878 alteram
1753 5835 1850 5888 pro
1887 5833 2015 5876 vera

2093 611 2252 656 veant
2279 601 2542 655 lectiones
2577 599 2714 660 aliae,
2739 615 2757 648 ι
2793 604 2912 673 post
2930 595 3100 664 pridie
3134 614 3153 646 ι
3180 606 3234 650 et
3274 613 3293 647 t
3317 593 3601 661 postridui.
3639 610 3660 645 ι

2092 692 2245 746 Nunc
2274 706 2402 760 ergo
2431 689 2743 750 videndum,
2776 695 2894 740 utra
2928 685 3196 754 scriptura
3219 685 3290 738 sit
3312 692 3367 739 et
3402 684 3584 737 verior
3611 689 3668 736 et

2095 781 2524 840 convenientior.
2555 780 2715 833 Certe
2737 779 2781 831 si
2813 792 2914 846 qua
2948 785 3224 829 exstarent
3254 775 3519 844 exempla,
3547 775 3668 843 qui-

2091 875 2192 928 bus
2232 872 2404 927 evinci
2441 879 2621 941 posset
2663 882 2850 922 vocem
2888 886 2907 918 ι
2953 865 3232 935 postridie,
3263 884 3281 916 ›
3317 867 3665 935 quemadmo-

2095 967 2218 1019 dum
2257 982 2274 1014 ί
2313 978 2492 1024 mane,
2528 981 2546 1013 ι
2583 959 2874 1028 aliquando
2919 958 3152 1012 nominis
3179 957 3353 1011 locum
3400 956 3665 1018 obtinere,

2094 1072 2155 1110 ea
2185 1055 2312 1107 tnilti
2349 1054 2508 1106 lectio
2545 1052 2680 1105 satis
2714 1050 3059 1120 probaretur,
3110 1056 3222 1101 tum
3248 1048 3388 1116 quod
3417 1046 3667 1116 impressi

2093 1163 2280 1201 omnes
2323 1146 2445 1199 libri
2488 1155 2539 1198 et
2593 1144 2806 1196 codices
2835 1141 3039 1208 aliquot
3085 1153 3216 1192 mss.
3253 1139 3400 1191 illam
3447 1139 3668 1192 totidem

2096 1237 2318 1306 syllabis
2373 1243 2642 1294 tueantur,
2693 1242 2802 1284 tum
2852 1231 2992 1299 quod
3024 1229 3289 1298 scriptura
3321 1229 3435 1295 illa,
3477 1247 3496 1279 ι
3551 1237 3673 1297 post

2095 1329 2291 1396 pridie,
2334 1345 2351 1376 ι
2409 1325 2535 1378 licet
2582 1324 2715 1377 falsa
2749 1324 3128 1390 mendosaque,
3165 1321 3408 1374 eamdem
3441 1335 3543 1374 non
3572 1336 3673 1389 pa-

2096 1435 2213 1474 rum
2249 1419 2552 1472 confirmet.
2588 1417 2693 1470 Sed
2720 1431 2864 1481 cum,
2901 1415 3002 1468 nisi
3039 1413 3192 1467 valde
3219 1412 3393 1477 fallor,
3423 1412 3667 1481 exempla

2096 1510 2356 1578 ejusmodi
2382 1509 2577 1562 frustra
2591 1515 2980 1576 qurerereutur,
3005 1505 3180 1574 placet
3207 1506 3379 1572 magis
3407 1504 3675 1573 scriptura

2097 1603 2220 1664 alia,
2258 1621 2276 1652 ε
2322 1602 2654 1669 postriduum
2690 1619 2702 1653 :
2747 1619 2765 1650 ›
2811 1614 2929 1668 qua:
2970 1608 3326 1668 praeterquam
3389 1599 3528 1666 quod
3574 1597 3676 1652 fide

2099 1702 2332 1762 quatuor
2364 1693 2611 1747 codicum
2657 1692 2866 1756 nititur,
2902 1690 3013 1758 ipsa
3043 1705 3260 1758 quoque
3286 1689 3531 1743 nonnihil
3560 1705 3675 1743 rno-

2100 1785 2268 1839 tnenti
2303 1793 2460 1852 atque
2498 1783 2710 1837 roboris
2762 1798 2826 1837 ex
2861 1780 3118 1836 mendoso
3150 1781 3261 1844 illo,
3307 1800 3325 1831 ι
3358 1781 3618 1850 posuidui
3650 1799 3669 1832 ι

1817 1912 1835 1944 ι
1875 1908 1995 1946 cum
2033 1875 2073 1933 Β
2103 1878 2356 1946 acquirit.
2389 1876 2582 1930 Latine
2621 1886 2801 1928 autem
2853 1874 2960 1928 dici
2998 1891 3018 1925 ι
3071 1873 3433 1942 postriduum,
3469 1892 3488 1925 ι
3528 1882 3678 1942 patet

2111 1984 2180 2023 ex
2204 1967 2469 2022 Plautinis
2497 1967 2603 2021 illis
2635 1967 2687 2020 in
2726 1965 2938 2019 Milite:
2983 1983 3001 2014 t
3037 1964 3324 2020 Postriduo
3359 1973 3514 2018 natus
3557 1979 3674 2017 sum

2107 2074 2206 2129 ego
2233 2058 2448 2120 mulier,
2472 2072 2632 2126 quam
2660 2055 2870 2124 Jupiter
2900 2069 2964 2107 ex
2989 2056 3102 2122 Upe
3129 2063 3287 2108 natus
3311 2063 3412 2108 est.
3454 2073 3472 2106 ι
3510 2051 3677 2108 Nemo

2102 2153 2245 2206 enim
2289 2151 2522 2220 ignorat,
2556 2149 2658 2203 nisi
2690 2149 2762 2202 sit
2797 2163 2978 2201 rerum
3004 2148 3478 2217 grammaticarum
3503 2147 3678 2203 omni-

2104 2259 2173 2296 no
2215 2244 2385 2306 rudis,
2437 2239 2699 2295 vocabula
2744 2238 2856 2302 illa,
2893 2256 2912 2289 ι
2951 2247 3163 2307 sponte,
3218 2237 3379 2302 forte,
3431 2249 3675 2308 repente,

2104 2335 2452 2405 postriduo,»
2511 2344 2565 2387 et
2615 2332 2718 2386 alia
2773 2332 2824 2385 id
2858 2345 3046 2401 genus,
3099 2346 3218 2399 qua:
3259 2346 3356 2400 pro
3411 2331 3680 2386 adverbiis

2105 2426 2244 2482 sumi
2279 2424 2475 2488 solent,
2508 2424 2723 2494 proprie
2761 2432 2936 2476 tamen
2987 2421 3238 2476 adverbia
3265 2437 3368 2474 non
3413 2436 3554 2486 esse,
3585 2422 3677 2475 sed

2105 2521 2356 2582 nomina,
2384 2533 2616 2586 quorum
2652 2515 2766 2570 fere
2789 2524 2976 2569 sextus
3003 2529 3160 2569 casus
3180 2513 3325 2568 solus
3365 2520 3676 2582 usurpatur.

2103 2607 2291 2677 Itaque
2339 2606 2621 2677 legendum
2670 2619 2790 2659 esse
2839 2605 3073 2660 arbitror
3140 2605 3194 2658 in
3250 2619 3314 2659 eo
3365 2619 3524 2672 quem
3571 2602 3679 2656 dixi

2105 2699 2383 2755 Ambrosii
2431 2698 2574 2764 loco,
2609 2715 2629 2749 ι
2667 2697 3027 2767 postriduum.
3075 2715 3096 2748 ›
3127 2693 3246 2750 Jam
3296 2696 3439 2766 quod
3489 2696 3682 2750 attinet

2107 2791 2176 2847 ad
2226 2791 2450 2844 alteram
2484 2788 2859 2858 quaestionem,
2895 2787 3024 2856 quid
3077 2787 3294 2840 laudent
3353 2785 3460 2841 sibi
3514 2785 3682 2839 velint

2107 2883 2199 2939 illa
2226 2881 2532 2936 Ambrosii:
2575 2898 2594 2931 ‹
2629 2879 2793 2935 Certe
2823 2878 2967 2932 illius
3002 2877 3166 2932 tridui
3199 2885 3442 2931 nostrum
3462 2878 3564 2930 hoc
3591 2890 3684 2945 po-

2108 2973 2373 3029 striduum
2401 2971 2729 3028 laboriosius
2753 2979 2859 3037 est,
2893 2989 2912 3020 ι
2957 2969 3137 3024 fateor
3167 2968 3224 3022 id
3248 2968 3380 3022 mihi
3414 2967 3564 3024 dictu
3595 2967 3677 3020 vi-

2108 3065 2224 3120 deri
2269 3061 2603 3134 perdifﬁcile.
2658 3061 2922 3132 Experiar
2969 3070 3168 3114 tamen.
3204 3057 3260 3112 ln
3285 3059 3472 3130 primis
3502 3068 3680 3114 autem

2109 3157 2249 3211 scire
2281 3151 2431 3225 juvat
2472 3155 2570 3209 bas
2601 3154 2655 3206 in
2691 3153 2948 3206 Hexaem.
2979 3153 3251 3207 orationes
3282 3151 3349 3205 ab
3395 3149 3684 3206 Ambrosio

2110 3250 2176 3302 ad
2206 3247 2461 3317 populant
2503 3245 2709 3299 ultimis
2736 3259 2831 3299 sex
2865 3244 3302 3313 Quadragesimaa
3344 3242 3534 3298 diebus
3587 3245 3685 3297 ba-

2109 3340 2250 3394 bitas
2287 3353 2425 3404 esse,
2448 3339 2550 3392 hoc
2577 3345 2679 3400 est,
2711 3337 2824 3406 ipsa
2865 3336 3196 3390 hebdomade
3227 3334 3427 3402 majore
3454 3351 3483 3388 a
3539 3334 3679 3390 feria

2110 3432 2348 3485 secunda
2377 3431 2442 3483 ad
2497 3429 2794 3484 Sabbatum
2839 3441 3030 3496 usque.
3063 3425 3173 3481 Nec
3204 3441 3526 3496 quemquam
3557 3436 3686 3493 puto

2109 3537 2174 3576 ea
2210 3522 2276 3576 de
2328 3537 2387 3577 re
2428 3521 2823 3587 dubitaturum,
2868 3521 2957 3588 qui
3020 3519 3335 3589 praeclaram
3380 3519 3526 3572 illam
3567 3533 3688 3588 quae

2118 3616 2270 3686 operi
2302 3614 2661 3669 Ambrosiano
2697 3614 2993 3683 praeligitur
3022 3613 3440 3669 admonitionem
3473 3612 3685 3680 legerit,

2113 3711 2165 3762 in
2201 3723 2305 3776 qua
2351 3717 2410 3760 ut
2443 3708 2544 3760 alia
2603 3707 2894 3775 permulta,
2931 3706 3005 3759 ita
3058 3705 3160 3759 hoc
3195 3719 3406 3773 quoque
3449 3704 3605 3760 docte
3633 3713 3688 3758 et

2113 3802 2258 3857 clare
2301 3809 2584 3854 tractatur.
2623 3799 2691 3853 Et
2719 3799 2920 3868 alioqui
2949 3800 3014 3852 de
3047 3799 3146 3852 hac
3178 3797 3435 3867 temporis
3458 3807 3580 3852 nota
3600 3812 3687 3851 sa-

2116 3893 2183 3945 tis
2204 3890 2455 3945 convenit
2496 3898 2639 3943 tnter
2661 3889 2926 3944 eruditos.
2951 3886 3124 3941 Velim
3167 3888 3389 3956 insuper
3421 3887 3685 3942 memine-

2112 3983 2284 4037 rimus
2313 3983 2512 4037 dixisse
2540 3981 2788 4035 Plautum
2819 3999 2838 4031 ι
2887 3980 3184 4050 postriduo,
3235 3999 3252 4031 ι
3287 3995 3386 4050 pro
3419 3998 3438 4032 ι
3469 3989 3688 4050 postero

2113 4073 2232 4138 die;
2273 4092 2291 4124 ι
2336 4075 2406 4127 ob
2459 4074 2622 4140 idque
2666 4072 2800 4126 nihil
2847 4072 3061 4138 obesse,
3122 4074 3250 4141 quin
3296 4072 3484 4128 eodem
3526 4088 3689 4127 sensu

2114 4182 2247 4220 voce
2277 4185 2294 4216 ι
2331 4167 2668 4234 postriduum
2710 4183 2728 4216 ι
2768 4180 2898 4219 usus
2947 4165 3019 4219 sit
3049 4164 3387 4219 Ambrosius.
3421 4163 3558 4219 Hinc
3593 4179 3690 4219 au-

2118 4270 2224 4311 tem
2277 4259 2532 4326 colligere
2589 4259 2717 4312 licet
2766 4257 2882 4311 haec
2927 4257 3199 4311 Ambrosii
3254 4257 3438 4323 verba,
3487 4273 3508 4307 ι
3539 4265 3690 4311 certe

2117 4350 2262 4403 illius
2324 4350 2486 4403 tridui
2541 4359 2783 4403 nostrum
2838 4349 2942 4403 hoc
2987 4349 3326 4416 postriduum
3370 4347 3690 4401 laboriosius

2117 4452 2214 4502 est,
2252 4460 2270 4492 ι
2327 4441 2506 4494 reduci
2551 4455 2710 4508 posse
2739 4439 2804 4493 ad
2833 4439 2967 4494 hanc
3001 4438 3256 4503 formam,
3298 4457 3316 4490 ι
3363 4449 3509 4493 certe
3539 4438 3689 4493 illius

2122 4532 2286 4587 tridui
2324 4541 2508 4587 noster
2553 4533 2641 4586 hic
2691 4540 2939 4601 posterus
2989 4530 3105 4586 dies
3158 4529 3479 4584 laboriosior
3527 4539 3630 4583 est.
3661 4547 3685 4581 ι

2123 4623 2235 4676 lloc
2274 4623 2438 4692 igitur
2469 4623 2611 4676 dicet
2641 4625 2828 4676 doctor
2861 4622 3108 4692 egregius
3145 4640 3157 4674 :
3193 4620 3311 4673 lam
3342 4621 3688 4690 pervenimus

2122 4715 2187 4767 ad
2215 4724 2320 4768 tres
2352 4715 2567 4768 ultimos
2590 4714 3028 4783 Quadragesima:
3051 4714 3180 4778 dies,
3209 4715 3301 4783 qui
3336 4714 3557 4784 reliquis
3585 4715 3687 4768 bu-

2117 4808 2208 4876 jus
2235 4809 2373 4861 sacri
2405 4808 2595 4876 jejunii
2631 4808 2820 4862 diebus
2854 4807 3232 4861 laboriosiores
3255 4807 3420 4861 multo
3452 4816 3576 4862 sunt
3603 4818 3687 4862 at-

2122 4915 2226 4967 que
2259 4899 2605 4952 dilliciliorcs.
2639 4898 2824 4952 Tridui
2847 4897 2989 4951 illius
3015 4897 3152 4950 diem
3187 4897 3416 4965 primaut
3443 4897 3686 4952 celebra-

2123 4990 2312 5044 bamus
2350 4989 2487 5042 beri.
2515 4988 2862 5042 Celebratuus
2886 4987 3043 5042 hodie
3065 4987 3206 5040 diem
3235 4987 3548 5052 secundam,
3568 5002 3687 5042 cras

2125 5079 2449 5132 celebraturi
2494 5078 2736 5142 tertiam,
2783 5077 2888 5130 hoc
2929 5085 3030 5142 est,
3061 5077 3201 5130 diem
3242 5075 3457 5131 Sabbati
3490 5079 3686 5132 sancti.

2127 5169 2318 5223 Totum
2347 5169 2474 5222 illud
2509 5169 2744 5222 triduum
2784 5167 3055 5223 laboriose
3082 5169 3297 5237 quidem
3348 5169 3683 5224 traducitur:

2123 5264 2218 5315 sed
2255 5271 2432 5315 tamen
2479 5259 2625 5314 illius
2664 5269 2910 5329 postertts
2942 5261 3057 5315 dies
3087 5261 3256 5315 labori
3290 5259 3481 5329 majori
3515 5261 3685 5316 obno-

2123 5353 2246 5406 xius
2280 5361 2382 5406 est.
2431 5351 2498 5405 Et
2548 5367 2676 5406 vero
2713 5351 2926 5407 tametsi
2972 5362 3183 5406 constat
3231 5352 3526 5408 Sabbatum
3564 5369 3686 5408 san-

2125 5455 2270 5500 ctum
2326 5445 2526 5513 ubique
2571 5454 2835 5498 terrarum
2881 5445 3019 5514 apud
3077 5446 3412 5500 Christianos
3466 5461 3586 5500 cum
3618 5449 3686 5502 ob

2125 5549 2315 5592 cmtera
2348 5537 2505 5604 hujus
2539 5537 2643 5592 diei
2673 5536 2870 5602 olIicia,
2905 5545 3014 5591 tum
3045 5538 3277 5591 maxime
3293 5540 3360 5592 ob
3392 5539 3686 5611 baptisma-

2126 5629 2196 5682 tis
2227 5629 2576 5682 cznremonias
2603 5628 2928 5684 laboriosum
2972 5629 3141 5685 fuisse
3184 5649 3196 5683 :
3243 5631 3454 5684 videtur
3510 5643 3685 5685 tamen

2127 5718 2312 5775 nescio
2342 5719 2608 5788 quomodo
2651 5719 2818 5774 fuisse
2850 5719 3172 5776 laboriosius
3218 5718 3523 5775 Mediolani.
3577 5721 3684 5773 lte-

2129 5811 2234 5868 fert
2271 5811 2412 5867 enim
2461 5812 2738 5882 Paulinus,
2785 5813 2924 5884 quod
2959 5829 3186 5884 magnus
3231 5814 3320 5870 ille
3374 5814 3685 5868 Ambrosius
