4094 6220
393 367 538 414 CIC“

1738 354 2270 412 PROLEGOMENA.

395 476 481 530 die
506 469 725 527 Sabbati
757 468 930 525 sancti
961 467 1109 525 solus
1138 468 1354 525 efﬁcere
1383 468 1611 537 solebat,
1631 468 1968 536 id,-eomor—
1995 475 2040 532 Α
2071 478 2159 524 tur
2207 469 2367 523 etiam
2407 466 2771 535 vespertinum
2823 463 3168 527 sacrificium,
3220 462 3274 518 id
3321 472 3426 528 est,
3463 464 3633 522 missa

395 571 513 626 tuo,
551 577 579 616 a
609 561 848 630 quinque
877 559 1143 627 episcopis
1164 558 1302 613 eflici
1333 559 1422 614 vix
1459 561 1720 630 potuisse.
1753 560 1962 614 Paulini

394 654 559 708 verba
600 661 728 706 sunt
757 651 869 704 haec
911 650 966 704 in
1009 646 1132 702 Vita
1185 648 1449 704 Ambrosii
1502 667 1650 704 nmn.
1695 650 1763 706 '58
1796 668 1810 704 :
1849 668 1869 702 ι
1907 650 1962 704 ltt

395 743 560 796 rebus
591 741 754 795 etiam
791 738 990 794 divinis
1040 739 1328 808 implendis
1359 739 1708 805 fortissimus,
1760 741 1811 795 in
1841 748 1964 795 tan-

400 840 512 885 tum
552 838 606 883 ut
641 829 782 898 quod
815 828 1007 885 solitus
1062 840 1180 884 erat
1221 831 1366 885 circa
1411 831 1766 898 baptizandus
1820 832 1966 887 solus

399 920 644 988 implere,
669 920 907 990 quinque
934 927 1119 987 postea
1145 919 1405 989 episcopi,
1447 930 1691 989 tempore
1724 937 1832 991 quo
1866 923 1964 977 de-

398 1010 584 1076 cessit,
634 1011 723 1064 vix
763 1010 1067 1080 implerent.
1108 1030 1127 1063 ›
1175 1012 1481 1066 Decessisse
1522 1022 1698 1065 autem
1735 1011 1967 1067 Ambro-

398 1102 536 1156 sium
561 1102 840 1158 matutinis
879 1103 1028 1158 boris
1059 1102 1281 1158 Sabbati
1307 1104 1500 1169 sancti,
1522 1113 1668 1174 patet
1689 1120 1755 1159 ex
1777 1105 1964 1159 eodem

397 1191 644 1258 Paulino,
698 1193 790 1262 qui
821 1193 876 1248 in
921 1193 1038 1263 ejus
1085 1192 1228 1261 Vita,
1263 1209 1413 1247 num.
1464 1192 1554 1257 48,
1599 1192 1673 1245 ita
1725 1192 1965 1247 scribit:

403 1299 422 1332 ι
447 1283 624 1350 Atque
655 1281 780 1336 inde
800 1283 864 1337 ad
883 1283 1164 1337 ecclesiam
1198 1283 1455 1351 majorem
1484 1281 1801 1335 antelucana
1835 1282 1966 1335 hora

398 1386 504 1440 qua
551 1371 834 1427 defunctus
879 1381 986 1438 est,
1032 1387 1228 1441 corpus
1272 1371 1440 1440 ipsius
1482 1371 1796 1442 (Ambrosii)
1843 1386 1965 1438 por-

402 1471 568 1515 latum
603 1463 916 1530 est;ibique
932 1463 1120 1518 eadem
1153 1462 1254 1516 fuit
1283 1470 1462 1527 nocte,
1496 1477 1600 1530 qua
1629 1461 1968 1532 vigilavimus

401 1554 461 1628 in
484 1553 756 1607 Pascha...
782 1552 888 1608 Sed
910 1553 1217 1608 lucescente
1242 1553 1329 1606 die
1360 1553 1660 1616 Dominico,
1697 1569 1814 1607 cum
1845 1568 1968 1607 cor-

401 1659 500 1711 pus
537 1644 726 1712 ipsius,
755 1645 994 1712 peractis
1020 1644 1377 1699 sacramentis
1408 1645 1626 1708 divinis,
1654 1645 1719 1699 de
1736 1645 1967 1699 ecclesia

406 1735 698 1798 levaretur,
733 1734 1056 1802 portandum
1105 1735 1168 1788 ad
1208 1734 1485 1788 basilicam
1529 1734 1968 1799 Ambrosianam,

402 1825 456 1879 in
497 1827 840 1898 qua'posilus
861 1835 964 1893 est,
995 1828 1066 1880 ita
1093 1826 1165 1881 ibi
1193 1828 1494 1880 daemonum
1525 1826 1679 1880 turba
1702 1825 1970 1879 clamabat

410 1933 468 1971 se
506 1918 572 1972 ab
623 1916 714 1970 illo
759 1917 1022 1987 torqueri,
1063 1927 1125 1972 ut
1174 1917 1405 1986 ejulatus
1444 1932 1628 1974 eorum
1691 1917 1818 1973 ferri
1863 1934 1970 1972 non

403 2013 641 2072 possent.
677 2024 695 2056 ι
722 2004 815 2060 His
843 2016 1022 2060 autem
1055 2007 1219 2060 semel
1247 2008 1454 2075 positis,
1485 2007 1730 2075 sequitur
1764 2007 1970 2059 sacrifi-

402 2100 566 2161 cium,
587 2112 707 2150 cum
725 2099 1213 2166 advesperasceret,
1229 2097 1509 2152 Mediolani
1527 2100 1854 2169 temporibus
1871 2099 1973 2152 illis

406 2189 734 2243 celebratum
777 2190 944 2243 fuisse
988 2190 1100 2258 ipsa
1141 2189 1468 2244 Paraseevcs
1514 2191 1621 2254 die,
1667 2191 1972 2256 Christique

405 2295 599 2348 corpus
645 2282 785 2334 intra
826 2281 1083 2335 solemnia
1127 2293 1181 2336 et
1222 2282 1526 2338 confectum
1561 2282 1747 2349 fuisse,
1799 2291 1972 2351 etpo-

405 2371 531 2438 pulo
553 2373 756 2425 datum.
778 2371 1000 2439 Horum,
1027 2389 1144 2442 qua:
1168 2388 1230 2426 ex
1265 2383 1444 2428 nostra
1468 2375 1824 2443 explicatione
1845 2390 1973 2428 con-

411 2466 562 2532 sequi
583 2466 716 2528 dixi,
743 2466 893 2520 testis
907 2475 992 2520 est
1023 2467 1339 2521 Ambrosius
1360 2469 1493 2536 ipse.
1524 2469 1810 2537 Postquam
1830 2469 1973 2524 enim

414 2556 485 2609 ita
519 2558 734 2624 scripsit
769 2575 784 2611 :
824 2575 844 2608 ‹
891 2558 1051 2613 Certe
1084 2559 1228 2614 illius
1267 2559 1430 2613 tridui
1463 2568 1710 2613 nostrum
1744 2561 1846 2614 hoc
1875 2575 1975 2628 ρος

411 2647 601 2702 stridie
628 2647 953 2705 laboriosius
993 2660 1099 2714 est,
1125 2667 1145 2701 ι
1178 2650 1259 2704 sic
1283 2651 1668 2721 prosequitur;
1704 2669 1722 2702 t
1766 2651 1829 2704 Et
1855 2651 1976 2706 ideo

410 2739 502 2807 qui
541 2754 663 2793 cum
715 2740 903 2795 avibus
944 2740 1194 2808 lusimus,
1249 2757 1370 2796 cum
1426 2742 1568 2813 gallo
1613 2741 1972 2808 cantavimus,

405 2831 515 2900 jam
563 2829 1078 2888 Domini-canamus
1129 2833 1408 2904 mysteria,
1453 2843 1508 2888 et
1535 2835 1603 2888 ad
1632 2847 1828 2903 corpus
1849 2832 1975 2888 Jesu

410 2924 734 2978 conveniant
767 2923 963 2992 aquilas
991 2932 1335 2992 peccatorum
1369 2923 1645 2978 ablutioue
1673 2933 1972 2988 renovatae;

407 3012 518 3080 jam
569 3016 712 3068 enim
769 3025 945 3070 cintus
977 3015 1067 3070 ille
1101 3030 1328 3084 magnus
1355 3030 1540 3068 verum
1585 3014 1739 3070 nobis
1786 3013 1976 3068 Jonam

2066 561 2390 630 vespertinis
2424 559 2572 615 horis
2611 557 2801 612 diebus
2820 556 3005 626 jejunii
3033 556 3296 610 celebrari
3328 557 3479 611 solita
3513 574 3530 612 :
3562 559 3635 613 de‘

2065 670 2170 725 qua
2210 655 2261 708 in
2313 667 2468 708 conc.
2517 652 2641 706 Vas.
2679 665 2799 718 cap.
2836 651 2892 714 '5,
2932 665 2981 704 c.
3013 648 3114 714 9.9,
3147 647 3427 703 Matiscon.
3475 663 3528 704 c.
3568 649 3634 714 9,.

2065 755 2243 800 actum
2273 745 2594 814 reperimus.
2626 762 2645 795 ›
2673 743 2753 796 Ad
2785 743 2920 807 lucc,
2949 741 3230 807 antiquum
3262 738 3412 793 illum
3453 740 3628 792 sacri-

2067 837 2175 891 ﬁcii
2202 850 2427 904 vespere
2461 833 2718 889 off’erendi
2769 847 2977 888 morem
3023 831 3150 884 olim
3188 832 3329 900 apud
3365 829 3626 884 Mediola-

2063 942 2260 983 nenses
2285 924 2473 996 jejunii
2503 924 2692 980 diebus
2726 922 3024 977 obtinuisse
3052 921 3283 987 probant
3311 929 3366 976 et
3390 934 3479 986 ea,
3509 936 3629 989 qua:

2065 1016 2224 1087 paulo
2250 1025 2373 1070 ante
2401 1016 2650 1086 leguntur
2674 1029 2824 1068 num.
2852 1013 3040 1068 eodem
3066 1033 3077 1067 :
3109 1029 3128 1062 ι
3163 1011 3426 1064 indictum
3457 1010 3633 1078 estje-

2059 1108 2294 1177 junium,
2321 1121 2453 1161 cave
2477 1122 2542 1158 ne
2568 1105 2829 1176 negligas.
2851 1104 2963 1158 Etsi
2992 1114 3042 1156 te
3066 1101 3236 1156 fames
3257 1101 3629 1170 quotidianum

2065 1197 2209 1266 cogit
2239 1197 2304 1250 ad
2336 1197 2655 1264 prandium,
2690 1204 2782 1249 aut
2816 1193 3234 1263 intemperantia
3271 1191 3507 1246 declinat
3550 1189 3632 1257 je-

2061 1289 2293 1358 junium,
2339 1297 2516 1342 tamen
2561 1287 2769 1344 coelesd
2817 1286 2986 1356 magis
3020 1297 3071 1340 te
3116 1293 3330 1340 servato
3362 1284 3630 1339 convivio.

2069 1380 2184 1434 Non
2213 1379 2382 1449 epulae
2413 1389 2614 1450 parata:
2638 1385 3021 1448 extorqueant,
3056 1385 3114 1429 ut
3161 1375 3396 1432 caelestis
3429 1375 3504 1430 sis
3541 1389 3632 1426 va-

2066 1488 2202 1528 cuus
2240 1471 2591 1526 sacramenti.
2633 1470 2799 1525 Ditl‘er
2850 1467 3280 1538 aliquantulum,
3318 1482 3424 1521 non
3472 1467 3632 1535 longe

2069 1563 2193 1616 finis
2229 1572 2311 1617 est
2345 1561 2450 1616 diei
2490 1580 2503 1615 :
2543 1562 2649 1615 imo
2688 1561 2930 1630 plerique
2963 1569 3087 1614 sunt
3115 1556 3378 1626 ejusmodi
3411 1556 3547 1620 dies,
3574 1567 3633 1610 ut

2070 1651 2254 1706 statim
2302 1649 2620 1705 meridianis
2649 1649 2800 1704 boris
2828 1648 3222 1703 adveniendum
3253 1648 3325 1701 sit
3363 1647 3416 1702 in
3457 1647 3633 1702 eccle-

2072 1745 2231 1808 siam,
2281 1741 2513 1798 canendi
2555 1739 3139 1811 hymni,'celebranda
3196 1739 3425 1794 oblatio.
3482 1737 3642 1792 Tunc

2073 1833 2259 1901 utique
2301 1839 2526 1901 paratus
2560 1830 2789 1894 assiste,
2835 1839 2892 1884 ut
2926 1830 3162 1899 accipias
3195 1829 3288 1884 tibi
3321 1828 3633 1882 munimen-

2070 1935 2208 1991 tum,
2240 1935 2300 1979 ut
2329 1938 2524 1993 corpus
2557 1923 2684 1977 edas
2720 1922 2931 1976 Domini
2971 1923 3116 1976 Jesu.
3159 1940 3179 1972 ι
3217 1919 3351 1974 Nam
3380 1921 3523 1988 quod
3560 1920 3640 1973 ait

2071 2015 2418 2079 Ambrosius,
2457 2013 2741 2082 plerosque
2779 2026 2900 2066 esse
2931 2010 3196 2081 ejusmodi
3232 2010 3368 2073 dies,
3420 2009 3472 2062 in
3506 2009 3632 2078 qui-

2072 2108 2172 2159 bus
2203 2119 2320 2159 mos
2351 2111 2497 2159 esset
2531 2103 2713 2157 Statim
2754 2100 3070 2155 meridianis
3105 2098 3255 2154 horis
3285 2098 3542 2152 advenire
3577 2098 3636 2150 in

2071 2197 2379 2259 ecclesiam,
2428 2193 2755 2248 oblationem
2811 2191 3124 2256 celebrare,
3173 2205 3370 2258 corpus
3420 2188 3633 2243 Domini

2071 2287 2196 2342 Jesu
2231 2287 2410 2352 edere,
2441 2286 2493 2340 id
2523 2301 2627 2338 non
2655 2283 2884 2338 obscure
2914 2283 3116 2336 indicat
3143 2282 3278 2336 alios
3299 2281 3468 2336 fuisse
3494 2282 3640 2347 dies,

2073 2379 2127 2432 in
2171 2378 2364 2447 quibus
2401 2377 2517 2430 haec
2561 2376 2629 2430 ob
2664 2375 2922 2429 indictum
2950 2371 3214 2444 jejunium
3243 2379 3640 2442 peragerentur

2074 2485 2182 2524 non
2219 2468 2536 2524 meridianis
2567 2465 2921 2537 temporibus,
2951 2465 3047 2519 sed
3077 2463 3423 2535 vespertinis.
3457 2461 3638 2528 Quare

2076 2567 2259 2613 monet
2309 2558 2563 2629 populmn
2614 2556 2700 2610 vir
2748 2555 3149 2622 sanctissimus,
3205 2561 3265 2607 ut
3319 2561 3448 2607 tunc
3494 2551 3646 2607 fame

2075 2662 2384 2722 contempta
2417 2660 2597 2706 servet
2636 2663 2696 2705 se
2723 2648 2932 2704 caelesti
2964 2647 3218 2703 convivio
3238 2686 3254 2714 ,
3281 2660 3462 2716 neque
3493 2645 3643 2700 vinci

2075 2759 2135 2800 se
2164 2743 2311 2798 sinat
2337 2743 2511 2812 epulis
2536 2740 2813 2811 apparatis
2846 2760 2860 2795 :
2893 2740 2985 2795 sed
3017 2739 3216 2810 potius,
3249 2753 3317 2793 ne
3339 2751 3543 2791 vacuus
3570 2735 3645 2790 sit

2076 2835 2316 2890 caelestis
2340 2832 2686 2898 sacramenti,
2721 2832 2879 2887 finem
2904 2830 3007 2886 diei
3036 2829 3178 2884 haud
3209 2828 3364 2896 longe
3393 2827 3644 2882 dissitum

2077 2934 2374 2996 exspectet.
2413 2925 2524 2980 Nec
2552 2924 2618 2978 ab
2646 2938 2704 2979 re
2749 2922 2857 2978 erit
2885 2931 2941 2978 et
2969 2922 3132 2975 alium
3159 2920 3332 2974 locum
3358 2917 3480 2974 libri
3507 2917 3652 2972 sexti

2078 3017 2407 3087 expendere.
2433 3015 2665 3069 Basilius
2688 3011 3000 3066 animalium
3024 3011 3266 3065 diversas
3285 3007 3646 3078 proprietates

415 3105 646 3159 reddidit
679 3122 693 3158 :
745 3114 798 3158 et
825 3105 1154 3174 gratulemur
1187 3105 1331 3176 quod
1384 3105 1558 3159 iactus
1598 3114 1681 3160 est
1711 3105 1866 3160 nobis
1886 3121 1979 3161 ve-
2004 3124 2046 3182 (ς
2081 3122 2202 3161 cum
2233 3114 2559 3166 rccenseret,
2585 3104 2795 3158 dixerat
2823 3102 3032 3155 asinum
3067 3100 3274 3170 pigrum
3299 3113 3419 3152 esse
3443 3115 3458 3152 :
3481 3112 3642 3166 quem

415 3212 570 3263 spere
606 3197 722 3251 dies
759 3199 1012 3265 quintus;
1057 3196 1150 3250 fiat
1187 3199 1342 3252 nobis
1371 3212 1530 3251 mane
1564 3197 1679 3252 dies
1709 3205 1916 3252 sextus.
1953 3215 1972 3250 ι

420 3286 487 3339 Ει
519 3288 732 3355 quidem
767 3303 833 3342 ex
874 3287 1002 3352 illis,
1045 3305 1065 3339 t
1099 3289 1209 3358 jam
1247 3287 1456 3341 Domini
1489 3303 1746 3342 canamus
1778 3296 1979 3359 myste-

426 3379 526 3446 ria,
564 3389 617 3432 et
652 3380 716 3434 ad
750 3395 946 3450 corpus
990 3379 1118 3436 Jesu
1156 3381 1482 3436 conveniant
1512 3381 1702 3450 aquilae
1734 3390 1982 3452 peccato-

418 3489 541 3526 rum
599 3473 870 3527 ablutione
922 3484 1212 3539 renovata},
1252 3492 1270 3524 ι
1316 3473 1474 3542 plane
1501 3481 1713 3529 constat
1757 3483 1810 3527 et
1840 3473 1982 3527 cele—

421 3563 635 3615 bratum
659 3563 1174 3624 fuissesacrificium
1211 3572 1327 3630 post
1353 3563 1669 3617 concionem
1686 3561 1979 3627 Ambrosii,

417 3663 472 3704 et
501 3653 819 3706 convenisse
863 3655 1113 3723 populum
1143 3653 1442 3723 aquilarum
1467 3655 1519 3708 in
1552 3669 1752 3707 morem
1781 3653 1846 3708 ad
1869 3669 1982 3708 cor-

417 3759 518 3813 pus
559 3743 685 3799 Jesu
716 3745 1104 3816 recipiendum.
1153 3745 1244 3799 llla
1301 3760 1454 3810 vero,
1501 3763 1519 3796 t
1559 3755 1613 3800 et
1652 3746 1985 3816 gratulemur

417 3841 562 3906 quod
590 3837 764 3893 factus
789 3849 874 3893 est
903 3839 1060 3894 nobis
1084 3853 1310 3908 vespere
1347 3839 1715 3908 diesquintus,
1746 3855 1764 3889 ›
1801 3845 1986 3906 aperte

418 3929 710 3984 ostendunt
731 3931 1002 3986 Ambrosii
1027 3931 1342 3990 concionem
1378 3931 1493 3998 ipsa
1520 3930 1847 3984 Parasceves
1875 3930 1984 3992 die,

420 4037 544 4074 cum
572 4023 1064 4091 advesperasceret,
1113 4023 1179 4078 ad
1228 4021 1482 4092 populum
1524 4020 1762 4075 habitam
1797 4021 1985 4074 fuisse.

420 4111 554 4165 Cum
585 4113 748 4173 enim,
773 4123 833 4166 ut
865 4114 1118 4177 diximus,
1168 4113 1477 4167 concionari
1509 4113 1732 4180 coeperit
1759 4112 1990 4164 Ambro-

423 4204 536 4256 sius
557 4201 688 4256 feria
719 4203 953 4258 secunda
991 4202 1208 4270 majoris
1251 4204 1621 4267 hebdomadas,
1651 4205 1989 4273 perspicuum

425 4303 506 4345 est
539 4293 678 4346 diem
713 4293 961 4363 quintum
988 4295 1041 4348 in
1069 4294 1393 4350 Parasceves
1414 4296 1554 4348 diem
1586 4294 1862 4349 cecidisse.
1882 4293 1992 4350 Nec

432 4386 686 4454 cuiquam
733 4385 891 4439 valde
916 4385 1111 4439 mirum
1142 4387 1313 4441 videri
1345 4387 1521 4451 debet,
1555 4401 1708 4441 sacra
1745 4387 1860 4454 ipso
1886 4386 1990 4440 Pa-

2081 3195 2256 3250 locum
2307 3195 2581 3250 rhetorum
2640 3205 2787 3245 more
2839 3202 3114 3244 exornans
3167 3185 3518 3249 Ambrosius,
3571 3183 3651 3236 ita

2081 3287 2296 3354 scripsit
2331 3285 2424 3340 lib.
2477 3299 2563 3347 vr,
2604 3297 2720 3351 cap.
2754 3283 2789 3336 5
2833 3299 2846 3335 :
2886 3298 2906 3332 ι
2954 3279 3112 3349 Piger
3147 3278 3354 3339 asinus,
3396 3286 3450 3330 et
3479 3289 3651 3344 expoe

2081 3377 2216 3431 situs
2249 3374 2316 3429 ad
2356 3373 2589 3443 prmdam
2609 3411 2624 3436 ,
2656 3386 2925 3440 sensuque
2953 3369 3180 3431 tardior,
3211 3367 3340 3438 quid
3371 3366 3516 3420 aliud
3550 3367 3647 3418 do-

2082 3476 2187 3531 cet,
2245 3463 2349 3519 nisi
2388 3478 2487 3518 nes
2528 3462 2833 3516 vivaciores
2868 3475 2988 3515 esse
3027 3459 3227 3513 debere
3252 3499 3264 3522 ,
3298 3471 3396 3513 nec
3443 3457 3652 3512 desidia

2083 3553 2326 3623 corporis
2355 3551 2630 3620 animique
2669 3551 2997 3618 pigrescere,
3032 3548 3322 3618 confugere
3356 3547 3423 3601 ad
3461 3547 3652 3610 fiderit,

2084 3659 2204 3713 qua:
2234 3657 2400 3698 onera
2432 3643 2614 3712 gravia
2641 3640 2874 3696 allevare
2900 3638 3284 3694 consueverit?
3309 3657 3328 3690 ι
3359 3635 3463 3692 Sed
3493 3636 3652 3701 illud,

2091 3757 2108 3788 ι
2141 3743 2194 3788 et
2220 3733 2502 3802 expositus
2531 3733 2598 3787 ad
2629 3731 2885 3802 praedam,
2919 3750 2937 3782 ι
2973 3731 3102 3784 mihi
3142 3746 3246 3784 non
3283 3729 3496 3782 videtur
3523 3727 3650 3782 huic

2088 3829 2207 3884 loco
2237 3827 2561 3894 convenire;
2600 3837 2808 3894 contra,
2841 3827 2884 3881 si
2927 3826 3091 3897 legas,
3121 3826 3195 3880 uti
3230 3825 3280 3877 in
3307 3823 3490 3878 codice
3523 3822 3655 3878 Vat.

2088 3919 2303 3989 legitur,
2356 3938 2376 3972 (
2413 3929 2468 3975 et
2499 3919 2774 3988 expositus
2821 3917 2886 3970 ad
2916 3918 3177 3987 pondera,
3223 3934 3241 3967 ι
3287 3915 3444 3985 plana
3489 3924 3652 3969 erunt

2088 4013 2290 4065 omnia.
2326 4009 2440 4065 Πορ
2472 4013 2615 4064 enim
2665 4011 2796 4066 dicit
2836 4009 3158 4063 Ambrosius
3188 4025 3204 4062 :
3252 4007 3310 4062 Si
3346 4005 3653 4061 considere-

2090 4115 2213 4155 mus
2241 4099 2453 4155 asinum
2479 4099 2692 4169 pigrum
2729 4113 2849 4152 esse
2870 4137 2885 4163 ,
2913 4105 2967 4152 et
3005 4111 3166 4151 sensu
3199 4094 3522 4158 tardiorem;
3558 4093 3660 4148 ab-

2091 4193 2160 4246 sit
2193 4200 2250 4245 ut
2296 4205 2418 4245 eum
2456 4190 2508 4244 in
2547 4204 2611 4245 eo
2641 4190 2840 4243 imitari
2877 4188 3130 4253 velimus,
3164 4186 3256 4241 sed
3288 4185 3466 4255 potius
3492 4183 3649 4238 debe-

2093 4297 2212 4336 mus
2247 4280 2551 4336 vivaciores
2598 4295 2716 4335 esse
2749 4290 2803 4334 et
2847 4278 3160 4333 alacriores.
3199 4277 3404 4331 Rursus
3442 4274 3489 4331 si
3531 4289 3658 4329 con-

2095 4372 2395 4425 sideremus
2444 4385 2566 4423 eum
2603 4370 2667 4424 ad
2706 4367 2943 4438 pondera
2996 4366 3301 4435 expositum
3336 4379 3486 4427 esse,
3529 4363 3664 4417 hinc

427 4490 680 4530 rasceves
731 4475 817 4530 die
855 4485 908 4530 et
953 4476 1224 4532 celebrata
1274 4493 1416 4542 esse,
1463 4488 1517 4532 et
1560 4478 1834 4546 populum,
1869 4493 1989 4530 eum
2022 4458 2067 4514 Ῐ)
2095 4466 2386 4520 edocemm‘
2412 4463 2703 4534 confugere
2735 4462 2801 4515 ad
2830 4461 3011 4525 ﬁdem.
3039 4475 3159 4528 qua:
3185 4473 3351 4513 οηεη
3373 4456 3558 4528 Simila
3586 4456 3662 4509 3"

431 4570 933 4638 advesperasceret,
958 4583 1156 4638 corpus
1179 4568 1376 4624 Christi
1413 4570 1704 4638 accepisse,
1736 4585 1857 4623 cum
1882 4569 1994 4624 haec

428 4661 534 4714 illis
575 4659 759 4730 jejunii
799 4654 1024 4730 majoris
1071 4661 1259 4718 diebus
1299 4662 1428 4717 olim
1471 4661 1754 4718 Mediolani
1793 4662 1845 4716 in
1894 4676 1994 4715 usu

430 4749 599 4804 fuisse
621 4760 848 4805 constet.

510 4843 582 4894 De
604 4841 706 4895 hoc
733 4842 1018 4896 audiamus
1046 4841 1390 4896 Ambrosium
1431 4840 1485 4894 in
1513 4839 1777 4908 psalmum
1807 4853 1994 4905 cxvut,

435 4948 562 4986 num
610 4933 781 4986 48:1
821 4932 1090 4988 Admonet
1147 4933 1333 5000 etiam,
1396 4932 1603 5001 inquit,
1673 4931 1994 4984 sacrificium

433 5022 798 5089 vespertinum
826 5061 842 5086 ,
881 5032 940 5078 ut
989 5039 1271 5093 nunquam
1313 5023 1592 5079 Christum
1638 5021 1994 5076 obliviscaris.

436 5107 552 5159 Non
584 5117 736 5176 potes
774 5111 1040 5177 oblivisci,
1075 5128 1196 5166 cum
1229 5113 1428 5168 lectum
1457 5111 1705 5166 ascendis
1739 5111 1857 5177 ejus
1894 5109 2000 5164 Do-

441 5198 594 5262 mini,
628 5200 712 5251 cui
749 5199 801 5252 in
831 5215 1026 5256 occasu
1068 5203 1173 5256 diei
1211 5217 1426 5271 precem
1465 5201 1701 5264 fuderis,
1748 5200 1836 5266 qui
1871 5214 1997 5254 esu-

445 5287 668 5342 rientem
700 5299 751 5344 te
776 5292 856 5345 sui
882 5294 1124 5362 corporis
1151 5294 1323 5363 epulis
1345 5291 1661 5361 expleverit.
1695 5309 1714 5342 ι
1746 5291 1846 5357 Qui
1872 5290 2000 5344 Am-

445 5374 607 5429 brosii
634 5378 783 5434 locus
825 5383 1193 5437 eruditissima
1228 5383 1319 5438 illa
1358 5393 1484 5437 nota
1521 5383 1822 5436 illustratus
1862 5379 1997 5449 legi-

447 5473 537 5515 tur
569 5483 582 5517 :
616 5484 635 5516 α
669 5469 747 5521 Ad
781 5471 896 5525 haec
927 5473 1161 5528 indidem
1193 5489 1405 5543 quoque
1444 5473 1743 5542 intelligere
1773 5480 1855 5524 est
1887 5483 2001 5523 mo-

449 5553 526 5605 ris
566 5554 729 5609 fuisse
766 5559 818 5610 in
859 5561 1097 5617 Ecclesia
1136 5563 1325 5617 Latina
1359 5565 1524 5618 etiam
1575 5564 1764 5634 jejunii
1815 5562 2003 5617 diebus

453 5643 773 5698 sacrificium
803 5649 1016 5718 oli‘erre,
1033 5663 1087 5706 et
1107 5653 1500 5709 Eucharistiam
1524 5655 1792 5726 accipere,
1817 5664 2002 5707 contra

457 5746 619 5801 quam
648 5734 704 5789 in
733 5735 994 5794 Orientali
1021 5741 1321 5798 obtinebat.
1362 5743 1709 5801 Postmodum
1740 5757 1998 5799 memora-

2093 4557 2278 4610 levare
2314 4554 2616 4609 consuevit.
2659 4551 2995 4606 Sententiam
3041 4549 3201 4618 hujus
3247 4548 3349 4603 loci
3381 4546 3655 4603 consecuti

2093 4658 2220 4706 sunt
2257 4647 2473 4717 quidem
2519 4646 2775 4703 editionis
2815 4643 3072 4699 Romana:
3119 4652 3409 4707 auctores,
3443 4640 3534 4707 qui
3581 4640 3656 4694 ita

2095 4741 2358 4795 edendum
2406 4745 2686 4801 curarunt,
2736 4756 2754 4788 ι
2806 4745 2860 4791 et
2889 4737 2955 4789 ad
2988 4749 3124 4790 onus
3171 4733 3451 4804 expositus
3501 4748 3515 4784 :
3562 4730 3656 4784 sed

2099 4829 2605 4900 pratterquatnquod
2633 4828 2882 4882 videntur
2901 4827 2974 4881 ita
3000 4827 3305 4881 correxisse
3329 4839 3395 4880 ex
3422 4822 3657 4892 ingenio,

2098 4923 2152 4976 in
2193 4937 2260 4976 eo
2307 4919 2775 4989 reprehendendos
2813 4933 2907 4973 eos
2958 4926 3109 4988 puto,
3163 4916 3308 4986 quod
3353 4915 3580 4970 nimium
3628 4926 3658 4964 a

2099 5013 2310 5081 vulgata
2341 5012 2609 5081 scriptura
2642 5011 2990 5066 recesserint.
3032 5009 3106 5065 De
3139 5009 3227 5064 his
3266 5008 3417 5063 satis.
3449 5004 3564 5059 Jam
3594 5005 3662 5060 de

2100 5103 2333 5159 Psalmis
2357 5117 2662 5159 sermonem
2695 5103 3064 5158 instituamus.

2603 5192 2631 5265 §
2669 5193 2758 5251 Vl.
2799 5193 2874 5248 De
2907 5191 3154 5246 Psalmis.
3647 5253 3659 5266 ο

2171 5286 2263 5341 50.
2303 5285 2628 5341 Prmclarum
2652 5302 2819 5352 sane,
2845 5293 2898 5339 et
2922 5285 2972 5336 in
3001 5283 3189 5353 primis
3221 5281 3441 5348 elegans
3484 5290 3664 5347 prote-

2100 5375 2269 5428 mium
2303 5374 2491 5428 Basilii
2519 5375 2571 5428 in
2601 5373 2883 5428 Psalmosn
2913 5373 3056 5442 quod
3087 5371 3180 5440 qui
3217 5369 3439 5436 legerit,
3471 5368 3662 5421 miram

2105 5463 2250 5517 illam
2279 5464 2332 5517 in
2356 5462 2556 5518 Basilio
2581 5462 2794 5517 dicendi
2839 5470 3012 5514 artem
3047 5458 3352 5520 mirabitur,
3377 5470 3504 5524 qua,
3533 5470 3666 5522 quo-

2104 5570 2314 5624 cunque
2342 5571 2400 5609 se
2429 5554 2770 5616 intendisset,
2803 5553 3120 5609 excellebat.
3151 5549 3468 5605 Ambrosius
3497 5544 3661 5599 multa

2105 5661 2137 5700 e
2179 5645 2378 5700 Basilio
2418 5645 2649 5699 mutuari
2681 5643 2908 5711 solitus,
2958 5642 3088 5697 hinc
3139 5653 3356 5712 quoque
3405 5634 3664 5692 nonnulla

2107 5725 2394 5808 excerpsit.
2426 5735 2559 5793 Cum
2595 5745 2772 5792 autem
2802 5748 2909 5791 non
2941 5734 3116 5792 desint
3144 5731 3338 5804 quibus
3367 5725 3667 5801 jucundum
