4094 6220
1522 332 1584 387 D.
1624 328 1767 386 JUL.
1807 330 2131 386 GARNERlI
2171 328 2560 385 PBJEFATIO.

3477 345 3639 387 CXCIII

400 442 471 497 sit
498 451 552 497 et
572 450 783 513 gratum
808 456 1155 513 cognoscere,
1184 444 1311 512 quid
1336 444 1475 501 alius
1507 448 1741 516 scriptor
1765 449 1832 502 ab
1859 448 1963 503 alio
1991 455 2038 511 Α
2066 447 2226 502 veluti
2256 447 2309 500 in
2356 444 2629 501 communi
2661 446 2967 519 animarum
3002 444 3360 500 curandarum
3394 444 3630 511 oiIicina,

401 533 723 603 sumpserit,
754 548 968 603 quoque
1007 537 1165 588 modo
1193 535 1333 589 alius
1366 536 1530 590 alium
1580 548 1673 590 aut
1706 538 1967 608 interpre-

402 635 565 691 tatus,
595 634 688 678 aut
707 635 855 679 certe
878 626 1117 680 imitatus
1142 630 1230 691 sit,
1259 629 1440 681 omnia
1464 643 1582 695 qua:
1606 640 1967 684 occurrerunt

400 714 672 770 Ambrosii
717 713 831 769 loca
868 716 957 770 hic
999 716 1275 771 ascribere
1315 732 1420 772 non
1459 718 1681 788 pigebit.
1715 720 1868 786 Quod
1908 730 1967 775 ut

402 805 576 872 magis
618 804 974 874 intelligatur,
1027 807 1298 862 Ambrosii
1348 809 1579 876 primum
1628 809 1727 880 (a),
1776 811 1969 866 deinde

404 896 588 951 Basilii
644 898 809 951 verba
870 897 1172 965 subjiciam.
1247 918 1267 950 ι
1332 901 1546 955 Etenim
1609 902 1735 957 licet
1791 904 1970 959 omnis

405 988 686 1058 Scriptura
718 989 900 1043 divina
935 990 1025 1045 Dei
1056 992 1285 1061 gratiam
1316 994 1507 1059 spiret,
1542 1004 1722 1049 etc....
1761 994 1817 1049 lu
1851 996 1969 1050 aliis

402 1080 567 1151 igitur
596 1080 807 1149 singula
838 1084 1122 1137 advertere
1150 1082 1296 1137 licet.
1326 1082 1566 1138 Historia
1597 1085 1838 1150 instruit,
1880 1085 1967 1139 lex

402 1176 582 1241 docet,
614 1175 895 1242 prOphetia
935 1178 1241 1242 annuntiat,
1270 1176 1540 1245 correptio
1567 1178 1818 1245 castigat,
1855 1194 1971 1231 mo-

400 1266 589 1320 ralitas
618 1266 809 1320 suadet
853 1282 868 1320 :
917 1267 972 1321 in
1018 1267 1156 1321 libro
1192 1268 1529 1323 Psalmorum
1580 1269 1855 1338 profectus
1886 1281 1970 1325 est

363 1338 371 1351 ’
400 1357 670 1421 omnium,
701 1366 756 1411 et
775 1358 1039 1412 medicina
1062 1360 1305 1427 quaedam
1331 1359 1521 1413 salutis
1552 1360 1821 1414 humanae.
1848 1363 1970 1428 Qui-

402 1464 616 1518 cunque
642 1448 857 1519 legerit,
882 1450 1044 1504 habet
1066 1466 1173 1519 quo
1204 1454 1433 1519 promite
1457 1454 1676 1508 vulnera
1703 1453 1970 1522 passionis

404 1539 623 1610 speciali
654 1541 827 1611 possit
865 1556 1057 1595 curare
1087 1544 1347 1597 remedio.
1395 1545 1714 1613 Quicunque
1742 1558 1969 1598 cernere

402 1620 654 1697 valuerit,
682 1639 936 1700 tanquam
968 1631 1022 1685 in
1047 1634 1318 1686 communi
1345 1635 1643 1688 animarum
1668 1636 1967 1705 gymnasio,

402 1732 459 1778 et
487 1723 721 1791 quodam
752 1724 928 1777 stadio
956 1722 1217 1778 virtutum
1246 1725 1462 1778 diversa
1489 1741 1691 1796 genera
1723 1726 1971 1780 certami-

2071 556 2168 594 nos
2204 554 2395 593 omnes
2440 547 2705 607 quotquot
2744 554 2931 593 sumus
2978 538 3223 593 homines
3271 540 3338 592 ad
3389 548 3636 591 nostrum

2068 635 2315 687 morbum
2347 633 2648 686 sanandum
2694 629 2955 683 medelam
2996 630 3228 698 seligere
3271 630 3636 698 possimus....

2068 723 2225 777 Aliud
2260 723 2427 792 igitur
2461 722 2736 791 propheta:
2765 722 2977 787 docent,
3014 721 3156 773 aliud
3185 721 3462 785 historici,
3492 720 3638 775 aliud

2069 814 2174 877 lex,
2212 814 2354 867 aliud
2391 813 2601 882 species
2625 812 2740 880 ejus
2773 826 2894 880 quae
2937 812 2991 865 in
3022 812 3326 867 Proverbiis
3362 814 3638 867 invenitur

2069 904 2487 960 exhortationis.
2529 904 2598 957 At
2639 903 2897 972 quidquid
2933 903 2985 956 in
3016 904 3226 958 caeteris
3256 903 3386 957 utile
3415 914 3518 967 est,
3551 903 3640 957 hic

2070 1010 2208 1049 unus
2242 996 2581 1050 Psalmorum
2616 995 2754 1049 liber
2780 994 3248 1062 complectitur....
3298 994 3638 1050 Psalmorum

2069 1089 2287 1144 oracula
2316 1099 2371 1143 et
2410 1088 2553 1142 domi
2585 1086 2951 1149 modulantur,
2996 1096 3051 1140 et
3086 1086 3138 1139 in
3188 1088 3361 1139 forum
3398 1088 3638 1141 circum-

2071 1180 2343 1235 ferunt....
2379 1178 2629 1234 Psalmus
2664 1179 2943 1234 consociat
2971 1178 3317 1243 dissidentes,
3363 1178 3503 1232 inter
3537 1178 3640 1231 ini-

2071 1272 2239 1325 micos
2271 1268 2499 1339 gratiam
2542 1271 2835 1338 componit.
2878 1269 3008 1336 Quis
3054 1270 3200 1324 enim
3252 1270 3428 1323 adhuc
3480 1284 3638 1332 eum,

2070 1377 2299 1431 quocum
2335 1376 2491 1414 unam
2528 1362 2594 1416 ad
2634 1363 2799 1416 Deum
2828 1378 3011 1416 vocem
3038 1363 3240 1429 emisit,
3284 1362 3402 1416 loco
3438 1362 3640 1415 inimici

2071 1455 2271 1507 habere
2304 1453 2579 1523 possit?...
2607 1452 2858 1508 Psalmus
2882 1453 3264 1522 incipientibus
3292 1452 3503 1506 initium
3533 1462 3640 1515 est,

2071 1542 2459 1598 incrementum
2521 1543 2967 1612 proﬁcientibus,
3018 1541 3275 1611 perfectis
3329 1541 3642 1594 ﬁrmamen-

2072 1642 2274 1687 tum....
2310 1632 2557 1687 Psalmus
2591 1635 2900 1703 angelorum
2931 1648 3065 1700 opus
3092 1642 3197 1695 est,
3239 1631 3476 1687 caelestis
3507 1647 3641 1685 con-

2070 1725 2334 1789 versatio,
2368 1724 2650 1793 Spirituale
2690 1724 3007 1794 thymiama.
3058 1722 3102 1778 Ο
3138 1724 3353 1793 sapiens
3397 1724 3640 1793 magistri

403 1830 531 1869 num
560 1815 835 1885 reperiens
862 1825 1158 1885 praeparata
1181 1857 1195 1882 ,
1227 1817 1277 1869 id
1314 1817 1416 1870 sibi
1446 1818 1632 1887 eligat,
1666 1818 1748 1872 cui
1783 1833 1841 1872 se
1886 1818 1970 1871 in-
2002 1798 2044 1852 Β
2075 1820 2376 1882 inventum,
2406 1817 2499 1887 qui
2535 1826 2708 1871 artem
2742 1832 2847 1885 qua
2880 1814 3044 1869 simul
3082 1830 3419 1877 caneremus,
3453 1824 3507 1867 et
3541 1815 3645 1868 uti-

403 1903 597 1973 telligit
626 1904 986 1973 aptiorem....
1012 1906 1163 1960 Domi
1187 1906 1430 1961 Psalmus
1468 1907 1701 1972 canitur,
1729 1906 1859 1961 foris
1887 1923 1972 1962 re—

400 2006 675 2053 censetur.
722 1998 971 2053 Psalmus
1021 1998 1349 2054 dissidentes
1399 2000 1642 2069 copulat,
1690 2000 1969 2055 discordes

404 2090 597 2155 sociat,
629 2086 863 2145 oll‘eusos
891 2090 1229 2145 reconciliat.
1262 2092 1395 2158 Quis
1433 2092 1576 2146 enim
1610 2106 1713 2145 non
1741 2093 1971 2147 remittit

403 2179 477 2243 ei,
507 2194 629 2233 cum
659 2194 765 2249 quo
794 2195 957 2233 unam
993 2180 1061 2233 ad
1091 2182 1257 2234 Deum
1294 2196 1476 2235 vocem
1501 2182 1780 2235 emiserit?
1815 2181 1967 2236 Psal-

403 2285 619 2325 mus....
656 2270 926 2327 institutio
976 2272 1374 2340 incipientium,
1422 2272 1785 2342 proiectorum
1835 2288 1968 2328 con-

404 2362 657 2429 lirmatio,
698 2362 1009 2432 angelorum
1054 2364 1433 2430 ministerium,
1469 2364 1660 2418 militia
1706 2365 1962 2429 caelestis,

403 2455 581 2510 hostia
615 2454 965 2524 spiritalis....
1000 2456 1188 2511 Certat
1224 2457 1278 2510 in
1320 2455 1534 2511 Psalmo
1569 2458 1813 2512 doctrina
1846 2474 1965 2512 cum

404 2548 575 2618 gratia
610 2548 793 2602 simul.
836 2547 1099 2604 Cantatur
1142 2548 1208 2603 ad
1255 2549 1697 2615 delectationem,
1741 2551 1967 2605 discitur

404 2639 472 2693 ad
498 2639 875 2694 eruditionem.
909 2639 1042 2694 Nam
1070 2640 1387 2694 violentiora
1420 2651 1684 2709 praecepta
1718 2657 1822 2695 non
1854 2657 1970 2711 per-

406 2739 627 2786 manent
661 2752 674 2788 :
708 2733 849 2802 quod
874 2744 1054 2787 autem
1091 2748 1210 2787 cum
1240 2738 1510 2789 suavitate
1544 2736 1852 2805 perceperis
1872 2776 1885 2798 ,
1914 2735 1967 2789 id

404 2822 642 2877 infusum
681 2823 847 2878 semel
882 2825 1193 2891 praecordiis
1247 2841 1351 2879 non
1403 2827 1686 2881 consuevit
1732 2827 1966 2880 elabi....

404 2918 660 2971 Aiunt....
689 2931 879 2971 causas
910 2932 1123 2988 quoque
1156 2919 1583 2974 modulaminum
1645 2930 1698 2975 et
1725 2922 1967 2989 quaedam

404 3008 637 3063 claustra
668 3008 1035 3077 rhythmorum
1077 3010 1129 3063 in
1160 3009 1438 3078 superiore
1465 3021 1616 3079 parte
1658 3026 1777 3065 esse
1820 3011 1967 3066 Psal-

407 3102 617 3157 terii....
659 3098 764 3155 Sed
806 3099 919 3169 jam
962 3100 1161 3156 Psalmi
1198 3102 1353 3156 istius
1387 3103 1478 3172 qui
1529 3104 1838 3185 propositus
1885 3114 1968 3160 est

403 3194 581 3260 nobis,
630 3193 1002 3263 ingrediamur
1057 3194 1301 3249 exordia.
1365 3212 1385 3247 ι
1446 3192 1522 3265 (ι)
1560 3196 1718 3249 Πᾶσα
1777 3196 1967 3268 Γραφὴ

405 3286 757 3349 θεόπνευστος
798 3286 891 3338 καὶ
928 3284 1234 3356 ὠφέλιμος,
1279 3284 1369 3338 διὰ
1398 3283 1556 3340 τοῦτο
1590 3289 1970 3358 συγγραφεῖσα

404 3378 553 3450 παρὰ
581 3377 676 3431 τοῦ
710 3377 1045 3447 Πνεύματος,
1088 3378 1184 3441 ἵν’,
1219 3377 1404 3448 ὥσπερ
1438 3378 1497 3431 ὲν
1531 3379 1693 3451 κοινῷ
1732 3380 1840 3433 τῶν
1869 3380 1971 3450 ψυ-

404 3471 513 3541 χῶν
546 3469 783 3541 ἰατρείῳ,
824 3468 1022 3531 πάντες
1056 3468 1330 3542 ἄνθρωποι
1370 3470 1431 3522 τὸ
1478 3470 1613 3541 ἴαμα
1642 3470 1733 3523 τοῦ
1769 3472 1969 3524 οίκείου

403 3558 608 3622 πάθους
638 3558 867 3621 ἕκαστος
904 3558 1324 3629 ἐκλεγώμεθα...
1371 3560 1539 3613 ’Δλλα
1576 3561 1674 3632 μὲν
1709 3557 1801 3615 οὖν
1832 3578 1968 3633 προ-

405 3652 567 3722 φῆται
608 3650 942 3714 παιδεύουσι,
978 3653 1071 3703 καὶ
1113 3651 1247 3705 ἄλλα
1284 3653 1562 3723 ἱστορικοὶ,
1604 3654 1698 3706 καὶ
1738 3656 1766 3707 ό
1808 3655 1970 3725 νόμος

404 3744 586 3814 ἕτερα,
622 3744 716 3796 καὶ
760 3743 893 3797 ἄλλα
922 3743 982 3795 τὸ
1010 3739 1145 3806 εἶδος
1189 3744 1287 3813 τῆς
1312 3746 1682 3816 παροιμιακῆς
1713 3746 1973 3815 παραινέ-

406 3845 561 3891 σεως.
608 3830 672 3881 Ἦ
701 3828 758 3881 δὲ
785 3829 892 3883 τῶν
922 3828 1163 3899 Ψαλμῶν
1196 3830 1375 3899 βίϐλος
1402 3831 1463 3883 τὸ
1496 3832 1559 3884 ὲκ
1584 3832 1800 3886 πάντων
1826 3831 1971 3902 ὠφέ-

404 3921 559 3991 λιμον
585 3922 1018 3993 περιείληφεηη.
1048 3921 1128 3975 Τὰ
1153 3924 1258 3975 τῶν
1288 3924 1527 3994 Ψαλμῶν
1550 3924 1704 3993 λόγια
1727 3927 1819 3978 καὶ
1848 3924 1969 3978 κατ’

405 4010 550 4067 οἷκον
582 4013 897 4084 μελῳδοῦσι,
927 4015 1023 4068 καὶ
1052 4015 1145 4067 ἐπὶ
1174 4015 1272 4085 τῆς
1294 4016 1497 4088 ἀγορᾶς
1522 4018 1967 4087 περιφέρουσα...

404 4103 718 4175 Ψαλμὸς....
755 4105 947 4167 ἓνωσις
988 4105 1308 4170 διεστώτων,
1341 4107 1730 4177 ἐχθραινόντων
1760 4108 1973 4161 διαλλα-

406 4196 642 4265 κτήριον.
661 4195 755 4258 Τίς
780 4194 889 4265 γὰρ
914 4194 993 4247 ἔτι
1017 4195 1205 4267 ἐχθρόν
1222 4196 1469 4265 ἡγεῖσθαι
1495 4196 1739 4260 δύναται,
1770 4197 1886 4267 μεθ’
1911 4193 1971 4252 οὗ

410 4286 534 4354 μίαν
564 4286 740 4353 ἀφῆκε
769 4285 906 4356 πρὸς
935 4284 1065 4338 Θεὸν
1090 4286 1186 4356 τὴν
1215 4287 1397 4357 φωνήν
1582 4288 1972 4358 Εἰσαγομένοις

408 4377 773 4446 στοιχείωσις,
822 4378 1235 4448 προκοπτόντων
1281 4376 1544 4449 αὔξησις,
1585 4379 1971 4450 τελειουμένων

2072 1908 2143 1962 lia
2175 1911 2545 1973 disceremus,
2599 1905 2970 1975 excogitavit!
3012 1904 3151 1958 unde
3196 1915 3251 1958 et
3295 1903 3464 1973 magis
3506 1919 3643 1972 quo-

2072 1999 2356 2053 dammodo
2394 1996 2589 2050 animis
2636 2003 2905 2064 praecepta
2943 1993 3348 2060 imprimuntur.
3397 1991 3500 2044 Vix
3558 1999 3641 2044 et-

2071 2088 2213 2142 enim
2244 2089 2441 2141 durare
2466 2086 2603 2141 solet
2626 2085 2767 2154 quod
2794 2085 2993 2137 invitus
3016 2082 3273 2136 didiceris
3314 2099 3327 2135 :
3369 2082 3510 2148 quod
3546 2096 3643 2133 au-

2072 2190 2177 2233 tem
2208 2177 2444 2247 jucunde
2478 2177 2825 2245 suaviterque
2857 2183 3135 2242 acceptum
3164 2185 3269 2236 est,
3312 2172 3556 2226 tenacius
3587 2172 3641 2225 in

2069 2273 2264 2326 animis
2300 2270 2501 2325 nostris
2534 2269 2823 2324 insidet....
2864 2265 3185 2319 Psalterium
3238 2278 3366 2317 vero
3405 2278 3435 2315 a
3482 2273 3637 2331 parte

2070 2364 2335 2433 superiori
2376 2363 2524 2415 ducit
2572 2360 2851 2415 concinnat
2888 2374 3000 2414 suae
3040 2354 3425 2411 modulationis
3471 2355 3639 2422 origi-

2069 2472 2283 2510 nem....
2323 2456 2589 2509 Caeterum
2626 2452 2838 2506 initium
2889 2450 3230 2505 Psalmorum
3265 2449 3563 2502 rideamus.
3615 2466 3635 2497 ι

2067 2549 2204 2613 Quin
2232 2560 2287 2601 et
2310 2547 2640 2616 Augustinus
2666 2545 2798 2614 ipse,
2825 2554 2885 2598 ut
2914 2552 3099 2597 monet
3124 2542 3370 2605 Duczeus,
3399 2542 3451 2593 in
3484 2555 3639 2593 enar-

2070 2638 2278 2691 ratione
2320 2638 2376 2689 in
2425 2635 2562 2705 psal.
2621 2651 2729 2699 LVI,
2789 2649 2911 2688 cum
2953 2634 3067 2686 haec
3116 2633 3277 2685 verba
3329 2630 3639 2699 prophetica

2070 2730 2459 2797 interpretatur
2523 2745 2536 2781 :
2588 2725 2857 2795 Exsurge,
2920 2724 3225 2792 psalterium
3276 2732 3327 2777 et
3364 2722 3567 2775 cithara
3595 2720 3640 2784 ⁷,

2071 2820 2328 2874 nonnulla
2372 2834 2403 2874 e
2430 2819 2633 2873 Graacis
2662 2816 2849 2870 Basilii
2885 2824 3157 2869 mutuatus
3197 2822 3301 2869 est.
3350 2814 3644 2882 Utriusque

2069 2914 2230 2967 verba
2258 2920 2443 2966 nostro
2470 2925 2619 2964 more
2648 2910 2970 2972 referemus,
2992 2921 3221 2977 quorum
3250 2922 3315 2960 ex
3348 2905 3641 2960 collatione

2068 3019 2397 3074 cognoscere
2426 3003 2647 3069 licebit,
2674 3002 3033 3071 Augustinum
3069 3001 3427 3069 interpretem
3473 2997 3645 3051 fuisse

2072 3097 2242 3164 magis
2279 3110 2440 3164 quam
2482 3094 2812 3148 imitatorem
2855 3092 3063 3148 Basilii.
3108 3091 3437 3161 Augustinus
3479 3090 3643 3158 igitur

2070 3192 2150 3244 sic
2188 3189 2427 3257 loquitur
2457 3206 2469 3242 :
2504 3205 2523 3238 ι
2561 3186 2883 3241 Psalterium
2916 3195 3001 3239 est
3029 3200 3317 3255 organum,
3345 3181 3488 3253 quod
3532 3182 3646 3250 qui-

2073 3283 2195 3336 dem
2233 3282 2483 3335 manibus
2522 3279 2700 3334 fertur
2732 3279 3107 3349 percutientis,
3154 3286 3211 3330 et
3257 3276 3492 3331 chordas
3535 3275 3646 3328 dis-

2070 3380 2246 3426 tentas
2291 3370 2486 3437 habet;
2531 3370 2626 3423 sed
2678 3369 2824 3423 illum
2856 3368 3031 3422 locum
3085 3369 3226 3421 unde
3274 3383 3464 3422 sonum
3500 3367 3644 3420 acci-

2071 3464 2221 3528 piunt
2263 3462 2512 3525 chordae,
2542 3461 2671 3515 illud
2699 3474 2997 3515 concavum
3032 3460 3234 3530 lignum
3267 3460 3409 3528 quod
3442 3460 3641 3529 pendet

2069 3567 2123 3610 et
2179 3563 2378 3608 tactum
2438 3563 2687 3619 resonat,
2729 3553 2855 3623 quia
2896 3552 3134 3620 concipit
3177 3565 3393 3615 acrem,
3438 3550 3643 3617 psalte-

2072 3649 2211 3703 rium
2245 3647 2298 3700 in
2331 3647 2615 3717 superiore
2656 3654 2807 3714 parte
2842 3644 3021 3698 habet.
3053 3644 3275 3697 Cithara
3310 3650 3489 3695 autem
3539 3642 3643 3695 hoc

2069 3754 2239 3809 genus
2263 3739 2391 3809 ligni
2421 3751 2720 3792 concavum
2752 3746 2808 3790 et
2835 3749 3098 3790 resonans
3122 3735 3174 3787 in
3208 3732 3461 3787 inferiore
3490 3744 3644 3800 parte

2070 3832 2255 3885 habet.
2289 3828 2475 3899 Itaque
2517 3829 2571 3883 in
2616 3828 2871 3898 psalterio
2921 3826 3137 3881 chordae
3182 3839 3372 3879 sonum
3413 3825 3644 3890 desuper

2071 3922 2343 3990 accipiunt
2380 3937 2394 3976 :
2441 3922 2494 3974 in
2524 3920 2731 3975 cithara
2762 3927 2942 3972 autem
2972 3916 3187 3970 chorda:
3214 3930 3405 3968 sonum
3448 3928 3516 3966 ex
3570 3914 3644 3965 itt-

2071 4012 2271 4065 l'eriore
2295 4022 2448 4081 parte
2491 4011 2780 4081 accipiunt.
2820 4028 2839 4061 ι
2874 4008 3057 4062 Basilii
3096 4017 3274 4060 autem
3310 4006 3474 4060 verba
3528 4007 3642 4060 hare

2070 4111 2195 4157 sunt
2220 4116 2250 4155 e
2275 4101 2540 4169 prommio
2565 4101 2622 4153 in
2647 4099 2784 4167 psal.
2823 4114 2840 4153 1
2869 4116 2882 4152 :
2910 4098 3095 4150 Πάντα
3123 4095 3313 4166 ῶσπερ
3340 4097 3395 4147 ὲν
3425 4095 3643 4166 μεγάλῳ

2070 4192 2176 4245 τινὶ
2214 4192 2309 4245 καὶ
2347 4190 2512 4262 κοινῷ
2553 4191 2784 4261 ταμείῳ,
2816 4191 2884 4259 τῇ
2927 4188 3095 4258 βίϐλῳ
3136 4187 3243 4240 τῶν
3271 4186 3513 4257 Ψαλμῶν
3556 4205 3645 4239 τε-

2072 4284 2451 4356 θησαὺρισται,
2482 4284 2548 4353 ἢν
2568 4325 2583 4350 ,
2612 4282 2824 4337 πολλῶν
2862 4281 3030 4335 ὄντων
3061 4281 3305 4351 ὀργάνων
3345 4280 3640 4350 μουσικῶν,

2072 4375 2207 4447 πρὸς
2231 4376 2289 4427 τὺ
2328 4375 2617 4445 λεγόμενον
2660 4375 2958 4445 ψαλτήριον
2995 4374 3235 4444 ἦρμοσεν
3272 4376 3301 4425 ὁ
3334 4374 3639 4442 προφήτης,

407 4469 796 4538 στήριγμα.....
830 4468 1055 4538 Ψαλμὸς
1086 4468 1145 4521 τὸ
1172 4467 1281 4521 τῶν
1307 4468 1550 4536 ἀγγέλων
1578 4468 1756 4540 ἔργον,
1786 4470 1846 4522 τὸ
1873 4470 1966 4522 οὐ·
1999 4498 2042 4552 D
2069 4469 2167 4540 τὴν
2229 4469 2454 4533 ἄνωθεν,
2505 4469 2629 4539 ἐμοὶ
2686 4468 2881 4532 δοκεῖν,
2936 4466 3236 4537 ἐνηχοῦσαν
3288 4465 3436 4534 αὐτῷ
3482 4466 3640 4535 χάριν

408 4557 586 4625 ράνιον
619 4557 916 4628 πολίτευμα
936 4598 949 4622 ,
986 4558 1046 4610 τὸ
1074 4559 1439 4628 πνευματικὸν
1468 4558 1736 4630 θυμίαμα.
1772 4561 1834 4612 Ὢ
1864 4560 1965 4629 τῆς

404 4649 574 4719 σοφῆς
600 4650 842 4713 ἐπινοίας
869 4649 962 4703 τοῦ
995 4650 1331 4715 διδασκάλου,
1359 4651 1493 4721 ὁμοῦ
1538 4670 1596 4705 τε
1636 4652 1782 4722 ᾄδειν
1817 4654 1965 4722 ἡμᾶς

401 4741 469 4794 τὰ
501 4742 746 4813 λυσιτελῆ
783 4743 1069 4812 μανθάνειν
1098 4744 1519 4815 μηχανωμένου·
1552 4744 1671 4796 ὅθεν
1708 4746 1803 4796 καὶ
1834 4744 1965 4813 μᾶλ-

401 4833 493 4885 λόν
517 4851 633 4894 πως
655 4834 973 4887 ὲντυποῦται
994 4838 1111 4896 ταῖς
1131 4834 1327 4905 ψυχαῖς
1349 4836 1415 4889 τὰ
1435 4835 1755 4905 διδάγματα.
1786 4834 1965 4888 Βίαιον

405 4924 504 4993 μὲν
531 4925 637 4995 γὰρ
673 4925 902 4997 μάθημα
927 4926 987 4978 οὐ
1020 4926 1226 4994 πέφυκε
1258 4927 1613 4997 παραμένειν,
1640 4926 1707 4978 τὰ
1737 4926 1792 4978 δὲ
1828 4926 1966 4996 μετὰ

400 5014 643 5085 τέρψεως
685 5017 777 5070 καὶ
812 5018 1029 5087 χάριτος
1077 5016 1396 5086 εἰσδυόμενα
1437 5012 1803 5086 μονιμώτερὸν
1849 5032 1965 5078 πως

399 5109 519 5168 ταῖς
549 5105 744 5176 ψυχαῖς
776 5107 932 5176 ἡμῶν
962 5106 1278 5171 ὲνιζάνει....
1310 5106 1381 5159 Τὸ
1405 5106 1694 5176 ψαλτήριον
1726 5106 1781 5159 δὲ
1808 5106 1965 5158 τοῦτο

399 5196 507 5249 τῶν
529 5198 840 5268 ἁρμονικῶν
865 5200 1083 5269 ῥυθμῶν
1107 5198 1309 5252 ἄνωθεν
1341 5198 1451 5269 ἔχει
1473 5198 1570 5261 τὰς
1598 5198 1962 5268 ἀφορμάς.....

403 5286 629 5358 Ἴδωμεν
656 5289 714 5342 δὲ
751 5290 936 5344 λοιπὸν
969 5291 1062 5343 καὶ
1090 5290 1187 5361 τὴν
1214 5290 1388 5360 ἀρχὴν
1413 5289 1521 5342 τῶν
1560 5288 1819 5359 Ψαλμῶν.
1856 5290 1967 5343 lloc

399 5388 483 5433 est
535 5400 549 5435 :
602 5398 621 5433 ι
677 5381 865 5435 Omnis
924 5382 1204 5450 Scriptura
1251 5391 1334 5437 est
1390 5381 1644 5434 divinitus
1703 5381 1962 5451 inspirata

400 5479 566 5538 atque
615 5469 786 5535 utilis,
817 5471 935 5525 ideo
970 5486 999 5525 a
1040 5471 1244 5542 Spiritu
1290 5480 1479 5528 sancto
1521 5471 1851 5541 conscripta,
1906 5481 1965 5527 ut

468 5608 493 5641 ⁷
516 5607 658 5663 Psal.
682 5622 795 5674 ινι,
826 5608 871 5664 9.

469 5744 544 5812 (a)
572 5744 822 5801 Ambros.
854 5745 907 5800 in
945 5746 1095 5816 przef.
1120 5748 1173 5801 in
1202 5746 1334 5817 μιαί.
1372 5760 1411 5800 ι.

2072 4560 2221 4631 παρὰ
2282 4560 2374 4613 τοῦ
2425 4559 2740 4629 Πνεύματος
2799 4556 3233 4627 ἐνδεικνύμενος,
3298 4556 3427 4607 διότι
3485 4554 3640 4606 τοῦτο

2076 4654 2233 4724 μόνον
2270 4653 2377 4705 τῶν
2429 4652 2701 4723 μουσικῶν
2722 4651 2966 4723 ὀργάνων
3003 4649 3099 4721 τὴν
3131 4649 3305 4701 αἰτίαν
3332 4646 3440 4700 τῶν
3478 4645 3641 4718 φθόγ-

2072 4762 2182 4813 γων
2213 4747 2275 4797 ἐκ
2300 4744 2405 4797 τῶν
2436 4743 2638 4797 ἄνωθεν
2671 4742 2804 4811 ἔχει.
2837 4744 2915 4812 Τῇ
2950 4740 3149 4811 κιθάρᾳ
3192 4739 3289 4809 μὲν
3314 4737 3422 4807 γὰρ
3451 4737 3545 4789 καὶ
3572 4739 3637 4806 τῇ

2072 4835 2210 4907 λύρᾳ
2239 4835 2480 4889 κάτωθεν
2522 4838 2549 4887 ὸ
2596 4835 2794 4905 χαλκὸς
2837 4834 3036 4903 ὑπηχεῖ
3087 4832 3222 4902 πρὸς
3255 4830 3315 4882 τὸ
3345 4830 3637 4899 πλῆκτροψ

2071 4928 2130 4979 τὸ
2160 4927 2452 4998 ψαλτήριον
2475 4926 2531 4978 δὲ
2566 4925 2723 4977 τοῦτο
2770 4924 2875 4976 τῶν
2926 4922 3234 4995 ἁρμονικῶν
3260 4921 3479 4994 ῥυθμῶν
3502 4922 3641 4976 ἄνω-

2073 5018 2162 5071 θεν
2212 5018 2323 5087 ἔχει
2352 5016 2449 5079 τὰς
2482 5013 2751 5086 ἀφορμάς,
2805 5034 2822 5063 ι
2869 5015 3057 5067 Omnia
3088 5013 3142 5067 in
3192 5012 3524 5067 Psalntorum
3572 5012 3638 5063 li-

2070 5112 2169 5166 bro
2222 5111 2369 5165 velut
2422 5110 2475 5164 in
2529 5125 2719 5179 magno
2749 5111 2981 5179 quodam
3024 5117 3079 5161 et
3127 5105 3401 5161 communi
3450 5119 3627 5174 prom-

2071 5203 2283 5270 ptuario
2305 5202 2688 5256 reconduntur.
2722 5200 2891 5267 Quem
2914 5200 3134 5261 librum,
3171 5198 3382 5252 tametsi
3421 5197 3637 5250 diversa

2070 5302 2197 5345 sunt
2226 5291 2584 5347 instrumenta
2613 5294 2813 5347 musica
2835 5335 2848 5357 ,
2878 5294 2942 5346 ad
2975 5292 3314 5361 psalterium,
3348 5289 3491 5359 quod
3540 5301 3640 5341 vo-

2070 5393 2234 5445 cant,
2275 5384 2542 5453 Propheta
2583 5386 2807 5453 aptavit.
2843 5385 3049 5452 Quippe
3076 5384 3304 5454 gratiam
3329 5421 3345 5448 ,
3398 5391 3457 5435 ut
3502 5379 3636 5433 mihi

2069 5474 2307 5542 videtur,
2337 5475 2389 5529 in
2430 5490 2495 5531 eo
2535 5475 2765 5546 desuper
2808 5491 2838 5529 a
2887 5484 3073 5531 sancto
3124 5472 3329 5545 Spiritu
3377 5482 3638 5529 resonare

2145 5726 2406 5813 tolliasil.
2441 5740 2492 5796 in
2524 5740 2671 5812 prmi.
2699 5741 2750 5795 in
2781 5743 2895 5812 psal
2945 5756 2988 5796 ι.
