4094 6220
439 322 593 365 πιεῖν

3113 258 3140 297 ὅ

1760 293 2292 353 PROLEGOMENA.

440 422 709 486 ostendit,
730 425 1019 490 propterea
1041 417 1183 489 quod
1224 415 1330 483 hoc
1361 414 1534 471 solum
1565 427 1633 468 ex
1662 413 1889 469 musicis
1918 412 2006 467 in-
2035 415 2081 473 Α
2109 411 2229 464 dem
2282 420 2418 478 opus
2462 415 2546 463 est
2597 406 2821 476 aequale,
2865 404 3058 459 horum
3099 411 3156 457 et
3177 410 3389 455 merces
3409 396 3618 453 eadem.
3654 415 3673 447 ι

398 536 401 539 ·
439 511 755 571 strumentis
780 510 911 567 editi
938 508 1054 565 soni
1088 521 1308 563 causam
1351 507 1419 561 ab
1446 506 1638 560 altiore
1670 504 1788 559 loco
1821 504 2004 558 habet.

438 605 572 659 Nam
604 604 827 658 citharae
860 616 924 656 ac
972 601 1104 671 lyra:
1153 615 1229 654 aes
1270 599 1515 654 inferiori
1563 607 1715 667 parte
1761 597 2008 653 sonitum

438 695 553 749 edit
600 693 668 747 ad
713 692 1022 762 plectrum:
1051 691 1372 760 psalterium
1419 704 1552 745 vero
1584 704 1613 743 a
1659 699 1812 758 parte
1844 702 2010 758 supe-

438 787 573 841 riori
650 783 797 838 ducit
860 796 971 838 suae
1032 784 1315 838 concinnae
1388 779 1778 836 modulationis
1841 778 2011 848 origi-

438 889 585 929 nem.

513 967 750 1023 Vidimus
769 965 1111 1021 Ambrosium
1137 962 1604 1034 Augustinumque
1642 961 1747 1016 duo
1778 960 1865 1015 illa
1898 976 2013 1014 ma-

446 1073 549 1129 gna
584 1057 836 1112 Ecclesia:
857 1055 1057 1110 lumina
1089 1053 1334 1110 nonnihil
1356 1068 1386 1107 e
1418 1051 1602 1106 Basilii
1628 1051 1780 1106 libris
1807 1052 1859 1105 in
1885 1065 2013 1105 suos

445 1148 838 1204 transtulisse:
893 1160 1039 1201 nunc
1084 1144 1393 1199 notabimus
1448 1144 1742 1198 Eusebium
1775 1151 1831 1197 et
1856 1141 2010 1196 Basi-

439 1240 568 1295 lium
599 1240 741 1294 idem
768 1238 971 1302 dicere,
1018 1252 1146 1292 casu
1193 1251 1265 1291 an
1305 1251 1481 1295 secus.
1539 1235 1744 1292 nescio.
1791 1234 2011 1289 Eusebii

439 1329 606 1398 igitur
633 1329 793 1383 verba
813 1328 926 1383 haec
956 1334 1081 1382 sunt
1104 1341 1134 1381 e
1160 1325 1421 1396 prooemio
1445 1325 1500 1377 in
1519 1322 1760 1377 Psalmos
1780 1339 1798 1377 :
1822 1322 2012 1377 Νάϐλα.

437 1421 496 1474 δὲ
524 1420 653 1491 παρ’
692 1418 962 1490 Ἐὗροιίοις
985 1416 1200 1484 λέγεται
1226 1416 1288 1469 τὸ
1326 1415 1644 1487 ψαλτήριον,
1677 1414 1706 1467 ὃ
1746 1414 1805 1467 δὲ
1852 1413 2012 1485 μόνον

436 1509 545 1565 τῶν
581 1509 852 1581 μουσικῶν
871 1508 1116 1579 ὀργάνων
1149 1507 1464 1577 ὀρθότατον,
1492 1507 1587 1559 καὶ
1617 1505 1691 1576 μὴ
1722 1503 2014 1576 συνεργού-

442 1619 604 1674 μενον
629 1604 708 1665 εἱς
733 1597 866 1672 ἦχον
904 1602 969 1653 ὲκ
1016 1598 1123 1652 τῶν
1153 1598 1451 1652 κατωτάτω
1485 1597 1665 1669 μερῶν
1684 1637 1700 1661 ,
1731 1596 1844 1650 ἀλλ’
1875 1597 2015 1652 ἄνω-

439 1694 528 1748 θεν
549 1692 691 1764 ἔχειν
721 1692 812 1745 τὸν
839 1689 1151 1761 ὑπηχοῦντα
1192 1688 1414 1759 χαλκόν.
1472 1689 1541 1742 Et
1594 1687 1866 1757 aliquanto
1894 1697 2014 1756 post

438 1760 668 1857 pag-‘7,
698 1784 877 1840 πάντα.
918 1760 1106 1852 ὥσπερ
1135 1783 1194 1834 ἐν
1220 1780 1439 1853 μεγάλῳ
1466 1780 1571 1833 τινὶ
1607 1781 1702 1834 καὶ
1725 1779 1888 1851 κοινῷ
1912 1797 2010 1833 τα·
2042 1760 2085 1815 Β

443 1878 579 1949 μείῳ
634 1879 701 1949 τῇ
738 1875 926 1947 ,βίϐλῳ
957 1874 1065 1929 τῶν
1123 1871 1856 1942 Ψαλμῶν.τεθησαύρισται,
1901 1881 2006 1926 etc.

444 1988 464 2022 ι
493 1968 663 2025 Nabla
703 1970 841 2039 apud
886 1967 1143 2022 Hebrreos
1194 1972 1422 2020 vocatur
1461 1963 1779 2033 psalterium
1807 2001 1822 2027 ,
1867 1964 2011 2032 quod

439 2076 507 2116 ex
533 2060 753 2116 musicis
780 2057 1156 2113 instrumentis
1178 2056 1351 2110 solum
1385 2054 1746 2109 rectissimum
1775 2062 1887 2119 est;
1917 2067 2014 2108 ne-

440 2168 545 2224 que
576 2152 644 2207 ab
675 2151 874 2206 inlimis
903 2149 1154 2219 partibus
1178 2147 1245 2202 ad
1273 2144 1464 2202 sonum
1492 2147 1806 2212 adhibetur,
1840 2145 1933 2200 sed
1980 2159 2011 2198 a

441 2243 695 2314 supernis
751 2240 969 2297 sonanti
1013 2253 1121 2294 aere
1170 2238 1462 2293 instruitur
1491 2275 1506 2290 .
1538 2274 1554 2290 .
1588 2236 1643 2290 In
1677 2235 2012 2291 Psalmorum

438 2335 581 2391 libro
617 2335 800 2390 omnia
843 2348 942 2389 ceu
978 2332 1033 2386 in
1074 2344 1273 2400 magno
1302 2344 1367 2384 ac
1394 2328 1607 2399 publico
1637 2328 1896 2397 penuario
1927 2342 2016 2384 re-

440 2428 657 2485 condita
672 2434 848 2483 sunt.»
868 2426 1051 2482 Potuit
1079 2439 1211 2491 ergo
1248 2423 1364 2478 ﬁeri
1391 2432 1448 2478 ut
1471 2419 1705 2478 Basilius
1732 2421 1802 2477 ob
1828 2419 2015 2477 oculos

441 2518 694 2573 habuerit
718 2516 1007 2572 Eusebium
1029 2530 1189 2585 quem
1230 2514 1538 2569 imitaretur
1563 2531 1578 2568 :
1613 2514 1706 2570 sed
1735 2514 1780 2568 si
1809 2513 1884 2568 ita
1907 2519 2011 2577 est,

448 2616 681 2679 magnus
713 2606 802 2662 ille
834 2604 1086 2669 Basilius,
1114 2613 1174 2659 ut
1199 2603 1440 2674 peritum
1461 2611 1734 2658 oratorem
1765 2602 2011 2669 decebat,

444 2699 557 2751 vim
574 2698 810 2767 quidem
839 2711 904 2751 ac
948 2695 1159 2765 pondus
1204 2693 1522 2753 Eusebiante
1562 2693 1846 2749 sententiae
1874 2694 2013 2749 reti-

446 2789 585 2854 nuit,
626 2797 681 2843 at
705 2803 826 2844 eam
871 2786 1009 2842 mira
1035 2788 1267 2857 quadam
1295 2786 1507 2842 dicendi
1538 2794 1654 2841 arte
1685 2786 1811 2841 fecit
1837 2800 2007 2840 suam.

511 2882 600 2937 51.
618 2881 810 2953 Liquet
838 2895 906 2936 ex
925 2878 1469 2941 dictis,Ambrosium
1492 2879 1748 2934 nonnulla
1775 2893 1806 2933 e
1831 2877 2012 2932 Basilii

445 2974 711 3047 protentio
736 2973 837 3028 sibi
858 2972 1172 3042 sumpsisse.
1201 2970 1356 3025 Nunc
1370 2971 1650 3026 ostendam
1676 2971 1921 3026 eumdem
1947 2984 2013 3024 ex

2110 499 2262 567 Quod
2298 498 2346 553 si
2372 498 2642 569 quispiam
2685 497 2787 551 hac
2813 495 3051 551 locorum
3075 495 3424 551 contentione
3450 497 3686 553 delecta-

2111 602 2200 645 tur
2238 589 2422 663 (quam
2459 590 2784 658 voluptatem
2840 601 3019 663 neque
3048 585 3219 656 frugis
3256 595 3556 657 expertem,
3588 604 3686 645 ne-

2109 698 2216 753 que
2252 681 2572 738 illiberalem
2616 680 2895 747 arbitror),
2943 680 3122 734 fontes
3151 679 3298 749 ipsos
3326 681 3505 747 adeat,
3559 696 3686 735 sua-

2110 776 2231 830 deo.
2258 772 2428 843 Spero
2454 774 2713 828 studiosis
2735 788 2843 827 non
2878 768 3227 838 iniucundum
3259 770 3396 839 fore,
3427 778 3471 826 si
3498 787 3686 827 rursus

2108 869 2214 923 hoc
2237 866 2358 922 loco
2387 868 2454 921 de
2476 865 2659 920 Basilii
2689 864 2954 933 prooemio
2990 864 3046 917 in
3082 862 3328 918 Psalmos
3350 864 3560 934 loquar.
3577 863 3688 919 No-

2113 966 2223 1012 tum
2256 966 2360 1023 est,
2397 972 2516 1027 quae
2560 958 2701 1026 apud
2736 954 3005 1009 ‘Basilium
3037 954 3224 1010 Grtcce
3267 953 3539 1025 leguntur,
3580 954 3687 1024 legi

2108 1050 2299 1106 Latine
2328 1051 2471 1120 apud
2505 1047 2885 1116 Augustinum.
2906 1045 3102 1120 Quaeri
3132 1062 3260 1118 ergo
3282 1055 3461 1116 potest
3497 1055 3680 1102 utrum

2110 1117 2443 1212 Augustinus
2466 1139 2578 1209 ipse
2598 1139 2783 1194 Graeca
2800 1117 2985 1193 Basilii
3012 1117 3363 1202 converterit,
3415 1152 3481 1191 an
3504 1137 3687 1192 Ruﬁni

2112 1229 2489 1300 interpretatio
2526 1229 2706 1297 inepte
2731 1242 2763 1282 a
2796 1226 3032 1283 librariis
3096 1234 3220 1281 ante
3243 1227 3527 1295 Augustini
3551 1241 3687 1296 opus

2112 1323 2288 1378 locata
2330 1323 2420 1377 sit.
2474 1322 2849 1392 Suspicionem
2889 1319 3123 1389 augebit,
3158 1320 3300 1390 quod
3330 1320 3682 1391 Augustinus,
3732 1362 3739 1370 ι

2112 1429 2232 1468 cum
2263 1414 2530 1485 psalmum
2577 1413 3086 1483 quinquagesimum
3124 1423 3333 1467 sextum
3362 1412 3688 1483 interpretaa

2113 1513 2287 1571 retur,
2342 1504 2587 1559 nonnihil
2616 1519 2684 1559 ex
2713 1504 2817 1559 hoc
2850 1503 3033 1558 Basilii
3059 1504 3324 1574 prooemio
3353 1504 3686 1574 expressisse

2111 1597 2259 1652 credi
2303 1595 2501 1650 merito
2531 1595 2723 1664 possit.
2780 1593 2848 1649 Et
2894 1607 3025 1648 vero
3058 1594 3151 1664 qui
3186 1603 3475 1663 utrumque
3507 1593 3685 1650 locum

2112 1687 2299 1741 Basilii
2326 1697 2382 1742 et
2407 1686 2693 1758 Augustini
2728 1686 2870 1741 inter
2896 1700 2955 1740 se
2981 1686 3377 1755 comparaverit
3399 1683 3501 1758 (a),
3528 1684 3687 1741 facile

2114 1780 2506 1835 intellecturum
2544 1788 2676 1848 puto
2704 1777 2898 1833 Latina
2947 1792 2979 1833 e
3008 1777 3211 1833 Grtecis
3241 1791 3499 1832 conversa
3541 1791 3684 1843 esse,

2113 1874 2204 1929 sed
2229 1871 2386 1943 paulo
2411 1872 2652 1938 liberius,
2680 1872 2785 1927 hoc
2811 1878 2918 1937 est,
2963 1871 3308 1938 antiquorum
3333 1883 3504 1924 more.
3544 1868 3687 1939 Ergo

2113 1964 2159 2017 si
2195 1962 2530 2031 Augustinus
2560 1962 2763 2032 aliquid
2792 1976 2824 2017 e
2850 1959 3035 2016 Basilii
3057 1960 3321 2031 prooemio
3352 1961 3408 2014 in
3442 1959 3685 2014 Psalmo:

2113 2054 2216 2109 sibi
2244 2054 2492 2123 sumpsit,
2527 2067 2634 2108 non
2658 2052 2732 2107 ita
2763 2052 2958 2106 mirum
2996 2052 3162 2107 videri
3194 2051 3372 2116 debet,
3403 2051 3449 2106 si
3478 2050 3688 2106 dicatur

2115 2150 2215 2204 hoc
2240 2148 2380 2203 idem
2406 2158 2460 2203 et
2496 2146 2687 2202 Latine
2733 2146 3055 2210 reddidisse,
3088 2154 3145 2201 et
3167 2155 3292 2201 ante
3323 2160 3476 2200 suam
3520 2144 3688 2214 ipsius

2114 2240 2613 2308 interpretationem
2666 2237 2982 2294 collocasse.
3035 2237 3141 2293 Sed
3192 2237 3469 2307 provisum
3512 2246 3596 2291 est
3650 2251 3681 2288 a

2114 2331 2376 2397 librariis,
2408 2345 2476 2386 ne
2507 2330 2629 2401 quis
2656 2329 2902 2399 specioso
2948 2328 3053 2384 hoc
3078 2334 3396 2398 argumento
3435 2327 3490 2383 in
3524 2336 3678 2382 erro-

2114 2437 2229 2477 rem
2260 2422 2631 2479 induceretur.
2685 2419 2820 2475 Nam
2856 2422 3155 2476 etiamnum
3180 2419 3234 2474 in
3261 2419 3538 2474 veteribus
3565 2420 3688 2489 qui-

2115 2513 2342 2571 busdam
2399 2513 2554 2570 libris
2609 2521 2826 2570 exstant
2868 2512 3075 2567 Latinae
3113 2512 3361 2582 quaedam
3397 2511 3576 2566 Ruﬁni
3608 2512 3691 2565 in-

2118 2604 2557 2676 terpretationes,
2601 2605 2743 2660 inter
2781 2619 2918 2674 quas
2944 2614 3000 2658 et
3049 2602 3117 2658 id‘
3154 2601 3339 2658 Basilii
3369 2601 3687 2672 prommiuin

2116 2697 2388 2752 invenitur
2417 2715 2432 2751 :
2470 2711 2591 2765 quae
2611 2696 2793 2752 omnia
2827 2696 2880 2751 in
2915 2695 3155 2751 secundo
3181 2704 3329 2750 tomo
3357 2694 3565 2750 edenda
3588 2708 3685 2748 cu-

2114 2788 2376 2853 rabimus,
2427 2802 2549 2843 cum
2578 2788 2649 2844 ob
2685 2786 3000 2856 interpretis
3055 2785 3238 2840 Ruﬁni
3287 2785 3687 2855 antiquitatem,

2119 2892 2230 2935 tum
2250 2881 2486 2936 maxime
2507 2881 2578 2937 ob
2607 2881 2848 2936 auctoris
2872 2880 3055 2935 Basilii
3085 2879 3425 2949 dignitatem.

2185 2971 2275 3025 52.
2293 2970 2516 3026 Difficile
2546 2971 2689 3025 dictu
2717 2983 2799 3026 est
2816 2978 3016 3040 quanta
3041 2969 3112 3023 sit
3138 2969 3441 3022 adhibenda
3465 2967 3693 3039 diligen-

442 3067 633 3123 eodem
670 3065 821 3121 fonte
871 3064 925 3119 in
966 3064 1086 3134 ipsa
1134 3062 1329 3134 psalmi
1366 3063 1714 3118 enarratione
1767 3060 2013 3116 nonnihil
2040 3097 2085 3155 ο
2119 3064 2190 3118 tia
2217 3064 2289 3127 ei,
2320 3065 2413 3134 qui
2444 3063 2558 3118 vult
2584 3073 2736 3119 certo
2767 3072 2990 3132 tutoque
3035 3061 3164 3133 περὶ
3193 3060 3402 3124 νοθείας
3435 3070 3529 3115 aut
3557 3078 3690 3131 γνη-

443 3170 662 3226 qnoque
693 3163 998 3210 mutuatum
1030 3166 1170 3209 esse.
1227 3153 1356 3218 Sed,
1389 3168 1456 3207 ne
1479 3153 1771 3207 lectoribus
1799 3153 2014 3206 taedium

441 3248 676 3316 pariam,
715 3261 778 3301 ea
808 3246 924 3301 loca
956 3245 1068 3300 sola
1098 3248 1149 3299 in
1180 3245 1412 3299 medium
1440 3244 1730 3314 proferam,
1765 3258 1885 3312 qua:
1904 3259 2012 3297 non

445 3346 556 3388 tam
591 3333 837 3389 imitatus
869 3348 990 3390 esse
1014 3374 1031 3399 ,
1083 3349 1246 3403 quam
1297 3334 1365 3388 ad
1399 3334 1621 3388 verbum
1683 3333 2017 3402 expressisse

445 3427 718 3498 putandus
750 3435 852 3480 est.
884 3425 1162 3480 Ambrosii
1211 3425 1374 3493 igitur
1407 3425 1575 3479 verba
1611 3434 1738 3478 sunt
1762 3440 1830 3479 ex
1851 3439 2014 3478 enar-

446 3517 654 3572 ratione
677 3518 735 3571 t'n
756 3516 889 3582 psal.
920 3532 961 3579 ι,
1012 3532 1165 3570 num.
1211 3517 1278 3571 H
1312 3535 1324 3570 :
1363 3533 1381 3566 ι
1415 3515 1832 3570 Consideremus
1876 3530 2018 3570 nunc

446 3624 552 3679 qua
582 3609 812 3673 ratione,
844 3607 1039 3663 Beatus
1062 3609 1164 3674 vir,
1194 3609 1410 3662 dixerit.
1457 3605 1706 3675 Nunquid
1731 3622 1759 3659 a
1790 3621 2016 3661 consor-

446 3700 525 3754 tio
549 3698 900 3754 beatitudinis
934 3698 1172 3753 exclusit
1225 3698 1514 3759 mulieres,
1548 3697 1675 3764 quia
1714 3697 1889 3751 virum
1926 3711 2017 3751 so-

447 3791 559 3846 lum
622 3791 841 3846 beatum
897 3790 1284 3861 nuncupavit?
1325 3788 1521 3843 Absit!
1580 3789 1807 3842 Accedit
1860 3787 2013 3851 illud,

446 3889 704 3956 quoniam
737 3900 966 3954 quorum
1029 3892 1220 3938 natura
1257 3883 1466 3944 eadem,
1533 3895 1718 3934 eorum
1750 3880 2020 3950 operatio-

447 3993 541 4032 nes
569 3979 754 4046 utique
786 3992 893 4032 non
940 3988 1168 4045 possunt
1217 3990 1338 4029 esse
1364 3975 1652 4040 discreta);
1706 3981 1761 4026 et
1787 3986 2016 4041 quorum

445 4081 582 4137 opus
610 4065 835 4134 aequale,
856 4080 1042 4119 eorum
1070 4066 1258 4133 utique
1301 4064 1526 4131 :cqualis
1560 4072 1615 4116 et
1662 4075 1889 4116 merces.
1915 4101 1928 4114 .
1959 4099 1974 4114 .
2001 4101 2016 4116 .

449 4157 604 4213 Paria
639 4158 802 4227 igitur
834 4157 1013 4212 studia
1038 4157 1324 4218 virtutum,
1362 4155 1484 4223 quia
1528 4169 1624 4223 par
1658 4152 2017 4224 praerogativa

446 4263 530 4305 eSt
558 4258 839 4304 creaturae.
862 4268 881 4301 ι
912 4247 1095 4302 Basilii
1128 4261 1256 4301 vero
1288 4246 1403 4301 haec
1429 4255 1555 4300 sunt
1577 4245 1759 4299 itidem
1779 4259 1846 4299 ex
1863 4258 2020 4300 enar-

449 4337 739 4391 rationein
790 4335 925 4404 psal.
971 4350 1029 4388 t:
1072 4332 1172 4387 Διὰ
1201 4333 1276 4399 τί,
1321 4336 1512 4407 φησὶν,
1554 4337 1583 4387 ὁ
1611 4334 1898 4406 προφήτης
1926 4334 2019 4387 τὸν

2118 3156 2365 3228 σιότητος
2390 3157 2570 3225 operis
2595 3155 2824 3224 alicujus
2873 3154 3135 3224 judicium
3174 3154 3339 3209 ferre.
3379 3153 3573 3208 Mirum
3604 3163 3692 3209 est

2115 3250 2279 3312 enim,
2311 3263 2433 3302 cum
2471 3262 2656 3302 verum
2693 3257 2747 3301 et
2778 3246 2972 3301 falsum
3001 3247 3144 3301 inter
3170 3262 3228 3301 se
3267 3247 3581 3317 longissime
3608 3249 3691 3300 di-

2115 3354 2268 3394 versa
2298 3341 2427 3404 sint,
2460 3341 2657 3407 saepius
2687 3348 2865 3392 tamen
2899 3339 3126 3394 alterum
3159 3338 3384 3392 alterius
3411 3339 3482 3391 ita
3515 3337 3692 3393 simile

2116 3446 2257 3495 esse,
2291 3442 2348 3487 ut
2372 3432 2424 3486 in
2458 3433 2522 3485 iis
2559 3431 2953 3493 discernendis,
3022 3431 3126 3485 nisi
3188 3429 3345 3484 valde
3374 3444 3689 3494 caveamus,

2117 3540 2360 3579 errorem
2391 3524 2568 3578 vitare
2600 3523 2693 3576 vix
2737 3523 3024 3592 possimus.
3066 3522 3232 3591 Cujus
3262 3522 3340 3575 rei
3385 3522 3518 3576 libet
3568 3537 3692 3589 pro-

2119 3616 2260 3671 ferre
2292 3616 2598 3684 exemplum
2637 3630 2824 3681 unum,
2858 3629 2922 3668 ex
2964 3630 3073 3683 quo
3105 3614 3172 3668 de
3213 3613 3398 3667 multis
3426 3612 3691 3669 similibus

2118 3706 2278 3761 facile
2307 3706 2377 3760 sit
2410 3706 2779 3775 conjecturam
2838 3705 3036 3760 facere.
3090 3704 3280 3759 Exstat
3331 3707 3471 3759 inter
3508 3702 3690 3757 Basilii

2119 3813 2283 3868 opera
2336 3799 2607 3854 enarratio
2647 3798 2893 3867 quaedam
2950 3798 3003 3852 in
3036 3799 3305 3869 psalmum
3359 3797 3690 3854 tricesimum

2120 3890 2434 3957 septimum,
2474 3889 2539 3943 de
2587 3903 2696 3958 qua
2732 3902 2837 3943 non
2867 3903 2970 3942 una
3007 3898 3095 3943 est
3123 3888 3364 3942 omnium
3399 3889 3690 3952 sententia,

2119 3981 2239 4035 aliis
2269 3980 2413 4035 aliud
2467 3980 2846 4036 sentientibus.
2889 3978 3248 4035 Contbeﬁsius
3278 3979 3352 4034 ita
3380 3981 3446 4034 de
3480 3993 3540 4034 ea
3595 3981 3694 4032 du-

2120 4073 2274 4137 bitat,
2328 4082 2388 4126 ut
2423 4081 2601 4125 tamen
2638 4072 2771 4124 nolit
2795 4070 3089 4141 quidquam
3143 4071 3516 4139 pronuntiare,
3544 4084 3691 4123 rem-

2120 4178 2224 4233 que
2257 4163 2472 4218 lectoris
2511 4164 2718 4231 judicio
2761 4164 3062 4233 permittat.
3108 4163 3444 4233 Argumenta
3493 4162 3691 4230 quibus

2121 4254 2382 4308 adductus
2410 4253 2766 4309 Combcﬁsius
2789 4269 2909 4309 eam
2957 4254 3353 4307 enarrationem
3384 4265 3691 4321 suspeetam

2124 4346 2333 4411 habuit,
2364 4347 2480 4401 haec
2504 4356 2663 4411 sunt,
2713 4362 2830 4401 eam
2874 4347 3061 4401 deesse
3104 4347 3156 4399 in
3190 4346 3457 4415 aliquibus
3484 4346 3691 4401 codici-

417 4423 615 4497 ’ἄνδρα
661 4427 819 4498 μόνον
852 4426 1210 4498 ἐκλεξάμενος
1273 4425 1604 4498 μακαρίζει;
1646 4423 1791 4499 τΑροι
1819 4426 1891 4498 μὴ
1927 4427 2015 4479 τοῦ

2124 4434 2247 4495 bus,
2285 4435 2454 4489 videri
2507 4445 2767 4503 praetcrea
2807 4434 3018 4489 caeteris
3056 4434 3469 4504 languidiorem,
3519 4449 3584 4490 ac
3637 4436 3693 4489 in

448 4517 796 4590 μακαρισμοῦ
836 4516 933 4582 τὰς
976 4521 1239 4586 γυναῖκας
1278 4516 1600 4584 ἁπέκλεισε;
1651 4518 1743 4590 Μὴ
1792 4519 2013 4586 γένοιτο.

442 4610 559 4665 Μία
602 4609 711 4680 γὰρ
760 4608 927 4681 ἀρετὴ
985 4609 1177 4681 ἀνδρὸς
1208 4609 1301 4663 καὶ
1335 4611 1608 4678 γυναικὸς,
1652 4610 1839 4682 ἐπειδὴ
1870 4613 2018 4682 καὶὴ

444 4704 623 4767 κτίσις
685 4704 1014 4776 ἀμφοτέροις
1071 4703 1348 4774 ὁμότιμος·
1385 4703 1524 4757 ὥστε
1569 4705 1662 4758 καὶ
1706 4706 1735 4757 ὁ
1782 4705 2021 4776 μισθὸςὸ

444 4794 610 4858 αὐτὸς
635 4795 965 4866 ἀμφοτέροις
984 4833 999 4848 .
1031 4833 1045 4849 .
1076 4834 1090 4849 .
1127 4834 1140 4848 .
1166 4790 1267 4847 Ὧν
1308 4794 1366 4847 δὲ
1395 4796 1428 4866 ἡ
1460 4795 1620 4864 φύσις
1664 4796 1781 4866 μία,
1814 4795 2017 4849 τούτων

445 4886 541 4941 καὶ
566 4886 832 4956 ἐνέργειαι
861 4888 917 4940 αἱ
947 4887 1126 4941 αὐταί’
1173 4880 1248 4941 ὧν
1273 4887 1330 4940 δὲ
1350 4887 1410 4940 τὸ
1440 4886 1599 4958 ἔργον
1649 4887 1784 4953 ἴσον,
1813 4887 2016 4942 τούτων

446 4974 540 5029 καὶ
585 4976 615 5027 ὁ
645 4977 835 5047 μισθὸς
887 4980 916 5032 ὁ
943 4978 1122 5042 αὑτός.
1165 4997 1185 5030 ι
1220 4976 1648 5053 Curpmphcta,
1693 4979 1887 5047 inquit,
1920 4978 2019 5032 ho-

445 5067 648 5121 minem
698 5067 869 5123 solum
924 5070 1108 5141 eligit,
1163 5084 1226 5125 ac
1265 5071 1526 5138 praedicat
1582 5070 1844 5125 beatum?
1883 5069 2019 5123 Num

446 5159 706 5216 mulieres
734 5174 766 5214 a
796 5162 1134 5223 beatitudine
1163 5161 1445 5217 exclusit?
1491 5161 1651 5217 Absit
1681 5162 1694 5213 !
1733 5161 2022 5215 Enimvero

446 5250 549 5305 viri
605 5260 662 5305 et
700 5250 941 5307 mulieris
1008 5268 1115 5307 una
1170 5262 1255 5310 est
1313 5254 1535 5308 virtus:
1586 5253 2018 5321 quandoquidem

449 5341 734 5412 utriusque
762 5342 966 5398 creatio
991 5343 1197 5399 honore
1221 5359 1317 5414 par
1346 5353 1460 5408 est,
1486 5358 1549 5398 ac
1571 5342 1797 5413 proinde
1819 5343 2019 5397 utrius—

451 5445 558 5500 que
589 5448 803 5503 quoque
835 5449 1047 5490 merces
1074 5444 1160 5503 est
1186 5436 1429 5492 eadem..
1464 5477 1480 5494 .
1514 5475 1530 5490 .
1555 5435 1795 5502 Quorum
1833 5444 2015 5490 autem

450 5532 644 5578 natura
682 5540 809 5591 una,
836 5528 1027 5583 horum
1051 5537 1105 5584 et
1128 5532 1369 5586 actiones
1398 5529 1598 5586 eaedem
1626 5545 1641 5584 :
1675 5542 1902 5599 quorum
1933 5526 2023 5583 iti-

524 5719 599 5791 (α)
628 5720 771 5793 Lege
797 5739 947 5782 num.
981 5723 1070 5781 30.

2128 4525 2242 4594 ipsa
2270 4524 2386 4578 fieri
2436 4525 2763 4580 mentionem
2823 4525 3012 4593 psalmi
3070 4526 3231 4590 sexti,
3269 4526 3444 4597 cujus,
3498 4526 3693 4595 inquit,

2127 4616 2437 4686 explanatio
2461 4631 2722 4685 nusquam
2754 4604 2893 4685 apud
2921 4615 3174 4670 Basilium
3215 4627 3512 4685 comparet.
3538 4616 3696 4671 Certe

2128 4710 2304 4778 primo
2333 4715 2555 4777 aspectu
2579 4708 2790 4760 videtur
2822 4706 2999 4761 inesse
3031 4707 3110 4762 vis
3139 4709 3372 4761 maxima
3402 4709 3452 4761 iu
3489 4708 3573 4762 his
3601 4720 3688 4759 ar-

2125 4800 2395 4873 gumentis
2422 4797 2726 4853 Combeiisii
2758 4817 2772 4852 :
2821 4803 2915 4854 sed
2958 4810 3136 4854 tamen
3173 4816 3236 4853 ea
3266 4799 3551 4855 confutare
3587 4816 3691 4854 non

2123 4896 2195 4949 ita
2228 4892 2454 4946 multum
2477 4888 2691 4945 diﬂicile
2731 4889 2912 4944 fuerit.
2946 4890 3104 4957 Nam,
3153 4892 3359 4961 inquiet
3390 4893 3529 4962 quis,
3577 4907 3694 4946 cer-

2127 4996 2240 5039 tum
2275 4992 2355 5039 est
2391 4981 2694 5037 orationem
2745 4983 2797 5036 in
2840 4986 3109 5054 psalmum
3153 4985 3487 5039 tricesimum
3537 4983 3697 5051 septi-

2129 5091 2274 5130 mum
2309 5074 2362 5127 in
2393 5088 2521 5129 vere
2553 5072 2843 5129 Basilianis
2892 5076 3252 5145 reponendam
3290 5090 3430 5131 esse.
3467 5071 3598 5126 Nam
3630 5087 3694 5126 ea

2130 5163 2182 5217 ia
2213 5179 2270 5217 re
2314 5162 2538 5233 produci
2573 5179 2678 5219 non
2711 5174 2889 5234 potest
2938 5168 3091 5222 testis
3133 5165 3447 5235 locupletior
3470 5205 3485 5230 ,
3533 5177 3692 5231 quam

2125 5255 2466 5321 Ambrosius,
2516 5269 2678 5325 quem
2726 5267 2926 5311 norunt
2951 5272 3140 5313 omnes
3182 5255 3366 5311 Basilii
3403 5263 3497 5308 aut
3528 5253 3695 5308 inter-

2125 5354 2330 5416 pretem
2369 5345 2536 5401 fuisse
2570 5362 2673 5401 non
2702 5362 2848 5415 raro,
2871 5358 2963 5401 aut
3009 5358 3158 5404 certe
3184 5348 3300 5418 ejus
3324 5346 3694 5402 ﬁdelissimum

2126 5438 2515 5494 :cmulatorem.
2556 5437 2698 5508 Ergo
2723 5439 2767 5493 si
2799 5439 3117 5496 Ambrosius
3145 5441 3283 5495 hanc
3301 5439 3603 5495 orationem
3641 5438 3693 5488 in

2131 5544 2230 5587 suo
2258 5531 2445 5588 codice
2476 5530 2686 5601 habuit,
2712 5546 2780 5590 ex
2803 5547 2974 5604 eaque
3006 5533 3263 5591 nonnulla
3296 5543 3388 5589 aut
3409 5528 3694 5596 convertit,
