4094 6220
1458 299 1520 351 D.
1559 300 1704 354 θυι,
1741 301 2070 355 GARNERII
2108 303 2500 362 PREFATIO.

3491 329 3630 375 οιεν

363 414 457 463 aut
481 406 724 464 imitatus
743 415 849 475 est,
872 408 1006 464 nihil
1031 411 1302 480 supererit
1329 412 1498 482 dubii,
1523 417 1648 486 quin
1678 433 1777 487 pro
1799 418 1948 473 Basi-
1976 429 2022 484 Α
2053 439 2164 478 rem
2185 425 2434 494 appellet,
2467 441 2571 483 mn
2595 429 2735 497 quod
2780 444 2967 484 revera
2994 429 3082 486 lex
3122 431 3198 485 ira
3231 441 3284 487 et
3301 430 3482 488 furore
3506 451 3629 488 eor-

364 498 506 554 liauo
524 498 633 554 fetu
648 501 963 569 accipienda
980 503 1069 554 sit.
1092 503 1223 558 Rem
1247 513 1426 559 autem
1445 507 1516 560 ita
1535 523 1678 573 esse,
1697 510 1739 562 si
1757 511 1950 564 utrius-

361 607 466 660 que
494 593 655 647 verba
691 593 876 648 Basilii
909 603 961 648 et
997 595 1270 650 Ambrosii
1307 598 1450 652 inter
1485 613 1545 654 se
1575 600 1942 669 conferantur,

360 683 543 752 negari
562 698 666 736 non
691 694 884 752 potest.
903 687 1174 741 Ambrosii
1196 689 1338 742 enim
1360 690 1474 745 haec
1491 701 1696 747 suntex
1720 709 1944 748 enarra-

362 774 504 827 tione
526 774 578 827 itt
602 774 745 829 hunc
763 775 826 828 de
855 792 962 844 quo
978 779 1154 846 agitur
1179 779 1468 849 psalmum,
1497 799 1644 837 num.
1671 785 1734 838 l9
1757 786 1894 838 et20
1925 806 1938 840 :

365 883 385 915 ί
415 865 528 919 Non
558 867 700 920 enim
725 869 862 922 Deus
885 869 1124 938 passioni
1147 881 1315 939 patet,
1335 882 1393 926 ut
1421 875 1705 944 irascatur,
1729 894 1848 932 cum
1872 880 1942 934 sit

358 959 724 1027 impassibilis.
753 997 768 1012 .
792 999 806 1013 .
838 997 852 1014 .
880 960 1121 1030 Deniqde
1147 978 1276 1018 usus
1307 964 1491 1031 habet,
1523 977 1581 1021 ut
1607 969 1849 1024 dicamus
1875 973 1938 1026 de

357 1065 627 1120 quoquam
655 1052 862 1120 pttnito,
885 1054 1010 1122 quia
1043 1055 1175 1108 iram
1208 1057 1397 1111 incidit
1433 1059 1607 1128 legum
1639 1076 1651 1111 :
1678 1075 1782 1115 non
1808 1065 1934 1131 quia

355 1141 529 1211 legum
582 1144 741 1208 iram,
783 1147 875 1199 sed
929 1146 1054 1214 quia
1105 1145 1281 1216 legum
1339 1152 1683 1205 severitatem
1723 1153 1930 1210 incidit.

358 1235 450 1288 Sic
472 1244 526 1289 et
564 1235 694 1288 alibi
723 1237 789 1290 de
814 1237 997 1290 decem
1035 1237 1208 1307 plagis
1236 1238 1612 1312 Egyptiorum
1642 1244 1750 1298 ait:
1785 1245 1931 1300 Misit

354 1326 412 1378 in
435 1341 521 1378 eos
546 1326 682 1378 iram
719 1342 811 1393 per
837 1326 1049 1395 angelos
1103 1331 1270 1382 malos
1317 1330 1360 1386 ⁸.
1393 1370 1407 1385 .
1446 1369 1461 1384 .
1494 1372 1508 1385 .
1545 1350 1564 1383 ι
1607 1332 1706 1398 Qui
1749 1337 1930 1390 sanari

353 1417 489 1481 vult,
513 1417 664 1488 argui
717 1434 824 1473 non
863 1419 1184 1475 reformidat
1214 1441 1227 1476 :
1285 1424 1378 1478 sed
1418 1439 1523 1478 non
1556 1426 1668 1479 vult
1691 1429 1839 1497 argui
1875 1429 1953 1483 in.

356 1509 557 1572 furore,
615 1508 709 1564 sed
739 1509 790 1562 in
826 1511 995 1565 verbo
1031 1510 1147 1565 Dei.
1179 1551 1193 1566 .
1223 1549 1239 1564 .
1268 1553 1282 1566 .
1345 1511 1459 1568 Non
1492 1515 1603 1568 vult
1636 1516 1836 1571 erudiri
1875 1517 1926 1571 in

354 1601 458 1664 ira,
484 1603 577 1656 sed
603 1601 655 1654 in
688 1602 964 1668 doctrina;
1003 1613 1058 1657 ut
1089 1604 1133 1657 si
1170 1605 1438 1659 medicum
1476 1621 1654 1676 roges,
1681 1624 1747 1662 ne
1781 1621 1928 1664 secet

352 1692 544 1746 vulnus
594 1703 764 1754 tuum,
793 1693 887 1747 sed
922 1694 1368 1749 medicamentum
1405 1708 1659 1766 apponat.
1695 1739 1710 1753 .
1749 1741 1764 1755 .
1797 1740 1810 1754 .
1862 1700 1926 1754 Et

2061 515 2240 584 ripiat,
2303 517 2398 569 sed
2463 519 2608 584 quod
2676 520 2764 588 qui
2823 523 3088 589 punitur,
3126 521 3262 592 legis
3307 521 3626 593 supplicium

2056 609 2190 662 iram
2215 624 2334 664 esse
2365 619 2533 679 putet.
2571 650 2586 664 .
2625 652 2636 665 .
2669 653 2685 666 .
2737 612 2838 667 Ubi
2869 615 3053 668 itidem
3090 631 3267 670 sermo
3290 617 3518 670 habetur
3561 618 3628 670 de

2053 701 2238 753 decem
2264 701 2437 770 plagis
2461 710 2652 755 contra
2679 701 2963 772 Aigyptios
2993 705 3270 769 immissis,
3307 706 3510 759 dictum
3543 715 3629 759 est

2050 788 2341 844 similiter:
2382 791 2527 844 Misit
2561 792 2615 844 in
2661 807 2746 844 eos
2793 793 2930 845 iram
2964 803 3010 846 et
3058 793 3310 861 furorem,
3337 793 3626 846 immissio-

2048 899 2160 934 nem
2182 899 2272 948 per
2291 883 2504 952 angelos
2529 884 2694 936 malos
2716 884 2850 941 ¹²....
2876 884 3219 954 Quapropter
3245 885 3458 940 dicebat
3484 884 3618 939 Job:

2047 972 2270 1043 Sagitta:
2300 977 2435 1029 enim
2469 975 2676 1029 Domini
2714 977 2767 1029 in
2793 994 3007 1044 corpore
3039 995 3151 1030 meo
3198 988 3360 1044 sunt,
3399 995 3625 1048 quarum

2044 1065 2122 1117 ira
2139 1083 2312 1119 meum
2325 1067 2481 1120 ebibit
2505 1067 2901 1136 sanguinem”.
2922 1067 3087 1121 David
3106 1078 3282 1122 autem
3301 1084 3405 1122 non
3426 1069 3479 1124 in
3503 1084 3624 1123 cor-

2041 1172 2170 1225 pore
2206 1158 2351 1212 velut
2375 1159 2476 1214 Job
2496 1160 2801 1228 perculsus,
2827 1161 2920 1214 sed
2957 1159 3007 1213 in
3042 1161 3153 1228 ipsa
3197 1161 3377 1214 anima
3403 1162 3626 1214 vulnere

2040 1247 2223 1304 lethali
2253 1251 2558 1317 confossus,
2595 1267 2698 1305 non
2741 1251 2818 1304 ait
2871 1252 3323 1320 quemadmodum
3360 1251 3481 1317 Job,
3519 1252 3626 1306 Sa-

2037 1340 2180 1408 gitta:
2231 1342 2368 1394 enim
2399 1341 2608 1394 Domini
2652 1343 2706 1393 in
2739 1357 2956 1409 corpore
3000 1356 3115 1394 meo
3158 1350 3301 1407 sunt,
3334 1341 3453 1405 sed,
3480 1340 3623 1405 Quo-

2038 1432 2177 1484 niam
2224 1433 2431 1501 sagittte
2461 1441 2566 1487 tute
2617 1433 2797 1500 inﬁxa:
2843 1441 2962 1485 sunt
3009 1432 3160 1498 mihi,
3206 1440 3254 1485 et
3295 1429 3621 1499 conﬁrmasti

2039 1540 2195 1592 super
2220 1542 2299 1580 nte
2329 1541 2542 1578 manum
2578 1537 2725 1578 tuam
2754 1524 2817 1578 η.

2106 1613 2200 1669 llis
2227 1615 2498 1684 perlectis,
2533 1629 2562 1666 a
2601 1628 2728 1683 quo,
2777 1627 2981 1682 quazso,
3027 1611 3191 1666 stabit
3219 1611 3409 1676 lector,
3441 1625 3604 1680 quam

2033 1707 2361 1761 sententiam
2397 1709 2772 1774 amplectetur,
2809 1703 3211 1770 Combetisiine,
3238 1704 3377 1756 hanc
3412 1701 3618 1756 oratio-

353 1783 592 1838 addidit:
631 1783 894 1849 Quoniam
955 1788 1161 1855 sagitta:
1226 1797 1332 1842 tute
1393 1789 1573 1858 inﬁxa:
1624 1802 1743 1845 sunt
1775 1796 1924 1847 mihi.
1960 1799 2003 1853 B
2029 1813 2150 1853 nem
2176 1814 2273 1868 pro
2298 1809 2542 1869 suspecta
2569 1798 2838 1861 habentis,
2874 1813 2942 1850 an
2979 1797 3116 1866 ejus,
3150 1796 3242 1867 qui
3278 1811 3396 1849 eam
3425 1793 3615 1848 Basilii

351 1877 550 1932 Eadem
587 1878 799 1933 videtur
836 1879 1038 1943 dicere,
1072 1895 1193 1950 quae
1243 1890 1465 1936 sanctus
1515 1881 1652 1950 Job;
1703 1888 1796 1940 sed
1845 1888 1929 1940 di-

350 1981 507 2023 versa
540 1976 685 2022 sunt.
719 1967 851 2023 Nam
886 1967 941 2024 et
970 1970 1059 2025 ille
1119 1971 1197 2025 ait
1230 1990 1243 2025 :
1287 1971 1509 2042 Sagitta:
1536 1976 1674 2028 enim
1709 1976 1926 2031 Domini

350 2059 410 2113 in
443 2075 657 2128 corpore
679 2076 790 2114 meo
828 2070 971 2126 sunt,
1025 2078 1250 2132 quarum
1281 2062 1432 2130 furor
1453 2063 1579 2118 bibit
1617 2069 1928 2137 sanguinem

353 2168 525 2206 meum
547 2152 588 2206 ’.
627 2191 641 2205 .
671 2193 685 2207 .
720 2191 734 2206 .
773 2151 866 2207 llle
909 2153 976 2207 de
1015 2153 1234 2208 vulnere
1278 2155 1358 2208 sui
1388 2158 1633 2226 Corporis
1661 2160 1924 2226 queritur,

352 2243 444 2297 hic
482 2244 723 2314 deplorat
745 2245 944 2300 animae
975 2259 1085 2300 suae
1113 2248 1364 2303 vulnera.
1392 2287 1407 2302 .
1439 2289 1452 2301 .
1484 2287 1498 2303 .
1552 2248 1647 2304 Ille
1675 2251 1804 2305 dicit
1843 2267 1927 2306 sa-

350 2335 513 2404 gittas
569 2337 781 2391 Domini
827 2337 880 2391 in
927 2352 1024 2392 suo
1063 2353 1183 2394 esse
1233 2355 1480 2410 corpore,
1539 2341 1642 2397 iste
1687 2343 1930 2414 deplorat

352 2425 567 2481 inﬁxas.
602 2445 624 2477 ι
657 2425 748 2480 Illa
778 2441 908 2482 vero
939 2427 1187 2498 leguntur
1233 2429 1374 2499 apud
1405 2428 1662 2485 Basilium
1694 2430 1748 2485 in
1783 2448 1930 2486 eum-

349 2515 467 2570 dem
496 2514 759 2585 psalmum
791 2535 805 2570 ε
841 2501 1028 2585 Λέγων
1049 2517 1126 2570 δέ-
1162 2518 1358 2586 Κύριε,
1384 2517 1468 2588 μὴ
1499 2517 1582 2584 τῷ
1617 2518 1779 2589 θυμῷ
1811 2538 1927 2575 σου

345 2604 602 2674 ἐλέγξῃς
616 2622 713 2675 με,
746 2606 806 2658 οὐ
847 2607 939 2659 τὸν
988 2607 1208 2678 ἔλεγχον
1252 2611 1622 2678 παραιτεῖται,
1667 2610 1802 2664 ἀλλὰ
1838 2611 1928 2664 τὸν

350 2696 486 2766 μετὰ
515 2695 708 2768 θυμοῦ.
733 2697 841 2750 Καὶ
863 2699 922 2751 τὸ
946 2709 960 2724 ⁶
981 2699 1146 2767 Μηδὲ
1173 2698 1248 2767 τῇ
1275 2698 1422 2769 ὀργῇ
1451 2716 1567 2754 σου
1598 2701 1929 2771 παιδεύσῃς

339 2805 435 2856 με,
463 2789 525 2841 οὐ
552 2789 742 2859 φεύγει
768 2790 830 2843 τὸ
855 2790 1234 2861 παιδευθῆναι,
1251 2791 1374 2862 δίχα
1400 2791 1457 2844 δὲ
1494 2791 1664 2864 ὀργῆς
1687 2794 1786 2864 τῆς
1810 2812 1930 2846 παι·

345 2879 509 2942 δείας-
525 2884 707 2951 τυχεῖν
739 2881 897 2946 ἀξιοῖ,
937 2883 1012 2947 ὡς
1050 2885 1098 2937 εἰ
1123 2885 1216 2937 καὶ
1255 2884 1423 2956 ἰατρῷ
1458 2902 1543 2948 τις
1572 2923 1586 2937 .
1621 2923 1636 2939 .
1667 2927 1683 2941 .
1711 2924 1726 2940 .
1757 2885 1922 2955 λέγοι·

341 2969 436 3042 Μὴ
460 2970 549 3023 διὰ
577 2971 748 3042 πυρός
775 2990 844 3044 με
875 2972 1240 3044 θεραπεύσῃς,
1292 2973 1426 3045 μηδὲ
1464 2973 1553 3028 διὰ
1584 2975 1800 3046 σιδήρου
1832 2975 1927 3028 καὶ

343 3061 550 3131 τομῶν,
579 3062 668 3116 διὰ
700 3063 757 3116 δὲ
781 3063 956 3134 ἠπίων
979 3065 1071 3118 xal.
1092 3065 1408 3136 πραοτέρων
1442 3065 1770 3136 φαρμάκων.
1807 3105 1822 3118 .
1859 3109 1872 3122 .
1907 3106 1922 3120 .

343 3153 554 3218 Παντὸς
597 3154 706 3224 γὰρ
748 3155 953 3218 πάθους
978 3155 1256 3227 ἀλλότριον
1289 3157 1350 3209 τὸ
1380 3156 1520 3210 θεῖον
1553 3197 1564 3210 .
1597 3196 1610 3209 .
1642 3196 1655 3208 .
1689 3198 1705 3213 .

340 3261 424 3308 τις
455 3245 672 3309 καὶτὰς
699 3247 764 3299 ὲκ
791 3247 885 3299 τοῦ
912 3249 1076 3318 νόμου
1106 3247 1183 3318 τῷ
1206 3249 1515 3320 ἀνδροφόνῳ
1538 3249 1923 3320 ὲπηρτημένας

340 3337 593 3402 κολάσεις
624 3339 790 3410 ὀργὴν
811 3341 905 3392 καὶ
943 3341 1114 3412 Θυμὸν
1155 3342 1433 3414 ὀνομάζοι,
1460 3342 1560 3395 οὐκ
1591 3342 1804 3413 ἀληθῶς
1832 3342 1923 3395 τοῦ

338 3429 507 3500 νόμου
538 3430 875 3502 Θυμουμένου
915 3434 1008 3486 καὶ
1033 3435 1407 3505 ὀργιζομένου,
1468 3434 1562 3488 τοῦ
1604 3436 1661 3489 δὲ
1699 3434 1925 3498 κολαζο-

341 3521 509 3591 μένου
536 3522 704 3593 ὀργὴν
720 3523 814 3576 τοῦ
837 3524 1002 3595 νόμου
1031 3524 1126 3595 τὴν
1147 3526 1415 3595 τιμωρίαν
1440 3526 1818 3596 ὑπειληφότος.
1840 3567 1854 3580 .
1877 3563 1890 3577 .
1907 3564 1920 3579 .

337 3611 496 3667 Οὕτω
548 3613 676 3682 γοῦν
707 3615 921 3686 εἴρηται
949 3619 1007 3670 ὲν
1038 3616 1114 3688 τῷ
1140 3619 1264 3689 περὶ
1295 3619 1391 3690 τῆς
1429 3618 1772 3690 δεκαπλήγου
1826 3618 1925 3688 τῆς

337 3706 460 3759 κατ’
487 3708 804 3775 Αἰγυπτίων
828 3709 1162 3780 ἐπαχθείσης
1181 3710 1323 3778 λόγῳ
1343 3710 1421 3762 τό·
1440 3709 1813 3764 Ἀπέστειλε-ν
1831 3711 1922 3762 ἐπ’

334 3796 564 3862 αὐτοὺς
594 3797 781 3867 ὀργὴν
809 3798 906 3851 καὶ
935 3798 1143 3868 θυμὸν,
1169 3797 1524 3865 ἀποστολὴν
1551 3796 1624 3849 δι’
1657 3795 1926 3867 ἀγγέλων

334 3884 639 3954 πονηρῶν.
658 3923 674 3938 .
696 3926 709 3939 .
733 3929 746 3942 .
767 3886 856 3939 Διὸ
879 3885 1050 3955 ἔλεγε,
1076 3886 1226 3955 Βέ.1η
1246 3886 1354 3957 γὰρ
1379 3885 1601 3953 Κυρίου
1625 3887 1695 3939 ἐν
1715 3884 1793 3950 τῷ
1817 3883 1951 3938 σὼυ

327 3975 477 4042 yart
497 3993 622 4044 μου
648 3975 838 4039 ἐστὶν,
859 3969 946 4030 ὧν
973 3979 1005 4030 ὁ
1025 3977 1210 4046 θυμὸς
1238 3975 1438 4030 αὐτῶν·
1460 3978 1689 4030 ἐκπίνει
1709 3994 1828 4045 μου
1855 3975 1922 4028 τὸ

333 4059 499 4134 αἷμα.
557 4066 620 4118 'U
651 4065 708 4118 δὲ
742 4065 902 4118 Δαϐὶδ
930 4065 991 4118 οὐ
1042 4066 1103 4119 τὸ
1149 4065 1307 4136 σῶμα
1341 4065 1568 4135 πληγεὶς
1607 4064 1806 4135 ὁμοίως
1845 4063 1924 4134 τῷ

345 4154 507 4223 Ἰὼϐ,
558 4157 730 4228 αὐτὴν
781 4157 839 4211 δὲ
891 4159 988 4229 τὴν
1032 4158 1206 4229 ψυχὴν
1243 4159 1463 4228 καιρίαν
1516 4159 1745 4230 τρωθεὶς
1772 4198 1785 4219 ,
1826 4158 1924 4228 οὐχ

330 4249 540 4318 ὁμοίως
559 4248 640 4320 τῷ
655 4248 772 4303 Ἰὼϐ
800 4249 1019 4318 φάσκει,
1045 4250 1201 4318 βέλη
1229 4250 1337 4320 γὰρ
1364 4252 1587 4320 Κυρίου
1615 4252 1684 4304 ἐν
1716 4250 1794 4316 τῷ
1811 4251 1924 4305 σώ-

323 4343 472 4408 ματι
499 4359 625 4410 μου
649 4341 826 4394 εἰσιν·
845 4341 960 4394 ἀλλ’
985 4344 1110 4395 ’Ὁτι
1135 4345 1206 4397 τὰ
1224 4344 1384 4412 ,ϐέλη
1403 4359 1517 4398 σου
1540 4345 1924 4414 dread-madv

322 4449 452 4500 μοι,
476 4433 579 4484 καὶ
605 4431 1005 4500 ἐπεστήριξας
1035 4435 1126 4487 ἐπ’
1159 4434 1264 4503 ἐμὲ
1292 4436 1406 4504 τὴν
1434 4434 1604 4504 χεῖρά
1631 4450 1769 4489 σου.
1805 4436 1916 4490 1100

327 4533 454 4577 est:
500 4541 521 4574 ι
567 4522 704 4577 Cum
745 4538 874 4578 vero
922 4525 1020 4588 ait,
1075 4525 1329 4589 Domine,
1379 4543 1440 4579 ne
1501 4527 1556 4579 in
1603 4527 1781 4596 furore
1824 4535 1912 4580 tuo

326 4631 527 4682 arguas
556 4616 724 4680 me”,
759 4630 864 4668 non
899 4616 1198 4684 quamlibet
1233 4617 1707 4684 reprehensionem
1741 4619 1915 4672 detre-

325 4717 460 4773 ctat,
486 4708 590 4763 sed
635 4723 778 4772 eam,
817 4723 936 4776 qua:
990 4724 1109 4762 cum
1144 4708 1326 4762 furore
1374 4710 1658 4778 conjuncta
1699 4710 1789 4764 sit.
1848 4709 1913 4762 Et

324 4813 450 4853 cum
481 4799 645 4863 dicit,
684 4797 864 4868 Neque
890 4799 944 4851 in
995 4800 1076 4851 ira
1126 4807 1215 4852 tua
1245 4799 1496 4867 corripias
1525 4815 1603 4852 me
1645 4799 1710 4861 “,
1739 4814 1915 4852 corre-

322 4889 570 4958 ptionem
590 4903 928 4958 nequaquam
953 4888 1108 4958 fugit,
1132 4890 1223 4943 sed
1244 4898 1394 4956 rogat
1417 4898 1474 4942 ιιι
1491 4889 1626 4943 citra
1647 4890 1779 4943 iram
1800 4905 1916 4944 cor-

321 4980 597 5048 ripiatur;
637 4994 701 5034 ac
742 4981 787 5034 si
848 4981 968 5049 quis
1011 4984 1218 5034 medico
1270 4997 1367 5050 per
1423 4983 1784 5044 adustionem,
1819 4998 1914 5050 per

317 5068 554 5136 ferrum,
595 5085 695 5140 per
743 5071 936 5126 acerba
972 5071 1208 5125 remedia
1241 5070 1484 5127 levamen
1515 5073 1582 5126 ad
1606 5075 1912 5142 quempiam

317 5164 576 5217 morbum
620 5163 917 5218 curandum
958 5163 1200 5218 offerenti
1226 5163 1369 5218 dicat
1397 5180 1410 5216 :
1446 5163 1522 5219 Ne
1551 5165 1680 5218 mihi
1712 5165 1909 5234 ignem,

315 5266 386 5306 ne
418 5252 660 5320 ferrum,
693 5269 763 5309 ne
789 5255 1056 5309 sectiones
1079 5255 1146 5309 ad
1173 5255 1445 5309 medelam
1479 5257 1790 5318 admoveas,
1810 5254 1905 5309 sed

315 5345 496 5398 dulcia
520 5345 848 5413 mitioraque
881 5347 1134 5399 remedia.
1161 5385 1176 5400 .
1208 5379 1225 5398 .
1262 5387 1273 5398 .
1326 5344 1460 5399 Nam
1491 5347 1558 5400 ab
1592 5345 1737 5400 omni
1782 5360 1903 5415 per»

318 5437 640 5492 turbatione
664 5439 897 5492 alienum
941 5453 1140 5492 numen
1182 5448 1286 5494 est.
1315 5478 1329 5492 .
1357 5479 1371 5492 .
1400 5477 1414 5492 .
1450 5442 1528 5491 Ac
1556 5438 1600 5493 si
1630 5438 1750 5508 quis
1782 5452 1902 5506 pm-

313 5543 415 5582 nas
451 5544 582 5598 quae
605 5545 670 5584 ex
703 5531 815 5602 lege
845 5531 1154 5601 impendent
1179 5531 1478 5596 homicidze,
1511 5530 1647 5584 iram
1670 5545 1733 5584 ac
1754 5529 1901 5584 furo-

387 5642 412 5673 ⁸
438 5643 593 5728 950Ιὲ
622 5661 828 5714 ann,
861 5647 951 5703 49.
1025 5649 1047 5680 ⁹
1072 5645 1170 5706 Job
1211 5663 1282 5716 vr,
1310 5647 1360 5703 4.

315 5726 530 5776 XXXVII.
560 5726 619 5769 ἶ).

1441 5649 1484 5680 ¹⁰
1514 5647 1654 5704 Psal.
1694 5662 1862 5716 xxvn,
1883 5647 1938 5702 2.

2029 1902 2152 1942 esse
2176 1887 2512 1943 confidenter
2556 1886 2883 1942 atlirmabit?
2917 1886 3076 1941 Certe
3110 1887 3326 1956 quidem
3379 1899 3478 1952 ego
3511 1899 3616 1938 non

2028 1979 2218 2032 dubito
2265 1979 2393 2047 quin
2441 1980 2679 2047 prudens
2707 1979 2880 2032 lector
2914 1987 3075 2046 atque
3096 1977 3360 2041 eruditus,
3386 1977 3607 2029 deserto

2028 2068 2371 2132 Comhelisio,
2398 2068 2558 2124 alteri
2591 2067 2832 2123 accedat.
2872 2066 3007 2120 Nam
3045 2077 3360 2137 argumenta
3405 2081 3524 2134 quae
3548 2081 3616 2119 ex

2030 2157 2131 2210 hac
2154 2157 2391 2211 locorum
2419 2157 2711 2212 collatione
2739 2156 2848 2226 peti
2873 2165 3122 2224 possunt,
3163 2156 3496 2210 validissima
3531 2157 3614 2208 vi-

2029 2247 2223 2300 dentur
2275 2262 2394 2302 esse
2427 2256 2588 2318 atque
2633 2247 2990 2317 gravissima;
3051 2261 3172 2315 quae
3230 2261 3360 2300 vero
3409 2244 3616 2316 profert

2027 2338 2402 2404 Combelisius,
2449 2341 2632 2395 minus
2671 2348 2798 2394 sunt
2828 2339 3017 2394 idonea
3056 2324 3122 2392 ad
3151 2338 3612 2408 persuadendum.

2030 2429 2267 2496 Etenim,
2303 2431 2347 2484 si
2374 2434 2678 2486 orationem
2711 2429 3021 2501 quampiam
3051 2429 3290 2498 spuriam
3316 2441 3435 2482 esse
3453 2435 3617 2495 atque

2028 2525 2384 2579 adulterinatn
2412 2540 2478 2579 ex
2515 2539 2580 2579 eo
2606 2523 2784 2594 colligi
2817 2531 3014 2592 potest,
3054 2523 3196 2592 quod
3245 2521 3298 2574 in
3339 2519 3617 2588 aliquibus

2031 2631 2160 2671 mss.
2184 2616 2347 2682 desit,
2375 2625 2553 2670 actum
2580 2623 2664 2670 est
2687 2615 2753 2670 de
2776 2613 3022 2684 plurimis
3051 2623 3365 2669 sanctorum
3389 2609 3614 2663 Patrum

2027 2706 2319 2776 opusculis,
2356 2721 2478 2776 qua:
2517 2706 2765 2776 quamvis
2807 2705 3040 2775 genuina
3077 2711 3132 2759 et
3165 2716 3321 2768 vera,
3347 2709 3526 2755 tamen
3559 2699 3615 2754 in

2027 2799 2296 2869 aliquibus
2331 2799 2600 2853 duntaxat
2639 2797 2918 2852 codicibus
2958 2803 3194 2859 exstant,
3233 2793 3284 2848 in
3322 2792 3444 2846 aliis
3483 2805 3613 2845 vero

2029 2891 2426 2945 desiderantur.
2474 2888 2627 2955 Quod
2672 2888 2822 2942 addit
2856 2887 2939 2941 vir
2969 2885 3158 2940 doctus
3193 2883 3259 2938 ad
3287 2882 3615 2937 confirman-

2027 2982 2147 3035 dam
2198 2997 2350 3036 suam
2400 2980 2735 3051 opinionem,
2795 2998 2813 3030 ι
2869 2977 3065 3049 stylum
3120 2974 3280 3044 hujus
3343 2973 3611 3029 orationis

2027 3073 2415 3144 languidiorcm
2457 3087 2596 3139 esse,
2654 3091 2673 3125 ι
2727 3071 2800 3136 id,
2831 3079 2982 3137 puto,
3037 3069 3308 3124 neminem
3353 3064 3609 3127 movebit,

1764 3157 1853 3220 Ὠς
1880 3158 1933 3211 εἴ
1957 3152 2001 3213 C
2033 3181 2153 3220 cum
2178 3169 2245 3222 de
2269 3165 2396 3236 styli
2421 3173 2514 3220 aut
2547 3163 2896 3219 similitudine
2921 3170 3016 3216 aut
3048 3160 3316 3214 varietate
3350 3157 3423 3211 ita
3471 3156 3613 3210 inter

2026 3272 2085 3312 se
2117 3257 2417 3312 dissideant
2449 3263 2718 3320 auctores,
2748 3261 2808 3307 ut
2831 3252 2975 3321 quod
3015 3250 3157 3305 alter
3188 3247 3449 3304 dissimile
3488 3259 3613 3314 pro-

2028 3344 2260 3409 nuntiat,
2306 3343 2359 3396 id
2391 3342 2567 3396 simile
2605 3355 2728 3396 esse
2783 3340 2923 3395 alter
2973 3340 3200 3410 judieet.
3252 3336 3434 3406 Neque
3481 3350 3612 3390 sane

2027 3434 2195 3489 multo
2227 3434 2442 3504 gravius
2471 3443 2554 3490 est
2575 3433 2716 3502 quod
2739 3432 3004 3501 sequitur,
3041 3447 3059 3480 ι
3090 3431 3142 3484 in
3180 3429 3282 3483 hac
3308 3426 3612 3483 enarratio-

2025 3538 2096 3578 ne
2148 3525 2476 3580 mentionem
2526 3524 2641 3579 fieri
2699 3525 2837 3578 sexti
2887 3520 3103 3591 psalmi,
3143 3538 3163 3571 ι
3214 3533 3376 3590 quem
3429 3527 3610 3571 tamen

2027 3624 2240 3670 constat
2278 3616 2329 3669 in
2361 3614 2539 3670 Basilii
2571 3614 2825 3685 operibus
2857 3629 2963 3668 non
3003 3611 3254 3667 inveniri.
3292 3610 3435 3677 Quot
3463 3608 3606 3662 enim

2025 3717 2268 3762 veterum
2297 3716 2646 3762 monumenta
2673 3706 2850 3762 omnis
2875 3703 3092 3774 generis
3118 3717 3312 3772 magno
3348 3701 3423 3756 rei
3463 3701 3608 3754 litte-

2026 3802 2185 3854 rariae
2232 3803 2428 3855 damno
2478 3807 2779 3868 temporum
2812 3798 3006 3868 injuria
3047 3796 3278 3866 periisse
3326 3790 3608 3848 dolemus?

2025 3892 2123 3947 llis
2144 3894 2209 3948 de
2243 3893 2422 3948 causis
2450 3891 2566 3961 ejus
2588 3893 2677 3962 qui
2707 3905 2826 3946 eam
2858 3890 3160 3945 orationem
3201 3887 3459 3951 defendit,
3489 3887 3606 3956 epi-

2026 3985 2116 4039 nio
2160 3984 2329 4039 videri
2367 3986 2562 4054 poterit
2607 3984 3006 4040 Combefis‘iana
3050 3983 3208 4052 longe
3249 3979 3602 4050 probabilior,

2025 4073 2300 4143 multoque
2329 4076 2549 4144 propior
2576 4090 2726 4130 vero.
2755 4073 2952 4128 Notum
2983 4079 3066 4127 est
3086 4073 3229 4128 enim
3256 4069 3603 4124 Ambrosium

2026 4180 2347 4235 quacunque
2378 4167 2665 4222 occasione
2696 4168 2816 4220 data
2837 4165 3021 4228 Basilii
3049 4163 3291 4232 vestigiis
3314 4162 3601 4224 inhaerere,

2025 4272 2092 4310 ex
2124 4271 2297 4327 eoque
2336 4259 2502 4310 multa
2531 4257 2766 4312 mutuari
2801 4257 3017 4312 solitum
3049 4271 3190 4310 esse.
3230 4255 3402 4322 Quam
3435 4252 3603 4308 multa

2026 4359 2202 4402 autem
2255 4364 2323 4404 ex
2380 4350 2481 4404 hac
2529 4349 2581 4402 in
2629 4349 2892 4418 psalmum
2924 4349 3271 4416 _tricesimum
3313 4347 3601 4415 septimum

2024 4440 2368 4495 enarratione
2396 4441 2706 4511 sumpserit,
2740 4440 3014 4510 aliquanto
3048 4449 3172 4494 ante
3197 4449 3474 4493 ostensum
3494 4445 3598 4491 est.

2017 4532 2127 4588 Cur
2187 4532 2353 4600 igitur
2396 4532 2510 4586 base
2555 4531 2726 4586 oratio
2753 4531 2947 4586 Basilio
2999 4546 3103 4585 non
3140 4532 3491 4594 tribueretur,
3531 4544 3599 4584 ex

2019 4637 2123 4693 qua
2154 4621 2501 4677 Ambrosium
2531 4623 2754 4692 perinde
2782 4630 2840 4677 ut
2868 4638 2936 4677 ex
2967 4622 3192 4691 reliquis
3222 4621 3401 4674 Basilii
3422 4621 3601 4690 operi-

2018 4715 2118 4766 bus
2152 4713 2316 4767 multa
2350 4713 2686 4782 excerpsisse
2707 4713 2958 4768 constat?
2979 4711 3162 4781 Neque
3191 4695 3292 4764 non
3326 4727 3444 4765 eam
3474 4725 3598 4765 sen-

2019 4805 2240 4858 tentiam
2264 4805 2500 4873 adjuvat,
2525 4807 2666 4873 quod
2688 4805 3005 4859 Ambrosius
3025 4819 3055 4858 e
3079 4803 3259 4856 Basilii
3285 4803 3337 4855 in
3361 4803 3596 4870 primum

2017 4895 2281 4964 psalmum
2305 4896 2527 4965 prologo
2555 4898 2606 4949 in
2634 4911 2784 4950 suam
2818 4909 2923 4948 non
2960 4909 3131 4962 pauca
3173 4893 3466 4946 transtulit.
3516 4892 3596 4946 Ex

2015 5001 2121 5054 quo
2155 4988 2233 5049 tit,
2274 4996 2333 5040 ut
2366 4986 2487 5054 jure
2527 4989 2674 5041 credi
2717 4987 2885 5054 possit
2917 4986 3170 5039 nonnulla
3213 4998 3282 5039 ex
3322 4984 3422 5037 hoc
3455 4998 3592 5051 quo-

2015 5091 2118 5144 que
2145 5077 2196 5130 in
2227 5077 2493 5146 psalmum
2529 5078 2862 5133 tricesimum
2884 5078 3170 5145 septimum
3204 5075 3594 5131 commentario

2013 5170 2328 5237 sumpsisse.
2360 5168 2479 5224 Jam
2509 5169 2636 5239 quid
2664 5169 2894 5223 sentiam
2937 5170 3073 5236 ipse,
3107 5167 3288 5238 paucis
3329 5166 3588 5236 aperiam.

2013 5257 2531 5327 Reprehendendum
2562 5259 2942 5315 Comhefisium
2969 5269 3118 5329 puto,
3151 5275 3256 5314 non
3299 5257 3443 5327 quod
3470 5271 3592 5312 eam

2012 5351 2311 5405 orationem
2341 5352 2393 5405 in
2426 5353 2696 5421 suspectis
2720 5353 2994 5415 habuerit,
3023 5351 3117 5406 sed
3151 5351 3291 5420 quod
3325 5349 3457 5402 nihil
3490 5363 3590 5402 au-

2012 5454 2104 5495 sus
2134 5442 2206 5495 sit
2233 5444 2606 5511 pronuntiare.
2633 5443 2770 5509 Quin
2804 5444 2947 5498 enim
2979 5443 3120 5496 inter
3142 5456 3301 5510 opera
3331 5441 3459 5494 falsa
3492 5455 3590 5493 nu-

2013 5538 2270 5591 meranda
2302 5537 2392 5604 sit,
2423 5537 2644 5591 dubium
2683 5552 2788 5590 non
2817 5529 3086 5600 est,'cutn,
3112 5544 3169 5588 ut
3199 5548 3345 5587 nunt.
3369 5531 3438 5586 56
3463 5546 3589 5600 pro-

2023 5643 2062 5681 “
2093 5649 2221 5706 ibid.
2302 5652 2343 5682 ι²
2373 5649 2511 5707 Psal.
2538 5665 2745 5716 vavtt,
2778 5649 2865 5704 49.
2946 5649 2990 5682 ¹³
3013 5649 3112 5705 Job
3140 5665 3212 5711 vt,
3239 5647 3292 5702 4.
3371 5645 3420 5680 ¹⁸
3441 5641 3589 5702 Psal.
