4094 6220
437 256 593 301 CXCVI

1787 234 2292 294 PROLEGOMENA

437 361 673 428 babitur,
727 359 937 417 Eusebii
976 359 1118 415 fetus
1155 359 1247 426 sit,
1289 373 1394 415 non
1441 358 1645 415 Basilii.
1691 359 2013 415 Ambrosius
2039 366 2085 420 Α
2115 356 2321 412 censeri
2349 370 2455 411 non
2484 355 2633 422 sinit,
2658 354 2913 409 Basiliam
2944 354 2996 409 in
3024 353 3203 439 priora
3223 351 3462 421 ejusdem
3492 353 3686 423 psalmi

437 454 601 524 igitur
628 453 753 508 hinc
779 453 902 507 inde
933 467 963 507 e
992 451 1193 508 Graecis
1219 453 1454 509 fontibus
1491 453 1746 523 quidquid
1778 453 2002 516 libebat,

435 547 726 603 corradere
757 554 1027 611 assuetus,
1065 563 1125 602 ea
1168 563 1285 616 qua:
1330 548 1611 602 retulimus
1652 563 1756 600 non
1789 560 1821 601 e
1849 544 2003 599 Basi-

436 637 532 705 lio,
561 640 653 693 sed
681 653 745 693 ex
767 638 982 694 Eusebii
1006 638 1405 694 Commentario
1436 649 1709 694 mutuatus
1736 648 1840 694 est.
1873 639 2002 702 Ant,

436 731 580 799 quod
613 728 751 783 forte
779 730 959 784 vcrius
986 740 1088 794 est,
1123 732 1235 801 jam
1274 732 1341 785 ab
1368 730 1459 785 illo
1490 741 1727 799 tempore
1756 730 1871 784 haec
1899 727 2003 783 Eu-

435 819 573 874 sebii
609 819 784 875 oratio
829 820 968 874 inter
994 819 1294 876 Basilianas
1333 821 1387 875 in
1409 819 1677 875 Ambrosii
1704 819 1888 875 codice
1917 834 2006 874 re-

437 908 766 979 periebatur.
805 908 1009 965 Vereor
1053 927 1121 967 ne
1166 912 1218 965 in
1251 911 1335 966 his
1360 911 1480 981 plus
1504 911 1667 981 justo'
1690 911 2004 965 immoratus

435 1012 554 1053 esse
575 999 780 1054 videar.
813 998 920 1055 Sed
957 1001 1074 1055 haec
1111 1000 1446 1066 observasse,
1483 1001 1528 1055 si
1560 1009 1838 1071 propterea
1878 999 2001 1054 dili-

435 1090 610 1158 gentia
674 1092 845 1161 major
903 1106 934 1145 a
996 1093 1351 1162 scriptoribus
1403 1094 1457 1147 in
1515 1092 1720 1147 criticis
1765 1090 1878 1147 suis
1938 1092 2003 1146 de

433 1177 650 1233 Patrum
675 1181 928 1251 operibus
953 1181 1171 1252 judiciis
1200 1183 1540 1249 adhibeatur,
1578 1197 1662 1238 me
1686 1197 1794 1237 non
1825 1182 1999 1254 paeni-

440 1270 594 1324 tebit.

502 1360 591 1415 35.
615 1361 785 1427 Quam
819 1363 1043 1416 arduum
1077 1361 1147 1416 sit
1191 1360 1257 1416 de
1281 1372 1564 1417 auctorum
1599 1339 1817 1432 scriplis
1857 1372 2002 1441 recte

426 1450 688 1520 judicare,
724 1461 868 1520 patet
900 1463 955 1506 et
975 1468 1039 1507 ex
1067 1452 1244 1516 dictis,
1276 1462 1330 1507 et
1364 1467 1450 1508 res
1476 1454 1591 1523 ipsa
1633 1453 1849 1509 clamat.
1893 1453 2000 1509 Sed

430 1557 538 1611 quo
570 1541 851 1597 difﬁcultas
876 1542 1046 1610 major
1067 1553 1170 1605 est,
1199 1559 1263 1599 eo
1290 1552 1417 1613 puto
1443 1547 1519 1599 rei
1541 1555 1648 1598 tam
1682 1546 2001 1601 necessaria:

430 1631 748 1688 obstinatius
791 1633 1209 1689 incumbendum
1251 1649 1391 1690 esse.
1419 1629 1756 1706 QuaprOpter
1790 1652 1891 1692 nec
1917 1636 1996 1690 la-

2111 448 2273 503 verba
2322 447 2636 502 concionem
2677 445 2744 500 ad
2771 445 3020 516 populum
3054 445 3322 499 habuisse.
3369 444 3447 499 Ex
3474 459 3582 513 quo
3626 446 3689 502 fit

2111 545 2170 591 ut
2222 536 2451 606 quisque
2507 536 2642 591 hanc
2699 536 2927 606 primam
2989 534 3041 588 in
3093 534 3356 605 psalmum
3414 534 3685 590 decimum

2109 637 2361 698 quartum
2385 627 2815 697 explanationem
2839 627 2906 682 ad
2935 625 3197 682 Basilium
3235 641 3487 697 maguum
3518 628 3690 695 perti-

2112 733 2242 774 nere
2263 717 2424 775 facile
2451 719 2551 775 sibi
2577 720 2920 789 persuadeat.
2952 719 3125 774 Aliter
3152 726 3351 785 tamen,
3375 734 3498 774 cum
3521 718 3690 774 Euse-

2109 809 2183 864 bii
2212 810 2265 865 in
2296 812 2441 867 hunc
2471 811 2735 880 psalmum
2766 811 3190 868 lucubrationem
3220 808 3492 882 legerem,’
3514 827 3577 866 ea
3619 812 3688 866 de

2108 904 2352 958 oratione
2374 902 2631 971 iudicavi.
2669 903 2914 974 Scriptor
2944 904 3111 968 enim,
3166 904 3412 972 quisquis
3439 912 3544 970 est,
3578 918 3685 958 non

2111 1002 2220 1047 tam
2270 991 2511 1058 Davidis,
2575 1008 2737 1064 quam
2793 992 3012 1049 Eusebii
3063 995 3226 1049 verba
3275 993 3561 1062 explanat;
3607 1003 3683 1058 et,

2108 1083 2250 1154 quod
2278 1085 2448 1155 magis
2479 1084 2768 1140 falsitatem
2797 1085 3027 1153 redolet,
3060 1085 3228 1140 multa
3255 1100 3320 1139 ex
3353 1084 3584 1139 Eusebio
3617 1084 3687 1139 ad

2107 1174 2333 1228 verbum
2389 1177 2576 1230 sumit.
2631 1175 2774 1230 Sane
2817 1175 3015 1245 quibus
3049 1183 3331 1245 perspecta
3370 1182 3455 1229 est
3501 1174 3684 1229 Basilii

2106 1264 2327 1318 ubertas
2371 1263 2425 1317 in
2466 1263 2696 1319 dicendo
2743 1273 2795 1319 et
2842 1267 3018 1333 copia,
3049 1264 3107 1329 ii,
3134 1273 3284 1333 puto,
3320 1277 3594 1332 nunquam
3627 1263 3685 1317 in

2107 1352 2491 1423 plagiariorum
2527 1367 2755 1407 numero
2785 1352 3198 1406 disertissimum
3223 1351 3368 1405 hunc
3396 1350 3569 1402 virum
3598 1360 3687 1401 re-

2109 1451 2326 1513 ponent.
2349 1442 2467 1500 Jam
2493 1451 2702 1513 tempus
2724 1451 2808 1499 est
2843 1452 2903 1498 ut
2940 1439 3512 1512 pseudo-Basiliifurta
3555 1453 3686 1508 pro-

2107 1535 2318 1590 damus.
2377 1535 2592 1590 Eusebii
2628 1535 2794 1605 igitur
2819 1536 2984 1589 verba
3011 1546 3139 1589 sunt
3167 1537 3281 1589 haec
3318 1551 3332 1589 :
3369 1534 3565 1601 Κύριε,
3594 1531 3688 1596 τίς

2105 1624 2458 1695 παροικήσει
2480 1626 2552 1681 ἐν
2574 1626 2655 1692 τῷ
2683 1624 3033 1696 σκηνώματι
3059 1641 3200 1687 σου,
3245 1624 3346 1679 καὶ
3385 1625 3478 1689 τίς
3502 1639 3685 1677 κατα-

428 1723 547 1779 bori
600 1737 906 1793 parcemus,
962 1738 1061 1780 nec
1114 1727 1364 1795 tempori,
1416 1735 1473 1780 ut
1521 1742 1708 1782 verum
1759 1742 1788 1782 a
1834 1727 1992 1793 falso,

2100 1717 2407 1786 σκηνώσει
2465 1717 2537 1772 ἐν
2590 1717 2672 1784 τῷ
2724 1718 2845 1787 ὄρει
2898 1717 2981 1784 τῷ
3028 1719 3175 1789 ἁγίῳ
3208 1732 3365 1781 σου;
3417 1716 3549 1769 Ἀπὸ
3574 1714 3684 1768 τῶν

426 1823 633 1869 certum
686 1816 754 1870 ab
805 1815 1012 1870 incerto
1055 1830 1419 1873 secernamus.
1466 1816 1578 1873 Nec
1612 1818 1753 1875 male
1792 1828 2001 1889 tempus

429 1903 724 1960 collocasse
750 1905 906 1961 nobis
933 1906 1255 1973 videbimur,
1280 1909 1326 1965 si
1357 1909 1596 1979 quinque
1631 1919 1725 1965 aut
1750 1925 1848 1966 sex
1882 1912 1999 1967 die-

426 2010 547 2048 rum
596 1994 780 2051 labore
823 1995 907 2051 vel
950 1999 1108 2054 unius
1144 2000 1497 2056 oratiunculas
1549 2011 1641 2057 aut
1667 2001 1867 2067 vallata,
1909 2013 2002 2058 aut

424 2085 717 2158 γνησιότης
740 2086 862 2142 ῑυιο’
886 2088 1126 2159 dignosci
1145 2091 1333 2158 possit.
1365 2090 1599 2159 Etenim,
1635 2108 1758 2147 cum
1792 2094 2004 2148 contin-

425 2185 518 2246 gat
554 2190 660 2231 non
689 2191 834 2243 raro,
869 2187 929 2231 ut
968 2178 1021 2232 in
1050 2178 1388 2235 brevioribus
1428 2190 1739 2237 sanctorum
1773 2180 1997 2237 Patrum

425 2267 646 2337 scriptis
686 2267 888 2338 aliquid
933 2269 1062 2324 insit
1115 2271 1259 2338 quod
1300 2280 1394 2325 aut
1434 2272 1501 2326 ad
1542 2273 1757 2342 dogma,
1811 2285 1904 2327 aut
1933 2272 2001 2327 ad

425 2355 791 2421 traditionem,
849 2365 942 2411 aut
982 2358 1050 2411 ad
1081 2358 1360 2441 historiam
1390 2360 1809 2417 ecclesiasticam
1836 2348 2002 2433 perti-

426 2454 572 2510 neat,
607 2446 792 2517 quanti
818 2446 1034 2504 intersit
1059 2448 1321 2517 ejusmodi
1350 2453 1726 2522 opusculorum
1751 2466 2001 2511 auctores

423 2551 773 2608 cognoscere,
806 2551 964 2594 nemo
998 2554 1105 2594 non
1130 2541 1295 2596 videt.
1326 2540 1453 2607 Sed,
1477 2544 1731 2612 quoniam
1762 2559 2000 2615 praesen-

424 2627 501 2682 tio
530 2643 637 2683 non
678 2629 882 2698 defore,
931 2632 1024 2701 qui
1063 2632 1194 2687 mihi
1238 2633 1578 2689 adversaturi
1609 2635 1744 2702 sint,
1781 2650 1999 2691 monere

422 2718 555 2773 mihi
585 2719 845 2789 optimum
881 2723 1056 2778 visum
1082 2732 1163 2778 est
1202 2738 1308 2793 quo
1336 2725 1438 2780 sim
1469 2725 1654 2780 animo
1681 2727 1996 2797 scripturus.

421 2809 879 2886 Proliteorigitur
921 2830 1007 2871 me
1035 2816 1370 2872 eruditorum
1417 2816 2002 2888 celeberrimorumque

420 2904 701 2961 hominum
755 2907 1038 2977 opiniones
1086 2907 1368 2977 permagni
1409 2907 1611 2972 facere,
1658 2922 1852 2977 meque
1904 2924 2000 2965 eas

420 3012 527 3052 non
550 2997 654 3052 nisi
671 2998 894 3053 invitum
915 3011 1256 3068 oppugnare;
1279 3006 1461 3068 atque,
1484 2999 1573 3053 ubi
1600 2999 1830 3068 primum
1862 3015 1997 3056 nova

419 3090 513 3146 1:1
534 3089 812 3156 aﬂulserit,
836 3090 902 3144 ad
923 3089 1232 3145 mutandam
1252 3092 1571 3146 sententiam
1599 3091 1997 3161 paratissimum

421 3182 560 3238 fore.
590 3178 712 3236 Uno
740 3181 931 3248 verbo,
963 3197 1049 3237 me
1083 3182 1213 3235 mihi
1240 3197 1347 3237 non
1378 3182 1449 3236 ita
1475 3182 1707 3250 placere,
1743 3192 1801 3237 ut
1825 3197 1997 3239 meam

420 3274 647 3329 aliorum
676 3275 957 3330 sententiae
986 3274 1304 3345 praeferam;
1345 3274 1441 3330 sed
1475 3274 1549 3328 ita
1581 3276 1845 3330 duntaxat
1874 3290 1999 3345 pro-

419 3368 551 3422 bare
588 3380 921 3434 quaecunque
967 3366 1166 3434 sentio,
1215 3380 1547 3436 quascunque
1573 3367 1716 3434 dico,
1768 3368 1893 3422 dum
1930 3381 1997 3421 ne

420 3451 731 3506 hominibus
783 3451 1115 3506 doctioribus
1152 3461 1206 3508 et
1239 3454 1292 3506 in
1320 3453 1423 3508 hoc
1465 3453 1766 3509 studiorum
1797 3469 1997 3523 genere

418 3540 887 3597 cxercitatloribus
936 3543 1284 3613 improbanda
1327 3545 1631 3599 videantur.
1683 3544 1823 3600 Rem
1858 3561 1998 3600 nunc

420 3633 811 3702 swcdiamur.
835 3632 1087 3688 Omnium
1114 3636 1417 3691 orationum
1437 3651 1555 3704 quae
1581 3638 1797 3692 nomine
1814 3637 1996 3694 Basilii

419 3725 893 3795 circumferuntur,
921 3738 1014 3783 aut
1040 3727 1155 3783 fere
1178 3731 1418 3784 omnium
1444 3732 1504 3785 lit
1527 3731 1730 3785 mentio
1760 3747 1865 3787 non
1906 3747 1997 3787 so-

418 3815 528 3871 lum
563 3818 702 3888 apud
726 3818 1048 3889 Symeonem
1078 3821 1395 3888 magistrum
1429 3833 1493 3874 ac
1520 3820 1872 3891 logothetam,
1902 3823 1996 3877 sed

418 3907 618 3977 passim
648 3910 809 3964 etiam
839 3910 1039 3965 etedem
1075 3910 1127 3964 in
1155 3917 1347 3964 catena
1384 3908 1584 3964 Nicetes
1631 3909 1997 3967 Heracliensis

418 4005 475 4053 et
500 3997 621 4055 aliis
650 3999 921 4055 similibus
943 4000 1195 4055 citantur.
1233 3999 1339 4054 Sed
1370 4009 1514 4054 tanta
1548 4016 1656 4056 non
1693 4013 1777 4056 est
1803 4012 1996 4057 aucto-

420 4088 554 4145 ritas
574 4102 749 4158 neque
776 4087 1084 4158 Symeonis,
1107 4102 1282 4158 neque
1309 4088 1529 4155 Nicetaa,
1558 4104 1733 4159 neque
1761 4091 1995 4147 aliorum

418 4179 736 4247 quorumvis
785 4178 879 4250 qui
915 4188 1140 4234 catenas
1177 4179 1418 4245 edidere,
1473 4189 1532 4235 ut
1567 4181 1637 4236 ob
1665 4196 1783 4236 eam
1809 4196 1996 4237 omnes

419 4267 538 4324 illas
572 4261 776 4337 septem
813 4279 869 4323 et
897 4268 1084 4323 decem
1130 4268 1185 4323 in
1220 4269 1457 4339 psalmos
1488 4270 1765 4326 orationes
1810 4271 1995 4326 Basilii

418 4372 543 4415 esse
569 4359 749 4413 statim
781 4356 1070 4416 fateamur.
1100 4357 1296 4413 Putant
1342 4359 1540 4415 eruditi
1572 4360 1675 4414 viri
1707 4361 1797 4431 qui
1834 4376 1896 4416 ea
1926 4363 1991 4418 de

420 4466 481 4505 re
507 4449 870 4519 disputarunt,
903 4446 1281 4514 Combeflsius,
1302 4449 1696 4516 Tillemontius,
1725 4452 1988 4521 Dupinus,

420 4542 643 4597 alteram
691 4539 909 4610 quidem
957 4538 1012 4594 in
1063 4539 1327 4609 psalmum
1376 4541 1689 4596 vicesimum
1738 4552 1990 4598 octavum

419 4632 816 4687 enarrationem
843 4630 1201 4687 adulterinam
1225 4645 1346 4687 esse
1369 4670 1385 4697 ,
1415 4632 1820 4688 enarrationem
1853 4648 1982 4688 vero

419 4722 473 4777 in
506 4723 769 4793 psalmum
797 4722 1131 4801 tricesimum
1169 4722 1454 4792 septimum
1503 4723 1555 4777 in
1586 4723 1763 4779 dubiis
1800 4727 1988 4795 reponi

418 4824 702 4883 oportere;
767 4814 862 4871 sed
917 4814 1046 4885 quin
1101 4814 1320 4885 reliquae
1371 4815 1678 4882 quindecim
1742 4819 1988 4887 genuinae

420 4906 532 4961 sint
574 4915 629 4960 et
658 4921 823 4973 verte,
870 4921 1207 4977 nequaquam
1240 4906 1506 4985 dubitant.
1546 4905 1659 4962 Nos
1705 4918 1881 4962 autem
1924 4909 1993 4964 de

422 4997 542 5052 aliis
569 4997 887 5067 quibusdam
915 4996 1150 5054 dubitari
1177 5012 1334 5068 posse
1364 4998 1716 5065 arbitramur,
1742 5007 1799 5053 et
1835 4999 1903 5053 de
1927 4998 1992 5054 iis

421 5091 662 5159 quidem,
696 5106 817 5161 quae
850 5092 1053 5146 nullum
1093 5091 1413 5147 dubitationi
1461 5090 1637 5145 locum
1678 5090 1991 5160 relinquere

419 5180 759 5236 videbantur.
792 5178 1065 5249 Ejusmodi
1096 5189 1180 5235 est
1216 5182 1390 5251 prima
1430 5180 1609 5235 oratio
1645 5180 1698 5233 in
1725 5179 1989 5248 psalmum

421 5272 688 5328 decimum
719 5284 990 5344 quartum.
1020 5274 1244 5329 Constat
1267 5273 1411 5329 enim
1451 5271 1535 5328 vel
1556 5286 1623 5327 ex
1649 5272 1840 5342 primis
1864 5287 1990 5326 ver-

421 5364 505 5418 bis
529 5367 780 5421 secunda:
803 5366 854 5420 in
882 5367 1029 5421 hunc
1050 5365 1313 5439 psalmum
1342 5365 1626 5429 orationis,
1655 5380 1816 5435 quam
1840 5368 1991 5421 testi-

421 5458 658 5512 monium
685 5457 928 5528 Gregorii
955 5457 1179 5530 Nysseni
1207 5458 1285 5526 (a)
1329 5458 1469 5513 inter
1496 5456 1657 5513 dubia
1685 5472 1854 5529 opera
1895 5471 1987 5514 re-

495 5598 537 5630 "
567 5597 704 5652 Psal.
741 5615 851 5665 xw,
883 5600 935 5655 1.
1013 5601 1059 5632 ¹⁶
1086 5599 1228 5658 Psal.
1263 5572 1494 5669 xth'ttt,
1529 5600 1622 5658 15.

490 5695 568 5762 (a)
607 5693 763 5751 Tom.
792 5692 856 5762 ll,
885 5709 939 5761 p.
963 5693 1091 5749 225.

2101 1809 2549 1879 προσεχεστέρων
2603 1807 2911 1880 προϐαίνων
2959 1808 3245 1880 διαγράφει
3310 1807 3403 1861 τδν
3458 1807 3682 1861 τέλειον.

2100 1898 2365 1971 Παροικία
2397 1899 2455 1953 δέ
2479 1900 2594 1953 ἐστι
2622 1899 2867 1971 διαγωγὴ
2893 1900 3245 1971 πρόσκαιρος,
3272 1900 3358 1952 ἐπ’
3380 1897 3555 1952 ἑλπίδι
3575 1899 3678 1969 τῆς

2100 1989 2423 2059 κρείττονος.
2465 1989 2557 2042 Διό
2585 2006 2717 2062 φησι
2757 1991 2852 2043 καὶ
2887 1989 3079 2042 Δαϐίδο
3108 1989 3404 2058 Πάροικός
3431 1991 3546 2057 ειμι
3585 1988 3685 2041 καὶ

2099 2080 2532 2150 παρεπίδημος.
2561 2080 2756 2148 καθὼς
2793 2079 3014 2146 πάντες
3035 2082 3090 2134 οἱ
3112 2078 3361 2148 πατέρες
3378 2097 3518 2148 μου.
3548 2078 3688 2150 Πόιρ⁴

2099 2189 2248 2236 οικος
2292 2173 2402 2245 γὰρ
2449 2172 2718 2245 Ἀϐραὰμ,
2760 2173 2895 2243 μηδὲ
2941 2171 3092 2242 βῆμα
3127 2170 3460 2241 κεκτημένος
3502 2168 3682 2235 ποδὸς,

2103 2262 2257 2333 μόλις
2282 2262 2339 2315 δὲ
2378 2263 2546 2332 τάφον
2573 2262 2894 2334 πριάμενος,
2934 2262 2964 2314 ὃ
2993 2261 3051 2314 δὲ
3080 2261 3348 2332 σύμϐολον
3380 2260 3474 2314 τοῦ
3509 2259 3688 2325 ζῶντα

2108 2356 2209 2426 μὲν
2240 2358 2299 2409 ὲν
2322 2356 2487 2427 σαρκὶ
2519 2355 2780 2429 πάροικον
2808 2351 2947 2409 εἶναι
2977 2356 3294 2427 προσήκειν,
3340 2351 3686 2424 μεταϐαίνον-

2099 2465 2167 2501 τα
2207 2447 2267 2501 δὲ
2303 2447 2529 2519 ταύτης,
2554 2451 2666 2512 τοῖς
2691 2445 2913 2510 οἰκείοις
2937 2446 3122 2510 τόποις
3148 2445 3543 2501 ἀναπαύεσθαι.
3574 2437 3687 2499 Καὶ

2102 2541 2372 2611 μακάριόν
2410 2557 2594 2611 φησιν,
2633 2540 2693 2594 ὲν
2730 2538 3048 2610 ἀλλοφύλοις
3087 2538 3472 2609 παροικοῦντα,
3504 2535 3579 2608 μὴ
3608 2536 3686 2598 ὡς

2097 2633 2317 2697 οἰκείοις
2351 2633 2779 2704 προστετηκέναι
2820 2634 2936 2695 τοῖς
2984 2633 3043 2684 ὲν
3080 2633 3146 2702 τῇ
3190 2632 3285 2702 γῇ.
3329 2631 3599 2702 Σκήνωμα
3627 2628 3688 2682 δὲ

2098 2724 2253 2790 Θεοῦ,
2287 2726 2321 2796 ἡ
2363 2725 2494 2796 παρ’
2516 2724 2678 2779 αὐτοῦ
2702 2724 2960 2794 δεδομένη
2996 2723 3134 2795 σὰρξ
3165 2727 3230 2795 τῇ
3270 2722 3362 2778 τοῦ
3396 2721 3685 2794 ἀνθρώπου

2096 2815 2241 2886 ψυχῇ
2274 2816 2411 2887 πρὸς
2434 2815 2727 2888 ἐνοίκησιν.
2761 2817 2858 2881 Τίς
2888 2813 2982 2870 νῦν
3010 2816 3086 2879 ὡς
3118 2816 3376 2886 ἀλλοτρίᾳ
3409 2813 3688 2885 κεχρημέ-

2099 2925 2207 2973 νος,
2240 2906 2518 2978 ἔγκαρπον
2552 2909 2714 2962 αὑτὸν
2751 2908 3063 2980 παραδώσει
3090 2907 3169 2978 τῷ
3202 2907 3479 2969 δεδωκότι,
3512 2906 3588 2969 ὡς
3619 2904 3687 2959 ἂν

2098 2997 2322 3068 γένηται
2371 2999 2464 3053 καὶ
2489 3000 2751 3071 σκήνωμα
2779 2999 2872 3052 τοῦ
2900 2999 3033 3053 Θεοῦ
3073 3002 3183 3062 τοῖς
3217 2998 3391 3066 ἁγίοις
3415 2996 3690 3051 ἐνοικοῦν-

2098 3105 2221 3155 τος;
2250 3085 2384 3143 Εἶτα
2411 3090 2546 3161 πρὸς
2586 3090 2646 3143 τὸ
2685 3092 2868 3160 μεῖζον
2922 3091 3247 3162 προκόπτει;
3270 3088 3381 3142 Καὶ
3408 3088 3687 3153 τίςκατα-
3732 3089 3753 3153 ’-

2098 3181 2406 3250 σκηνώσει
2429 3182 2498 3235 ἐν
2524 3182 2645 3250 ὄρει
2670 3184 2816 3252 ἁγίῳ
2840 3200 2956 3237 σου
2978 3199 2995 3245 ;
3027 3182 3139 3236 Οὐκ
3163 3184 3221 3235 ἐν
3244 3183 3308 3252 τῇ
3330 3181 3494 3251 γηῖνῃ
3520 3177 3685 3243 Σιὼν,

2096 3272 2285 3344 ὥσπερ
2332 3273 2603 3336 Ἰουδαίοις
2631 3274 2792 3340 δοκεῖ,
2824 3274 2960 3328 ἀλλὰ
2994 3274 3122 3344 περὶ
3151 3269 3219 3346 ἧς
3264 3275 3293 3326 ὁ
3327 3270 3540 3333 Παῦλος
3578 3287 3686 3342 φη-

2099 3383 2184 3420 σιν
2207 3383 2221 3397 ⁸
2257 3368 2759 3435 Προσεληλύθιιτε
2792 3368 2911 3436 ὄρει
2942 3367 3090 3422 Θεοῦ
3120 3367 3354 3433 ζῶντος,
3400 3368 3689 3435 Ἰερουσα-

2095 3457 2222 3527 λὴμ
2246 3457 2600 3527 ἐπουρανίῳ.
2643 3458 2937 3531 Παρελθὼν
2980 3455 3071 3514 οἷν
3098 3476 3181 3523 τις
3215 3459 3314 3531 τὴν
3347 3459 3525 3531 σάρκα
3556 3458 3687 3514 ταύ-

2094 3567 2216 3621 την,
2252 3552 2346 3605 καὶ
2381 3550 2663 3625 νεκρώσας
2689 3551 2856 3606 αὐτοῦ
2899 3552 2968 3606 τὰ
3011 3552 3148 3623 μέλη
3185 3552 3257 3605 τὰ
3299 3551 3392 3604 ἐπὶ
3423 3552 3524 3621 τῆς
3555 3552 3682 3621 γῆς,

2094 3643 2187 3695 τὸν
2215 3644 2487 3714 ἁγιασμὸν
2516 3633 2886 3716 κατορθώσας,
2917 3646 2975 3697 ἐν
3007 3645 3073 3714 τῇ
3108 3642 3239 3714 ἁγίᾳ
3269 3640 3684 3713 κατασκηνώσει

2098 3733 2274 3799 πόλει,
2299 3730 2368 3807 ἦς
2401 3734 2684 3806 ἐπιθυμῶν
2715 3737 2744 3789 ὁ
2774 3731 2937 3789 Δαῦῒδ
2974 3734 3125 3802 ἔλεγε
3145 3750 3159 3764 ·
3190 3733 3578 3800 Διελεύσομαι
3608 3732 3681 3786 ἐν

2095 3824 2260 3890 τόπῳ
2314 3823 2556 3893 σκηνῆς
2611 3824 2989 3894 θαυμαστῆς,
3045 3824 3158 3890 ἕως
3202 3822 3308 3877 τοῦ
3357 3821 3527 3876 οἴκου
3574 3822 3683 3876 τοῦ

2098 3915 2247 3970 Θεοῦ
2273 3931 2288 3946 ο
2319 3916 2433 3979 καὶ,
2477 3915 2572 3980 Ὠς
2593 3915 2870 3983 ἀγαπητὰ
2903 3915 2974 3969 τὰ
3001 3911 3367 3984 σκηνώματά
3393 3926 3532 3978 σου,
3566 3913 3684 3967 Κύ-

2088 4023 2183 4076 ριε
2228 4005 2349 4060 τῶν
2376 4005 2708 4075 δυνάμεων.
2746 4007 2819 4059 Τὸ
2844 4006 2902 4059 δὲ
2928 4005 3121 4059 τούτου
3164 4005 3386 4059 σπάνιον
3427 4004 3684 4074 ἐμφαίνει

2094 4097 2175 4163 τὸ,
2206 4099 2320 4163 Τίς,
2359 4097 2435 4161 ὡς
2464 4097 2543 4162 τὸ,
2582 4098 2680 4163 Τίς
2706 4097 2859 4167 ἔγνω
2887 4097 2993 4152 τὸν
3018 4097 3168 4152 νοῦν
3193 4096 3454 4165 Κυρίου;
3478 4098 3572 4148 καὶ
3595 4093 3680 4161 τὸ,

2101 4189 2197 4255 Τις
2216 4189 2538 4259 ἀναγγελεῖ
2556 4189 2699 4260 ὑμῖν
2717 4190 2827 4245 τὸν
2847 4192 3036 4244 τόπον
3058 4188 3164 4243 τὸν
3181 4187 3457 4253 αἱώνιον;
3477 4187 3570 4241 καὶ
3597 4186 3680 4250 τὸ,

2102 4283 2196 4348 Τίς
2228 4283 2343 4350 ἄρα
2372 4283 2658 4352 φρόνιμος
2686 4282 2787 4337 καὶ
2822 4283 3040 4349 πιστὸς
3067 4280 3679 4351 οἱκονόμοω-Μήποτιι

2096 4373 2154 4426 δὲ
2184 4375 2279 4427 καὶ
2298 4374 2389 4428 τὴν
2409 4374 2540 4429 Θεὸν
2571 4376 2871 4447 ἐρωτήσας,
2899 4374 3056 4445 ἔτυχε
3082 4374 3424 4445 ἀποκρίσεως
3442 4412 3456 4426 .
3480 4412 3494 4425 .
3517 4410 3531 4424 .
3553 4409 3567 4424 .
3602 4369 3679 4423 Οὐ

2094 4461 2204 4533 γὰρ
2239 4461 2338 4533 μία
2376 4463 2575 4535 πρᾶξις
2620 4463 2816 4517 τελειοί
2856 4463 2947 4516 τὸν
2989 4464 3294 4525 σπουδαῖον,
3343 4461 3479 4516 ἀλλὰ
3515 4461 3679 4513 παντὶ

2092 4551 2171 4623 τῷ
2231 4553 2331 4624 βίῳ
2384 4556 2500 4618 ταῖς
2558 4557 2681 4608 κατ’
2711 4553 2911 4626 ἀρετὴν
2950 4554 3249 4626 ἐνεργείαις
3302 4553 3678 4624 συμπαρατεία

2094 4641 2301 4695 νεσθαι.
2340 4661 2359 4694 ι
2388 4642 2632 4708 Domine,
2654 4645 2770 4713 quis
2796 4644 3051 4697 habitabit
3079 4646 3136 4698 in
3176 4642 3512 4697 tabernaculo
3550 4645 3681 4698 tuo!

2092 4743 2181 4786 aut
2222 4734 2338 4802 quis
2381 4736 2660 4803 requiescet
2698 4736 2753 4789 in
2797 4746 2969 4788 monte
3007 4748 3184 4789 sancto
3224 4748 3314 4789 tuo
3339 4735 3424 4789 ‘5?
3465 4734 3509 4788 Δ
3544 4736 3678 4788 vici-

2096 4824 2339 4883 nioribus
2369 4826 2687 4892 procedens,
2712 4824 3012 4893 perfectum
3043 4827 3216 4880 virum
3260 4825 3534 4881 describit.
3565 4825 3676 4879 Ha-

2100 4912 2292 4968 bitatio
2316 4923 2497 4968 autem
2538 4925 2622 4969 est
2657 4924 3007 4983 temporanea
3038 4915 3414 4982 commoratio,
3436 4929 3557 4968 cum
3582 4928 3677 4981 spe

2098 5003 2339 5059 melioris
2372 5006 2678 5076 conjuncta.
2712 5006 3071 5074 Quamobrem
3114 5007 3189 5061 ait
3221 5004 3387 5061 David
3417 5022 3431 5061 :
3463 5003 3677 5058 Adversa

2097 5110 2212 5148 sum
2242 5105 2291 5149 et
2322 5098 2647 5167 peregrinus,
2680 5099 2816 5153 sicut
2837 5115 3013 5154 omnes
3039 5110 3211 5168 patres
3235 5098 3336 5151 mei
3364 5098 3431 5149 θ’.
3455 5096 3675 5150 Advena

2097 5201 2313 5257 quoque
2343 5198 2459 5243 erat
2480 5189 2779 5256 Abraham,
2812 5200 2997 5260 utpote
3017 5191 3108 5259 qui
3142 5203 3211 5244 ne
3241 5187 3526 5256 vestigium
3556 5184 3677 5253 qui-

2097 5278 2218 5333 dem
2253 5279 2404 5348 pedis
2454 5283 2777 5350 possideret,
2813 5283 3011 5351 vixque
3046 5281 3336 5351 sepultura:
3372 5279 3549 5334 locum
3582 5290 3678 5330 co-

2097 5372 2310 5427 etnerit.
2347 5371 2500 5440 Quod
2527 5388 2661 5430 sane
2684 5375 2981 5446 symbolice
3015 5373 3284 5444 significat
3311 5370 3583 5426 hominem
3621 5369 3675 5420 in

2097 5475 2260 5523 carne
2306 5465 2600 5533 viventem,
2654 5480 2756 5523 ceu
2812 5467 3078 5524 advenam
3107 5465 3379 5540 _reputari
3438 5459 3676 5526 debere;
