4094 6220
1559 249 1621 303 1).
1662 246 1806 304 JUL.
1845 243 2173 301 GARNERH
2211 241 2601 300 PREFATIO.

3505 232 3695 303 CXCVII.

438 385 668 441 cumque
706 369 777 423 ab
822 366 940 438 ipsa
972 380 1136 441 carne
1174 363 1661 433 transmigraverit,
1708 372 1834 417 tunc
1886 376 2009 430 pro-

2135 360 2279 430 ιύτὴν
2313 359 2805 430 φιλοπονήσαντας,
2838 359 3114 431 ἔγκαρπον
3164 360 3452 415 ἀποδοῦναι
3489 363 3565 432 τῷ
3600 364 3690 419 δε¹⁵

440 439 660 536 priisin
701 460 921 517 sedibus
967 439 1268 528 quiiascere.
1318 456 1396 511 Ac
1435 456 1651 509 beatum
1700 454 1830 508 dicit
1862 470 2006 521 eum,

440 557 530 627 qui
583 538 713 608 'cum
777 550 918 619 apud
973 548 1302 618 alienigenas
1369 546 1714 608 habitaverit,
1785 545 2013 598 terrenis

443 645 595 715 quasi
661 640 896 713 propriis
959 640 1062 696 sibi
1131 641 1292 694 rebus
1355 654 1460 691 non
1526 638 1771 692 addictus
1829 635 2008 691 fuerit.

445 734 875 793 Tabernaculum
941 743 1123 787 autem
1187 733 1279 787 Dei
1343 740 1430 786 est
1495 744 1643 793 caro,
1705 730 1897 782 aninue
1946 728 2014 784 ab

447 832 564 901 ipso
621 829 687 884 ad
751 827 1107 883 habitandum
1165 838 1445 880 concessa.
1513 821 1646 889 Quis
1714 823 1893 891 itaque
1949 836 2013 877 ea

446 932 505 975 ut
541 920 716 974 aliena
763 933 915 984 usus,
968 916 1281 988 frugiferam
1333 917 1575 971 eamdem
1630 914 1871 984 largitori
1932 928 2017 968 re-

446 1012 677 1075 sti:uet,-
706 1020 770 1065 ut
817 1010 912 1064 hat
946 1007 1349 1064 tabernaculum
1397 1007 1527 1071 Dei,
1591 1007 1681 1074 qui
1728 1008 1779 1060 in
1812 1006 2016 1059 sanctis

449 1103 690 1158 habitat?
746 1101 950 1157 Deinde
999 1116 1128 1156 vero
1181 1102 1247 1155 ad
1298 1102 1672 1171 praestantiora
1724 1099 2011 1168 procedit:

449 1195 555 1248 Aut
608 1195 723 1264 quis
759 1193 1041 1260 requiescet
1077 1192 1130 1244 in
1185 1202 1358 1245 monte
1403 1202 1586 1245 sancto
1629 1202 1716 1244 tuo
1756 1190 1839 1242 ‘7?
1900 1188 2016 1243 Non

449 1289 504 1342 in
536 1284 778 1341 terrestri
810 1284 965 1348 Sion,
1003 1293 1062 1336 ut
1093 1281 1260 1337 Judaei
1312 1281 1662 1344 arbitrantur,
1707 1281 1802 1335 sed
1852 1281 1905 1335 in
1954 1294 2017 1335 ea

449 1379 516 1433 de
572 1392 676 1447 qua
729 1375 926 1430 Paulus
975 1375 1054 1427 ait
1103 1391 1118 1426 :
1163 1372 1467 1427 Accessistis
1521 1372 1590 1425 ad
1636 1380 1862 1425 montem
1920 1369 2020 1441 Dei

448 1471 679 1529 viventis,
721 1467 1020 1523 Jerusalem
1057 1465 1396 1521 caelestem”.
1439 1464 1696 1534 Quisquis
1728 1464 1892 1534 igitur
1928 1479 2022 1518 ea-

450 1561 568 1615 dem
599 1576 763 1615 carne
790 1560 947 1628 quasi
991 1557 1045 1611 in
1088 1568 1403 1611 transcursu
1432 1570 1561 1611 usus
1585 1594 1601 1621 ,
1635 1555 1750 1624 ejus
1780 1556 2021 1609 membra

452 1667 614 1721 super
642 1661 843 1705 terram
894 1648 1324 1713 mortiﬁcaverit,
1376 1657 1665 1718 postquam
1713 1645 2020 1701 sanctifica-

453 1745 652 1798 tionem
697 1741 841 1796 illam
890 1741 1380 1805 consummaverit,
1418 1737 1688 1793 habitabit
1731 1736 1787 1791 in
1833 1745 2018 1791 saneta

452 1835 540 1889 illa
586 1835 824 1897 civitate,
881 1831 1036 1903 cujus
1084 1830 1356 1887 desiderio
1388 1838 1567 1885 motus
1586 1828 1755 1884 David
1802 1828 2018 1884 aiebat:

455 1924 709 1979 Transibo
734 1926 791 1978 in
827 1924 997 1977 locum
1030 1921 1356 1976 tabernaculi
1391 1919 1722 1974 admirabilis
1759 1935 1920 1990 usque
1954 1922 2021 1974 ad

453 2018 664 2070 domum
691 2014 781 2068 Dei
795 2015 855 2079 ι’,
888 2025 962 2077 et,
996 2013 1169 2078 Quam
1197 2012 1390 2066 dilecta
1417 2009 1760 2065 tabernacula
1784 2019 1897 2073 tua,
1916 2009 2026 2065 Do-

457 2109 597 2163 mine
618 2108 871 2161 virtutum
889 2107 960 2158 ὀ.
984 2105 1116 2159 Illud
1144 2114 1347 2169 autem,
1367 2101 1518 2167 Quis,
1541 2100 2024 2162 taliumhominum

457 2197 736 2254 raritatem
794 2196 1136 2260 subindicat,
1181 2193 1480 2265 cujusmodi
1519 2202 1606 2250 est
1650 2193 1783 2249 illud
1832 2212 1847 2249 :
1895 2192 2025 2259 Quis

455 2291 595 2344 novit
614 2306 819 2345 sensum
840 2289 1139 2344 Domini“!
1172 2297 1228 2343 et
1243 2288 1396 2353 illud,
1420 2287 1549 2353 Quis
1581 2287 1916 2341 annuntiabit
1933 2303 2026 2340 vo-

457 2380 537 2433 bis
568 2379 739 2433 locum
767 2379 1116 2434 teternum“?
1146 2389 1306 2448 atque
1327 2379 1457 2433 illud
1488 2395 1505 2433 :
1537 2375 1670 2442 Quis
1698 2386 1775 2432 est
1800 2378 2027 2446 prudens

455 2486 518 2524 ac
562 2471 734 2542 fidelis
768 2471 1162 2526 menenius”?
1214 2470 1467 2538 Nunquid
1514 2477 1800 2539 postquam
1858 2470 2025 2524 Deum

461 2558 830 2629 interrogavit,
854 2561 1259 2629 responsionem
1296 2558 1564 2613 obtinuit?
1595 2598 1612 2616 .
1647 2596 1663 2613 .
1692 2599 1705 2611 .
1736 2559 1851 2613 Non
1885 2561 2027 2615 enim

459 2650 620 2704 unica
654 2664 743 2705 res
762 2661 911 2720 gesta
938 2659 1219 2706 strenuum
1246 2651 1520 2705 hominem
1552 2652 1617 2705 ad
1645 2649 2028 2719 perfectionem

459 2743 641 2811 ducit;
687 2743 783 2799 sed
831 2758 930 2812 per
961 2751 1129 2799 totam
1159 2745 1325 2797 vitam
1372 2744 1591 2798 virtutis
1621 2743 1877 2813 operibus
1909 2746 2031 2799 insi—

458 2834 728 2889 nendum.
772 2852 792 2886 ι
834 2832 1121 2889 Videamus
1170 2849 1316 2889 nunc
1349 2834 1619 2903 quomodo
1658 2834 2031 2903 pseudo-Basi-

462 2926 566 2979 iius
583 2923 775 2995 frigida
792 2925 1024 2995 quadam
1052 2926 1352 2994 periphrasi
1381 2939 1501 2978 mox
1522 2925 1822 2980 Eusebiana
1842 2927 2033 2996 ampli-

2110 450 2323 502 δωκότι.
2368 448 2492 502 Ἐὰν
2517 449 2574 501 δὲ
2666 449 2800 504 Θεοῦ
2823 450 2947 515 ἀξία
2972 455 3007 523 ἡ
3039 452 3195 526 σάρξ,
3229 454 3436 521 γίνεται
3472 456 3549 529 τῷ
3572 457 3685 511 ὄντι

2114 540 2248 593 Θεοῦ
2279 541 2561 612 σκήνωμα,
2595 542 2736 595 κατά
2776 543 2874 615 τὴν
2901 544 3170 617 ἐνοίκησιν
3219 546 3383 600 αὐτοῦ
3430 550 3510 612 είς
3559 551 3686 615 τοὺς

2115 632 2328 701 ἁγίους.
2443 628 2560 685 εἶτα
2603 634 2853 706 προκοπὴ
2898 637 2992 688 καί⁸
3036 636 3258 707 πρόοδος
3298 641 3331 710 ἡ
3379 640 3472 694 ἐπὶ
3509 641 3570 694 τὸ
3600 658 3687 696 τε-

2115 724 2399 794 λειότερον.
2441 723 2549 777 Kal
2600 725 2692 790 τίς
2755 729 3208 795 κατασκηνώσει
3251 729 3319 784 ἐν
3365 732 3483 800 ὄρει
3541 735 3688 802 ἁγίῳ

2115 831 2269 880 σου;
2314 815 2563 880 Ἰουδαῖος
2595 818 2692 887 μὲν
2721 819 2749 870 6
2778 820 2962 888 γήϊνος
2982 820 3107 873 ὅταν
3139 823 3261 893 ὄρος
3294 824 3519 897 ἀκούσῃ,
3550 826 3688 896 πρὸς

2115 907 2211 980 τὴν
2250 905 2386 960 Σιὼν
2420 908 2774 980 ἀποτρέχει..
2798 949 2841 962 ..
2879 911 3004 983 ὄρος
3034 914 3208 967 ἐκεῖνο
3255 918 3354 986 τὴν
3380 917 3688 990 ὐπερουρά-

2116 1015 2227 1051 νιον
2266 998 2446 1069 χώραν
2466 1039 2480 1063 ,
2505 1000 2605 1071 τὴν
2638 1003 2908 1073 περιφανῆ
2955 1004 3048 1057 καὶ
3091 1004 3350 1078 λαμπράν
3369 1026 3382 1040 ·
3410 1012 3536 1081 περὶ
3571 1003 3633 1064 οὗ
3661 1013 3691 1065 6

2129 1088 2448 1161 Ἀπόστολος
2488 1089 2654 1159 λέγει,
2691 1092 2781 1145 ὅτι
2821 1097 3316 1165 Προσεληλύθατε
3356 1101 3507 1154 Σιὼν
3547 1102 3690 1169 ὄρει,

2118 1180 2215 1234 καὶ
2245 1182 2417 1236 πόλει
2445 1182 2592 1237 Θεοῦ
2620 1182 2831 1251 ζῶντος
2849 1228 2865 1252 ,
2912 1187 3298 1257 Ἰερουσαλὴμ
3332 1189 3689 1259 ἐπουρανίῳ,

2120 1273 2176 1325 ἐν
2266 1274 2570 1344 πανήγυρις
2593 1275 2860 1344 ἀγγέλων,
2885 1279 2980 1331 καὶ
3019 1279 3309 1350 Ἐκκλησία
3336 1284 3695 1352 πρωτοτόκων

2119 1362 2628 1434 ἀπογεγραμμένων
2648 1368 2704 1417 ἐν
2727 1367 2993 1438 οὐρανοῖς.
3032 1369 3199 1423 Ἐπὰν
3226 1365 3318 1424 οὖν
3347 1387 3430 1434 τις
3451 1372 3694 1446 παρέλθῃ

2120 1452 2218 1524 τὴν
2253 1454 2430 1526 σάρκα
2457 1455 2660 1527 ταύτην
2682 1459 3067 1528 ἀπροσπαθῶς,
3095 1461 3170 1523 ὡς
3202 1462 3485 1534 ἀλλοτρίαν
3510 1480 3697 1535 παροιι-

2122 1543 2253 1610 κῶν,
2284 1546 2377 1599 καὶ
2403 1547 2499 1617 οὐχ
2526 1547 2601 1611 ὡς
2633 1549 2765 1612 ἰδίας
2803 1548 3189 1622 ἐξηρτημένος,
3216 1547 3369 1619 οὗτος
3394 1554 3481 1609 διὰ
3517 1556 3580 1609 τὸ
3608 1573 3696 1610 νε·

2122 1636 2332 1709 κρῶσαι
2356 1638 2521 1692 αὐτοῦ
2544 1638 2611 1692 τὰ
2632 1640 2770 1711 μέλη
2800 1641 2870 1695 τά
2897 1643 2989 1695 ἐπὶ
3015 1645 3115 1715 τῆς
3138 1644 3243 1715 γῆς
3260 1686 3274 1709 ,
3303 1646 3394 1700 τὸν
3428 1647 3697 1718 ἀγιασμὸν

2122 1728 2503 1799 κατορθώσας,
2526 1731 2675 1797 ἄξιός
2720 1734 2836 1786 ἐστι
2870 1734 2972 1804 τῆς
3003 1736 3060 1788 ἐν
3101 1735 3180 1806 τῷ
3209 1737 3349 1808 ἁγίῳ
3381 1738 3494 1809 ὄρει
3527 1756 3697 1792 κατα-

2123 1818 2479 1888 σκηνώσεωςο
2522 1816 2590 1893 ἧς
2636 1822 2914 1894 ἐπιθυμῶν
2964 1827 2993 1877 ὀ
3023 1826 3327 1898 Ψαλμῳδὸς
3369 1827 3581 1898 ἔλεγεν,
3615 1831 3699 1884 ὄτι

2121 1913 2508 1984 Misi/cogat
2539 1915 2609 1968 ἐν
2635 1916 2793 1980 τόπῳ
2815 1917 3056 1987 σκηνῆς
3086 1921 3438 1991 θαυμαστῆς
3461 1940 3474 1953 ο
3497 1925 3591 1977 καὶ
3616 1925 3697 1989 τὸ,

2134 2006 2227 2072 Ὡς
2253 2007 2526 2075 ἀγαπητὰ
2549 2007 2623 2061 τὰ
2648 2006 3008 2078 σκηνώματα
3028 2025 3163 2075 σου,
3189 2012 3366 2081 Κύριε
3383 2012 3502 2067 τῶν
3519 2014 3702 2069 δυνά-

2117 2114 2309 2166 μεων.
2331 2137 2344 2150 .
2367 2137 2381 2151 .
2399 2137 2412 2151 .
2444 2098 2677 2162 Σπάνιος
2705 2098 2763 2151 δὲ
2794 2100 2886 2152 καὶ
2919 2102 2947 2150 6
2965 2101 3242 2172 παροικῶν
3271 2105 3329 2157 ἐν
3356 2102 3434 2174 τῷ
3463 2104 3698 2176 σώματι,

2125 2192 2219 2243 καὶ
2261 2193 2289 2244 ὁ
2319 2191 2676 2263 κατασκηνῶν
2706 2193 2766 2245 ἐν
2801 2192 2881 2262 τῷ
2911 2193 3046 2263 ὄρει.
3070 2193 3167 2247 Διά
3195 2193 3354 2248 τοῦτο
3384 2196 3460 2260 ὡς
3478 2197 3702 2269 ἀπορῶν

2125 2285 2152 2337 6
2184 2283 2342 2351 λόγος
2371 2283 2536 2354 φησί’
2575 2285 2671 2350 Τίς
2704 2284 3094 2353 παροικήσεις
3128 2287 3244 2351 καὶ,
3276 2289 3371 2353 Τίς
3398 2304 3705 2358 meamm—

2126 2374 2343 2437 νώσει;
2368 2372 2444 2437 ὼς
2470 2374 2553 2438 τὸ,
2593 2374 2688 2440 Τίς
2717 2374 2872 2445 ἔγνω
2895 2375 3049 2430 γοῦν
3074 2377 3297 2446 Κυρίου
3319 2395 3339 2442 ;
3373 2380 3466 2433 καὶ
3489 2380 3568 2447 τὸ,
3608 2382 3705 2449 Τίς

2128 2464 2448 2534 ἀναγγελεῖ
2466 2464 2609 2534 ὑμῖν
2628 2465 2717 2518 ὅτι
2745 2466 2863 2534 πῦρ
2890 2468 3155 2531 καίεται;
3180 2470 3374 2536 καὶτὸ,
3404 2473 3500 2539 Τίς
3525 2474 3708 2543 ἀνι-αἰ*⁴

2129 2554 2294 2624 τελεῖ
2325 2555 2468 2623 ὑμῖν
2497 2554 2605 2608 τὸν
2640 2557 2826 2609 τόπον
2860 2556 2965 2610 τὸν
3015 2559 3258 2614 αἰώνιον
3278 2577 3298 2625 ;
3343 2563 3437 2617 καὶ
3493 2563 3574 2632 τὸ,
3610 2566 3707 2631 Τίς

2129 2642 2243 2712 ἄρα
2279 2646 2311 2696 o'
2346 2644 2562 2709 πιστὸς
2606 2645 2705 2697 καὶ
2757 2647 3042 2715 φρόνιμος
3089 2651 3439 2720 οὶκονόμος;
3472 2649 3624 2725 Τάχα
3649 2655 3705 2707 δὲ

2132 2736 2224 2788 καὶ
2254 2736 2667 2806 ἐρωτηματικόν
2694 2740 2807 2791 ἐστι
2840 2740 2919 2807 τὸ,
2954 2740 3069 2806 Τίς,
3103 2742 3179 2805 ὡς
3210 2743 3495 2815 ἀπόκρισιν
3518 2747 3707 2818 ἐπιζη-

2130 2824 2348 2889 τοῦντος
2379 2867 2390 2878 .
2412 2865 2426 2878 .
2450 2867 2463 2879 .
2485 2866 2498 2881 .
2548 2829 2622 2881 Οὐ
2654 2828 2765 2900 γὰρ
2809 2831 2906 2900 μία
2947 2832 3146 2902 πρᾶξις
3178 2834 3375 2896 τελειοῖ
3410 2837 3501 2891 τὸν
3546 2855 3709 2893 σπου-

2131 2917 2297 2983 δαῖον,
2328 2918 2465 2971 ἀλλὰ
2496 2921 2658 2973 παντί¹
2686 2923 2929 2992 προσῆκε
2972 2923 3052 2994 τῷ
3094 2924 3192 2996 βίῳ
3221 2927 3321 2991 τὰς
3348 2917 3469 2983 κατ’
3509 2930 3709 3001 ἀρετὰς

464 3017 610 3084 licet,
636 3032 761 3071 mox
804 3016 990 3072 eadem
1026 3018 1092 3071 ad
1139 3020 1363 3071 verbum
1410 3019 1701 3086 exprimat.
1748 3016 1916 3087 Igitur
1956 3020 2032 3073 sic

2135 3010 2405 3087 ἐνεργείας
2430 3013 2980 3084 συμπαρατείνεσθαι.
3009 3034 3027 3067 t
3055 3017 3358 3087 Scriptura,
3382 3037 3503 3074 cum
3535 3025 3710 3077 virum

462 3108 698 3178 loquitur
725 3125 739 3161 :
788 3109 892 3163 Τὸν
924 3109 1125 3162 τέλειον
1160 3111 1289 3179 ἡμῖν
1328 3112 1357 3161 6
1382 3109 1538 3177 λόγος
1567 3110 1881 3182 ὑπογράψαι
1922 3109 2041 3180 βου-

462 3199 704 3272 λόμενος,
726 3201 824 3271 τὴν
843 3200 951 3254 τῶν
976 3200 1337 3271 μακαρισμῶν
1359 3200 1736 3271 ἐπιτυγχάνειν
1761 3202 2039 3273 μέλλοντα,

463 3290 614 3356 τάξει
646 3292 753 3345 τινὶ
778 3292 870 3345 καὶ
899 3290 999 3362 ὁδῷ
1022 3291 1128 3345 τῶν
1151 3293 1278 3363 περὶ
1305 3293 1466 3345 αὑτὸν
1491 3293 1876 3364 θεωρουμένων
1911 3313 2044 3367 χρη-

468 3384 717 3454 σάμενος,
759 3382 866 3435 ἀπὸ
904 3382 1015 3436 τῶν
1052 3383 1513 3455 προσεχεστέρωνι
1535 3383 1629 3437 καὶ
1677 3384 1907 3454 πρώτων
1943 3386 2043 3457 τὴν

466 3475 639 3546 ἀρχὴν
676 3474 969 3544 πεποίηται
999 3490 1015 3507 ο
1052 3476 1260 3543 Κύριε,
1308 3475 1402 3541 τίς
1452 3474 1806 3546 παροικιξονει
1855 3477 1924 3530 ἐν
1964 3476 2044 3541 τῷ

468 3566 815 3635 σκηνώματι
841 3579 995 3630 σου;
1032 3558 1115 3619 ¹Ἡ
1147 3566 1409 3637 παροικία
1452 3568 1569 3620 ἐστὶ
1600 3567 1841 3641 διαγωγὴ
1872 3569 2043 3639 πρόσ-

469 3675 676 3729 καιρος,
722 3658 822 3728 οὐχ
870 3657 1160 3730 ἱδρυμένην
1207 3658 1378 3729 ζωὴν,
1413 3658 1547 3711 ἀλλὰ
1590 3660 1921 3731 παροδικὴν,
1955 3660 2043 3712 ἐπ’

469 3749 645 3802 ἐλπίδι
682 3750 782 3819 τῆς
819 3749 913 3801 ἐπὶ
936 3749 1005 3801 τὰ
1040 3748 1324 3821 κρείττονα
1357 3747 1767 3819 μεταστάσεως,
1814 3748 2044 3817 ὑποφαί-

472 3856 685 3896 νουσα..
709 3839 833 3895 .Διὸ
870 3841 965 3894 καὶ
992 3842 1021 3893 6
1051 3840 1212 3894 Δαυῒδ
1244 3842 1372 3911 περὶ
1412 3839 1603 3894 ἑαυτοῦ
1634 3857 1765 3912 φησι
1786 3856 1798 3869 ·
1834 3839 2044 3909 Hdpoe-

471 3949 577 3998 κος
611 3931 725 4001 ἐγώ
749 3935 865 4001 ειμι
903 3933 1063 4000 παρὰ
1097 3932 1196 3985 σοὶ
1237 3932 1335 3987 καὶ
1372 3932 1778 4001 παρεπίδημος
1802 3973 1816 3994 ,
1855 3932 2045 3999 καθὼς

473 4020 694 4087 πάντες
740 4023 794 4076 οὶ
839 4020 1088 4089 πατέρες
1137 4038 1277 4090 μου.
1314 4022 1580 4091 Πάροικος
1624 4020 1732 4090 γὰρ
1776 4020 2042 4091 Ἀϐραὰμ,

472 4112 593 4167 οὐδὲ
626 4113 775 4183 βῆμα
797 4112 955 4172 ποδὸς
989 4111 1124 4175 ίδίας
1153 4112 1255 4183 γῆς
1294 4112 1628 4181 κεκτημένος
1647 4150 1662 4173 ,
1699 4109 1813 4162 ἀλλ’
1836 4111 1925 4163 ὅτε
1952 4126 2048 4163 τα-

473 4204 579 4274 φῆς
636 4202 787 4272 αὐτῷ
837 4203 1076 4273 ἐδέησεν,
1136 4202 1399 4274 ἀργυρίου
1456 4202 1794 4273 κτησάμενος
1844 4200 2046 4271 ταύτην

477 4294 752 4364 φαίνεται·
792 4294 1097 4358 δεικνύντος
1120 4294 1214 4348 τοῦ
1246 4294 1427 4363 λόγου,
1458 4295 1537 4347 ὄτι
1562 4294 1736 4358 ζῶντα
1764 4294 1861 4364 μὲν
1893 4295 1949 4344 ἐν
1978 4295 2044 4364 τῇ

2145 3100 2438 3171 perfectum
2466 3104 2623 3158 nobis
2649 3106 2959 3160 describere
2992 3107 3135 3174 vult,
3161 3124 3282 3164 eum
3315 3112 3592 3177 videlicet,
3617 3115 3711 3183 qui

2142 3194 2368 3265 adeptus
2406 3195 2477 3250 sit
2515 3195 2942 3263 beatitudinem,
2988 3201 3180 3256 ordine
3220 3204 3454 3271 quodam
3498 3205 3599 3261 hac
3625 3208 3711 3260 via

2145 3287 2196 3340 in
2224 3285 2310 3351 iis,
2359 3300 2479 3357 qure
2527 3289 2670 3342 circa
2718 3290 2891 3358 ipsum
2923 3292 3367 3361 considerantur,
3399 3312 3520 3363 usa,
3549 3299 3617 3355 ab
3647 3299 3713 3355 iis

2145 3394 2264 3449 qua:
2290 3379 2462 3448 magis
2488 3382 2646 3435 obvia
2677 3392 2802 3435 sunt
2832 3391 2886 3436 et
2912 3384 3121 3450 prima,
3146 3386 3356 3441 initium
3388 3389 3558 3445 duxit.
3601 3390 3714 3446 Do-

2145 3469 2302 3535 mine,
2326 3471 2439 3538 quis
2460 3472 2881 3539 peregrinabitur
2905 3472 2958 3528 in
2990 3478 3325 3531 tabernaculo
3349 3489 3437 3533 tuo
3454 3480 3499 3511 “
3516 3480 3539 3534 ?
3554 3481 3714 3537 Perc-

2144 3562 2376 3632 grinatio
2402 3571 2486 3617 est
2507 3566 2862 3619 commoratio
2895 3570 3242 3637 temporaria,
3264 3586 3384 3640 qua:
3415 3577 3576 3627 vitam
3607 3592 3713 3630 non

2144 3654 2413 3718 stabilem,
2474 3659 2569 3709 sed
2620 3658 2990 3713 transitoriam
3035 3663 3105 3715 ob
3156 3676 3303 3729 spem
3369 3666 3434 3718 ad
3490 3667 3715 3723 meliora

2145 3745 2445 3815 emigrandi
2479 3744 2797 3800 indicat.....
2829 3747 2953 3802 idco
2982 3757 3037 3803 et
3072 3751 3241 3805 David
3274 3753 3338 3806 de
3369 3768 3428 3808 se
3460 3755 3575 3824 ipso
3602 3757 3713 3813 ait:

2147 3836 2330 3890 lncola
2363 3852 2454 3905 ego
2487 3853 2601 3891 sum
2652 3839 2791 3901 apud
2822 3848 2869 3893 te
2903 3848 2952 3894 et
2977 3844 3310 3912 peregrinus,
3364 3845 3496 3898 sicut
3536 3863 3716 3904 omnes

2146 3935 2318 3995 patres
2365 3929 2549 3984 mei".
2598 3928 2774 3983 Incola
2818 3931 2962 3984 enim
3008 3930 3110 3985 fuit
3160 3933 3467 3997 Abraham,
3517 3937 3609 4005 qui
3646 3953 3715 3992 ne

2147 4033 2359 4087 passum
2405 4021 2621 4090 quidem
2661 4023 2812 4090 pedis
2857 4033 3014 4077 terrae
3049 4029 3278 4096 preprite
3305 4031 3585 4098 possedit;
3621 4035 3716 4088 sed

2150 4107 2235 4160 ubi
2267 4122 2402 4175 opus
2424 4109 2474 4162 ei
2506 4111 2756 4179 sepulcro
2779 4112 2896 4177 fuit,
2928 4114 2979 4169 id
3002 4126 3223 4185 argento
3251 4127 3519 4175 mercatus
3553 4120 3718 4179 fuisse

2148 4198 2462 4263 perhibetur
2482 4200 2549 4252 '“.
2601 4199 2852 4257 Ostendit
2899 4205 3108 4260 scilicet
3146 4209 3422 4277 Scriptura
3458 4213 3511 4266 in
3555 4228 3719 4270 carne

2148 4290 2439 4354 viventem,
2468 4291 2697 4346 incolam
2742 4308 2863 4348 esse
2914 4306 3197 4363 oportere,
3233 4300 3551 4369 migranlem
3587 4317 3719 4359 vero

478 4387 642 4458 σαρκὶ
661 4387 919 4458 πάροικον
943 4383 1082 4441 εἶναι
1109 4388 1407 4461 προσήκεις,
1437 4385 1825 4456 μεταϐαίνοντα
1853 4386 1911 4440 δὲ
1940 4387 2032 4439 ἀπὶ

2151 4396 2218 4435 ex
2244 4381 2343 4436 hac
2363 4383 2493 4444 vita,
2536 4384 2588 4438 in
2617 4385 2748 4439 locis
2772 4388 3010 4455 propriis
3033 4388 3395 4457 requiescere.
3423 4392 3717 4462 Propterea

476 4473 576 4542 τῆς
601 4470 747 4545 ζωῆς
785 4474 987 4545 ταύτης
1035 4478 1144 4538 τοῖς
1194 4475 1412 4538 οἰκείοις
1448 4474 1896 4529 ἐναναπαύεσθαι.
1945 4474 2043 4528 Διά

474 4563 632 4618 τοῦτο
651 4567 710 4617 ἐν
734 4566 831 4636 μὲν
852 4569 917 4636 τῇ
940 4566 1051 4636 ζωῇ
1080 4564 1251 4638 ταύτῃ
1273 4567 1525 4636 παροικεῖ
1543 4567 1654 4628 τοῖς
1676 4564 2042 4634 ἀλλοφύλλοις,

476 4659 536 4710 ἐν
572 4657 628 4709 δὲ
656 4659 722 4727 τῇ
746 4659 892 4726 ταφῇ
913 4656 1113 4709 οἰκείαν
1141 4655 1315 4726 ἐαυτῷ
1346 4656 1445 4727 τὴν
1475 4655 1764 4725 δεξομένην
1797 4655 1959 4708 αὐτοῦ
1987 4656 2047 4707 τὸ

480 4749 635 4820 σῶμα
671 4750 774 4818 γῆν
820 4748 1329 4819 ἐπραγματεύσατο.
1383 4746 1668 4817 Μακάριον
1708 4745 1765 4798 δὲ
1806 4746 1884 4815 τῷ
1911 4746 2045 4809 ὄντι,

481 4838 556 4908 μὴ
604 4837 679 4900 ὡς
727 4837 947 4899 οἰκείοις
996 4836 1421 4906 προστετηκέναι
1464 4838 1573 4898 τοῖς
1616 4835 1674 4887 ἐν
1706 4837 1773 4905 τῇ
1802 4837 1871 4905 γῇ

478 4927 699 4989 σπάνιος
725 4926 781 4978 δὲ
810 4929 841 4980 6
858 4925 1096 4990 τοιοῦτος
1116 4967 1132 4990 ,
1178 4929 1207 4980 6
1237 4926 1311 4997 μὴ
1344 4926 1420 4990 ὡς
1444 4925 1592 4988 ἰδίοις
1632 4924 1915 4996 προσέχων
1937 4927 2048 4987 τοῖς

476 5020 740 5091 παροῦσιν
764 5057 779 5073 .
797 5059 812 5070 .
834 5059 850 5072 .
870 5058 887 5073 .
932 5018 1032 5084 Τίς
1057 5015 1173 5074 οὖν
1198 5016 1553 5086 παροικήσει
1581 5018 1650 5071 ἐν
1691 5016 1771 5081 τῷ
1800 5017 2049 5085 σκηνώ-

470 5113 614 5181 ματί
640 5125 789 5175 σονς
820 5111 1091 5181 Σκήνωμα
1129 5108 1223 5162 τοῦ
1253 5109 1385 5162 Θεοῦ
1415 5111 1448 5179 ἡ
1489 5110 1616 5179 παρ’
1647 5107 1808 5161 αὐτοῦ
1836 5108 2052 5179 δεδομέ-

476 5221 541 5273 νη
569 5202 703 5275 σὰρξ
732 5204 799 5274 τῇ
827 5202 922 5254 τοῦ
953 5200 1239 5273 ἀνθρώπου
1275 5200 1420 5271 ψυχῇ
1450 5202 1528 5262 εἰς
1556 5199 1823 5268 ἐνοίκησιν
1850 5199 2049 5270 ὀνομά-

477 5293 629 5357 ζεται
654 5334 666 5347 .
694 5334 707 5348 .
730 5337 744 5349 .
767 5336 782 5350 .
813 5295 955 5348 οὕτω
1004 5295 1097 5348 καὶ
1134 5296 1265 5365 ἡμῖν
1322 5292 1463 5346 κατὰ
1521 5289 1841 5361 συγγραφὴν
1883 5290 1916 5360 ή
1953 5290 2051 5358 τῆς

480 5386 679 5458 σαρκὸς
733 5386 1017 5457 ἐπιμέλεια
1058 5386 1452 5459 παραδέδοται,
1485 5383 1626 5436 ὥστε
1669 5381 2052 5452 προσηκόντως

2151 4472 2203 4526 in
2245 4473 2347 4527 hac
2392 4474 2497 4527 vita
2535 4475 2710 4529 incola
2748 4486 2835 4553 est
2877 4493 2999 4531 cum
3042 4479 3361 4550 alienigenis
3406 4501 3419 4536 :
3454 4482 3507 4536 in
3542 4485 3719 4554 sepul-

2153 4572 2273 4619 tura
2322 4579 2452 4618 vero
2486 4568 2754 4635 propriam
2789 4578 2987 4622 terram
3035 4585 3235 4639 corpus
3277 4587 3430 4626 suum
3466 4585 3722 4642 exceptu-

2154 4672 2270 4712 ram
2296 4656 2397 4712 sibi
2434 4658 2550 4726 ipse
2593 4660 2948 4729 comparavit.
2977 4659 3148 4715 Porro
3174 4662 3386 4715 beatum
3419 4661 3578 4731 plane
3607 4665 3724 4721 fne-

2154 4746 2258 4811 rit,
2285 4748 2449 4802 rebus
2477 4747 2709 4801 terrenis
2738 4762 2842 4801 non
2875 4759 2932 4801 ut
2962 4750 3197 4819 propriis
3226 4750 3496 4806 addictum
3528 4768 3720 4810 esse...

2151 4835 2331 4891 Rarus
2363 4847 2542 4891 autem
2583 4838 2628 4892 is
2659 4846 2760 4903 est,
2809 4840 2898 4908 qui
2943 4842 3296 4909 praesentibus
3339 4859 3456 4899 .nun
3504 4854 3563 4900 ut
3594 4862 3724 4914 prn-

2155 4928 2289 4998 priis
2315 4928 2642 4985 studeat.....
2673 4930 2804 4994 Quis
2830 4932 2992 4999 igitur
3023 4934 3435 5001 peregrinabitur
3462 4936 3517 4989 in
3548 4939 3723 4991 taber-

2156 5021 2344 5074 naculo
2375 5021 2509 5075 tuo?
2532 5021 2959 5076 Tabernaculum
2992 5023 3103 5089 Dei,
3133 5040 3262 5079 caro
3290 5025 3522 5091 dicitur,
3558 5043 3721 5097 quam

2159 5111 2274 5179 ipse
2316 5114 2510 5166 anima:
2565 5113 2798 5166 hominis
2844 5115 2989 5168 dedit
3038 5131 3134 5183 pro
3186 5115 3604 5172 habitatione....
3652 5119 3725 5171 ita

2159 5211 2217 5255 et
2251 5202 2405 5257 nobis
2438 5217 2505 5257 ex
2553 5205 2854 5273 syngrapha
2905 5206 3189 5260 commissa
3239 5214 3321 5260 est
3355 5207 3537 5261 carnis
3570 5221 3724 5274 cura,

2161 5302 2218 5346 ut
2251 5308 2370 5347 eam
2402 5295 2655 5374 decenter
2702 5294 3042 5360 excolentes,
3102 5296 3343 5366 largitori
3392 5298 3725 5354 fruetiferam

2161 5385 2475 5439 reddamus.
2509 5385 2658 5451 Quod
2689 5386 2732 5441 si
2768 5386 2876 5442 Deo
2902 5388 3059 5465 digna
3094 5398 3178 5442 est
3216 5402 3374 5452 caro,
3408 5403 3596 5445 revera
3630 5389 3727 5446 Dei

553 5589 594 5661 {7
622 5589 760 5645 Peril.
794 5590 985 5661 xm}.
1055 5590 1113 5661 κίε,
1128 5588 1290 5644 Hebr.
1322 5607 1418 5655 xu,
1447 5589 1537 5645 22.
1617 5589 1658 5622 ³³
1680 5589 1815 5645 Psal.
1846 5605 1953 5653 xu,
1977 5590 2029 5645 5.

2135 5589 2311 5646 'Psal.
2340 5605 2566 5652 Lxxxm,
2593 5590 2646 5643 2.
2723 5593 2762 5621 ²¹
2793 5592 2949 5647 lCor.
2978 5609 3037 5657 ιι,
3066 5593 3150 5649 16.
3224 5596 3269 5627 ”
3297 5596 3400 5651 lsa.
3424 5610 3616 5661 χχχιιι,
3640 5592 3724 5649 Η.

477 5657 529 5693 ⁸³
556 5657 688 5716 Luc.
727 5676 831 5722 xu,
865 5659 953 5713 ιε.
1026 5660 1073 5690 ’δ
1097 5659 1241 5713 Psal.
1274 5677 1382 5723 xiv,
1413 5662 1465 5714 Δ.
1542 5661 1587 5693 ³⁵
1613 5661 1750 5716 Psal.
1790 5676 2023 5729 xxxvnt,

2212 5663 2257 5695 ’⁵
2286 5661 2420 5716 Gen.
2452 5675 2607 5728 χχιιι,
2641 5660 2723 5715 16.

793 5755 1062 5815 ΡΑτιιοι..
1094 5754 1210 5815 Gn.
1236 5755 1477 5820 XXIX.

3396 5776 3452 5816 ιιι
