  <div class='ocr_page' id='page_1' title='image "/cluster/home/n/w/nwhite01/storage/ocr_20150623/29/mdp.39015012934371/207.png"; bbox 0 0 4094 6220; ppageno 0'>
   <div class='ocr_carea' id='block_1_1' title="bbox 420 252 616 294">
    <p class='ocr_par' dir='ltr' id='par_1_1' title="bbox 420 252 616 294">
     <span class='ocr_line' id='line_1_1' title="bbox 420 252 616 294; baseline -0.01 0"><span class='ocrx_word' id='word_1_1' title='bbox 420 252 616 294; x_wconf 66' lang='lat' dir='ltr'><strong>CXCVIII</strong></span> 
     </span>
    </p>
   </div>
   <div class='ocr_carea' id='block_1_2' title="bbox 1766 234 2301 292">
    <p class='ocr_par' dir='ltr' id='par_1_2' title="bbox 1766 234 2301 292">
     <span class='ocr_line' id='line_1_2' title="bbox 1766 234 2301 292; baseline 0 -1"><span class='ocrx_word' id='word_1_2' title='bbox 1766 234 2301 292; x_wconf 78' lang='lat' dir='ltr'><strong>PROLEGOMENA.</strong></span> 
     </span>
    </p>
   </div>
   <div class='ocr_carea' id='block_1_3' title="bbox 417 346 3656 427">
    <p class='ocr_par' dir='ltr' id='par_1_3' title="bbox 417 346 3656 427">
     <span class='ocr_line' id='line_1_3' title="bbox 417 346 3656 427; baseline 0.002 -17"><span class='ocrx_word' id='word_1_3' title='bbox 417 353 820 414; x_wconf 81' lang='lat' dir='ltr'><strong>tabernaculum</strong></span> <span class='ocrx_word' id='word_1_4' title='bbox 846 352 1091 418; x_wconf 76' lang='lat' dir='ltr'><strong>efﬁcitur,</strong></span> <span class='ocrx_word' id='word_1_5' title='bbox 1121 354 1187 408; x_wconf 90' lang='lat' dir='ltr'><strong>ad</strong></span> <span class='ocrx_word' id='word_1_6' title='bbox 1207 368 1339 410; x_wconf 77' lang='lat' dir='ltr'><strong>eum</strong></span> <span class='ocrx_word' id='word_1_7' title='bbox 1376 360 1616 416; x_wconf 84' lang='lat' dir='ltr'><strong>modum.</strong></span> <span class='ocrx_word' id='word_1_8' title='bbox 1639 369 1746 424; x_wconf 92' lang='lat' dir='ltr'><strong>quo</strong></span> <span class='ocrx_word' id='word_1_9' title='bbox 1770 356 1978 412; x_wconf 89' lang='lat' dir='ltr'><strong>habitat</strong></span> <span class='ocrx_word' id='word_1_10' title='bbox 2004 362 2052 419; x_wconf 81' lang='grc' dir='ltr'><strong>Α</strong></span> <span class='ocrx_word' id='word_1_11' title='bbox 2080 357 2402 424; x_wconf 76' lang='lat' dir='ltr'><strong>falsitatem;</strong></span> <span class='ocrx_word' id='word_1_12' title='bbox 2432 357 2693 413; x_wconf 84' lang='lat' dir='ltr'><strong>addemus</strong></span> <span class='ocrx_word' id='word_1_13' title='bbox 2718 366 2896 413; x_wconf 88' lang='lat' dir='ltr'><strong>tamen</strong></span> <span class='ocrx_word' id='word_1_14' title='bbox 2923 366 2978 413; x_wconf 90' lang='lat' dir='ltr'><strong>et</strong></span> <span class='ocrx_word' id='word_1_15' title='bbox 3003 357 3131 424; x_wconf 89' lang='lat' dir='ltr'><strong>alia,</strong></span> <span class='ocrx_word' id='word_1_16' title='bbox 3156 356 3353 427; x_wconf 87' lang='lat' dir='ltr'><strong>quibus</strong></span> <span class='ocrx_word' id='word_1_17' title='bbox 3379 346 3483 414; x_wconf 88' lang='lat' dir='ltr'><strong>hoc</strong></span> <span class='ocrx_word' id='word_1_18' title='bbox 3511 356 3656 415; x_wconf 80' lang='lat' dir='ltr'><strong>idem</strong></span> 
     </span>
    </p>
   </div>
   <div class='ocr_carea' id='block_1_4' title="bbox 416 443 1983 516">
    <p class='ocr_par' dir='ltr' id='par_1_4' title="bbox 416 443 1983 516">
     <span class='ocr_line' id='line_1_4' title="bbox 416 443 1983 516; baseline -0.001 -14"><span class='ocrx_word' id='word_1_19' title='bbox 416 448 470 502; x_wconf 88' lang='lat' dir='ltr'><strong>in</strong></span> <span class='ocrx_word' id='word_1_20' title='bbox 493 446 809 503; x_wconf 86' lang='lat' dir='ltr'><strong>sanctis.....</strong></span> <span class='ocrx_word' id='word_1_21' title='bbox 827 445 1033 500; x_wconf 82' lang='lat' dir='ltr'><strong>Deinde</strong></span> <span class='ocrx_word' id='word_1_22' title='bbox 1054 443 1326 514; x_wconf 89' lang='lat' dir='ltr'><strong>profectus</strong></span> <span class='ocrx_word' id='word_1_23' title='bbox 1347 445 1564 514; x_wconf 89' lang='lat' dir='ltr'><strong>quidam</strong></span> <span class='ocrx_word' id='word_1_24' title='bbox 1586 446 1643 498; x_wconf 86' lang='lat' dir='ltr'><strong>lit</strong></span> <span class='ocrx_word' id='word_1_25' title='bbox 1660 456 1714 499; x_wconf 88' lang='lat' dir='ltr'><strong>et</strong></span> <span class='ocrx_word' id='word_1_26' title='bbox 1735 461 1983 516; x_wconf 85' lang='lat' dir='ltr'><strong>progres-</strong></span> 
     </span>
    </p>
   </div>
   <div class='ocr_carea' id='block_1_5' title="bbox 417 533 1984 609">
    <p class='ocr_par' dir='ltr' id='par_1_5' title="bbox 417 533 1984 609">
     <span class='ocr_line' id='line_1_5' title="bbox 417 533 1984 609; baseline -0.003 -16"><span class='ocrx_word' id='word_1_27' title='bbox 417 538 498 593; x_wconf 85' lang='lat' dir='ltr'><strong>sio</strong></span> <span class='ocrx_word' id='word_1_28' title='bbox 523 538 587 592; x_wconf 88' lang='lat' dir='ltr'><strong>ad</strong></span> <span class='ocrx_word' id='word_1_29' title='bbox 610 534 1190 609; x_wconf 51' lang='lat' dir='ltr'><strong>quiddantperl&#39;eetitts:</strong></span> <span class='ocrx_word' id='word_1_30' title='bbox 1212 533 1281 588; x_wconf 83' lang='lat' dir='ltr'><strong>Et</strong></span> <span class='ocrx_word' id='word_1_31' title='bbox 1301 536 1418 605; x_wconf 90' lang='lat' dir='ltr'><strong>quis</strong></span> <span class='ocrx_word' id='word_1_32' title='bbox 1443 535 1720 603; x_wconf 83' lang='lat' dir='ltr'><strong>requiescet</strong></span> <span class='ocrx_word' id='word_1_33' title='bbox 1738 536 1795 588; x_wconf 83' lang='lat' dir='ltr'><strong>in</strong></span> <span class='ocrx_word' id='word_1_34' title='bbox 1815 545 1984 589; x_wconf 86' lang='lat' dir='ltr'><strong>monte</strong></span> 
     </span>
    </p>
   </div>
   <div class='ocr_carea' id='block_1_6' title="bbox 417 624 1982 696">
    <p class='ocr_par' dir='ltr' id='par_1_6' title="bbox 417 624 1982 696">
     <span class='ocr_line' id='line_1_6' title="bbox 417 624 1982 696; baseline -0.003 -13"><span class='ocrx_word' id='word_1_35' title='bbox 417 637 599 683; x_wconf 83' lang='lat' dir='ltr'><strong>sancto</strong></span> <span class='ocrx_word' id='word_1_36' title='bbox 626 638 712 681; x_wconf 85' lang='lat' dir='ltr'><strong>tuo</strong></span> <span class='ocrx_word' id='word_1_37' title='bbox 730 627 813 680; x_wconf 71' lang='grc'><strong>’⁷2</strong></span> <span class='ocrx_word' id='word_1_38' title='bbox 839 624 1054 682; x_wconf 61' lang='lat' dir='ltr'><strong>Iudaeus</strong></span> <span class='ocrx_word' id='word_1_39' title='bbox 1079 627 1292 696; x_wconf 83' lang='lat' dir='ltr'><strong>quidem</strong></span> <span class='ocrx_word' id='word_1_40' title='bbox 1316 636 1571 681; x_wconf 90' lang='lat' dir='ltr'><strong>terrester</strong></span> <span class='ocrx_word' id='word_1_41' title='bbox 1600 642 1719 681; x_wconf 91' lang='lat' dir='ltr'><strong>cum</strong></span> <span class='ocrx_word' id='word_1_42' title='bbox 1749 636 1982 682; x_wconf 78' lang='lat' dir='ltr'><strong>montem</strong></span> 
     </span>
    </p>
   </div>
   <div class='ocr_carea' id='block_1_7' title="bbox 414 718 1985 786">
    <p class='ocr_par' dir='ltr' id='par_1_7' title="bbox 414 718 1985 786">
     <span class='ocr_line' id='line_1_7' title="bbox 414 718 1985 786; baseline -0.003 -11"><span class='ocrx_word' id='word_1_43' title='bbox 414 720 586 786; x_wconf 81' lang='lat' dir='ltr'><strong>audit,</strong></span> <span class='ocrx_word' id='word_1_44' title='bbox 623 720 688 773; x_wconf 88' lang='lat' dir='ltr'><strong>ad</strong></span> <span class='ocrx_word' id='word_1_45' title='bbox 735 719 863 772; x_wconf 92' lang='lat' dir='ltr'><strong>Sion</strong></span> <span class='ocrx_word' id='word_1_46' title='bbox 911 721 1258 774; x_wconf 88' lang='lat' dir='ltr'><strong>recurrit.....</strong></span> <span class='ocrx_word' id='word_1_47' title='bbox 1305 718 1456 773; x_wconf 86' lang='lat' dir='ltr'><strong>Mons</strong></span> <span class='ocrx_word' id='word_1_48' title='bbox 1495 718 1582 773; x_wconf 91' lang='lat' dir='ltr'><strong>ille</strong></span> <span class='ocrx_word' id='word_1_49' title='bbox 1615 720 1790 773; x_wconf 92' lang='lat' dir='ltr'><strong>locum</strong></span> <span class='ocrx_word' id='word_1_50' title='bbox 1822 720 1985 773; x_wconf 64' lang='grc' dir='ltr'><strong>(ταξιο-</strong></span> 
     </span>
    </p>
   </div>
   <div class='ocr_carea' id='block_1_8' title="bbox 415 810 1983 885">
    <p class='ocr_par' dir='ltr' id='par_1_8' title="bbox 415 810 1983 885">
     <span class='ocr_line' id='line_1_8' title="bbox 415 810 1983 885; baseline -0.001 -19"><span class='ocrx_word' id='word_1_51' title='bbox 415 811 950 885; x_wconf 55' lang='grc' dir='ltr'><strong>διθηι,,ερῐεηόί(1ιιιιι</strong></span> <span class='ocrx_word' id='word_1_52' title='bbox 982 819 1037 866; x_wconf 90' lang='lat' dir='ltr'><strong>et</strong></span> <span class='ocrx_word' id='word_1_53' title='bbox 1065 810 1413 878; x_wconf 89' lang='lat' dir='ltr'><strong>conspicuum</strong></span> <span class='ocrx_word' id='word_1_54' title='bbox 1462 810 1724 880; x_wconf 78' lang='lat' dir='ltr'><strong>signiﬁcat</strong></span> <span class='ocrx_word' id='word_1_55' title='bbox 1747 849 1762 875; x_wconf 93' lang='lat'><strong>,</strong></span> <span class='ocrx_word' id='word_1_56' title='bbox 1792 810 1857 865; x_wconf 92' lang='lat' dir='ltr'><strong>de</strong></span> <span class='ocrx_word' id='word_1_57' title='bbox 1877 825 1983 879; x_wconf 90' lang='lat' dir='ltr'><strong>quo</strong></span> 
     </span>
    </p>
   </div>
   <div class='ocr_carea' id='block_1_9' title="bbox 413 901 1981 972">
    <p class='ocr_par' dir='ltr' id='par_1_9' title="bbox 413 901 1981 972">
     <span class='ocr_line' id='line_1_9' title="bbox 413 901 1981 972; baseline -0.003 -14"><span class='ocrx_word' id='word_1_58' title='bbox 413 902 700 972; x_wconf 83' lang='lat' dir='ltr'><strong>Apostolus</strong></span> <span class='ocrx_word' id='word_1_59' title='bbox 733 902 810 957; x_wconf 86' lang='lat' dir='ltr'><strong>ait</strong></span> <span class='ocrx_word' id='word_1_60' title='bbox 838 921 852 957; x_wconf 88' lang='lat'><strong>:</strong></span> <span class='ocrx_word' id='word_1_61' title='bbox 886 902 1192 957; x_wconf 83' lang='lat' dir='ltr'><strong>Accessistis</strong></span> <span class='ocrx_word' id='word_1_62' title='bbox 1227 903 1295 956; x_wconf 89' lang='lat' dir='ltr'><strong>ad</strong></span> <span class='ocrx_word' id='word_1_63' title='bbox 1324 901 1450 957; x_wconf 89' lang='lat' dir='ltr'><strong>Sion</strong></span> <span class='ocrx_word' id='word_1_64' title='bbox 1484 913 1730 965; x_wconf 87' lang='lat' dir='ltr'><strong>montem,</strong></span> <span class='ocrx_word' id='word_1_65' title='bbox 1774 911 1822 956; x_wconf 89' lang='lat' dir='ltr'><strong>et</strong></span> <span class='ocrx_word' id='word_1_66' title='bbox 1844 903 1981 955; x_wconf 65' lang='lat' dir='ltr'><strong>&#39;civi-</strong></span> 
     </span>
    </p>
   </div>
   <div class='ocr_carea' id='block_1_10' title="bbox 414 990 1985 1060">
    <p class='ocr_par' dir='ltr' id='par_1_10' title="bbox 414 990 1985 1060">
     <span class='ocr_line' id='line_1_10' title="bbox 414 990 1985 1060; baseline -0.001 -13"><span class='ocrx_word' id='word_1_67' title='bbox 414 1003 571 1047; x_wconf 79' lang='lat' dir='ltr'><strong>tatem</strong></span> <span class='ocrx_word' id='word_1_68' title='bbox 598 992 693 1047; x_wconf 85' lang='lat' dir='ltr'><strong>Dei</strong></span> <span class='ocrx_word' id='word_1_69' title='bbox 721 994 957 1058; x_wconf 82' lang='lat' dir='ltr'><strong>viventis,</strong></span> <span class='ocrx_word' id='word_1_70' title='bbox 983 990 1278 1047; x_wconf 77' lang='lat' dir='ltr'><strong>Jerusalem</strong></span> <span class='ocrx_word' id='word_1_71' title='bbox 1304 991 1605 1046; x_wconf 67' lang='lat' dir='ltr'><strong>calestem“</strong></span> <span class='ocrx_word' id='word_1_72' title='bbox 1633 1008 1643 1037; x_wconf 80' lang='grc' dir='ltr'><strong><em>τ</em></strong></span> <span class='ocrx_word' id='word_1_73' title='bbox 1684 991 1737 1044; x_wconf 89' lang='lat' dir='ltr'><strong>in</strong></span> <span class='ocrx_word' id='word_1_74' title='bbox 1772 1006 1876 1060; x_wconf 90' lang='lat' dir='ltr'><strong>qua</strong></span> <span class='ocrx_word' id='word_1_75' title='bbox 1902 1000 1985 1045; x_wconf 86' lang='lat' dir='ltr'><strong>est</strong></span> 
     </span>
    </p>
   </div>
   <div class='ocr_carea' id='block_1_11' title="bbox 414 1083 1981 1155">
    <p class='ocr_par' dir='ltr' id='par_1_11' title="bbox 414 1083 1981 1155">
     <span class='ocr_line' id='line_1_11' title="bbox 414 1083 1981 1155; baseline -0.003 -13"><span class='ocrx_word' id='word_1_76' title='bbox 414 1086 700 1144; x_wconf 86' lang='lat' dir='ltr'><strong>celebritas</strong></span> <span class='ocrx_word' id='word_1_77' title='bbox 752 1085 1100 1155; x_wconf 74' lang='lat' dir='ltr'><strong>angelorum,</strong></span> <span class='ocrx_word' id='word_1_78' title='bbox 1162 1083 1399 1139; x_wconf 74' lang='lat' dir='ltr'><strong>Ecclesia</strong></span> <span class='ocrx_word' id='word_1_79' title='bbox 1451 1085 1833 1153; x_wconf 78' lang='lat' dir='ltr'><strong>primitivorum</strong></span> <span class='ocrx_word' id='word_1_80' title='bbox 1890 1085 1981 1155; x_wconf 84' lang='lat' dir='ltr'><strong>qui</strong></span> 
     </span>
    </p>
   </div>
   <div class='ocr_carea' id='block_1_12' title="bbox 414 1176 1979 1248">
    <p class='ocr_par' dir='ltr' id='par_1_12' title="bbox 414 1176 1979 1248">
     <span class='ocr_line' id='line_1_12' title="bbox 414 1176 1979 1248; baseline 0 -17"><span class='ocrx_word' id='word_1_81' title='bbox 414 1177 701 1247; x_wconf 83' lang='lat' dir='ltr'><strong>conscripti</strong></span> <span class='ocrx_word' id='word_1_82' title='bbox 721 1188 842 1232; x_wconf 87' lang='lat' dir='ltr'><strong>sunt</strong></span> <span class='ocrx_word' id='word_1_83' title='bbox 880 1179 934 1230; x_wconf 84' lang='lat' dir='ltr'><strong>in</strong></span> <span class='ocrx_word' id='word_1_84' title='bbox 954 1178 1095 1232; x_wconf 73' lang='lat' dir='ltr'><strong>caelis</strong></span> <span class='ocrx_word' id='word_1_85' title='bbox 1117 1177 1184 1233; x_wconf 78' lang='lat'><strong>”.</strong></span> <span class='ocrx_word' id='word_1_86' title='bbox 1217 1176 1506 1248; x_wconf 85' lang='lat' dir='ltr'><strong>Postquam</strong></span> <span class='ocrx_word' id='word_1_87' title='bbox 1533 1178 1696 1248; x_wconf 79' lang='lat' dir='ltr'><strong>igitur</strong></span> <span class='ocrx_word' id='word_1_88' title='bbox 1716 1178 1979 1248; x_wconf 84' lang='lat' dir='ltr'><strong>quispiam</strong></span> 
     </span>
    </p>
   </div>
   <div class='ocr_carea' id='block_1_13' title="bbox 412 1267 1982 1339">
    <p class='ocr_par' dir='ltr' id='par_1_13' title="bbox 412 1267 1982 1339">
     <span class='ocr_line' id='line_1_13' title="bbox 412 1267 1982 1339; baseline 0.001 -16"><span class='ocrx_word' id='word_1_89' title='bbox 412 1269 516 1323; x_wconf 86' lang='lat' dir='ltr'><strong>bac</strong></span> <span class='ocrx_word' id='word_1_90' title='bbox 556 1283 721 1324; x_wconf 89' lang='lat' dir='ltr'><strong>carne</strong></span> <span class='ocrx_word' id='word_1_91' title='bbox 748 1269 905 1339; x_wconf 90' lang='lat' dir='ltr'><strong>quasi</strong></span> <span class='ocrx_word' id='word_1_92' title='bbox 946 1267 999 1323; x_wconf 94' lang='lat' dir='ltr'><strong>in</strong></span> <span class='ocrx_word' id='word_1_93' title='bbox 1030 1276 1340 1325; x_wconf 87' lang='lat' dir='ltr'><strong>transcursu</strong></span> <span class='ocrx_word' id='word_1_94' title='bbox 1370 1269 1507 1325; x_wconf 91' lang='lat' dir='ltr'><strong>citra</strong></span> <span class='ocrx_word' id='word_1_95' title='bbox 1554 1269 1802 1324; x_wconf 76' lang='lat' dir='ltr'><strong>affectum</strong></span> <span class='ocrx_word' id='word_1_96' title='bbox 1853 1284 1982 1325; x_wconf 92' lang='lat' dir='ltr'><strong>usus</strong></span> 
     </span>
    </p>
   </div>
   <div class='ocr_carea' id='block_1_14' title="bbox 412 1358 1993 1431">
    <p class='ocr_par' dir='ltr' id='par_1_14' title="bbox 412 1358 1993 1431">
     <span class='ocr_line' id='line_1_14' title="bbox 412 1358 1993 1431; baseline 0.001 -17"><span class='ocrx_word' id='word_1_97' title='bbox 412 1368 520 1425; x_wconf 85' lang='lat' dir='ltr'><strong>est,</strong></span> <span class='ocrx_word' id='word_1_98' title='bbox 547 1374 666 1415; x_wconf 88' lang='lat' dir='ltr'><strong>eam</strong></span> <span class='ocrx_word' id='word_1_99' title='bbox 695 1368 756 1414; x_wconf 93' lang='lat' dir='ltr'><strong>ut</strong></span> <span class='ocrx_word' id='word_1_100' title='bbox 784 1358 1013 1415; x_wconf 91' lang='lat' dir='ltr'><strong>alienam</strong></span> <span class='ocrx_word' id='word_1_101' title='bbox 1045 1359 1303 1426; x_wconf 86' lang='lat' dir='ltr'><strong>incolens,</strong></span> <span class='ocrx_word' id='word_1_102' title='bbox 1330 1375 1430 1416; x_wconf 90' lang='lat' dir='ltr'><strong>nec</strong></span> <span class='ocrx_word' id='word_1_103' title='bbox 1455 1361 1503 1415; x_wconf 89' lang='lat' dir='ltr'><strong>ei</strong></span> <span class='ocrx_word' id='word_1_104' title='bbox 1543 1368 1599 1414; x_wconf 92' lang='lat' dir='ltr'><strong>ut</strong></span> <span class='ocrx_word' id='word_1_105' title='bbox 1623 1361 1853 1431; x_wconf 64' lang='lat' dir='ltr'><strong>prepria:</strong></span> <span class='ocrx_word' id='word_1_106' title='bbox 1878 1362 1993 1416; x_wconf 86' lang='lat' dir='ltr'><strong>de-.</strong></span> 
     </span>
    </p>
   </div>
   <div class='ocr_carea' id='block_1_15' title="bbox 412 1442 1983 1523">
    <p class='ocr_par' dir='ltr' id='par_1_15' title="bbox 412 1442 1983 1523">
     <span class='ocr_line' id='line_1_15' title="bbox 412 1442 1983 1523; baseline 0 -19"><span class='ocrx_word' id='word_1_107' title='bbox 412 1442 577 1514; x_wconf 77' lang='lat' dir='ltr'><strong>ditus,</strong></span> <span class='ocrx_word' id='word_1_108' title='bbox 606 1450 651 1505; x_wconf 95' lang='lat' dir='ltr'><strong>is</strong></span> <span class='ocrx_word' id='word_1_109' title='bbox 701 1460 982 1523; x_wconf 87' lang='lat' dir='ltr'><strong>propterea</strong></span> <span class='ocrx_word' id='word_1_110' title='bbox 1034 1450 1175 1519; x_wconf 90' lang='lat' dir='ltr'><strong>quod</strong></span> <span class='ocrx_word' id='word_1_111' title='bbox 1225 1465 1323 1506; x_wconf 89' lang='lat' dir='ltr'><strong>sua</strong></span> <span class='ocrx_word' id='word_1_112' title='bbox 1373 1450 1634 1514; x_wconf 84' lang='lat' dir='ltr'><strong>membra,</strong></span> <span class='ocrx_word' id='word_1_113' title='bbox 1686 1465 1805 1519; x_wconf 74' lang='lat' dir='ltr'><strong>quae</strong></span> <span class='ocrx_word' id='word_1_114' title='bbox 1855 1458 1983 1505; x_wconf 92' lang='lat' dir='ltr'><strong>sunt</strong></span> 
     </span>
    </p>
   </div>
   <div class='ocr_carea' id='block_1_16' title="bbox 412 1540 1982 1621">
    <p class='ocr_par' dir='ltr' id='par_1_16' title="bbox 412 1540 1982 1621">
     <span class='ocr_line' id='line_1_16' title="bbox 412 1540 1982 1621; baseline -0.002 -23"><span class='ocrx_word' id='word_1_115' title='bbox 412 1550 828 1621; x_wconf 21' lang='lat' dir='ltr'><strong>supra‘terram,</strong></span> <span class='ocrx_word' id='word_1_116' title='bbox 879 1540 1247 1608; x_wconf 85' lang='lat' dir='ltr'><strong>mortificavit,</strong></span> <span class='ocrx_word' id='word_1_117' title='bbox 1293 1542 1644 1611; x_wconf 85' lang='lat' dir='ltr'><strong>exercuitque</strong></span> <span class='ocrx_word' id='word_1_118' title='bbox 1689 1542 1982 1597; x_wconf 85' lang='lat' dir='ltr'><strong>sanctimo-</strong></span> 
     </span>
    </p>
   </div>
   <div class='ocr_carea' id='block_1_17' title="bbox 409 1634 1978 1703">
    <p class='ocr_par' dir='ltr' id='par_1_17' title="bbox 409 1634 1978 1703">
     <span class='ocr_line' id='line_1_17' title="bbox 409 1634 1978 1703; baseline -0.001 -16"><span class='ocrx_word' id='word_1_119' title='bbox 409 1635 583 1698; x_wconf 86' lang='lat' dir='ltr'><strong>niam,</strong></span> <span class='ocrx_word' id='word_1_120' title='bbox 606 1634 803 1702; x_wconf 87' lang='lat' dir='ltr'><strong>dignus</strong></span> <span class='ocrx_word' id='word_1_121' title='bbox 839 1642 923 1688; x_wconf 84' lang='lat' dir='ltr'><strong>est</strong></span> <span class='ocrx_word' id='word_1_122' title='bbox 957 1634 1050 1703; x_wconf 85' lang='lat' dir='ltr'><strong>qui</strong></span> <span class='ocrx_word' id='word_1_123' title='bbox 1091 1635 1144 1689; x_wconf 93' lang='lat' dir='ltr'><strong>in</strong></span> <span class='ocrx_word' id='word_1_124' title='bbox 1192 1645 1373 1689; x_wconf 91' lang='lat' dir='ltr'><strong>monte</strong></span> <span class='ocrx_word' id='word_1_125' title='bbox 1410 1643 1596 1689; x_wconf 87' lang='lat' dir='ltr'><strong>sancto</strong></span> <span class='ocrx_word' id='word_1_126' title='bbox 1655 1634 1978 1701; x_wconf 88' lang='lat' dir='ltr'><strong>requiescat,</strong></span> 
     </span>
    </p>
   </div>
   <div class='ocr_carea' id='block_1_18' title="bbox 411 1722 1981 1803">
    <p class='ocr_par' dir='ltr' id='par_1_18' title="bbox 411 1722 1981 1803">
     <span class='ocr_line' id='line_1_18' title="bbox 411 1722 1981 1803; baseline -0.004 -20"><span class='ocrx_word' id='word_1_127' title='bbox 411 1726 568 1796; x_wconf 81' lang='lat' dir='ltr'><strong>cujus</strong></span> <span class='ocrx_word' id='word_1_128' title='bbox 590 1724 804 1803; x_wconf 70' lang='lat' dir='ltr'><strong>requiei</strong></span> <span class='ocrx_word' id='word_1_129' title='bbox 844 1726 1069 1796; x_wconf 90' lang='lat' dir='ltr'><strong>cupidus</strong></span> <span class='ocrx_word' id='word_1_130' title='bbox 1113 1724 1401 1779; x_wconf 86' lang='lat' dir='ltr'><strong>Psalmista</strong></span> <span class='ocrx_word' id='word_1_131' title='bbox 1437 1724 1649 1779; x_wconf 87' lang='lat' dir='ltr'><strong>dicebat</strong></span> <span class='ocrx_word' id='word_1_132' title='bbox 1680 1740 1695 1775; x_wconf 87' lang='lat'><strong>:</strong></span> <span class='ocrx_word' id='word_1_133' title='bbox 1727 1722 1981 1778; x_wconf 74' lang='lat' dir='ltr'><strong>Transibo</strong></span> 
     </span>
    </p>
   </div>
   <div class='ocr_carea' id='block_1_19' title="bbox 408 1814 1983 1893">
    <p class='ocr_par' dir='ltr' id='par_1_19' title="bbox 408 1814 1983 1893">
     <span class='ocr_line' id='line_1_19' title="bbox 408 1814 1983 1893; baseline -0.003 -20"><span class='ocrx_word' id='word_1_134' title='bbox 408 1820 467 1873; x_wconf 78' lang='lat' dir='ltr'><strong>in</strong></span> <span class='ocrx_word' id='word_1_135' title='bbox 494 1819 665 1873; x_wconf 83' lang='lat' dir='ltr'><strong>locum</strong></span> <span class='ocrx_word' id='word_1_136' title='bbox 688 1817 1011 1893; x_wconf 82' lang='lat' dir='ltr'><strong>tabernaculi</strong></span> <span class='ocrx_word' id='word_1_137' title='bbox 1034 1818 1361 1871; x_wconf 87' lang='lat' dir='ltr'><strong>admirabilis</strong></span> <span class='ocrx_word' id='word_1_138' title='bbox 1378 1817 1456 1870; x_wconf 75' lang='lat'><strong>&#39;°:</strong></span> <span class='ocrx_word' id='word_1_139' title='bbox 1483 1825 1556 1880; x_wconf 91' lang='lat' dir='ltr'><strong>et,</strong></span> <span class='ocrx_word' id='word_1_140' title='bbox 1596 1814 1767 1883; x_wconf 85' lang='lat' dir='ltr'><strong>Quam</strong></span> <span class='ocrx_word' id='word_1_141' title='bbox 1794 1816 1983 1869; x_wconf 88' lang='lat' dir='ltr'><strong>dilecta</strong></span> 
     </span>
    </p>
   </div>
   <div class='ocr_carea' id='block_1_20' title="bbox 410 1908 1981 1976">
    <p class='ocr_par' dir='ltr' id='par_1_20' title="bbox 410 1908 1981 1976">
     <span class='ocr_line' id='line_1_20' title="bbox 410 1908 1981 1976; baseline -0.003 -10"><span class='ocrx_word' id='word_1_142' title='bbox 410 1911 748 1966; x_wconf 80' lang='lat' dir='ltr'><strong>tabernacula</strong></span> <span class='ocrx_word' id='word_1_143' title='bbox 790 1917 904 1976; x_wconf 85' lang='lat' dir='ltr'><strong>tua,</strong></span> <span class='ocrx_word' id='word_1_144' title='bbox 943 1909 1160 1963; x_wconf 88' lang='lat' dir='ltr'><strong>Domine</strong></span> <span class='ocrx_word' id='word_1_145' title='bbox 1200 1908 1549 1963; x_wconf 79' lang='lat' dir='ltr'><strong>uirtutum&quot;!</strong></span> <span class='ocrx_word' id='word_1_146' title='bbox 1587 1908 1762 1962; x_wconf 81' lang='lat' dir='ltr'><strong>Rarus</strong></span> <span class='ocrx_word' id='word_1_147' title='bbox 1800 1916 1981 1961; x_wconf 89' lang='lat' dir='ltr'><strong>autem</strong></span> 
     </span>
    </p>
   </div>
   <div class='ocr_carea' id='block_1_21' title="bbox 409 1998 1982 2075">
    <p class='ocr_par' dir='ltr' id='par_1_21' title="bbox 409 1998 1982 2075">
     <span class='ocr_line' id='line_1_21' title="bbox 409 1998 1982 2075; baseline -0.003 -15"><span class='ocrx_word' id='word_1_148' title='bbox 409 2015 493 2061; x_wconf 85' lang='lat' dir='ltr'><strong>est</strong></span> <span class='ocrx_word' id='word_1_149' title='bbox 525 2012 581 2060; x_wconf 87' lang='lat' dir='ltr'><strong>et</strong></span> <span class='ocrx_word' id='word_1_150' title='bbox 609 2004 701 2075; x_wconf 91' lang='lat' dir='ltr'><strong>qui</strong></span> <span class='ocrx_word' id='word_1_151' title='bbox 730 2004 782 2059; x_wconf 90' lang='lat' dir='ltr'><strong>in</strong></span> <span class='ocrx_word' id='word_1_152' title='bbox 814 2017 1042 2072; x_wconf 89' lang='lat' dir='ltr'><strong>corpore</strong></span> <span class='ocrx_word' id='word_1_153' title='bbox 1074 2013 1325 2073; x_wconf 85' lang='lat' dir='ltr'><strong>tanquam</strong></span> <span class='ocrx_word' id='word_1_154' title='bbox 1359 2001 1532 2057; x_wconf 89' lang='lat' dir='ltr'><strong>incola</strong></span> <span class='ocrx_word' id='word_1_155' title='bbox 1558 2001 1786 2066; x_wconf 88' lang='lat' dir='ltr'><strong>habitat,</strong></span> <span class='ocrx_word' id='word_1_156' title='bbox 1811 2008 1868 2055; x_wconf 90' lang='lat' dir='ltr'><strong>et</strong></span> <span class='ocrx_word' id='word_1_157' title='bbox 1889 1998 1982 2069; x_wconf 88' lang='lat' dir='ltr'><strong>qui</strong></span> 
     </span>
    </p>
   </div>
   <div class='ocr_carea' id='block_1_22' title="bbox 409 2092 1981 2164">
    <p class='ocr_par' dir='ltr' id='par_1_22' title="bbox 409 2092 1981 2164">
     <span class='ocr_line' id='line_1_22' title="bbox 409 2092 1981 2164; baseline -0.003 -14"><span class='ocrx_word' id='word_1_158' title='bbox 409 2096 465 2152; x_wconf 90' lang='lat' dir='ltr'><strong>in</strong></span> <span class='ocrx_word' id='word_1_159' title='bbox 502 2095 1033 2164; x_wconf 48' lang='lat' dir='ltr'><strong>monte’requiescit.</strong></span> <span class='ocrx_word' id='word_1_160' title='bbox 1067 2093 1357 2162; x_wconf 86' lang='lat' dir='ltr'><strong>Propterea</strong></span> <span class='ocrx_word' id='word_1_161' title='bbox 1389 2093 1704 2164; x_wconf 87' lang='lat' dir='ltr'><strong>Scriptura,</strong></span> <span class='ocrx_word' id='word_1_162' title='bbox 1738 2102 1797 2147; x_wconf 94' lang='lat' dir='ltr'><strong>ut</strong></span> <span class='ocrx_word' id='word_1_163' title='bbox 1823 2092 1981 2147; x_wconf 88' lang='lat' dir='ltr'><strong>dubi-</strong></span> 
     </span>
    </p>
   </div>
   <div class='ocr_carea' id='block_1_23' title="bbox 411 2184 1983 2256">
    <p class='ocr_par' dir='ltr' id='par_1_23' title="bbox 411 2184 1983 2256">
     <span class='ocr_line' id='line_1_23' title="bbox 411 2184 1983 2256; baseline -0.003 -13"><span class='ocrx_word' id='word_1_164' title='bbox 411 2199 554 2256; x_wconf 81' lang='lat' dir='ltr'><strong>tans,</strong></span> <span class='ocrx_word' id='word_1_165' title='bbox 582 2188 656 2243; x_wconf 86' lang='lat' dir='ltr'><strong>ait</strong></span> <span class='ocrx_word' id='word_1_166' title='bbox 699 2206 713 2243; x_wconf 92' lang='lat'><strong>:</strong></span> <span class='ocrx_word' id='word_1_167' title='bbox 757 2187 888 2252; x_wconf 85' lang='lat' dir='ltr'><strong>Quis</strong></span> <span class='ocrx_word' id='word_1_168' title='bbox 920 2186 1375 2256; x_wconf 79' lang='lat' dir='ltr'><strong>peregrinabitur?</strong></span> <span class='ocrx_word' id='word_1_169' title='bbox 1411 2195 1466 2241; x_wconf 89' lang='lat' dir='ltr'><strong>et</strong></span> <span class='ocrx_word' id='word_1_170' title='bbox 1492 2186 1625 2251; x_wconf 88' lang='lat' dir='ltr'><strong>Quis</strong></span> <span class='ocrx_word' id='word_1_171' title='bbox 1662 2184 1983 2255; x_wconf 77' lang='lat' dir='ltr'><strong>requiescet?</strong></span> 
     </span>
    </p>
   </div>
   <div class='ocr_carea' id='block_1_24' title="bbox 407 2274 1982 2349">
    <p class='ocr_par' dir='ltr' id='par_1_24' title="bbox 407 2274 1982 2349">
     <span class='ocr_line' id='line_1_24' title="bbox 407 2274 1982 2349; baseline -0.003 -14"><span class='ocrx_word' id='word_1_172' title='bbox 407 2279 872 2349; x_wconf 86' lang='lat' dir='ltr'><strong>Quemadmodum</strong></span> <span class='ocrx_word' id='word_1_173' title='bbox 910 2278 1042 2333; x_wconf 85' lang='lat' dir='ltr'><strong>illud</strong></span> <span class='ocrx_word' id='word_1_174' title='bbox 1090 2294 1106 2331; x_wconf 87' lang='lat'><strong>:</strong></span> <span class='ocrx_word' id='word_1_175' title='bbox 1156 2277 1288 2344; x_wconf 84' lang='lat' dir='ltr'><strong>Quis</strong></span> <span class='ocrx_word' id='word_1_176' title='bbox 1331 2279 1567 2348; x_wconf 82' lang='lat' dir='ltr'><strong>cognovit</strong></span> <span class='ocrx_word' id='word_1_177' title='bbox 1608 2287 1829 2331; x_wconf 86' lang='lat' dir='ltr'><strong>mentem</strong></span> <span class='ocrx_word' id='word_1_178' title='bbox 1873 2274 1982 2329; x_wconf 87' lang='lat' dir='ltr'><strong>Do-</strong></span> 
     </span>
    </p>
   </div>
   <div class='ocr_carea' id='block_1_25' title="bbox 407 2360 1981 2438">
    <p class='ocr_par' dir='ltr' id='par_1_25' title="bbox 407 2360 1981 2438">
     <span class='ocr_line' id='line_1_25' title="bbox 407 2360 1981 2438; baseline -0.003 -13"><span class='ocrx_word' id='word_1_179' title='bbox 407 2370 642 2426; x_wconf 74' lang='lat' dir='ltr'><strong>mini&quot;?</strong></span> <span class='ocrx_word' id='word_1_180' title='bbox 690 2369 821 2426; x_wconf 89' lang='lat' dir='ltr'><strong>Item</strong></span> <span class='ocrx_word' id='word_1_181' title='bbox 879 2369 1009 2424; x_wconf 87' lang='lat' dir='ltr'><strong>illud</strong></span> <span class='ocrx_word' id='word_1_182' title='bbox 1043 2360 1229 2435; x_wconf 32' lang='lat' dir='ltr'><strong>:‘Quis</strong></span> <span class='ocrx_word' id='word_1_183' title='bbox 1271 2368 1604 2423; x_wconf 86' lang='lat' dir='ltr'><strong>annuntiabit</strong></span> <span class='ocrx_word' id='word_1_184' title='bbox 1648 2369 1791 2423; x_wconf 79' lang='lat' dir='ltr'><strong>vobis</strong></span> <span class='ocrx_word' id='word_1_185' title='bbox 1840 2367 1981 2438; x_wconf 83' lang='lat' dir='ltr'><strong>quod</strong></span> 
     </span>
    </p>
   </div>
   <div class='ocr_carea' id='block_1_26' title="bbox 405 2459 1981 2532">
    <p class='ocr_par' dir='ltr' id='par_1_26' title="bbox 405 2459 1981 2532">
     <span class='ocr_line' id='line_1_26' title="bbox 405 2459 1981 2532; baseline -0.003 -14"><span class='ocrx_word' id='word_1_186' title='bbox 405 2463 545 2532; x_wconf 82' lang='lat' dir='ltr'><strong>ignis</strong></span> <span class='ocrx_word' id='word_1_187' title='bbox 566 2461 811 2518; x_wconf 79' lang='lat' dir='ltr'><strong>ardet”?</strong></span> <span class='ocrx_word' id='word_1_188' title='bbox 836 2471 890 2516; x_wconf 90' lang='lat' dir='ltr'><strong>et</strong></span> <span class='ocrx_word' id='word_1_189' title='bbox 924 2461 1051 2516; x_wconf 92' lang='lat' dir='ltr'><strong>illud</strong></span> <span class='ocrx_word' id='word_1_190' title='bbox 1066 2480 1090 2516; x_wconf 62' lang='lat'><strong>.:</strong></span> <span class='ocrx_word' id='word_1_191' title='bbox 1123 2459 1255 2526; x_wconf 84' lang='lat' dir='ltr'><strong>Quis</strong></span> <span class='ocrx_word' id='word_1_192' title='bbox 1287 2460 1624 2514; x_wconf 83' lang='lat' dir='ltr'><strong>annuntiabit</strong></span> <span class='ocrx_word' id='word_1_193' title='bbox 1644 2460 1787 2515; x_wconf 85' lang='lat' dir='ltr'><strong>vobis</strong></span> <span class='ocrx_word' id='word_1_194' title='bbox 1809 2460 1981 2514; x_wconf 84' lang='lat' dir='ltr'><strong>locum</strong></span> 
     </span>
    </p>
   </div>
   <div class='ocr_carea' id='block_1_27' title="bbox 409 2551 1980 2623">
    <p class='ocr_par' dir='ltr' id='par_1_27' title="bbox 409 2551 1980 2623">
     <span class='ocr_line' id='line_1_27' title="bbox 409 2551 1980 2623; baseline -0.002 -14"><span class='ocrx_word' id='word_1_195' title='bbox 409 2553 766 2609; x_wconf 69' lang='lat' dir='ltr'><strong>internum“?</strong></span> <span class='ocrx_word' id='word_1_196' title='bbox 788 2561 862 2618; x_wconf 91' lang='lat' dir='ltr'><strong>et,</strong></span> <span class='ocrx_word' id='word_1_197' title='bbox 905 2551 1064 2619; x_wconf 87' lang='lat' dir='ltr'><strong>Quis,</strong></span> <span class='ocrx_word' id='word_1_198' title='bbox 1099 2561 1287 2623; x_wconf 86' lang='lat' dir='ltr'><strong>putas,</strong></span> <span class='ocrx_word' id='word_1_199' title='bbox 1334 2552 1506 2623; x_wconf 79' lang='lat' dir='ltr'><strong>ﬁdelis</strong></span> <span class='ocrx_word' id='word_1_200' title='bbox 1541 2562 1616 2607; x_wconf 87' lang='lat' dir='ltr'><strong>est</strong></span> <span class='ocrx_word' id='word_1_201' title='bbox 1650 2563 1698 2606; x_wconf 87' lang='lat' dir='ltr'><strong>et</strong></span> <span class='ocrx_word' id='word_1_202' title='bbox 1751 2554 1980 2622; x_wconf 77' lang='lat' dir='ltr'><strong>prudens</strong></span> 
     </span>
    </p>
   </div>
   <div class='ocr_carea' id='block_1_28' title="bbox 408 2639 1982 2712">
    <p class='ocr_par' dir='ltr' id='par_1_28' title="bbox 408 2639 1982 2712">
     <span class='ocr_line' id='line_1_28' title="bbox 408 2639 1982 2712; baseline 0.001 -18"><span class='ocrx_word' id='word_1_203' title='bbox 408 2640 738 2712; x_wconf 86' lang='lat' dir='ltr'><strong>dispensator</strong></span> <span class='ocrx_word' id='word_1_204' title='bbox 754 2640 800 2674; x_wconf 86' lang='grc'><strong>³³</strong></span> <span class='ocrx_word' id='word_1_205' title='bbox 821 2641 845 2694; x_wconf 75' lang='lat' dir='ltr'><strong>‘t</strong></span> <span class='ocrx_word' id='word_1_206' title='bbox 870 2639 1126 2697; x_wconf 83' lang='lat' dir='ltr'><strong>Fortasse</strong></span> <span class='ocrx_word' id='word_1_207' title='bbox 1153 2650 1331 2696; x_wconf 90' lang='lat' dir='ltr'><strong>autem</strong></span> <span class='ocrx_word' id='word_1_208' title='bbox 1361 2650 1415 2697; x_wconf 91' lang='lat' dir='ltr'><strong>et</strong></span> <span class='ocrx_word' id='word_1_209' title='bbox 1435 2641 1588 2707; x_wconf 87' lang='lat' dir='ltr'><strong>illud,</strong></span> <span class='ocrx_word' id='word_1_210' title='bbox 1627 2640 1781 2707; x_wconf 84' lang='lat' dir='ltr'><strong>Quis,</strong></span> <span class='ocrx_word' id='word_1_211' title='bbox 1814 2642 1982 2696; x_wconf 86' lang='lat' dir='ltr'><strong>inter-</strong></span> 
     </span>
    </p>
   </div>
   <div class='ocr_carea' id='block_1_29' title="bbox 407 2728 1975 2803">
    <p class='ocr_par' dir='ltr' id='par_1_29' title="bbox 407 2728 1975 2803">
     <span class='ocr_line' id='line_1_29' title="bbox 407 2728 1975 2803; baseline -0.001 -17"><span class='ocrx_word' id='word_1_212' title='bbox 407 2731 652 2803; x_wconf 90' lang='lat' dir='ltr'><strong>rogative</strong></span> <span class='ocrx_word' id='word_1_213' title='bbox 716 2728 912 2786; x_wconf 91' lang='lat' dir='ltr'><strong>dicitur</strong></span> <span class='ocrx_word' id='word_1_214' title='bbox 962 2729 1116 2800; x_wconf 88' lang='lat' dir='ltr'><strong>quasi</strong></span> <span class='ocrx_word' id='word_1_215' title='bbox 1173 2730 1483 2799; x_wconf 83' lang='lat' dir='ltr'><strong>exquireret</strong></span> <span class='ocrx_word' id='word_1_216' title='bbox 1544 2744 1975 2800; x_wconf 81' lang='lat' dir='ltr'><strong>rcsponsum.:...</strong></span> 
     </span>
    </p>
   </div>
   <div class='ocr_carea' id='block_1_30' title="bbox 407 2819 1978 2892">
    <p class='ocr_par' dir='ltr' id='par_1_30' title="bbox 407 2819 1978 2892">
     <span class='ocr_line' id='line_1_30' title="bbox 407 2819 1978 2892; baseline -0.001 -14"><span class='ocrx_word' id='word_1_217' title='bbox 407 2820 527 2879; x_wconf 83' lang='lat' dir='ltr'><strong>Non</strong></span> <span class='ocrx_word' id='word_1_218' title='bbox 560 2822 705 2880; x_wconf 82' lang='lat' dir='ltr'><strong>enim</strong></span> <span class='ocrx_word' id='word_1_219' title='bbox 733 2821 876 2877; x_wconf 74' lang='lat' dir='ltr'><strong>actio</strong></span> <span class='ocrx_word' id='word_1_220' title='bbox 904 2836 1007 2876; x_wconf 88' lang='lat' dir='ltr'><strong>una</strong></span> <span class='ocrx_word' id='word_1_221' title='bbox 1036 2822 1212 2876; x_wconf 86' lang='lat' dir='ltr'><strong>virum</strong></span> <span class='ocrx_word' id='word_1_222' title='bbox 1236 2820 1461 2892; x_wconf 90' lang='lat' dir='ltr'><strong>probum</strong></span> <span class='ocrx_word' id='word_1_223' title='bbox 1487 2819 1667 2886; x_wconf 72' lang='lat' dir='ltr'><strong>eﬂicit,</strong></span> <span class='ocrx_word' id='word_1_224' title='bbox 1696 2821 1790 2876; x_wconf 89' lang='lat' dir='ltr'><strong>sed</strong></span> <span class='ocrx_word' id='word_1_225' title='bbox 1817 2834 1978 2890; x_wconf 89' lang='lat' dir='ltr'><strong>opera</strong></span> 
     </span>
    </p>
   </div>
   <div class='ocr_carea' id='block_1_31' title="bbox 408 2910 1982 2982">
    <p class='ocr_par' dir='ltr' id='par_1_31' title="bbox 408 2910 1982 2982">
     <span class='ocr_line' id='line_1_31' title="bbox 408 2910 1982 2982; baseline -0.001 -12"><span class='ocrx_word' id='word_1_226' title='bbox 408 2915 629 2971; x_wconf 77' lang='lat' dir='ltr'><strong>virtutis</strong></span> <span class='ocrx_word' id='word_1_227' title='bbox 678 2911 892 2969; x_wconf 77' lang='lat' dir='ltr'><strong>extendi</strong></span> <span class='ocrx_word' id='word_1_228' title='bbox 939 2919 1153 2982; x_wconf 87' lang='lat' dir='ltr'><strong>oportet</strong></span> <span class='ocrx_word' id='word_1_229' title='bbox 1197 2912 1265 2967; x_wconf 93' lang='lat' dir='ltr'><strong>ad</strong></span> <span class='ocrx_word' id='word_1_230' title='bbox 1315 2912 1480 2968; x_wconf 89' lang='lat' dir='ltr'><strong>vitam</strong></span> <span class='ocrx_word' id='word_1_231' title='bbox 1523 2925 1761 2969; x_wconf 89' lang='lat' dir='ltr'><strong>omnem.</strong></span> <span class='ocrx_word' id='word_1_232' title='bbox 1801 2931 1820 2965; x_wconf 79' lang='grc' dir='ltr'><strong>ι</strong></span> <span class='ocrx_word' id='word_1_233' title='bbox 1856 2910 1982 2968; x_wconf 67' lang='lat' dir='ltr'><strong>Haec</strong></span> 
     </span>
    </p>
   </div>
   <div class='ocr_carea' id='block_1_32' title="bbox 407 3003 1980 3078">
    <p class='ocr_par' dir='ltr' id='par_1_32' title="bbox 407 3003 1980 3078">
     <span class='ocr_line' id='line_1_32' title="bbox 407 3003 1980 3078; baseline -0.004 -14"><span class='ocrx_word' id='word_1_234' title='bbox 407 3009 511 3064; x_wconf 84' lang='lat' dir='ltr'><strong>etsi</strong></span> <span class='ocrx_word' id='word_1_235' title='bbox 542 3007 803 3078; x_wconf 76' lang='lat' dir='ltr'><strong>longiora,</strong></span> <span class='ocrx_word' id='word_1_236' title='bbox 843 3003 1154 3060; x_wconf 79' lang='lat' dir='ltr'><strong>exscribere</strong></span> <span class='ocrx_word' id='word_1_237' title='bbox 1193 3003 1367 3058; x_wconf 89' lang='lat' dir='ltr'><strong>visum</strong></span> <span class='ocrx_word' id='word_1_238' title='bbox 1395 3011 1499 3070; x_wconf 90' lang='lat' dir='ltr'><strong>est,</strong></span> <span class='ocrx_word' id='word_1_239' title='bbox 1529 3019 1636 3074; x_wconf 92' lang='lat' dir='ltr'><strong>quo</strong></span> <span class='ocrx_word' id='word_1_240' title='bbox 1674 3003 1817 3058; x_wconf 88' lang='lat' dir='ltr'><strong>furta</strong></span> <span class='ocrx_word' id='word_1_241' title='bbox 1858 3018 1980 3074; x_wconf 72' lang='lat' dir='ltr'><strong>qua:</strong></span> 
     </span>
    </p>
   </div>
   <div class='ocr_carea' id='block_1_33' title="bbox 407 3094 1980 3172">
    <p class='ocr_par' dir='ltr' id='par_1_33' title="bbox 407 3094 1980 3172">
     <span class='ocr_line' id='line_1_33' title="bbox 407 3094 1980 3172; baseline -0.003 -16"><span class='ocrx_word' id='word_1_242' title='bbox 407 3100 643 3172; x_wconf 85' lang='lat' dir='ltr'><strong>scriptor</strong></span> <span class='ocrx_word' id='word_1_243' title='bbox 687 3105 870 3153; x_wconf 88' lang='lat' dir='ltr'><strong>noster</strong></span> <span class='ocrx_word' id='word_1_244' title='bbox 907 3095 1064 3166; x_wconf 88' lang='lat' dir='ltr'><strong>longa</strong></span> <span class='ocrx_word' id='word_1_245' title='bbox 1101 3094 1388 3151; x_wconf 85' lang='lat' dir='ltr'><strong>verborum</strong></span> <span class='ocrx_word' id='word_1_246' title='bbox 1433 3095 1754 3151; x_wconf 90' lang='lat' dir='ltr'><strong>circuitione</strong></span> <span class='ocrx_word' id='word_1_247' title='bbox 1797 3095 1980 3151; x_wconf 87' lang='lat' dir='ltr'><strong>occul-</strong></span> 
     </span>
    </p>
   </div>
   <div class='ocr_carea' id='block_1_34' title="bbox 409 3186 1976 3258">
    <p class='ocr_par' dir='ltr' id='par_1_34' title="bbox 409 3186 1976 3258">
     <span class='ocr_line' id='line_1_34' title="bbox 409 3186 1976 3258; baseline -0.002 -12"><span class='ocrx_word' id='word_1_248' title='bbox 409 3203 525 3257; x_wconf 81' lang='lat' dir='ltr'><strong>tare</strong></span> <span class='ocrx_word' id='word_1_249' title='bbox 580 3189 846 3255; x_wconf 80' lang='lat' dir='ltr'><strong>voluerat,</strong></span> <span class='ocrx_word' id='word_1_250' title='bbox 919 3186 1129 3243; x_wconf 88' lang='lat' dir='ltr'><strong>facilius</strong></span> <span class='ocrx_word' id='word_1_251' title='bbox 1185 3187 1493 3258; x_wconf 85' lang='lat' dir='ltr'><strong>clariusque</strong></span> <span class='ocrx_word' id='word_1_252' title='bbox 1555 3187 1976 3244; x_wconf 82' lang='lat' dir='ltr'><strong>innotescerent.</strong></span> 
     </span>
    </p>
   </div>
   <div class='ocr_carea' id='block_1_35' title="bbox 407 3279 1979 3351">
    <p class='ocr_par' dir='ltr' id='par_1_35' title="bbox 407 3279 1979 3351">
     <span class='ocr_line' id='line_1_35' title="bbox 407 3279 1979 3351; baseline -0.003 -13"><span class='ocrx_word' id='word_1_253' title='bbox 407 3280 527 3338; x_wconf 80' lang='lat' dir='ltr'><strong>Jam</strong></span> <span class='ocrx_word' id='word_1_254' title='bbox 571 3281 732 3336; x_wconf 83' lang='lat' dir='ltr'><strong>velim</strong></span> <span class='ocrx_word' id='word_1_255' title='bbox 781 3290 1125 3351; x_wconf 90' lang='lat' dir='ltr'><strong>comparetur</strong></span> <span class='ocrx_word' id='word_1_256' title='bbox 1171 3279 1345 3351; x_wconf 86' lang='lat' dir='ltr'><strong>prima</strong></span> <span class='ocrx_word' id='word_1_257' title='bbox 1386 3280 1501 3335; x_wconf 74' lang='lat' dir='ltr'><strong>lucc</strong></span> <span class='ocrx_word' id='word_1_258' title='bbox 1536 3280 1712 3335; x_wconf 91' lang='lat' dir='ltr'><strong>oratio</strong></span> <span class='ocrx_word' id='word_1_259' title='bbox 1747 3280 1799 3334; x_wconf 90' lang='lat' dir='ltr'><strong>in</strong></span> <span class='ocrx_word' id='word_1_260' title='bbox 1834 3280 1979 3350; x_wconf 86' lang='lat' dir='ltr'><strong>psal—</strong></span> 
     </span>
    </p>
   </div>
   <div class='ocr_carea' id='block_1_36' title="bbox 409 3372 1980 3440">
    <p class='ocr_par' dir='ltr' id='par_1_36' title="bbox 409 3372 1980 3440">
     <span class='ocr_line' id='line_1_36' title="bbox 409 3372 1980 3440; baseline -0.001 -12"><span class='ocrx_word' id='word_1_261' title='bbox 409 3387 557 3428; x_wconf 87' lang='lat' dir='ltr'><strong>mum</strong></span> <span class='ocrx_word' id='word_1_262' title='bbox 588 3372 854 3429; x_wconf 83' lang='lat' dir='ltr'><strong>decimum</strong></span> <span class='ocrx_word' id='word_1_263' title='bbox 901 3379 1155 3440; x_wconf 87' lang='lat' dir='ltr'><strong>quartum</strong></span> <span class='ocrx_word' id='word_1_264' title='bbox 1204 3386 1329 3427; x_wconf 90' lang='lat' dir='ltr'><strong>cum</strong></span> <span class='ocrx_word' id='word_1_265' title='bbox 1370 3373 1607 3428; x_wconf 85' lang='lat' dir='ltr'><strong>secunda</strong></span> <span class='ocrx_word' id='word_1_266' title='bbox 1644 3373 1888 3427; x_wconf 87' lang='lat' dir='ltr'><strong>oratione</strong></span> <span class='ocrx_word' id='word_1_267' title='bbox 1926 3374 1980 3427; x_wconf 92' lang='lat' dir='ltr'><strong>in</strong></span> 
     </span>
    </p>
   </div>
   <div class='ocr_carea' id='block_1_37' title="bbox 407 3462 1979 3536">
    <p class='ocr_par' dir='ltr' id='par_1_37' title="bbox 407 3462 1979 3536">
     <span class='ocr_line' id='line_1_37' title="bbox 407 3462 1979 3536; baseline 0.001 -17"><span class='ocrx_word' id='word_1_268' title='bbox 407 3464 678 3536; x_wconf 82' lang='lat' dir='ltr'><strong>psalmum</strong></span> <span class='ocrx_word' id='word_1_269' title='bbox 717 3463 988 3519; x_wconf 88' lang='lat' dir='ltr'><strong>eumdem.</strong></span> <span class='ocrx_word' id='word_1_270' title='bbox 1031 3462 1220 3519; x_wconf 22' lang='lat' dir='ltr'><strong>Ea‘est</strong></span> <span class='ocrx_word' id='word_1_271' title='bbox 1244 3463 1507 3520; x_wconf 87' lang='lat' dir='ltr'><strong>orationis</strong></span> <span class='ocrx_word' id='word_1_272' title='bbox 1537 3465 1788 3519; x_wconf 74' lang='lat' dir='ltr'><strong>secundae</strong></span> <span class='ocrx_word' id='word_1_273' title='bbox 1818 3464 1979 3520; x_wconf 89' lang='lat' dir='ltr'><strong>uber-</strong></span> 
     </span>
    </p>
   </div>
   <div class='ocr_carea' id='block_1_38' title="bbox 407 3548 1979 3626">
    <p class='ocr_par' dir='ltr' id='par_1_38' title="bbox 407 3548 1979 3626">
     <span class='ocr_line' id='line_1_38' title="bbox 407 3548 1979 3626; baseline -0.003 -12"><span class='ocrx_word' id='word_1_274' title='bbox 407 3566 515 3624; x_wconf 88' lang='lat' dir='ltr'><strong>tas,</strong></span> <span class='ocrx_word' id='word_1_275' title='bbox 543 3548 796 3621; x_wconf 84' lang='lat' dir='ltr'><strong>varietas,</strong></span> <span class='ocrx_word' id='word_1_276' title='bbox 837 3555 1010 3625; x_wconf 80' lang='lat' dir='ltr'><strong>capia,</strong></span> <span class='ocrx_word' id='word_1_277' title='bbox 1054 3570 1217 3626; x_wconf 90' lang='lat' dir='ltr'><strong>quam</strong></span> <span class='ocrx_word' id='word_1_278' title='bbox 1253 3556 1563 3625; x_wconf 88' lang='lat' dir='ltr'><strong>paucissimi</strong></span> <span class='ocrx_word' id='word_1_279' title='bbox 1595 3564 1838 3610; x_wconf 90' lang='lat' dir='ltr'><strong>oratores</strong></span> <span class='ocrx_word' id='word_1_280' title='bbox 1872 3571 1979 3610; x_wconf 90' lang='lat' dir='ltr'><strong>non</strong></span> 
     </span>
    </p>
   </div>
   <div class='ocr_carea' id='block_1_39' title="bbox 410 3639 1981 3719">
    <p class='ocr_par' dir='ltr' id='par_1_39' title="bbox 410 3639 1981 3719">
     <span class='ocr_line' id='line_1_39' title="bbox 410 3639 1981 3719; baseline -0.003 -14"><span class='ocrx_word' id='word_1_281' title='bbox 410 3650 534 3706; x_wconf 88' lang='lat' dir='ltr'><strong>dico</strong></span> <span class='ocrx_word' id='word_1_282' title='bbox 558 3663 837 3719; x_wconf 89' lang='lat' dir='ltr'><strong>superare,</strong></span> <span class='ocrx_word' id='word_1_283' title='bbox 887 3649 981 3705; x_wconf 88' lang='lat' dir='ltr'><strong>sed</strong></span> <span class='ocrx_word' id='word_1_284' title='bbox 1032 3649 1229 3703; x_wconf 86' lang='lat' dir='ltr'><strong>imitari</strong></span> <span class='ocrx_word' id='word_1_285' title='bbox 1270 3648 1499 3718; x_wconf 89' lang='lat' dir='ltr'><strong>possint.</strong></span> <span class='ocrx_word' id='word_1_286' title='bbox 1537 3639 1850 3705; x_wconf 79' lang='lat' dir='ltr'><strong>Versiculus</strong></span> <span class='ocrx_word' id='word_1_287' title='bbox 1898 3648 1981 3702; x_wconf 86' lang='lat' dir='ltr'><strong>vel</strong></span> 
     </span>
    </p>
   </div>
   <div class='ocr_carea' id='block_1_40' title="bbox 409 3740 1980 3813">
    <p class='ocr_par' dir='ltr' id='par_1_40' title="bbox 409 3740 1980 3813">
     <span class='ocr_line' id='line_1_40' title="bbox 409 3740 1980 3813; baseline -0.001 -16"><span class='ocrx_word' id='word_1_288' title='bbox 409 3742 601 3797; x_wconf 90' lang='lat' dir='ltr'><strong>unicus</strong></span> <span class='ocrx_word' id='word_1_289' title='bbox 626 3742 1014 3813; x_wconf 86' lang='lat' dir='ltr'><strong>amplissimam</strong></span> <span class='ocrx_word' id='word_1_290' title='bbox 1054 3741 1410 3797; x_wconf 90' lang='lat' dir='ltr'><strong>concionandi</strong></span> <span class='ocrx_word' id='word_1_291' title='bbox 1460 3741 1741 3795; x_wconf 88' lang='lat' dir='ltr'><strong>materiam</strong></span> <span class='ocrx_word' id='word_1_292' title='bbox 1784 3740 1980 3795; x_wconf 86' lang='lat' dir='ltr'><strong>Basilio</strong></span> 
     </span>
    </p>
   </div>
   <div class='ocr_carea' id='block_1_41' title="bbox 412 3832 1979 3891">
    <p class='ocr_par' dir='ltr' id='par_1_41' title="bbox 412 3832 1979 3891">
     <span class='ocr_line' id='line_1_41' title="bbox 412 3832 1979 3891; baseline -0.004 0"><span class='ocrx_word' id='word_1_293' title='bbox 412 3833 865 3891; x_wconf 79' lang='lat' dir='ltr'><strong>subministravit.</strong></span> <span class='ocrx_word' id='word_1_294' title='bbox 903 3833 1017 3889; x_wconf 87' lang='lat' dir='ltr'><strong>Hoc</strong></span> <span class='ocrx_word' id='word_1_295' title='bbox 1074 3834 1214 3889; x_wconf 90' lang='lat' dir='ltr'><strong>idem</strong></span> <span class='ocrx_word' id='word_1_296' title='bbox 1260 3836 1606 3889; x_wconf 87' lang='lat' dir='ltr'><strong>observatum</strong></span> <span class='ocrx_word' id='word_1_297' title='bbox 1664 3832 1785 3887; x_wconf 90' lang='lat' dir='ltr'><strong>volo</strong></span> <span class='ocrx_word' id='word_1_298' title='bbox 1832 3840 1887 3886; x_wconf 89' lang='lat' dir='ltr'><strong>et.</strong></span> <span class='ocrx_word' id='word_1_299' title='bbox 1924 3832 1979 3885; x_wconf 92' lang='lat' dir='ltr'><strong>in</strong></span> 
     </span>
    </p>
   </div>
   <div class='ocr_carea' id='block_1_42' title="bbox 413 3923 1979 3995">
    <p class='ocr_par' dir='ltr' id='par_1_42' title="bbox 413 3923 1979 3995">
     <span class='ocr_line' id='line_1_42' title="bbox 413 3923 1979 3995; baseline -0.002 -14"><span class='ocrx_word' id='word_1_300' title='bbox 413 3925 758 3981; x_wconf 87' lang='lat' dir='ltr'><strong>enarratione</strong></span> <span class='ocrx_word' id='word_1_301' title='bbox 813 3925 867 3979; x_wconf 89' lang='lat' dir='ltr'><strong>in</strong></span> <span class='ocrx_word' id='word_1_302' title='bbox 926 3925 1175 3995; x_wconf 19' lang='lat' dir='ltr'><strong>primum,</strong></span> <span class='ocrx_word' id='word_1_303' title='bbox 1212 3923 1501 3994; x_wconf 90' lang='lat' dir='ltr'><strong>psalmum,</strong></span> <span class='ocrx_word' id='word_1_304' title='bbox 1558 3924 1608 3977; x_wconf 93' lang='lat' dir='ltr'><strong>in</strong></span> <span class='ocrx_word' id='word_1_305' title='bbox 1657 3938 1763 3994; x_wconf 89' lang='lat' dir='ltr'><strong>qua</strong></span> <span class='ocrx_word' id='word_1_306' title='bbox 1807 3924 1979 3994; x_wconf 89' lang='lat' dir='ltr'><strong>prima</strong></span> 
     </span>
    </p>
   </div>
   <div class='ocr_carea' id='block_1_43' title="bbox 303 4015 1978 4088">
    <p class='ocr_par' dir='ltr' id='par_1_43' title="bbox 303 4015 1978 4088">
     <span class='ocr_line' id='line_1_43' title="bbox 303 4015 1978 4088; baseline -0.004 -14"><span class='ocrx_word' id='word_1_307' title='bbox 303 4034 315 4052; x_wconf 56' lang='grc' dir='ltr'>ε</span> <span class='ocrx_word' id='word_1_308' title='bbox 413 4016 605 4088; x_wconf 86' lang='lat' dir='ltr'><strong>psalmi</strong></span> <span class='ocrx_word' id='word_1_309' title='bbox 632 4016 796 4071; x_wconf 90' lang='lat' dir='ltr'><strong>verba</strong></span> <span class='ocrx_word' id='word_1_310' title='bbox 822 4016 894 4071; x_wconf 92' lang='lat' dir='ltr'><strong>ita</strong></span> <span class='ocrx_word' id='word_1_311' title='bbox 923 4024 1078 4071; x_wconf 90' lang='lat' dir='ltr'><strong>ornat</strong></span> <span class='ocrx_word' id='word_1_312' title='bbox 1119 4015 1519 4085; x_wconf 87' lang='lat' dir='ltr'><strong>ampliticatque</strong></span> <span class='ocrx_word' id='word_1_313' title='bbox 1553 4015 1811 4079; x_wconf 88' lang='lat' dir='ltr'><strong>Basilius,</strong></span> <span class='ocrx_word' id='word_1_314' title='bbox 1849 4022 1908 4069; x_wconf 90' lang='lat' dir='ltr'><strong>ut</strong></span> <span class='ocrx_word' id='word_1_315' title='bbox 1935 4015 1978 4068; x_wconf 90' lang='lat' dir='ltr'><strong>si</strong></span> 
     </span>
    </p>
   </div>
   <div class='ocr_carea' id='block_1_44' title="bbox 415 4104 1979 4176">
    <p class='ocr_par' dir='ltr' id='par_1_44' title="bbox 415 4104 1979 4176">
     <span class='ocr_line' id='line_1_44' title="bbox 415 4104 1979 4176; baseline -0.003 -14"><span class='ocrx_word' id='word_1_316' title='bbox 415 4105 743 4176; x_wconf 79' lang='lat' dir='ltr'><strong>explicasset</strong></span> <span class='ocrx_word' id='word_1_317' title='bbox 768 4104 939 4175; x_wconf 91' lang='lat' dir='ltr'><strong>plura,</strong></span> <span class='ocrx_word' id='word_1_318' title='bbox 963 4105 1236 4160; x_wconf 90' lang='lat' dir='ltr'><strong>concionis</strong></span> <span class='ocrx_word' id='word_1_319' title='bbox 1258 4104 1434 4173; x_wconf 89' lang='lat' dir='ltr'><strong>justos</strong></span> <span class='ocrx_word' id='word_1_320' title='bbox 1459 4105 1658 4159; x_wconf 89' lang='lat' dir='ltr'><strong>limites</strong></span> <span class='ocrx_word' id='word_1_321' title='bbox 1685 4104 1979 4174; x_wconf 83' lang='lat' dir='ltr'><strong>transgredi</strong></span> 
     </span>
    </p>
   </div>
   <div class='ocr_carea' id='block_1_45' title="bbox 409 4194 1980 4263">
    <p class='ocr_par' dir='ltr' id='par_1_45' title="bbox 409 4194 1980 4263">
     <span class='ocr_line' id='line_1_45' title="bbox 409 4194 1980 4263; baseline -0.003 -10"><span class='ocrx_word' id='word_1_322' title='bbox 409 4206 630 4253; x_wconf 86' lang='lat' dir='ltr'><strong>coactus</strong></span> <span class='ocrx_word' id='word_1_323' title='bbox 669 4205 830 4253; x_wconf 89' lang='lat' dir='ltr'><strong>esset.</strong></span> <span class='ocrx_word' id='word_1_324' title='bbox 867 4194 1073 4251; x_wconf 91' lang='lat' dir='ltr'><strong>Possim</strong></span> <span class='ocrx_word' id='word_1_325' title='bbox 1121 4204 1177 4251; x_wconf 88' lang='lat' dir='ltr'><strong>et</strong></span> <span class='ocrx_word' id='word_1_326' title='bbox 1202 4195 1367 4250; x_wconf 90' lang='lat' dir='ltr'><strong>multa</strong></span> <span class='ocrx_word' id='word_1_327' title='bbox 1401 4194 1503 4249; x_wconf 87' lang='lat' dir='ltr'><strong>alia</strong></span> <span class='ocrx_word' id='word_1_328' title='bbox 1551 4194 1795 4263; x_wconf 80' lang='lat' dir='ltr'><strong>exempla</strong></span> <span class='ocrx_word' id='word_1_329' title='bbox 1829 4194 1980 4248; x_wconf 92' lang='lat' dir='ltr'><strong>miri-</strong></span> 
     </span>
    </p>
   </div>
   <div class='ocr_carea' id='block_1_46' title="bbox 407 4284 1976 4357">
    <p class='ocr_par' dir='ltr' id='par_1_46' title="bbox 407 4284 1976 4357">
     <span class='ocr_line' id='line_1_46' title="bbox 407 4284 1976 4357; baseline -0.006 -9"><span class='ocrx_word' id='word_1_330' title='bbox 407 4291 527 4348; x_wconf 71' lang='lat' dir='ltr'><strong>ﬁcte</strong></span> <span class='ocrx_word' id='word_1_331' title='bbox 553 4290 696 4345; x_wconf 92' lang='lat' dir='ltr'><strong>illius</strong></span> <span class='ocrx_word' id='word_1_332' title='bbox 738 4288 1034 4349; x_wconf 87' lang='lat' dir='ltr'><strong>ubertatis,</strong></span> <span class='ocrx_word' id='word_1_333' title='bbox 1075 4302 1235 4357; x_wconf 91' lang='lat' dir='ltr'><strong>quam</strong></span> <span class='ocrx_word' id='word_1_334' title='bbox 1275 4288 1324 4343; x_wconf 92' lang='lat' dir='ltr'><strong>ei</strong></span> <span class='ocrx_word' id='word_1_335' title='bbox 1363 4294 1553 4341; x_wconf 90' lang='lat' dir='ltr'><strong>natura</strong></span> <span class='ocrx_word' id='word_1_336' title='bbox 1586 4286 1651 4340; x_wconf 87' lang='lat' dir='ltr'><strong>ad</strong></span> <span class='ocrx_word' id='word_1_337' title='bbox 1694 4284 1976 4340; x_wconf 88' lang='lat' dir='ltr'><strong>dicendum</strong></span> 
     </span>
    </p>
   </div>
   <div class='ocr_carea' id='block_1_47' title="bbox 2086 448 3661 521">
    <p class='ocr_par' dir='ltr' id='par_1_47' title="bbox 2086 448 3661 521">
     <span class='ocr_line' id='line_1_47' title="bbox 2086 448 3661 521; baseline 0.001 -17"><span class='ocrx_word' id='word_1_338' title='bbox 2086 450 2255 521; x_wconf 88' lang='lat' dir='ltr'><strong>magis</strong></span> <span class='ocrx_word' id='word_1_339' title='bbox 2286 448 2616 505; x_wconf 90' lang='lat' dir='ltr'><strong>ostendatur.</strong></span> <span class='ocrx_word' id='word_1_340' title='bbox 2644 449 2811 517; x_wconf 80' lang='lat' dir='ltr'><strong>Quale</strong></span> <span class='ocrx_word' id='word_1_341' title='bbox 2841 459 2924 503; x_wconf 90' lang='lat' dir='ltr'><strong>est</strong></span> <span class='ocrx_word' id='word_1_342' title='bbox 2952 451 3095 518; x_wconf 88' lang='lat' dir='ltr'><strong>quod</strong></span> <span class='ocrx_word' id='word_1_343' title='bbox 3138 458 3327 504; x_wconf 89' lang='lat' dir='ltr'><strong>auctor</strong></span> <span class='ocrx_word' id='word_1_344' title='bbox 3356 450 3429 505; x_wconf 87' lang='lat' dir='ltr'><strong>ita</strong></span> <span class='ocrx_word' id='word_1_345' title='bbox 3467 453 3661 506; x_wconf 75' lang='lat' dir='ltr'><strong>scribit</strong></span> 
     </span>
    </p>
   </div>
   <div class='ocr_carea' id='block_1_48' title="bbox 2084 537 3661 614">
    <p class='ocr_par' dir='ltr' id='par_1_48' title="bbox 2084 537 3661 614">
     <span class='ocr_line' id='line_1_48' title="bbox 2084 537 3661 614; baseline 0.001 -19"><span class='ocrx_word' id='word_1_346' title='bbox 2084 556 2235 597; x_wconf 88' lang='lat' dir='ltr'><strong>num.</strong></span> <span class='ocrx_word' id='word_1_347' title='bbox 2294 543 2320 595; x_wconf 81' lang='grc'><strong>1</strong></span> <span class='ocrx_word' id='word_1_348' title='bbox 2362 559 2377 595; x_wconf 91' lang='lat'><strong>:</strong></span> <span class='ocrx_word' id='word_1_349' title='bbox 2438 541 2564 596; x_wconf 83' lang='grc' dir='ltr'><strong>Ἐὰν</strong></span> <span class='ocrx_word' id='word_1_350' title='bbox 2598 542 2656 595; x_wconf 84' lang='grc' dir='ltr'><strong>δὲ</strong></span> <span class='ocrx_word' id='word_1_351' title='bbox 2757 541 2893 595; x_wconf 88' lang='grc' dir='ltr'><strong>Θεοῦ</strong></span> <span class='ocrx_word' id='word_1_352' title='bbox 2923 541 3050 608; x_wconf 77' lang='grc' dir='ltr'>ἀξία</span> <span class='ocrx_word' id='word_1_353' title='bbox 3079 539 3289 614; x_wconf 55' lang='lat' dir='ltr'><strong>[cupii],</strong></span> <span class='ocrx_word' id='word_1_354' title='bbox 3332 542 3541 611; x_wconf 81' lang='grc' dir='ltr'>γίνεται</span> <span class='ocrx_word' id='word_1_355' title='bbox 3579 543 3661 614; x_wconf 72' lang='grc' dir='ltr'><strong>τῷ</strong></span> 
     </span>
    </p>
   </div>
   <div class='ocr_carea' id='block_1_49' title="bbox 2084 631 3658 706">
    <p class='ocr_par' dir='ltr' id='par_1_49' title="bbox 2084 631 3658 706">
     <span class='ocr_line' id='line_1_49' title="bbox 2084 631 3658 706; baseline 0.001 -22"><span class='ocrx_word' id='word_1_356' title='bbox 2084 631 2195 685; x_wconf 72' lang='grc' dir='ltr'><strong>ὄντι</strong></span> <span class='ocrx_word' id='word_1_357' title='bbox 2221 631 2355 686; x_wconf 76' lang='grc' dir='ltr'>Θεοῦ</span> <span class='ocrx_word' id='word_1_358' title='bbox 2406 634 2666 703; x_wconf 72' lang='grc' dir='ltr'>σκήνωμα</span> <span class='ocrx_word' id='word_1_359' title='bbox 2688 673 2702 697; x_wconf 92' lang='grc'><em>,</em></span> <span class='ocrx_word' id='word_1_360' title='bbox 2755 632 2897 686; x_wconf 70' lang='grc' dir='ltr'>κατὰ</span> <span class='ocrx_word' id='word_1_361' title='bbox 2931 634 3029 703; x_wconf 83' lang='grc' dir='ltr'><strong>τὴν</strong></span> <span class='ocrx_word' id='word_1_362' title='bbox 3060 631 3329 705; x_wconf 71' lang='grc' dir='ltr'><strong>ἐνοίκησιν</strong></span> <span class='ocrx_word' id='word_1_363' title='bbox 3368 632 3530 687; x_wconf 76' lang='grc' dir='ltr'>αὐτοῦ</span> <span class='ocrx_word' id='word_1_364' title='bbox 3560 651 3658 706; x_wconf 81' lang='grc' dir='ltr'>την</span> 
     </span>
    </p>
   </div>
   <div class='ocr_carea' id='block_1_50' title="bbox 2085 723 3656 792">
    <p class='ocr_par' dir='ltr' id='par_1_50' title="bbox 2085 723 3656 792">
     <span class='ocr_line' id='line_1_50' title="bbox 2085 723 3656 792; baseline 0.002 -17"><span class='ocrx_word' id='word_1_365' title='bbox 2085 725 2164 786; x_wconf 74' lang='grc' dir='ltr'><strong>εἰς</strong></span> <span class='ocrx_word' id='word_1_366' title='bbox 2204 725 2329 787; x_wconf 75' lang='grc' dir='ltr'>τοὺς</span> <span class='ocrx_word' id='word_1_367' title='bbox 2357 724 2566 792; x_wconf 80' lang='grc' dir='ltr'>ἁγίους.</span> <span class='ocrx_word' id='word_1_368' title='bbox 2611 723 2741 776; x_wconf 85' lang='lat' dir='ltr'><strong>Nam</strong></span> <span class='ocrx_word' id='word_1_369' title='bbox 2772 724 2955 776; x_wconf 90' lang='lat' dir='ltr'><strong>mirari</strong></span> <span class='ocrx_word' id='word_1_370' title='bbox 2990 723 3135 776; x_wconf 81' lang='lat' dir='ltr'><strong>subit</strong></span> <span class='ocrx_word' id='word_1_371' title='bbox 3180 725 3526 792; x_wconf 89' lang='lat' dir='ltr'><strong>scriptorem,</strong></span> <span class='ocrx_word' id='word_1_372' title='bbox 3564 727 3656 791; x_wconf 87' lang='lat' dir='ltr'><strong>qui</strong></span> 
     </span>
    </p>
   </div>
   <div class='ocr_carea' id='block_1_51' title="bbox 2083 814 3660 883">
    <p class='ocr_par' dir='ltr' id='par_1_51' title="bbox 2083 814 3660 883">
     <span class='ocr_line' id='line_1_51' title="bbox 2083 814 3660 883; baseline 0.001 -15"><span class='ocrx_word' id='word_1_373' title='bbox 2083 814 2412 870; x_wconf 84' lang='lat' dir='ltr'><strong>Eusebianus</strong></span> <span class='ocrx_word' id='word_1_374' title='bbox 2441 831 2565 871; x_wconf 90' lang='lat' dir='ltr'><strong>esse</strong></span> <span class='ocrx_word' id='word_1_375' title='bbox 2591 817 2863 883; x_wconf 87' lang='lat' dir='ltr'><strong>studeret,</strong></span> <span class='ocrx_word' id='word_1_376' title='bbox 2903 815 3226 869; x_wconf 88' lang='lat' dir='ltr'><strong>sententiam</strong></span> <span class='ocrx_word' id='word_1_377' title='bbox 3281 824 3462 870; x_wconf 92' lang='lat' dir='ltr'><strong>tamen</strong></span> <span class='ocrx_word' id='word_1_378' title='bbox 3493 815 3660 870; x_wconf 82' lang='lat' dir='ltr'><strong>Euse-</strong></span> 
     </span>
    </p>
   </div>
   <div class='ocr_carea' id='block_1_52' title="bbox 2083 907 3659 976">
    <p class='ocr_par' dir='ltr' id='par_1_52' title="bbox 2083 907 3659 976">
     <span class='ocr_line' id='line_1_52' title="bbox 2083 907 3659 976; baseline 0 -15"><span class='ocrx_word' id='word_1_379' title='bbox 2083 907 2296 961; x_wconf 88' lang='lat' dir='ltr'><strong>bianam</strong></span> <span class='ocrx_word' id='word_1_380' title='bbox 2332 908 2560 962; x_wconf 89' lang='lat' dir='ltr'><strong>barbaro</strong></span> <span class='ocrx_word' id='word_1_381' title='bbox 2600 907 2851 976; x_wconf 88' lang='lat' dir='ltr'><strong>loquendi</strong></span> <span class='ocrx_word' id='word_1_382' title='bbox 2878 922 3078 976; x_wconf 78' lang='lat' dir='ltr'><strong>genere</strong></span> <span class='ocrx_word' id='word_1_383' title='bbox 3109 908 3458 974; x_wconf 78' lang='lat' dir='ltr'><strong>expressisse.</strong></span> <span class='ocrx_word' id='word_1_384' title='bbox 3496 907 3659 961; x_wconf 86' lang='lat' dir='ltr'><strong>Dixe-</strong></span> 
     </span>
    </p>
   </div>
   <div class='ocr_carea' id='block_1_53' title="bbox 2084 997 3658 1070">
    <p class='ocr_par' dir='ltr' id='par_1_53' title="bbox 2084 997 3658 1070">
     <span class='ocr_line' id='line_1_53' title="bbox 2084 997 3658 1070; baseline 0.001 -19"><span class='ocrx_word' id='word_1_385' title='bbox 2084 1007 2167 1051; x_wconf 88' lang='lat' dir='ltr'><strong>rat</strong></span> <span class='ocrx_word' id='word_1_386' title='bbox 2196 998 2527 1052; x_wconf 84' lang='lat' dir='ltr'><strong>Eusebianus</strong></span> <span class='ocrx_word' id='word_1_387' title='bbox 2551 1000 2775 1063; x_wconf 84' lang='lat' dir='ltr'><strong>usitate,</strong></span> <span class='ocrx_word' id='word_1_388' title='bbox 2806 999 2880 1063; x_wconf 81' lang='grc' dir='ltr'><strong>ὡς</strong></span> <span class='ocrx_word' id='word_1_389' title='bbox 2906 997 2971 1052; x_wconf 84' lang='grc' dir='ltr'><strong>ἂν</strong></span> <span class='ocrx_word' id='word_1_390' title='bbox 3008 997 3229 1068; x_wconf 82' lang='grc' dir='ltr'>γένηται</span> <span class='ocrx_word' id='word_1_391' title='bbox 3258 998 3355 1052; x_wconf 79' lang='grc' dir='ltr'><strong>καὶ</strong></span> <span class='ocrx_word' id='word_1_392' title='bbox 3394 999 3658 1070; x_wconf 77' lang='grc' dir='ltr'><strong>σκήνωμα</strong></span> 
     </span>
    </p>
   </div>
   <div class='ocr_carea' id='block_1_54' title="bbox 2080 1088 3656 1159">
    <p class='ocr_par' dir='ltr' id='par_1_54' title="bbox 2080 1088 3656 1159">
     <span class='ocr_line' id='line_1_54' title="bbox 2080 1088 3656 1159; baseline 0.001 -17"><span class='ocrx_word' id='word_1_393' title='bbox 2080 1089 2175 1143; x_wconf 82' lang='grc' dir='ltr'><strong>τοῦ</strong></span> <span class='ocrx_word' id='word_1_394' title='bbox 2207 1088 2341 1143; x_wconf 84' lang='grc' dir='ltr'>Θεοῦ</span> <span class='ocrx_word' id='word_1_395' title='bbox 2369 1093 2480 1154; x_wconf 81' lang='grc' dir='ltr'>τοῖς</span> <span class='ocrx_word' id='word_1_396' title='bbox 2503 1091 2678 1159; x_wconf 81' lang='grc' dir='ltr'>ἁγίοις</span> <span class='ocrx_word' id='word_1_397' title='bbox 2713 1090 3065 1154; x_wconf 79' lang='grc' dir='ltr'>ἐνοικοῦντος,</span> <span class='ocrx_word' id='word_1_398' title='bbox 3102 1109 3120 1141; x_wconf 77' lang='grc' dir='ltr'>ι</span> <span class='ocrx_word' id='word_1_399' title='bbox 3152 1091 3222 1146; x_wconf 87' lang='lat' dir='ltr'><strong>Ut</strong></span> <span class='ocrx_word' id='word_1_400' title='bbox 3252 1091 3345 1144; x_wconf 82' lang='lat' dir='ltr'><strong>fiat</strong></span> <span class='ocrx_word' id='word_1_401' title='bbox 3374 1100 3427 1145; x_wconf 88' lang='lat' dir='ltr'><strong>et</strong></span> <span class='ocrx_word' id='word_1_402' title='bbox 3449 1091 3540 1144; x_wconf 88' lang='lat' dir='ltr'><strong>Dei</strong></span> <span class='ocrx_word' id='word_1_403' title='bbox 3571 1101 3656 1143; x_wconf 86' lang='lat' dir='ltr'><strong>ta-</strong></span> 
     </span>
    </p>
   </div>
   <div class='ocr_carea' id='block_1_55' title="bbox 2082 1180 3658 1245">
    <p class='ocr_par' dir='ltr' id='par_1_55' title="bbox 2082 1180 3658 1245">
     <span class='ocr_line' id='line_1_55' title="bbox 2082 1180 3658 1245; baseline 0 -10"><span class='ocrx_word' id='word_1_404' title='bbox 2082 1180 2457 1245; x_wconf 88' lang='lat' dir='ltr'><strong>bernaculum,</strong></span> <span class='ocrx_word' id='word_1_405' title='bbox 2512 1182 2567 1235; x_wconf 92' lang='lat' dir='ltr'><strong>in</strong></span> <span class='ocrx_word' id='word_1_406' title='bbox 2595 1184 2801 1237; x_wconf 89' lang='lat' dir='ltr'><strong>sanctis</strong></span> <span class='ocrx_word' id='word_1_407' title='bbox 2842 1182 3135 1236; x_wconf 86' lang='lat' dir='ltr'><strong>habitantis</strong></span> <span class='ocrx_word' id='word_1_408' title='bbox 3171 1198 3186 1235; x_wconf 89' lang='lat'><strong>:</strong></span> <span class='ocrx_word' id='word_1_409' title='bbox 3229 1199 3250 1234; x_wconf 70' lang='grc' dir='ltr'><strong><em>ι</em></strong></span> <span class='ocrx_word' id='word_1_410' title='bbox 3293 1181 3383 1235; x_wconf 88' lang='lat' dir='ltr'><strong>ille</strong></span> <span class='ocrx_word' id='word_1_411' title='bbox 3412 1196 3540 1234; x_wconf 86' lang='lat' dir='ltr'><strong>vero</strong></span> <span class='ocrx_word' id='word_1_412' title='bbox 3574 1181 3658 1235; x_wconf 87' lang='lat' dir='ltr'><strong>in-</strong></span> 
     </span>
    </p>
   </div>
   <div class='ocr_carea' id='block_1_56' title="bbox 2080 1268 3658 1344">
    <p class='ocr_par' dir='ltr' id='par_1_56' title="bbox 2080 1268 3658 1344">
     <span class='ocr_line' id='line_1_56' title="bbox 2080 1268 3658 1344; baseline -0.003 -18"><span class='ocrx_word' id='word_1_413' title='bbox 2080 1273 2298 1338; x_wconf 84' lang='lat' dir='ltr'><strong>usitate,</strong></span> <span class='ocrx_word' id='word_1_414' title='bbox 2326 1272 2467 1327; x_wconf 82' lang='grc' dir='ltr'>κατὰ</span> <span class='ocrx_word' id='word_1_415' title='bbox 2485 1273 2584 1344; x_wconf 79' lang='grc' dir='ltr'><strong>τὴν</strong></span> <span class='ocrx_word' id='word_1_416' title='bbox 2607 1272 2879 1344; x_wconf 75' lang='grc' dir='ltr'>ἐνοίκησιν</span> <span class='ocrx_word' id='word_1_417' title='bbox 2898 1270 3062 1325; x_wconf 83' lang='grc' dir='ltr'>αὑτοῦ</span> <span class='ocrx_word' id='word_1_418' title='bbox 3085 1271 3185 1344; x_wconf 80' lang='grc' dir='ltr'><strong>τὴν</strong></span> <span class='ocrx_word' id='word_1_419' title='bbox 3208 1273 3287 1335; x_wconf 86' lang='grc' dir='ltr'>είς</span> <span class='ocrx_word' id='word_1_420' title='bbox 3306 1273 3430 1336; x_wconf 80' lang='grc' dir='ltr'>τοὺς</span> <span class='ocrx_word' id='word_1_421' title='bbox 3447 1268 3658 1340; x_wconf 82' lang='grc' dir='ltr'><strong>ἁγίους.</strong></span> 
     </span>
    </p>
   </div>
   <div class='ocr_carea' id='block_1_57' title="bbox 2081 1363 3659 1432">
    <p class='ocr_par' dir='ltr' id='par_1_57' title="bbox 2081 1363 3659 1432">
     <span class='ocr_line' id='line_1_57' title="bbox 2081 1363 3659 1432; baseline -0.003 -12"><span class='ocrx_word' id='word_1_422' title='bbox 2081 1366 2146 1420; x_wconf 88' lang='lat' dir='ltr'><strong>ad</strong></span> <span class='ocrx_word' id='word_1_423' title='bbox 2175 1365 2419 1429; x_wconf 87' lang='lat' dir='ltr'><strong>verbum,</strong></span> <span class='ocrx_word' id='word_1_424' title='bbox 2468 1383 2488 1417; x_wconf 69' lang='grc' dir='ltr'><strong>ί</strong></span> <span class='ocrx_word' id='word_1_425' title='bbox 2516 1366 2812 1419; x_wconf 88' lang='lat' dir='ltr'><strong>secundum</strong></span> <span class='ocrx_word' id='word_1_426' title='bbox 2861 1364 3247 1418; x_wconf 82' lang='lat' dir='ltr'><strong>habitationem</strong></span> <span class='ocrx_word' id='word_1_427' title='bbox 3299 1363 3465 1431; x_wconf 85' lang='lat' dir='ltr'><strong>ipsius</strong></span> <span class='ocrx_word' id='word_1_428' title='bbox 3488 1400 3505 1425; x_wconf 95' lang='lat'><strong>,</strong></span> <span class='ocrx_word' id='word_1_429' title='bbox 3537 1375 3659 1432; x_wconf 69' lang='lat' dir='ltr'><strong>quas</strong></span> 
     </span>
    </p>
   </div>
   <div class='ocr_carea' id='block_1_58' title="bbox 2081 1453 3661 1526">
    <p class='ocr_par' dir='ltr' id='par_1_58' title="bbox 2081 1453 3661 1526">
     <span class='ocr_line' id='line_1_58' title="bbox 2081 1453 3661 1526; baseline -0.003 -14"><span class='ocrx_word' id='word_1_430' title='bbox 2081 1466 2163 1512; x_wconf 90' lang='lat' dir='ltr'><strong>est</strong></span> <span class='ocrx_word' id='word_1_431' title='bbox 2188 1457 2244 1511; x_wconf 91' lang='lat' dir='ltr'><strong>in</strong></span> <span class='ocrx_word' id='word_1_432' title='bbox 2268 1464 2505 1511; x_wconf 86' lang='lat' dir='ltr'><strong>sanctos.</strong></span> <span class='ocrx_word' id='word_1_433' title='bbox 2540 1474 2559 1507; x_wconf 77' lang='grc' dir='ltr'><strong>ι</strong></span> <span class='ocrx_word' id='word_1_434' title='bbox 2594 1455 2733 1523; x_wconf 84' lang='lat' dir='ltr'><strong>Quid</strong></span> <span class='ocrx_word' id='word_1_435' title='bbox 2773 1465 2859 1510; x_wconf 90' lang='lat' dir='ltr'><strong>est</strong></span> <span class='ocrx_word' id='word_1_436' title='bbox 2890 1457 3024 1519; x_wconf 80' lang='lat' dir='ltr'><strong>hoc,</strong></span> <span class='ocrx_word' id='word_1_437' title='bbox 3058 1455 3159 1509; x_wconf 89' lang='lat' dir='ltr'><strong>nisi</strong></span> <span class='ocrx_word' id='word_1_438' title='bbox 3191 1453 3577 1526; x_wconf 73' lang='grc' dir='ltr'><strong>βαρϐαρίζειν,</strong></span> <span class='ocrx_word' id='word_1_439' title='bbox 3602 1461 3661 1508; x_wconf 79' lang='lat' dir='ltr'><strong>et</strong></span> 
     </span>
    </p>
   </div>
   <div class='ocr_carea' id='block_1_59' title="bbox 2083 1546 3653 1616">
    <p class='ocr_par' dir='ltr' id='par_1_59' title="bbox 2083 1546 3653 1616">
     <span class='ocr_line' id='line_1_59' title="bbox 2083 1546 3653 1616; baseline -0.003 -14"><span class='ocrx_word' id='word_1_440' title='bbox 2083 1549 2136 1602; x_wconf 93' lang='lat' dir='ltr'><strong>in</strong></span> <span class='ocrx_word' id='word_1_441' title='bbox 2165 1548 2370 1605; x_wconf 61' lang='lat' dir='ltr'><strong>Graecis</strong></span> <span class='ocrx_word' id='word_1_442' title='bbox 2398 1547 2702 1602; x_wconf 88' lang='lat' dir='ltr'><strong>balbutire?</strong></span> <span class='ocrx_word' id='word_1_443' title='bbox 2731 1546 2984 1615; x_wconf 85' lang='lat' dir='ltr'><strong>Ejusdem</strong></span> <span class='ocrx_word' id='word_1_444' title='bbox 3025 1549 3236 1616; x_wconf 81' lang='lat' dir='ltr'><strong>generis</strong></span> <span class='ocrx_word' id='word_1_445' title='bbox 3268 1556 3355 1600; x_wconf 88' lang='lat' dir='ltr'><strong>est</strong></span> <span class='ocrx_word' id='word_1_446' title='bbox 3392 1556 3451 1599; x_wconf 88' lang='lat' dir='ltr'><strong>et</strong></span> <span class='ocrx_word' id='word_1_447' title='bbox 3480 1546 3608 1599; x_wconf 89' lang='lat' dir='ltr'><strong>illud</strong></span> <span class='ocrx_word' id='word_1_448' title='bbox 3636 1562 3653 1598; x_wconf 91' lang='lat'><strong>:</strong></span> 
     </span>
    </p>
   </div>
   <div class='ocr_carea' id='block_1_60' title="bbox 2087 1638 3657 1714">
    <p class='ocr_par' dir='ltr' id='par_1_60' title="bbox 2087 1638 3657 1714">
     <span class='ocr_line' id='line_1_60' title="bbox 2087 1638 3657 1714; baseline -0.003 -19"><span class='ocrx_word' id='word_1_449' title='bbox 2087 1643 2250 1714; x_wconf 87' lang='grc' dir='ltr'><strong>Ὄρος</strong></span> <span class='ocrx_word' id='word_1_450' title='bbox 2296 1642 2471 1694; x_wconf 83' lang='grc' dir='ltr'>ὲκείνο</span> <span class='ocrx_word' id='word_1_451' title='bbox 2509 1639 2608 1711; x_wconf 83' lang='grc' dir='ltr'><strong>τὴν</strong></span> <span class='ocrx_word' id='word_1_452' title='bbox 2647 1639 2966 1710; x_wconf 77' lang='grc' dir='ltr'>ἐπουράνιον</span> <span class='ocrx_word' id='word_1_453' title='bbox 3012 1638 3196 1710; x_wconf 83' lang='grc' dir='ltr'>χώραν</span> <span class='ocrx_word' id='word_1_454' title='bbox 3241 1638 3340 1709; x_wconf 79' lang='grc' dir='ltr'><strong>τὴν</strong></span> <span class='ocrx_word' id='word_1_455' title='bbox 3383 1638 3657 1710; x_wconf 77' lang='grc' dir='ltr'><strong>περιφανῆ</strong></span> 
     </span>
    </p>
   </div>
   <div class='ocr_carea' id='block_1_61' title="bbox 2083 1726 3725 1804">
    <p class='ocr_par' dir='ltr' id='par_1_61' title="bbox 2083 1726 3725 1804">
     <span class='ocr_line' id='line_1_61' title="bbox 2083 1726 3725 1804; baseline -0.002 -17"><span class='ocrx_word' id='word_1_456' title='bbox 2083 1734 2176 1787; x_wconf 73' lang='grc' dir='ltr'><strong>καὶ</strong></span> <span class='ocrx_word' id='word_1_457' title='bbox 2206 1731 2483 1804; x_wconf 80' lang='grc' dir='ltr'><strong>λαμπρὰν,</strong></span> <span class='ocrx_word' id='word_1_458' title='bbox 2513 1732 2641 1801; x_wconf 76' lang='grc' dir='ltr'>περὶ</span> <span class='ocrx_word' id='word_1_459' title='bbox 2672 1726 2739 1804; x_wconf 84' lang='grc' dir='ltr'>ἧς</span> <span class='ocrx_word' id='word_1_460' title='bbox 2766 1733 2796 1785; x_wconf 87' lang='grc' dir='ltr'>ὁ</span> <span class='ocrx_word' id='word_1_461' title='bbox 2848 1731 3169 1795; x_wconf 80' lang='grc' dir='ltr'>Ἀπόστολος</span> <span class='ocrx_word' id='word_1_462' title='bbox 3192 1729 3374 1800; x_wconf 84' lang='grc' dir='ltr'><strong>λέγει,</strong></span> <span class='ocrx_word' id='word_1_463' title='bbox 3411 1740 3517 1784; x_wconf 90' lang='lat' dir='ltr'><strong>etc.</strong></span> <span class='ocrx_word' id='word_1_464' title='bbox 3544 1745 3561 1782; x_wconf 88' lang='lat'><strong>:</strong></span> <span class='ocrx_word' id='word_1_465' title='bbox 3589 1732 3658 1783; x_wconf 84' lang='lat' dir='ltr'><strong>ad</strong></span> <span class='ocrx_word' id='word_1_466' title='bbox 3717 1766 3725 1775; x_wconf 67' lang='grc' dir='ltr'><em>ι</em></span> 
     </span>
    </p>
   </div>
   <div class='ocr_carea' id='block_1_62' title="bbox 2083 1821 3656 1891">
    <p class='ocr_par' dir='ltr' id='par_1_62' title="bbox 2083 1821 3656 1891">
     <span class='ocr_line' id='line_1_62' title="bbox 2083 1821 3656 1891; baseline -0.002 -13"><span class='ocrx_word' id='word_1_467' title='bbox 2083 1823 2336 1887; x_wconf 88' lang='lat' dir='ltr'><strong>verbum,</strong></span> <span class='ocrx_word' id='word_1_468' title='bbox 2376 1840 2395 1874; x_wconf 77' lang='grc' dir='ltr'>ι</span> <span class='ocrx_word' id='word_1_469' title='bbox 2434 1836 2589 1877; x_wconf 90' lang='lat' dir='ltr'><strong>mons</strong></span> <span class='ocrx_word' id='word_1_470' title='bbox 2615 1822 2705 1878; x_wconf 89' lang='lat' dir='ltr'><strong>ille</strong></span> <span class='ocrx_word' id='word_1_471' title='bbox 2732 1823 2907 1877; x_wconf 91' lang='lat' dir='ltr'><strong>locum</strong></span> <span class='ocrx_word' id='word_1_472' title='bbox 2955 1822 3261 1889; x_wconf 67' lang='lat' dir='ltr'><strong>caelestem,</strong></span> <span class='ocrx_word' id='word_1_473' title='bbox 3295 1821 3656 1891; x_wconf 87' lang='lat' dir='ltr'><strong>splendidum,</strong></span> 
     </span>
    </p>
   </div>
   <div class='ocr_carea' id='block_1_63' title="bbox 2084 1914 3659 1986">
    <p class='ocr_par' dir='ltr' id='par_1_63' title="bbox 2084 1914 3659 1986">
     <span class='ocr_line' id='line_1_63' title="bbox 2084 1914 3659 1986; baseline -0.002 -15"><span class='ocrx_word' id='word_1_474' title='bbox 2084 1917 2150 1972; x_wconf 90' lang='lat' dir='ltr'><strong>de</strong></span> <span class='ocrx_word' id='word_1_475' title='bbox 2175 1929 2283 1986; x_wconf 91' lang='lat' dir='ltr'><strong>quo</strong></span> <span class='ocrx_word' id='word_1_476' title='bbox 2319 1914 2605 1985; x_wconf 83' lang='lat' dir='ltr'><strong>Apostolus</strong></span> <span class='ocrx_word' id='word_1_477' title='bbox 2630 1916 2740 1982; x_wconf 88' lang='lat' dir='ltr'><strong>ait,</strong></span> <span class='ocrx_word' id='word_1_478' title='bbox 2774 1934 2794 1968; x_wconf 76' lang='grc' dir='ltr'><strong><em>ι</em></strong></span> <span class='ocrx_word' id='word_1_479' title='bbox 2827 1927 2932 1973; x_wconf 90' lang='lat' dir='ltr'><strong>etc.</strong></span> <span class='ocrx_word' id='word_1_480' title='bbox 2964 1915 3225 1985; x_wconf 88' lang='lat' dir='ltr'><strong>Scriptori</strong></span> <span class='ocrx_word' id='word_1_481' title='bbox 3264 1915 3483 1979; x_wconf 82' lang='lat' dir='ltr'><strong>excidit,</strong></span> <span class='ocrx_word' id='word_1_482' title='bbox 3514 1914 3659 1984; x_wconf 83' lang='lat' dir='ltr'><strong>quod</strong></span> 
     </span>
    </p>
   </div>
   <div class='ocr_carea' id='block_1_64' title="bbox 2084 2002 3657 2075">
    <p class='ocr_par' dir='ltr' id='par_1_64' title="bbox 2084 2002 3657 2075">
     <span class='ocr_line' id='line_1_64' title="bbox 2084 2002 3657 2075; baseline -0.003 -14"><span class='ocrx_word' id='word_1_483' title='bbox 2084 2007 2150 2061; x_wconf 86' lang='lat' dir='ltr'><strong>ad</strong></span> <span class='ocrx_word' id='word_1_484' title='bbox 2180 2005 2558 2061; x_wconf 88' lang='lat' dir='ltr'><strong>absolvendam</strong></span> <span class='ocrx_word' id='word_1_485' title='bbox 2599 2006 3103 2075; x_wconf 73' lang='lat' dir='ltr'><strong>periodumaddere</strong></span> <span class='ocrx_word' id='word_1_486' title='bbox 3127 2005 3410 2063; x_wconf 87' lang='lat' dir='ltr'><strong>debuerat.</strong></span> <span class='ocrx_word' id='word_1_487' title='bbox 3435 2002 3544 2058; x_wconf 82' lang='lat' dir='ltr'><strong>Nec</strong></span> <span class='ocrx_word' id='word_1_488' title='bbox 3569 2005 3657 2057; x_wconf 82' lang='lat' dir='ltr'><strong>ab-</strong></span> 
     </span>
    </p>
   </div>
   <div class='ocr_carea' id='block_1_65' title="bbox 2082 2092 3657 2168">
    <p class='ocr_par' dir='ltr' id='par_1_65' title="bbox 2082 2092 3657 2168">
     <span class='ocr_line' id='line_1_65' title="bbox 2082 2092 3657 2168; baseline -0.004 -16"><span class='ocrx_word' id='word_1_489' title='bbox 2082 2097 2255 2153; x_wconf 90' lang='lat' dir='ltr'><strong>simile</strong></span> <span class='ocrx_word' id='word_1_490' title='bbox 2298 2097 2429 2151; x_wconf 88' lang='lat' dir='ltr'><strong>illud</strong></span> <span class='ocrx_word' id='word_1_491' title='bbox 2463 2112 2480 2151; x_wconf 91' lang='lat'><strong>:</strong></span> <span class='ocrx_word' id='word_1_492' title='bbox 2520 2097 2843 2168; x_wconf 76' lang='grc' dir='ltr'><strong>Ἐκείἡμᾶς</strong></span> <span class='ocrx_word' id='word_1_493' title='bbox 2891 2097 2986 2150; x_wconf 76' lang='grc' dir='ltr'><strong>καὶ</strong></span> <span class='ocrx_word' id='word_1_494' title='bbox 3010 2098 3045 2167; x_wconf 82' lang='grc' dir='ltr'>ἡ</span> <span class='ocrx_word' id='word_1_495' title='bbox 3099 2094 3234 2167; x_wconf 83' lang='grc' dir='ltr'>πρὸς</span> <span class='ocrx_word' id='word_1_496' title='bbox 3276 2096 3403 2158; x_wconf 78' lang='grc' dir='ltr'>τοὺς</span> <span class='ocrx_word' id='word_1_497' title='bbox 3431 2092 3657 2163; x_wconf 82' lang='grc' dir='ltr'>πλησίον</span> 
     </span>
    </p>
   </div>
   <div class='ocr_carea' id='block_1_66' title="bbox 2079 2185 3657 2260">
    <p class='ocr_par' dir='ltr' id='par_1_66' title="bbox 2079 2185 3657 2260">
     <span class='ocr_line' id='line_1_66' title="bbox 2079 2185 3657 2260; baseline -0.003 -18"><span class='ocrx_word' id='word_1_498' title='bbox 2079 2188 2158 2260; x_wconf 80' lang='grc' dir='ltr'><strong>τῷ</strong></span> <span class='ocrx_word' id='word_1_499' title='bbox 2176 2188 2319 2259; x_wconf 82' lang='grc' dir='ltr'><strong>λόγῳ</strong></span> <span class='ocrx_word' id='word_1_500' title='bbox 2341 2188 2556 2258; x_wconf 79' lang='grc' dir='ltr'>ἐκείνης</span> <span class='ocrx_word' id='word_1_501' title='bbox 2583 2188 2682 2260; x_wconf 81' lang='grc' dir='ltr'><strong>τῆς</strong></span> <span class='ocrx_word' id='word_1_502' title='bbox 2714 2190 2772 2243; x_wconf 80' lang='grc' dir='ltr'>ὲν</span> <span class='ocrx_word' id='word_1_503' title='bbox 2796 2187 2872 2259; x_wconf 80' lang='grc' dir='ltr'><strong>τῷ</strong></span> <span class='ocrx_word' id='word_1_504' title='bbox 2892 2188 3009 2258; x_wconf 70' lang='grc' dir='ltr'>δρει</span> <span class='ocrx_word' id='word_1_505' title='bbox 3033 2185 3496 2259; x_wconf 80' lang='grc' dir='ltr'>κατασκηνώσεως</span> <span class='ocrx_word' id='word_1_506' title='bbox 3513 2225 3531 2251; x_wconf 84' lang='grc'><em>,</em></span> <span class='ocrx_word' id='word_1_507' title='bbox 3560 2185 3657 2239; x_wconf 79' lang='grc' dir='ltr'><strong>καὶ</strong></span> 
     </span>
    </p>
   </div>
   <div class='ocr_carea' id='block_1_67' title="bbox 2080 2275 3658 2350">
    <p class='ocr_par' dir='ltr' id='par_1_67' title="bbox 2080 2275 3658 2350">
     <span class='ocr_line' id='line_1_67' title="bbox 2080 2275 3658 2350; baseline -0.001 -20"><span class='ocrx_word' id='word_1_508' title='bbox 2080 2279 2114 2350; x_wconf 78' lang='grc' dir='ltr'>ἡ</span> <span class='ocrx_word' id='word_1_509' title='bbox 2144 2280 2208 2331; x_wconf 83' lang='grc' dir='ltr'>ὲκ</span> <span class='ocrx_word' id='word_1_510' title='bbox 2234 2276 2328 2330; x_wconf 82' lang='grc' dir='ltr'><strong>τοῦ</strong></span> <span class='ocrx_word' id='word_1_511' title='bbox 2362 2279 2597 2349; x_wconf 78' lang='grc' dir='ltr'><strong>μαμωνᾶ</strong></span> <span class='ocrx_word' id='word_1_512' title='bbox 2630 2278 2730 2349; x_wconf 79' lang='grc' dir='ltr'><strong>τῆς</strong></span> <span class='ocrx_word' id='word_1_513' title='bbox 2767 2277 2978 2343; x_wconf 82' lang='grc' dir='ltr'>ἀδικίας</span> <span class='ocrx_word' id='word_1_514' title='bbox 3023 2278 3281 2349; x_wconf 82' lang='grc' dir='ltr'>γινομένη</span> <span class='ocrx_word' id='word_1_515' title='bbox 3322 2275 3471 2345; x_wconf 79' lang='grc' dir='ltr'>φιλία</span> <span class='ocrx_word' id='word_1_516' title='bbox 3498 2290 3658 2329; x_wconf 65' lang='grc' dir='ltr'><strong>κατι-</strong></span> 
     </span>
    </p>
   </div>
   <div class='ocr_carea' id='block_1_68' title="bbox 2083 2366 3655 2440">
    <p class='ocr_par' dir='ltr' id='par_1_68' title="bbox 2083 2366 3655 2440">
     <span class='ocr_line' id='line_1_68' title="bbox 2083 2366 3655 2440; baseline -0.003 -16"><span class='ocrx_word' id='word_1_517' title='bbox 2083 2372 2291 2440; x_wconf 83' lang='grc' dir='ltr'>σκηνοῖ,</span> <span class='ocrx_word' id='word_1_518' title='bbox 2341 2387 2360 2422; x_wconf 76' lang='lat' dir='ltr'><strong>s</strong></span> <span class='ocrx_word' id='word_1_519' title='bbox 2417 2367 2529 2425; x_wconf 89' lang='lat' dir='ltr'><strong>lllic</strong></span> <span class='ocrx_word' id='word_1_520' title='bbox 2589 2370 2745 2424; x_wconf 92' lang='lat' dir='ltr'><strong>nobis</strong></span> <span class='ocrx_word' id='word_1_521' title='bbox 2788 2379 2844 2424; x_wconf 87' lang='lat' dir='ltr'><strong>et</strong></span> <span class='ocrx_word' id='word_1_522' title='bbox 2884 2367 3114 2440; x_wconf 87' lang='lat' dir='ltr'><strong>proximi</strong></span> <span class='ocrx_word' id='word_1_523' title='bbox 3156 2382 3325 2431; x_wconf 86' lang='lat' dir='ltr'><strong>amor,</strong></span> <span class='ocrx_word' id='word_1_524' title='bbox 3371 2366 3460 2435; x_wconf 93' lang='lat' dir='ltr'><strong>qui</strong></span> <span class='ocrx_word' id='word_1_525' title='bbox 3490 2380 3655 2420; x_wconf 86' lang='lat' dir='ltr'><strong>causa</strong></span> 
     </span>
    </p>
   </div>
   <div class='ocr_carea' id='block_1_69' title="bbox 2082 2459 3659 2531">
    <p class='ocr_par' dir='ltr' id='par_1_69' title="bbox 2082 2459 3659 2531">
     <span class='ocr_line' id='line_1_69' title="bbox 2082 2459 3659 2531; baseline -0.003 -13"><span class='ocrx_word' id='word_1_526' title='bbox 2082 2463 2223 2518; x_wconf 84' lang='lat' dir='ltr'><strong>illius</strong></span> <span class='ocrx_word' id='word_1_527' title='bbox 2279 2462 2486 2531; x_wconf 86' lang='lat' dir='ltr'><strong>requiei</strong></span> <span class='ocrx_word' id='word_1_528' title='bbox 2550 2461 2605 2517; x_wconf 90' lang='lat' dir='ltr'><strong>in</strong></span> <span class='ocrx_word' id='word_1_529' title='bbox 2673 2470 2858 2516; x_wconf 88' lang='lat' dir='ltr'><strong>monte</strong></span> <span class='ocrx_word' id='word_1_530' title='bbox 2934 2459 3175 2515; x_wconf 59' lang='lat' dir='ltr'><strong>fruenda</strong></span> <span class='ocrx_word' id='word_1_531' title='bbox 3241 2459 3547 2524; x_wconf 77' lang='lat' dir='ltr'><strong>exhibetur,</strong></span> <span class='ocrx_word' id='word_1_532' title='bbox 3602 2468 3659 2514; x_wconf 88' lang='lat' dir='ltr'><strong>et</strong></span> 
     </span>
    </p>
   </div>
   <div class='ocr_carea' id='block_1_70' title="bbox 2080 2548 3657 2624">
    <p class='ocr_par' dir='ltr' id='par_1_70' title="bbox 2080 2548 3657 2624">
     <span class='ocr_line' id='line_1_70' title="bbox 2080 2548 3657 2624; baseline -0.004 -15"><span class='ocrx_word' id='word_1_533' title='bbox 2080 2569 2234 2610; x_wconf 92' lang='lat' dir='ltr'><strong>amor</strong></span> <span class='ocrx_word' id='word_1_534' title='bbox 2281 2553 2376 2624; x_wconf 90' lang='lat' dir='ltr'><strong>qui</strong></span> <span class='ocrx_word' id='word_1_535' title='bbox 2430 2568 2497 2609; x_wconf 82' lang='lat' dir='ltr'><strong>ex</strong></span> <span class='ocrx_word' id='word_1_536' title='bbox 2529 2566 2836 2607; x_wconf 88' lang='lat' dir='ltr'><strong>mammona</strong></span> <span class='ocrx_word' id='word_1_537' title='bbox 2888 2551 3188 2622; x_wconf 87' lang='lat' dir='ltr'><strong>iniquitatis</strong></span> <span class='ocrx_word' id='word_1_538' title='bbox 3244 2551 3504 2615; x_wconf 87' lang='lat' dir='ltr'><strong>nascitur,</strong></span> <span class='ocrx_word' id='word_1_539' title='bbox 3559 2548 3657 2604; x_wconf 85' lang='lat' dir='ltr'><strong>ba-</strong></span> 
     </span>
    </p>
   </div>
   <div class='ocr_carea' id='block_1_71' title="bbox 2079 2641 3653 2714">
    <p class='ocr_par' dir='ltr' id='par_1_71' title="bbox 2079 2641 3653 2714">
     <span class='ocr_line' id='line_1_71' title="bbox 2079 2641 3653 2714; baseline -0.005 -12"><span class='ocrx_word' id='word_1_540' title='bbox 2079 2646 2394 2702; x_wconf 89' lang='lat' dir='ltr'><strong>bitationem</strong></span> <span class='ocrx_word' id='word_1_541' title='bbox 2453 2645 2674 2714; x_wconf 63' lang='lat' dir='ltr'><strong>praebet.</strong></span> <span class='ocrx_word' id='word_1_542' title='bbox 2711 2663 2732 2697; x_wconf 71' lang='grc' dir='ltr'><strong>ι</strong></span> <span class='ocrx_word' id='word_1_543' title='bbox 2759 2643 2919 2699; x_wconf 88' lang='lat' dir='ltr'><strong>Certe</strong></span> <span class='ocrx_word' id='word_1_544' title='bbox 2954 2658 3063 2712; x_wconf 90' lang='lat' dir='ltr'><strong>quo</strong></span> <span class='ocrx_word' id='word_1_545' title='bbox 3110 2642 3280 2713; x_wconf 85' lang='lat' dir='ltr'><strong>magis</strong></span> <span class='ocrx_word' id='word_1_546' title='bbox 3310 2643 3426 2699; x_wconf 69' lang='lat' dir='ltr'><strong>haec</strong></span> <span class='ocrx_word' id='word_1_547' title='bbox 3475 2641 3653 2697; x_wconf 78' lang='lat' dir='ltr'><strong>consi~</strong></span> 
     </span>
    </p>
   </div>
   <div class='ocr_carea' id='block_1_72' title="bbox 2081 2731 3656 2806">
    <p class='ocr_par' dir='ltr' id='par_1_72' title="bbox 2081 2731 3656 2806">
     <span class='ocr_line' id='line_1_72' title="bbox 2081 2731 3656 2806; baseline -0.004 -16"><span class='ocrx_word' id='word_1_548' title='bbox 2081 2739 2234 2806; x_wconf 89' lang='lat' dir='ltr'><strong>dero,</strong></span> <span class='ocrx_word' id='word_1_549' title='bbox 2270 2750 2336 2791; x_wconf 89' lang='lat' dir='ltr'><strong>eo</strong></span> <span class='ocrx_word' id='word_1_550' title='bbox 2403 2736 2575 2804; x_wconf 87' lang='lat' dir='ltr'><strong>magis</strong></span> <span class='ocrx_word' id='word_1_551' title='bbox 2616 2736 2746 2789; x_wconf 89' lang='lat' dir='ltr'><strong>mihi</strong></span> <span class='ocrx_word' id='word_1_552' title='bbox 2786 2734 3105 2805; x_wconf 90' lang='lat' dir='ltr'><strong>persuadeo,</strong></span> <span class='ocrx_word' id='word_1_553' title='bbox 3146 2733 3406 2788; x_wconf 83' lang='lat' dir='ltr'><strong>Basilium</strong></span> <span class='ocrx_word' id='word_1_554' title='bbox 3453 2731 3656 2786; x_wconf 81' lang='lat' dir='ltr'><strong>rectius</strong></span> 
     </span>
    </p>
   </div>
   <div class='ocr_carea' id='block_1_73' title="bbox 2081 2821 3659 2895">
    <p class='ocr_par' dir='ltr' id='par_1_73' title="bbox 2081 2821 3659 2895">
     <span class='ocr_line' id='line_1_73' title="bbox 2081 2821 3659 2895; baseline -0.002 -14"><span class='ocrx_word' id='word_1_555' title='bbox 2081 2833 2137 2882; x_wconf 89' lang='lat' dir='ltr'><strong>et</strong></span> <span class='ocrx_word' id='word_1_556' title='bbox 2168 2826 2471 2881; x_wconf 90' lang='lat' dir='ltr'><strong>locuturum</strong></span> <span class='ocrx_word' id='word_1_557' title='bbox 2495 2823 2683 2889; x_wconf 90' lang='lat' dir='ltr'><strong>fuisse,</strong></span> <span class='ocrx_word' id='word_1_558' title='bbox 2700 2832 2755 2879; x_wconf 87' lang='lat' dir='ltr'><strong>et</strong></span> <span class='ocrx_word' id='word_1_559' title='bbox 2774 2824 3153 2895; x_wconf 89' lang='lat' dir='ltr'><strong>cogitaturum.</strong></span> <span class='ocrx_word' id='word_1_560' title='bbox 3189 2821 3326 2877; x_wconf 88' lang='lat' dir='ltr'><strong>Nam</strong></span> <span class='ocrx_word' id='word_1_561' title='bbox 3364 2823 3659 2890; x_wconf 56' lang='lat' dir='ltr'><strong>inanima-</strong></span> 
     </span>
    </p>
   </div>
   <div class='ocr_carea' id='block_1_74' title="bbox 2082 2915 3657 2990">
    <p class='ocr_par' dir='ltr' id='par_1_74' title="bbox 2082 2915 3657 2990">
     <span class='ocr_line' id='line_1_74' title="bbox 2082 2915 3657 2990; baseline -0.001 -18"><span class='ocrx_word' id='word_1_562' title='bbox 2082 2920 2272 2990; x_wconf 80' lang='grc' dir='ltr'>σκηνοί</span> <span class='ocrx_word' id='word_1_563' title='bbox 2297 2917 2465 2989; x_wconf 81' lang='grc' dir='ltr'><strong>ἡμᾶς,</strong></span> <span class='ocrx_word' id='word_1_564' title='bbox 2508 2930 2606 2985; x_wconf 92' lang='lat' dir='ltr'><strong>pro</strong></span> <span class='ocrx_word' id='word_1_565' title='bbox 2650 2930 2717 2972; x_wconf 89' lang='lat' dir='ltr'><strong>eo</strong></span> <span class='ocrx_word' id='word_1_566' title='bbox 2761 2917 2902 2989; x_wconf 90' lang='lat' dir='ltr'><strong>quod</strong></span> <span class='ocrx_word' id='word_1_567' title='bbox 2934 2927 3040 2982; x_wconf 88' lang='lat' dir='ltr'><strong>est,</strong></span> <span class='ocrx_word' id='word_1_568' title='bbox 3092 2915 3305 2970; x_wconf 80' lang='lat' dir='ltr'><strong>s-faciet</strong></span> <span class='ocrx_word' id='word_1_569' title='bbox 3351 2925 3409 2969; x_wconf 91' lang='lat' dir='ltr'><strong>ut</strong></span> <span class='ocrx_word' id='word_1_570' title='bbox 3448 2915 3657 2971; x_wconf 87' lang='lat' dir='ltr'><strong>habite-</strong></span> 
     </span>
    </p>
   </div>
   <div class='ocr_carea' id='block_1_75' title="bbox 2079 3004 3656 3076">
    <p class='ocr_par' dir='ltr' id='par_1_75' title="bbox 2079 3004 3656 3076">
     <span class='ocr_line' id='line_1_75' title="bbox 2079 3004 3656 3076; baseline -0.002 -14"><span class='ocrx_word' id='word_1_571' title='bbox 2079 3022 2223 3071; x_wconf 92' lang='lat' dir='ltr'><strong>mus,</strong></span> <span class='ocrx_word' id='word_1_572' title='bbox 2250 3025 2270 3059; x_wconf 74' lang='grc' dir='ltr'><strong><em>ι</em></strong></span> <span class='ocrx_word' id='word_1_573' title='bbox 2323 3006 2562 3062; x_wconf 81' lang='lat' dir='ltr'><strong>invenire</strong></span> <span class='ocrx_word' id='word_1_574' title='bbox 2595 3020 2699 3061; x_wconf 90' lang='lat' dir='ltr'><strong>non</strong></span> <span class='ocrx_word' id='word_1_575' title='bbox 2737 3016 2821 3062; x_wconf 91' lang='lat' dir='ltr'><strong>est</strong></span> <span class='ocrx_word' id='word_1_576' title='bbox 2864 3006 3205 3076; x_wconf 77' lang='lat' dir='ltr'><strong>neque&#39;apud</strong></span> <span class='ocrx_word' id='word_1_577' title='bbox 3245 3004 3523 3069; x_wconf 84' lang='lat' dir='ltr'><strong>Basilium,</strong></span> <span class='ocrx_word' id='word_1_578' title='bbox 3557 3018 3656 3059; x_wconf 81' lang='lat' dir='ltr'><strong>ne-</strong></span> 
     </span>
    </p>
   </div>
   <div class='ocr_carea' id='block_1_76' title="bbox 2079 3091 3655 3166">
    <p class='ocr_par' dir='ltr' id='par_1_76' title="bbox 2079 3091 3655 3166">
     <span class='ocr_line' id='line_1_76' title="bbox 2079 3091 3655 3166; baseline -0.005 -16"><span class='ocrx_word' id='word_1_579' title='bbox 2079 3110 2186 3166; x_wconf 92' lang='lat' dir='ltr'><strong>que</strong></span> <span class='ocrx_word' id='word_1_580' title='bbox 2212 3094 2444 3150; x_wconf 76' lang='lat' dir='ltr'><strong>fortasse</strong></span> <span class='ocrx_word' id='word_1_581' title='bbox 2467 3095 2607 3164; x_wconf 89' lang='lat' dir='ltr'><strong>apud</strong></span> <span class='ocrx_word' id='word_1_582' title='bbox 2648 3095 2783 3149; x_wconf 90' lang='lat' dir='ltr'><strong>alios</strong></span> <span class='ocrx_word' id='word_1_583' title='bbox 2814 3095 3039 3149; x_wconf 88' lang='lat' dir='ltr'><strong>idoneos</strong></span> <span class='ocrx_word' id='word_1_584' title='bbox 3079 3093 3393 3162; x_wconf 88' lang='lat' dir='ltr'><strong>scriptores.</strong></span> <span class='ocrx_word' id='word_1_585' title='bbox 3426 3091 3655 3147; x_wconf 86' lang='lat' dir='ltr'><strong>Senten-</strong></span> 
     </span>
    </p>
   </div>
   <div class='ocr_carea' id='block_1_77' title="bbox 2080 3182 3658 3261">
    <p class='ocr_par' dir='ltr' id='par_1_77' title="bbox 2080 3182 3658 3261">
     <span class='ocr_line' id='line_1_77' title="bbox 2080 3182 3658 3261; baseline -0.001 -22"><span class='ocrx_word' id='word_1_586' title='bbox 2080 3187 2209 3261; x_wconf 81' lang='lat' dir='ltr'><strong>tiam</strong></span> <span class='ocrx_word' id='word_1_587' title='bbox 2241 3185 2530 3239; x_wconf 86' lang='lat' dir='ltr'><strong>verborum</strong></span> <span class='ocrx_word' id='word_1_588' title='bbox 2565 3182 2677 3253; x_wconf 86' lang='lat' dir='ltr'><strong>jam</strong></span> <span class='ocrx_word' id='word_1_589' title='bbox 2713 3184 2758 3238; x_wconf 88' lang='lat' dir='ltr'><strong>si</strong></span> <span class='ocrx_word' id='word_1_590' title='bbox 2789 3185 3177 3254; x_wconf 88' lang='lat' dir='ltr'><strong>expendamus,</strong></span> <span class='ocrx_word' id='word_1_591' title='bbox 3200 3199 3260 3239; x_wconf 90' lang='lat' dir='ltr'><strong>ea</strong></span> <span class='ocrx_word' id='word_1_592' title='bbox 3285 3200 3389 3239; x_wconf 89' lang='lat' dir='ltr'><strong>non</strong></span> <span class='ocrx_word' id='word_1_593' title='bbox 3411 3194 3539 3253; x_wconf 90' lang='lat' dir='ltr'><strong>puto</strong></span> <span class='ocrx_word' id='word_1_594' title='bbox 3569 3198 3658 3238; x_wconf 88' lang='lat' dir='ltr'><strong>re-</strong></span> 
     </span>
    </p>
   </div>
   <div class='ocr_carea' id='block_1_78' title="bbox 2077 3275 3656 3349">
    <p class='ocr_par' dir='ltr' id='par_1_78' title="bbox 2077 3275 3656 3349">
     <span class='ocr_line' id='line_1_78' title="bbox 2077 3275 3656 3349; baseline -0.001 -16"><span class='ocrx_word' id='word_1_595' title='bbox 2077 3278 2241 3349; x_wconf 87' lang='lat' dir='ltr'><strong>periri</strong></span> <span class='ocrx_word' id='word_1_596' title='bbox 2286 3278 2577 3347; x_wconf 89' lang='lat' dir='ltr'><strong>quidquam</strong></span> <span class='ocrx_word' id='word_1_597' title='bbox 2620 3292 2778 3345; x_wconf 84' lang='lat' dir='ltr'><strong>posse</strong></span> <span class='ocrx_word' id='word_1_598' title='bbox 2828 3286 2921 3331; x_wconf 87' lang='lat' dir='ltr'><strong>aut</strong></span> <span class='ocrx_word' id='word_1_599' title='bbox 2971 3277 3202 3347; x_wconf 89' lang='lat' dir='ltr'><strong>ineptius</strong></span> <span class='ocrx_word' id='word_1_600' title='bbox 3246 3276 3345 3349; x_wconf 89' lang='lat' dir='ltr'><strong>(a),</strong></span> <span class='ocrx_word' id='word_1_601' title='bbox 3386 3284 3481 3332; x_wconf 91' lang='lat' dir='ltr'><strong>aut</strong></span> <span class='ocrx_word' id='word_1_602' title='bbox 3512 3275 3656 3345; x_wconf 87' lang='lat' dir='ltr'><strong>quod</strong></span> 
     </span>
    </p>
   </div>
   <div class='ocr_carea' id='block_1_79' title="bbox 2078 3368 3656 3441">
    <p class='ocr_par' dir='ltr' id='par_1_79' title="bbox 2078 3368 3656 3441">
     <span class='ocr_line' id='line_1_79' title="bbox 2078 3368 3656 3441; baseline -0.003 -15"><span class='ocrx_word' id='word_1_603' title='bbox 2078 3387 2110 3426; x_wconf 93' lang='lat' dir='ltr'><strong>a</strong></span> <span class='ocrx_word' id='word_1_604' title='bbox 2134 3385 2266 3426; x_wconf 88' lang='lat' dir='ltr'><strong>sana</strong></span> <span class='ocrx_word' id='word_1_605' title='bbox 2290 3380 2472 3426; x_wconf 88' lang='lat' dir='ltr'><strong>mente</strong></span> <span class='ocrx_word' id='word_1_606' title='bbox 2494 3370 2664 3441; x_wconf 86' lang='lat' dir='ltr'><strong>magis</strong></span> <span class='ocrx_word' id='word_1_607' title='bbox 2687 3370 2996 3425; x_wconf 89' lang='lat' dir='ltr'><strong>abhorreat.</strong></span> <span class='ocrx_word' id='word_1_608' title='bbox 3018 3368 3151 3422; x_wconf 86' lang='lat' dir='ltr'><strong>Nam</strong></span> <span class='ocrx_word' id='word_1_609' title='bbox 3173 3369 3221 3423; x_wconf 90' lang='lat' dir='ltr'><strong>si</strong></span> <span class='ocrx_word' id='word_1_610' title='bbox 3246 3368 3477 3437; x_wconf 81' lang='lat' dir='ltr'><strong>proximi</strong></span> <span class='ocrx_word' id='word_1_611' title='bbox 3501 3382 3656 3423; x_wconf 89' lang='lat' dir='ltr'><strong>amor</strong></span> 
     </span>
    </p>
   </div>
   <div class='ocr_carea' id='block_1_80' title="bbox 2076 3461 3657 3531">
    <p class='ocr_par' dir='ltr' id='par_1_80' title="bbox 2076 3461 3657 3531">
     <span class='ocr_line' id='line_1_80' title="bbox 2076 3461 3657 3531; baseline -0.003 -13"><span class='ocrx_word' id='word_1_612' title='bbox 2076 3463 2291 3518; x_wconf 88' lang='lat' dir='ltr'><strong>deducit</strong></span> <span class='ocrx_word' id='word_1_613' title='bbox 2314 3477 2412 3517; x_wconf 86' lang='lat' dir='ltr'><strong>nos</strong></span> <span class='ocrx_word' id='word_1_614' title='bbox 2442 3462 2508 3517; x_wconf 91' lang='lat' dir='ltr'><strong>ad</strong></span> <span class='ocrx_word' id='word_1_615' title='bbox 2534 3464 2807 3517; x_wconf 65' lang='lat' dir='ltr'><strong>caelestem</strong></span> <span class='ocrx_word' id='word_1_616' title='bbox 2833 3466 3150 3530; x_wconf 80' lang='lat' dir='ltr'><strong>beatamque</strong></span> <span class='ocrx_word' id='word_1_617' title='bbox 3183 3461 3447 3531; x_wconf 88' lang='lat' dir='ltr'><strong>requiem,</strong></span> <span class='ocrx_word' id='word_1_618' title='bbox 3503 3474 3657 3514; x_wconf 88' lang='lat' dir='ltr'><strong>amor</strong></span> 
     </span>
    </p>
   </div>
   <div class='ocr_carea' id='block_1_81' title="bbox 2077 3553 3652 3626">
    <p class='ocr_par' dir='ltr' id='par_1_81' title="bbox 2077 3553 3652 3626">
     <span class='ocr_line' id='line_1_81' title="bbox 2077 3553 3652 3626; baseline -0.004 -16"><span class='ocrx_word' id='word_1_619' title='bbox 2077 3557 2169 3626; x_wconf 92' lang='lat' dir='ltr'><strong>qui</strong></span> <span class='ocrx_word' id='word_1_620' title='bbox 2192 3571 2259 3610; x_wconf 89' lang='lat' dir='ltr'><strong>ex</strong></span> <span class='ocrx_word' id='word_1_621' title='bbox 2292 3570 2595 3609; x_wconf 88' lang='lat' dir='ltr'><strong>mammona</strong></span> <span class='ocrx_word' id='word_1_622' title='bbox 2629 3554 2931 3625; x_wconf 87' lang='lat' dir='ltr'><strong>iniquitatis</strong></span> <span class='ocrx_word' id='word_1_623' title='bbox 2972 3554 3236 3620; x_wconf 88' lang='lat' dir='ltr'><strong>nascitur,</strong></span> <span class='ocrx_word' id='word_1_624' title='bbox 3280 3555 3347 3608; x_wconf 91' lang='lat' dir='ltr'><strong>ab</strong></span> <span class='ocrx_word' id='word_1_625' title='bbox 3374 3567 3436 3608; x_wconf 91' lang='lat' dir='ltr'><strong>ea</strong></span> <span class='ocrx_word' id='word_1_626' title='bbox 3465 3553 3652 3621; x_wconf 85' lang='lat' dir='ltr'><strong>utique</strong></span> 
     </span>
    </p>
   </div>
   <div class='ocr_carea' id='block_1_82' title="bbox 2078 3645 3655 3717">
    <p class='ocr_par' dir='ltr' id='par_1_82' title="bbox 2078 3645 3655 3717">
     <span class='ocr_line' id='line_1_82' title="bbox 2078 3645 3655 3717; baseline -0.003 -14"><span class='ocrx_word' id='word_1_627' title='bbox 2078 3665 2176 3704; x_wconf 89' lang='lat' dir='ltr'><strong>nos</strong></span> <span class='ocrx_word' id='word_1_628' title='bbox 2202 3649 2442 3704; x_wconf 88' lang='lat' dir='ltr'><strong>abducit.</strong></span> <span class='ocrx_word' id='word_1_629' title='bbox 2483 3649 2634 3715; x_wconf 86' lang='lat' dir='ltr'><strong>Quod</strong></span> <span class='ocrx_word' id='word_1_630' title='bbox 2664 3649 2717 3702; x_wconf 89' lang='lat' dir='ltr'><strong>in</strong></span> <span class='ocrx_word' id='word_1_631' title='bbox 2764 3649 2872 3702; x_wconf 87' lang='lat' dir='ltr'><strong>line</strong></span> <span class='ocrx_word' id='word_1_632' title='bbox 2917 3648 3175 3702; x_wconf 87' lang='lat' dir='ltr'><strong>orationis</strong></span> <span class='ocrx_word' id='word_1_633' title='bbox 3209 3648 3421 3717; x_wconf 82' lang='lat' dir='ltr'><strong>legitur,</strong></span> <span class='ocrx_word' id='word_1_634' title='bbox 3454 3645 3522 3700; x_wconf 84' lang='grc' dir='ltr'><em>Τὸ</em></span> <span class='ocrx_word' id='word_1_635' title='bbox 3549 3645 3655 3712; x_wconf 82' lang='lat' dir='ltr'><strong>dp-</strong></span> 
     </span>
    </p>
   </div>
   <div class='ocr_carea' id='block_1_83' title="bbox 2077 3736 3654 3810">
    <p class='ocr_par' dir='ltr' id='par_1_83' title="bbox 2077 3736 3654 3810">
     <span class='ocr_line' id='line_1_83' title="bbox 2077 3736 3654 3810; baseline -0.004 -15"><span class='ocrx_word' id='word_1_636' title='bbox 2077 3742 2285 3810; x_wconf 77' lang='grc' dir='ltr'><strong>γύριον</strong></span> <span class='ocrx_word' id='word_1_637' title='bbox 2304 3738 2490 3795; x_wconf 80' lang='grc' dir='ltr'><strong>αὐτοῦ</strong></span> <span class='ocrx_word' id='word_1_638' title='bbox 2523 3742 2635 3794; x_wconf 79' lang='grc' dir='ltr'>οὐκ</span> <span class='ocrx_word' id='word_1_639' title='bbox 2663 3739 2888 3794; x_wconf 75' lang='grc' dir='ltr'><strong>ἔδωκεν</strong></span> <span class='ocrx_word' id='word_1_640' title='bbox 2916 3739 3016 3794; x_wconf 76' lang='grc' dir='ltr'><strong>ἐπί</strong></span> <span class='ocrx_word' id='word_1_641' title='bbox 3043 3740 3213 3804; x_wconf 79' lang='grc' dir='ltr'><strong>τόκῳ,</strong></span> <span class='ocrx_word' id='word_1_642' title='bbox 3249 3738 3351 3803; x_wconf 87' lang='lat' dir='ltr'><strong>Qui</strong></span> <span class='ocrx_word' id='word_1_643' title='bbox 3376 3736 3654 3807; x_wconf 70' lang='lat' dir='ltr'><strong>pecuniane</strong></span> 
     </span>
    </p>
   </div>
   <div class='ocr_carea' id='block_1_84' title="bbox 2077 3823 3653 3901">
    <p class='ocr_par' dir='ltr' id='par_1_84' title="bbox 2077 3823 3653 3901">
     <span class='ocr_line' id='line_1_84' title="bbox 2077 3823 3653 3901; baseline -0.006 -15"><span class='ocrx_word' id='word_1_644' title='bbox 2077 3849 2228 3886; x_wconf 88' lang='lat' dir='ltr'><strong>suam</strong></span> <span class='ocrx_word' id='word_1_645' title='bbox 2256 3848 2359 3885; x_wconf 89' lang='lat' dir='ltr'><strong>non</strong></span> <span class='ocrx_word' id='word_1_646' title='bbox 2394 3832 2538 3885; x_wconf 80' lang='lat' dir='ltr'><strong>dedit</strong></span> <span class='ocrx_word' id='word_1_647' title='bbox 2572 3831 2641 3883; x_wconf 83' lang='lat' dir='ltr'><strong>ad</strong></span> <span class='ocrx_word' id='word_1_648' title='bbox 2680 3846 2897 3884; x_wconf 85' lang='lat' dir='ltr'><strong>usuram</strong></span> <span class='ocrx_word' id='word_1_649' title='bbox 2921 3831 2987 3896; x_wconf 78' lang='grc'><strong>⁸⁸,</strong></span> <span class='ocrx_word' id='word_1_650' title='bbox 3023 3842 3114 3883; x_wconf 88' lang='lat' dir='ltr'><strong>aut</strong></span> <span class='ocrx_word' id='word_1_651' title='bbox 3144 3829 3370 3901; x_wconf 76' lang='lat' dir='ltr'><strong>(variant</strong></span> <span class='ocrx_word' id='word_1_652' title='bbox 3411 3826 3552 3879; x_wconf 89' lang='lat' dir='ltr'><strong>enim</strong></span> <span class='ocrx_word' id='word_1_653' title='bbox 3584 3823 3653 3878; x_wconf 86' lang='lat' dir='ltr'><strong>li-</strong></span> 
     </span>
    </p>
   </div>
   <div class='ocr_carea' id='block_1_85' title="bbox 2080 3916 3654 3993">
    <p class='ocr_par' dir='ltr' id='par_1_85' title="bbox 2080 3916 3654 3993">
     <span class='ocr_line' id='line_1_85' title="bbox 2080 3916 3654 3993; baseline -0.006 -15"><span class='ocrx_word' id='word_1_654' title='bbox 2080 3923 2204 3993; x_wconf 91' lang='lat' dir='ltr'><strong>bri),</strong></span> <span class='ocrx_word' id='word_1_655' title='bbox 2236 3922 2319 3988; x_wconf 86' lang='grc' dir='ltr'><strong>Τῷ</strong></span> <span class='ocrx_word' id='word_1_656' title='bbox 2345 3921 2611 3976; x_wconf 82' lang='grc' dir='ltr'><strong>αἰτοῦντι</strong></span> <span class='ocrx_word' id='word_1_657' title='bbox 2644 3936 2716 3975; x_wconf 84' lang='grc' dir='ltr'>σε</span> <span class='ocrx_word' id='word_1_658' title='bbox 2745 3921 2872 3987; x_wconf 84' lang='grc' dir='ltr'><strong>δὸς,</strong></span> <span class='ocrx_word' id='word_1_659' title='bbox 2914 3921 3013 3975; x_wconf 82' lang='grc' dir='ltr'><strong>καὶ</strong></span> <span class='ocrx_word' id='word_1_660' title='bbox 3062 3920 3178 3976; x_wconf 75' lang='grc' dir='ltr'><strong>ἀπὸ</strong></span> <span class='ocrx_word' id='word_1_661' title='bbox 3219 3918 3323 3973; x_wconf 84' lang='grc' dir='ltr'><strong>τοῦ</strong></span> <span class='ocrx_word' id='word_1_662' title='bbox 3370 3916 3654 3983; x_wconf 76' lang='grc' dir='ltr'><strong>θέλοντος</strong></span> 
     </span>
    </p>
   </div>
   <div class='ocr_carea' id='block_1_86' title="bbox 2078 4009 3655 4082">
    <p class='ocr_par' dir='ltr' id='par_1_86' title="bbox 2078 4009 3655 4082">
     <span class='ocr_line' id='line_1_86' title="bbox 2078 4009 3655 4082; baseline -0.004 -16"><span class='ocrx_word' id='word_1_663' title='bbox 2078 4011 2476 4067; x_wconf 76' lang='grc' dir='ltr'><strong>δανείσασθαι</strong></span> <span class='ocrx_word' id='word_1_664' title='bbox 2514 4010 2601 4082; x_wconf 79' lang='grc' dir='ltr'><strong>μὴ</strong></span> <span class='ocrx_word' id='word_1_665' title='bbox 2650 4010 3062 4080; x_wconf 64' lang='grc' dir='ltr'><strong>ἀποστραφῇς.</strong></span> <span class='ocrx_word' id='word_1_666' title='bbox 3121 4010 3223 4075; x_wconf 84' lang='lat' dir='ltr'><strong>Qui</strong></span> <span class='ocrx_word' id='word_1_667' title='bbox 3260 4009 3381 4078; x_wconf 81' lang='lat' dir='ltr'><strong>petit</strong></span> <span class='ocrx_word' id='word_1_668' title='bbox 3418 4024 3451 4061; x_wconf 90' lang='lat' dir='ltr'><strong>a</strong></span> <span class='ocrx_word' id='word_1_669' title='bbox 3480 4017 3547 4070; x_wconf 87' lang='lat' dir='ltr'><strong>te,</strong></span> <span class='ocrx_word' id='word_1_670' title='bbox 3583 4009 3655 4060; x_wconf 64' lang='lat' dir='ltr'><strong>de</strong></span> 
     </span>
    </p>
   </div>
   <div class='ocr_carea' id='block_1_87' title="bbox 2079 4097 3653 4168">
    <p class='ocr_par' dir='ltr' id='par_1_87' title="bbox 2079 4097 3653 4168">
     <span class='ocr_line' id='line_1_87' title="bbox 2079 4097 3653 4168; baseline -0.006 -9"><span class='ocrx_word' id='word_1_671' title='bbox 2079 4105 2124 4159; x_wconf 87' lang='lat' dir='ltr'><strong>ei</strong></span> <span class='ocrx_word' id='word_1_672' title='bbox 2141 4120 2161 4168; x_wconf 89' lang='grc'><strong><em>;</em></strong></span> <span class='ocrx_word' id='word_1_673' title='bbox 2196 4114 2242 4156; x_wconf 86' lang='lat' dir='ltr'><strong>et</strong></span> <span class='ocrx_word' id='word_1_674' title='bbox 2268 4103 2454 4157; x_wconf 80' lang='lat' dir='ltr'><strong>volenti</strong></span> <span class='ocrx_word' id='word_1_675' title='bbox 2491 4104 2722 4156; x_wconf 84' lang='lat' dir='ltr'><strong>mutuari</strong></span> <span class='ocrx_word' id='word_1_676' title='bbox 2756 4120 2789 4155; x_wconf 92' lang='lat' dir='ltr'><strong>a</strong></span> <span class='ocrx_word' id='word_1_677' title='bbox 2816 4113 2885 4168; x_wconf 92' lang='lat' dir='ltr'><strong>te,</strong></span> <span class='ocrx_word' id='word_1_678' title='bbox 2912 4118 2973 4155; x_wconf 85' lang='lat' dir='ltr'><strong>ne</strong></span> <span class='ocrx_word' id='word_1_679' title='bbox 3003 4100 3253 4155; x_wconf 76' lang='lat' dir='ltr'><strong>averteris</strong></span> <span class='ocrx_word' id='word_1_680' title='bbox 3279 4099 3426 4165; x_wconf 74' lang='lat' dir='ltr'><strong>&quot;,‘id</strong></span> <span class='ocrx_word' id='word_1_681' title='bbox 3456 4097 3539 4151; x_wconf 78' lang='lat' dir='ltr'><strong>vel</strong></span> <span class='ocrx_word' id='word_1_682' title='bbox 3564 4111 3653 4151; x_wconf 75' lang='lat' dir='ltr'><strong>so-</strong></span> 
     </span>
    </p>
   </div>
   <div class='ocr_carea' id='block_1_88' title="bbox 2080 4186 3655 4263">
    <p class='ocr_par' dir='ltr' id='par_1_88' title="bbox 2080 4186 3655 4263">
     <span class='ocr_line' id='line_1_88' title="bbox 2080 4186 3655 4263; baseline -0.005 -15"><span class='ocrx_word' id='word_1_683' title='bbox 2080 4192 2500 4248; x_wconf 86' lang='lat' dir='ltr'><strong>lumconcionis</strong></span> <span class='ocrx_word' id='word_1_684' title='bbox 2526 4191 2683 4260; x_wconf 79' lang='lat' dir='ltr'><strong>hujus</strong></span> <span class='ocrx_word' id='word_1_685' title='bbox 2706 4191 2994 4245; x_wconf 79' lang='lat' dir='ltr'><strong>falsitatem</strong></span> <span class='ocrx_word' id='word_1_686' title='bbox 3022 4190 3241 4259; x_wconf 86' lang='lat' dir='ltr'><strong>detegit.</strong></span> <span class='ocrx_word' id='word_1_687' title='bbox 3272 4187 3492 4261; x_wconf 43' lang='lat' dir='ltr'><strong>Etenim.</strong></span> <span class='ocrx_word' id='word_1_688' title='bbox 3510 4187 3554 4241; x_wconf 92' lang='lat' dir='ltr'><strong>si</strong></span> <span class='ocrx_word' id='word_1_689' title='bbox 3583 4186 3655 4263; x_wconf 83' lang='lat' dir='ltr'><strong>le-</strong></span> 
     </span>
    </p>
   </div>
   <div class='ocr_carea' id='block_1_89' title="bbox 2079 4277 3653 4357">
    <p class='ocr_par' dir='ltr' id='par_1_89' title="bbox 2079 4277 3653 4357">
     <span class='ocr_line' id='line_1_89' title="bbox 2079 4277 3653 4357; baseline -0.005 -17"><span class='ocrx_word' id='word_1_690' title='bbox 2079 4285 2241 4356; x_wconf 87' lang='lat' dir='ltr'><strong>geris,</strong></span> <span class='ocrx_word' id='word_1_691' title='bbox 2275 4284 2335 4338; x_wconf 85' lang='grc' dir='ltr'><strong>τδ</strong></span> <span class='ocrx_word' id='word_1_692' title='bbox 2368 4283 2629 4357; x_wconf 80' lang='grc' dir='ltr'><strong>ἀργύριον</strong></span> <span class='ocrx_word' id='word_1_693' title='bbox 2664 4282 2854 4351; x_wconf 61' lang='lat' dir='ltr'><strong>aii-.06,</strong></span> <span class='ocrx_word' id='word_1_694' title='bbox 2890 4292 3019 4351; x_wconf 88' lang='lat' dir='ltr'><strong>etc.,</strong></span> <span class='ocrx_word' id='word_1_695' title='bbox 3046 4281 3277 4335; x_wconf 81' lang='lat' dir='ltr'><strong>Basilius</strong></span> <span class='ocrx_word' id='word_1_696' title='bbox 3304 4280 3415 4348; x_wconf 88' lang='lat' dir='ltr'><strong>ipse</strong></span> <span class='ocrx_word' id='word_1_697' title='bbox 3451 4277 3653 4332; x_wconf 85' lang='lat' dir='ltr'><strong>oralio-</strong></span> 
     </span>
    </p>
   </div>
   <div class='ocr_carea' id='block_1_90' title="bbox 409 4369 3651 4453">
    <p class='ocr_par' dir='ltr' id='par_1_90' title="bbox 409 4369 3651 4453">
     <span class='ocr_line' id='line_1_90' title="bbox 409 4369 3651 4453; baseline -0.004 -15"><span class='ocrx_word' id='word_1_698' title='bbox 409 4382 602 4453; x_wconf 86' lang='lat' dir='ltr'><strong>largita</strong></span> <span class='ocrx_word' id='word_1_699' title='bbox 632 4391 786 4446; x_wconf 88' lang='lat' dir='ltr'><strong>erat,</strong></span> <span class='ocrx_word' id='word_1_700' title='bbox 813 4380 901 4435; x_wconf 86' lang='lat' dir='ltr'><strong>hic</strong></span> <span class='ocrx_word' id='word_1_701' title='bbox 948 4392 1245 4450; x_wconf 80' lang='lat' dir='ltr'><strong>congerere</strong></span> <span class='ocrx_word' id='word_1_702' title='bbox 1283 4394 1298 4432; x_wconf 89' lang='lat'><strong>:</strong></span> <span class='ocrx_word' id='word_1_703' title='bbox 1338 4378 1429 4434; x_wconf 86' lang='lat' dir='ltr'><strong>sed</strong></span> <span class='ocrx_word' id='word_1_704' title='bbox 1472 4392 1592 4432; x_wconf 92' lang='lat' dir='ltr'><strong>cum</strong></span> <span class='ocrx_word' id='word_1_705' title='bbox 1637 4377 1811 4433; x_wconf 88' lang='lat' dir='ltr'><strong>doctis</strong></span> <span class='ocrx_word' id='word_1_706' title='bbox 1853 4386 1978 4431; x_wconf 88' lang='lat' dir='ltr'><strong>nota</strong></span> <span class='ocrx_word' id='word_1_707' title='bbox 2011 4391 2055 4445; x_wconf 83' lang='grc' dir='ltr'><strong>ι)</strong></span> <span class='ocrx_word' id='word_1_708' title='bbox 2086 4380 2169 4434; x_wconf 92' lang='lat' dir='ltr'><strong>nis</strong></span> <span class='ocrx_word' id='word_1_709' title='bbox 2197 4379 2446 4434; x_wconf 65' lang='lat' dir='ltr'><strong>secunda:</strong></span> <span class='ocrx_word' id='word_1_710' title='bbox 2470 4378 2625 4433; x_wconf 90' lang='lat' dir='ltr'><strong>initio</strong></span> <span class='ocrx_word' id='word_1_711' title='bbox 2656 4376 2816 4431; x_wconf 91' lang='lat' dir='ltr'><strong>docet</strong></span> <span class='ocrx_word' id='word_1_712' title='bbox 2838 4391 2897 4432; x_wconf 91' lang='lat' dir='ltr'><strong>se</strong></span> <span class='ocrx_word' id='word_1_713' title='bbox 2926 4377 3067 4430; x_wconf 88' lang='lat' dir='ltr'><strong>hunc</strong></span> <span class='ocrx_word' id='word_1_714' title='bbox 3094 4371 3293 4429; x_wconf 89' lang='lat' dir='ltr'><strong>Psalmi</strong></span> <span class='ocrx_word' id='word_1_715' title='bbox 3327 4369 3651 4427; x_wconf 89' lang='lat' dir='ltr'><strong>versiculum</strong></span> 
     </span>
    </p>
   </div>
   <div class='ocr_carea' id='block_1_91' title="bbox 413 4469 1981 4541">
    <p class='ocr_par' dir='ltr' id='par_1_91' title="bbox 413 4469 1981 4541">
     <span class='ocr_line' id='line_1_91' title="bbox 413 4469 1981 4541; baseline -0.006 -8"><span class='ocrx_word' id='word_1_716' title='bbox 413 4474 548 4541; x_wconf 82' lang='lat' dir='ltr'><strong>sint,</strong></span> <span class='ocrx_word' id='word_1_717' title='bbox 573 4489 636 4529; x_wconf 87' lang='lat' dir='ltr'><strong>ca</strong></span> <span class='ocrx_word' id='word_1_718' title='bbox 664 4471 867 4527; x_wconf 79' lang='lat' dir='ltr'><strong>referre</strong></span> <span class='ocrx_word' id='word_1_719' title='bbox 905 4486 1125 4528; x_wconf 87' lang='lat' dir='ltr'><strong>necesse</strong></span> <span class='ocrx_word' id='word_1_720' title='bbox 1152 4486 1255 4526; x_wconf 90' lang='lat' dir='ltr'><strong>non</strong></span> <span class='ocrx_word' id='word_1_721' title='bbox 1286 4479 1387 4526; x_wconf 91' lang='lat' dir='ltr'><strong>est.</strong></span> <span class='ocrx_word' id='word_1_722' title='bbox 1414 4470 1514 4538; x_wconf 82' lang='lat' dir='ltr'><strong>Qui</strong></span> <span class='ocrx_word' id='word_1_723' title='bbox 1551 4470 1713 4541; x_wconf 79' lang='lat' dir='ltr'><strong>igitur</strong></span> <span class='ocrx_word' id='word_1_724' title='bbox 1743 4469 1857 4524; x_wconf 89' lang='lat' dir='ltr'><strong>fieri</strong></span> <span class='ocrx_word' id='word_1_725' title='bbox 1886 4483 1981 4537; x_wconf 88' lang='lat' dir='ltr'><strong>po-</strong></span> 
     </span>
    </p>
   </div>
   <div class='ocr_carea' id='block_1_92' title="bbox 414 4559 1983 4632">
    <p class='ocr_par' dir='ltr' id='par_1_92' title="bbox 414 4559 1983 4632">
     <span class='ocr_line' id='line_1_92' title="bbox 414 4559 1983 4632; baseline -0.001 -14"><span class='ocrx_word' id='word_1_726' title='bbox 414 4564 540 4630; x_wconf 92' lang='lat' dir='ltr'><strong>tuit,</strong></span> <span class='ocrx_word' id='word_1_727' title='bbox 567 4575 625 4619; x_wconf 93' lang='lat' dir='ltr'><strong>ut</strong></span> <span class='ocrx_word' id='word_1_728' title='bbox 646 4579 890 4620; x_wconf 87' lang='lat' dir='ltr'><strong>summus</strong></span> <span class='ocrx_word' id='word_1_729' title='bbox 925 4572 1109 4618; x_wconf 88' lang='lat' dir='ltr'><strong>orator</strong></span> <span class='ocrx_word' id='word_1_730' title='bbox 1135 4562 1364 4618; x_wconf 85' lang='lat' dir='ltr'><strong>Basilius</strong></span> <span class='ocrx_word' id='word_1_731' title='bbox 1385 4577 1498 4617; x_wconf 84' lang='lat' dir='ltr'><strong>suae</strong></span> <span class='ocrx_word' id='word_1_732' title='bbox 1530 4562 1698 4632; x_wconf 87' lang='lat' dir='ltr'><strong>ipsius</strong></span> <span class='ocrx_word' id='word_1_733' title='bbox 1719 4559 1983 4617; x_wconf 77' lang='lat' dir='ltr'><strong>facundia:</strong></span> 
     </span>
    </p>
   </div>
   <div class='ocr_carea' id='block_1_93' title="bbox 409 4653 1979 4725">
    <p class='ocr_par' dir='ltr' id='par_1_93' title="bbox 409 4653 1979 4725">
     <span class='ocr_line' id='line_1_93' title="bbox 409 4653 1979 4725; baseline -0.002 -15"><span class='ocrx_word' id='word_1_734' title='bbox 409 4656 563 4725; x_wconf 90' lang='lat' dir='ltr'><strong>quasi</strong></span> <span class='ocrx_word' id='word_1_735' title='bbox 585 4654 803 4723; x_wconf 87' lang='lat' dir='ltr'><strong>oblitus,</strong></span> <span class='ocrx_word' id='word_1_736' title='bbox 838 4671 944 4712; x_wconf 93' lang='lat' dir='ltr'><strong>non</strong></span> <span class='ocrx_word' id='word_1_737' title='bbox 979 4654 1276 4711; x_wconf 87' lang='lat' dir='ltr'><strong>sententias</strong></span> <span class='ocrx_word' id='word_1_738' title='bbox 1303 4653 1476 4710; x_wconf 92' lang='lat' dir='ltr'><strong>solum</strong></span> <span class='ocrx_word' id='word_1_739' title='bbox 1496 4697 1511 4721; x_wconf 90' lang='lat'><strong>,</strong></span> <span class='ocrx_word' id='word_1_740' title='bbox 1539 4653 1631 4709; x_wconf 89' lang='lat' dir='ltr'><strong>sed</strong></span> <span class='ocrx_word' id='word_1_741' title='bbox 1661 4655 1779 4723; x_wconf 90' lang='lat' dir='ltr'><strong>ipsa</strong></span> <span class='ocrx_word' id='word_1_742' title='bbox 1814 4653 1979 4708; x_wconf 91' lang='lat' dir='ltr'><strong>etiam</strong></span> 
     </span>
    </p>
   </div>
   <div class='ocr_carea' id='block_1_94' title="bbox 410 4744 1979 4817">
    <p class='ocr_par' dir='ltr' id='par_1_94' title="bbox 410 4744 1979 4817">
     <span class='ocr_line' id='line_1_94' title="bbox 410 4744 1979 4817; baseline -0.001 -16"><span class='ocrx_word' id='word_1_743' title='bbox 410 4749 579 4804; x_wconf 87' lang='lat' dir='ltr'><strong>verba</strong></span> <span class='ocrx_word' id='word_1_744' title='bbox 615 4748 685 4803; x_wconf 90' lang='lat' dir='ltr'><strong>ab</strong></span> <span class='ocrx_word' id='word_1_745' title='bbox 712 4745 946 4804; x_wconf 84' lang='lat' dir='ltr'><strong>Eusebio</strong></span> <span class='ocrx_word' id='word_1_746' title='bbox 974 4756 1252 4803; x_wconf 86' lang='lat' dir='ltr'><strong>mutuatus</strong></span> <span class='ocrx_word' id='word_1_747' title='bbox 1276 4746 1378 4802; x_wconf 86' lang='lat' dir='ltr'><strong>sit?</strong></span> <span class='ocrx_word' id='word_1_748' title='bbox 1402 4746 1472 4801; x_wconf 88' lang='lat' dir='ltr'><strong>Et</strong></span> <span class='ocrx_word' id='word_1_749' title='bbox 1499 4746 1642 4816; x_wconf 90' lang='lat' dir='ltr'><strong>quod</strong></span> <span class='ocrx_word' id='word_1_750' title='bbox 1669 4745 1839 4817; x_wconf 81' lang='lat' dir='ltr'><strong>magis</strong></span> <span class='ocrx_word' id='word_1_751' title='bbox 1874 4744 1979 4799; x_wconf 78' lang='lat' dir='ltr'><strong>mi~</strong></span> 
     </span>
    </p>
   </div>
   <div class='ocr_carea' id='block_1_95' title="bbox 410 4837 1981 4908">
    <p class='ocr_par' dir='ltr' id='par_1_95' title="bbox 410 4837 1981 4908">
     <span class='ocr_line' id='line_1_95' title="bbox 410 4837 1981 4908; baseline -0.001 -14"><span class='ocrx_word' id='word_1_752' title='bbox 410 4838 622 4905; x_wconf 86' lang='lat' dir='ltr'><strong>rabere,</strong></span> <span class='ocrx_word' id='word_1_753' title='bbox 667 4840 722 4894; x_wconf 89' lang='lat' dir='ltr'><strong>id</strong></span> <span class='ocrx_word' id='word_1_754' title='bbox 772 4838 990 4897; x_wconf 84' lang='lat' dir='ltr'><strong>fecisset</strong></span> <span class='ocrx_word' id='word_1_755' title='bbox 1016 4839 1248 4896; x_wconf 86' lang='lat' dir='ltr'><strong>Basilius</strong></span> <span class='ocrx_word' id='word_1_756' title='bbox 1274 4852 1381 4894; x_wconf 86' lang='lat' dir='ltr'><strong>non</strong></span> <span class='ocrx_word' id='word_1_757' title='bbox 1421 4853 1546 4893; x_wconf 89' lang='lat' dir='ltr'><strong>cum</strong></span> <span class='ocrx_word' id='word_1_758' title='bbox 1589 4854 1753 4893; x_wconf 92' lang='lat' dir='ltr'><strong>unum</strong></span> <span class='ocrx_word' id='word_1_759' title='bbox 1788 4837 1981 4908; x_wconf 87' lang='lat' dir='ltr'><strong>psalmi</strong></span> 
     </span>
    </p>
   </div>
   <div class='ocr_carea' id='block_1_96' title="bbox 411 4926 1979 4999">
    <p class='ocr_par' dir='ltr' id='par_1_96' title="bbox 411 4926 1979 4999">
     <span class='ocr_line' id='line_1_96' title="bbox 411 4926 1979 4999; baseline -0.001 -18"><span class='ocrx_word' id='word_1_760' title='bbox 411 4926 641 4996; x_wconf 74' lang='lat' dir='ltr'><strong>alicujus</strong></span> <span class='ocrx_word' id='word_1_761' title='bbox 674 4930 1000 4985; x_wconf 87' lang='lat' dir='ltr'><strong>versiculum</strong></span> <span class='ocrx_word' id='word_1_762' title='bbox 1030 4929 1134 4984; x_wconf 89' lang='lat' dir='ltr'><strong>sibi</strong></span> <span class='ocrx_word' id='word_1_763' title='bbox 1168 4928 1541 4999; x_wconf 83' lang='lat' dir='ltr'><strong>explicandum</strong></span> <span class='ocrx_word' id='word_1_764' title='bbox 1589 4928 1979 4998; x_wconf 89' lang='lat' dir='ltr'><strong>proposuisset,</strong></span> 
     </span>
    </p>
   </div>
   <div class='ocr_carea' id='block_1_97' title="bbox 410 5013 1984 5090">
    <p class='ocr_par' dir='ltr' id='par_1_97' title="bbox 410 5013 1984 5090">
     <span class='ocr_line' id='line_1_97' title="bbox 410 5013 1984 5090; baseline -0.001 -16"><span class='ocrx_word' id='word_1_765' title='bbox 410 5017 507 5074; x_wconf 85' lang='lat' dir='ltr'><strong>sed</strong></span> <span class='ocrx_word' id='word_1_766' title='bbox 530 5018 729 5074; x_wconf 84' lang='lat' dir='ltr'><strong>multos</strong></span> <span class='ocrx_word' id='word_1_767' title='bbox 764 5035 782 5074; x_wconf 87' lang='lat'><strong>:</strong></span> <span class='ocrx_word' id='word_1_768' title='bbox 815 5022 959 5090; x_wconf 92' lang='lat' dir='ltr'><strong>quod</strong></span> <span class='ocrx_word' id='word_1_769' title='bbox 1001 5031 1058 5076; x_wconf 91' lang='lat' dir='ltr'><strong>et</strong></span> <span class='ocrx_word' id='word_1_770' title='bbox 1096 5013 1445 5090; x_wconf 82' lang='lat' dir='ltr'><strong>indigentiam</strong></span> <span class='ocrx_word' id='word_1_771' title='bbox 1477 5033 1745 5073; x_wconf 89' lang='lat' dir='ltr'><strong>summam</strong></span> <span class='ocrx_word' id='word_1_772' title='bbox 1771 5018 1823 5073; x_wconf 91' lang='lat' dir='ltr'><strong>in</strong></span> <span class='ocrx_word' id='word_1_773' title='bbox 1849 5018 1984 5074; x_wconf 89' lang='lat' dir='ltr'><strong>scri-</strong></span> 
     </span>
    </p>
   </div>
   <div class='ocr_carea' id='block_1_98' title="bbox 411 5108 1983 5179">
    <p class='ocr_par' dir='ltr' id='par_1_98' title="bbox 411 5108 1983 5179">
     <span class='ocr_line' id='line_1_98' title="bbox 411 5108 1983 5179; baseline 0 -17"><span class='ocrx_word' id='word_1_774' title='bbox 411 5116 568 5178; x_wconf 89' lang='lat' dir='ltr'><strong>ptore</strong></span> <span class='ocrx_word' id='word_1_775' title='bbox 605 5109 801 5179; x_wconf 89' lang='lat' dir='ltr'><strong>arguit,</strong></span> <span class='ocrx_word' id='word_1_776' title='bbox 838 5125 938 5167; x_wconf 89' lang='lat' dir='ltr'><strong>nec</strong></span> <span class='ocrx_word' id='word_1_777' title='bbox 965 5109 1076 5165; x_wconf 93' lang='lat' dir='ltr'><strong>ullo</strong></span> <span class='ocrx_word' id='word_1_778' title='bbox 1106 5112 1414 5172; x_wconf 84' lang='lat' dir='ltr'><strong>modocum</strong></span> <span class='ocrx_word' id='word_1_779' title='bbox 1442 5108 1712 5164; x_wconf 88' lang='lat' dir='ltr'><strong>Basiliana</strong></span> <span class='ocrx_word' id='word_1_780' title='bbox 1737 5108 1983 5163; x_wconf 78' lang='lat' dir='ltr'><strong>facundia</strong></span> 
     </span>
    </p>
   </div>
   <div class='ocr_carea' id='block_1_99' title="bbox 412 5199 1981 5268">
    <p class='ocr_par' dir='ltr' id='par_1_99' title="bbox 412 5199 1981 5268">
     <span class='ocr_line' id='line_1_99' title="bbox 412 5199 1981 5268; baseline -0.001 -14"><span class='ocrx_word' id='word_1_781' title='bbox 412 5208 593 5268; x_wconf 84' lang='lat' dir='ltr'><strong>potest</strong></span> <span class='ocrx_word' id='word_1_782' title='bbox 617 5199 915 5257; x_wconf 80' lang='lat' dir='ltr'><strong>conciliari.</strong></span> <span class='ocrx_word' id='word_1_783' title='bbox 956 5205 1023 5258; x_wconf 83' lang='lat' dir='ltr'><strong>Et</strong></span> <span class='ocrx_word' id='word_1_784' title='bbox 1053 5204 1099 5258; x_wconf 90' lang='lat' dir='ltr'><strong>si</strong></span> <span class='ocrx_word' id='word_1_785' title='bbox 1146 5210 1325 5257; x_wconf 88' lang='lat' dir='ltr'><strong>autem</strong></span> <span class='ocrx_word' id='word_1_786' title='bbox 1358 5200 1602 5258; x_wconf 71' lang='lat' dir='ltr'><strong>subicere</strong></span> <span class='ocrx_word' id='word_1_787' title='bbox 1649 5201 1981 5255; x_wconf 89' lang='lat' dir='ltr'><strong>arbitramur</strong></span> 
     </span>
    </p>
   </div>
   <div class='ocr_carea' id='block_1_100' title="bbox 412 5278 1978 5364">
    <p class='ocr_par' dir='ltr' id='par_1_100' title="bbox 412 5278 1978 5364">
     <span class='ocr_line' id='line_1_100' title="bbox 412 5278 1978 5364; baseline 0.003 -18"><span class='ocrx_word' id='word_1_788' title='bbox 412 5301 534 5358; x_wconf 70' lang='lat' dir='ltr'><strong>quas</strong></span> <span class='ocrx_word' id='word_1_789' title='bbox 579 5291 839 5361; x_wconf 82' lang='lat' dir='ltr'><strong>diximus,</strong></span> <span class='ocrx_word' id='word_1_790' title='bbox 890 5295 959 5350; x_wconf 88' lang='lat' dir='ltr'><strong>ad</strong></span> <span class='ocrx_word' id='word_1_791' title='bbox 999 5293 1475 5351; x_wconf 83' lang='lat' dir='ltr'><strong>demonstrandum</strong></span> <span class='ocrx_word' id='word_1_792' title='bbox 1524 5294 1685 5364; x_wconf 85' lang='lat' dir='ltr'><strong>hujus</strong></span> <span class='ocrx_word' id='word_1_793' title='bbox 1715 5278 1978 5350; x_wconf 85' lang='lat' dir='ltr'><strong>orationis</strong></span> 
     </span>
    </p>
   </div>
   <div class='ocr_carea' id='block_1_101' title="bbox 2088 4463 3650 4540">
    <p class='ocr_par' dir='ltr' id='par_1_101' title="bbox 2088 4463 3650 4540">
     <span class='ocr_line' id='line_1_101' title="bbox 2088 4463 3650 4540; baseline -0.004 -15"><span class='ocrx_word' id='word_1_794' title='bbox 2088 4471 2143 4525; x_wconf 91' lang='lat' dir='ltr'><strong>in</strong></span> <span class='ocrx_word' id='word_1_795' title='bbox 2170 4471 2430 4525; x_wconf 88' lang='lat' dir='ltr'><strong>concione</strong></span> <span class='ocrx_word' id='word_1_796' title='bbox 2458 4469 2641 4540; x_wconf 87' lang='lat' dir='ltr'><strong>priore</strong></span> <span class='ocrx_word' id='word_1_797' title='bbox 2669 4468 2739 4523; x_wconf 90' lang='lat' dir='ltr'><strong>ob</strong></span> <span class='ocrx_word' id='word_1_798' title='bbox 2770 4468 3029 4536; x_wconf 88' lang='lat' dir='ltr'><strong>temporis</strong></span> <span class='ocrx_word' id='word_1_799' title='bbox 3055 4465 3334 4536; x_wconf 82' lang='lat' dir='ltr'><strong>angustias</strong></span> <span class='ocrx_word' id='word_1_800' title='bbox 3362 4463 3650 4518; x_wconf 87' lang='lat' dir='ltr'><strong>omisisse:</strong></span> 
     </span>
    </p>
   </div>
   <div class='ocr_carea' id='block_1_102' title="bbox 2086 4558 3653 4633">
    <p class='ocr_par' dir='ltr' id='par_1_102' title="bbox 2086 4558 3653 4633">
     <span class='ocr_line' id='line_1_102' title="bbox 2086 4558 3653 4633; baseline -0.006 -15"><span class='ocrx_word' id='word_1_801' title='bbox 2086 4564 2133 4618; x_wconf 88' lang='lat' dir='ltr'><strong>si</strong></span> <span class='ocrx_word' id='word_1_802' title='bbox 2156 4578 2285 4619; x_wconf 90' lang='lat' dir='ltr'><strong>vero</strong></span> <span class='ocrx_word' id='word_1_803' title='bbox 2305 4563 2520 4633; x_wconf 79' lang='lat' dir='ltr'><strong>legeris,</strong></span> <span class='ocrx_word' id='word_1_804' title='bbox 2546 4561 2623 4633; x_wconf 79' lang='grc' dir='ltr'><strong>τῷ</strong></span> <span class='ocrx_word' id='word_1_805' title='bbox 2643 4559 2882 4615; x_wconf 80' lang='grc' dir='ltr'><strong>αἰτοῦντί</strong></span> <span class='ocrx_word' id='word_1_806' title='bbox 2901 4576 2983 4624; x_wconf 88' lang='grc' dir='ltr'><strong>σε,</strong></span> <span class='ocrx_word' id='word_1_807' title='bbox 3009 4566 3138 4623; x_wconf 85' lang='lat' dir='ltr'><strong>elc.,</strong></span> <span class='ocrx_word' id='word_1_808' title='bbox 3172 4558 3274 4612; x_wconf 88' lang='lat' dir='ltr'><strong>hoc</strong></span> <span class='ocrx_word' id='word_1_809' title='bbox 3296 4565 3509 4611; x_wconf 88' lang='lat' dir='ltr'><strong>constat</strong></span> <span class='ocrx_word' id='word_1_810' title='bbox 3529 4569 3653 4609; x_wconf 80' lang='lat' dir='ltr'><strong>cum</strong></span> 
     </span>
    </p>
   </div>
   <div class='ocr_carea' id='block_1_103' title="bbox 2084 4646 3655 4726">
    <p class='ocr_par' dir='ltr' id='par_1_103' title="bbox 2084 4646 3655 4726">
     <span class='ocr_line' id='line_1_103' title="bbox 2084 4646 3655 4726; baseline -0.004 -18"><span class='ocrx_word' id='word_1_811' title='bbox 2084 4655 2513 4726; x_wconf 65' lang='lat' dir='ltr'><strong>praecedentibus</strong></span> <span class='ocrx_word' id='word_1_812' title='bbox 2565 4653 2723 4724; x_wconf 89' lang='lat' dir='ltr'><strong>nullo</strong></span> <span class='ocrx_word' id='word_1_813' title='bbox 2769 4653 2928 4707; x_wconf 87' lang='lat' dir='ltr'><strong>modo</strong></span> <span class='ocrx_word' id='word_1_814' title='bbox 2997 4652 3292 4707; x_wconf 62' lang='lat' dir='ltr'><strong>cohaerere.</strong></span> <span class='ocrx_word' id='word_1_815' title='bbox 3359 4646 3655 4717; x_wconf 87' lang='lat' dir='ltr'><strong>Postquam</strong></span> 
     </span>
    </p>
   </div>
   <div class='ocr_carea' id='block_1_104' title="bbox 2084 4737 3654 4814">
    <p class='ocr_par' dir='ltr' id='par_1_104' title="bbox 2084 4737 3654 4814">
     <span class='ocr_line' id='line_1_104' title="bbox 2084 4737 3654 4814; baseline -0.006 -14"><span class='ocrx_word' id='word_1_816' title='bbox 2084 4746 2228 4800; x_wconf 88' lang='lat' dir='ltr'><strong>enim</strong></span> <span class='ocrx_word' id='word_1_817' title='bbox 2254 4743 2469 4800; x_wconf 79' lang='lat' dir='ltr'><strong>dixerat</strong></span> <span class='ocrx_word' id='word_1_818' title='bbox 2510 4745 2676 4799; x_wconf 89' lang='lat' dir='ltr'><strong>multa</strong></span> <span class='ocrx_word' id='word_1_819' title='bbox 2717 4746 2948 4814; x_wconf 87' lang='lat' dir='ltr'><strong>scriptor</strong></span> <span class='ocrx_word' id='word_1_820' title='bbox 2978 4744 3031 4797; x_wconf 91' lang='lat' dir='ltr'><strong>in</strong></span> <span class='ocrx_word' id='word_1_821' title='bbox 3065 4743 3209 4798; x_wconf 88' lang='lat' dir='ltr'><strong>hunc</strong></span> <span class='ocrx_word' id='word_1_822' title='bbox 3247 4755 3462 4796; x_wconf 88' lang='lat' dir='ltr'><strong>versum</strong></span> <span class='ocrx_word' id='word_1_823' title='bbox 3499 4758 3514 4795; x_wconf 89' lang='lat'><strong>:</strong></span> <span class='ocrx_word' id='word_1_824' title='bbox 3549 4737 3654 4804; x_wconf 86' lang='lat' dir='ltr'><strong>Qui</strong></span> 
     </span>
    </p>
   </div>
   <div class='ocr_carea' id='block_1_105' title="bbox 2075 4829 3656 4906">
    <p class='ocr_par' dir='ltr' id='par_1_105' title="bbox 2075 4829 3656 4906">
     <span class='ocr_line' id='line_1_105' title="bbox 2075 4829 3656 4906; baseline -0.004 -17"><span class='ocrx_word' id='word_1_825' title='bbox 2075 4836 2226 4906; x_wconf 88' lang='lat' dir='ltr'><strong>jurat</strong></span> <span class='ocrx_word' id='word_1_826' title='bbox 2259 4837 2498 4905; x_wconf 71' lang='lat' dir='ltr'><strong>proximo</strong></span> <span class='ocrx_word' id='word_1_827' title='bbox 2539 4853 2655 4901; x_wconf 87' lang='lat' dir='ltr'><strong>suo,</strong></span> <span class='ocrx_word' id='word_1_828' title='bbox 2696 4845 2747 4890; x_wconf 84' lang='lat' dir='ltr'><strong>et</strong></span> <span class='ocrx_word' id='word_1_829' title='bbox 2784 4852 2887 4891; x_wconf 85' lang='lat' dir='ltr'><strong>non</strong></span> <span class='ocrx_word' id='word_1_830' title='bbox 2925 4834 3113 4905; x_wconf 84' lang='lat' dir='ltr'><strong>decipit</strong></span> <span class='ocrx_word' id='word_1_831' title='bbox 3130 4833 3197 4897; x_wconf 79' lang='grc'><strong>³⁸,</strong></span> <span class='ocrx_word' id='word_1_832' title='bbox 3241 4831 3370 4902; x_wconf 89' lang='lat' dir='ltr'><strong>quid</strong></span> <span class='ocrx_word' id='word_1_833' title='bbox 3394 4829 3656 4885; x_wconf 83' lang='lat' dir='ltr'><strong>attinebat</strong></span> 
     </span>
    </p>
   </div>
   <div class='ocr_carea' id='block_1_106' title="bbox 2081 4922 3655 4999">
    <p class='ocr_par' dir='ltr' id='par_1_106' title="bbox 2081 4922 3655 4999">
     <span class='ocr_line' id='line_1_106' title="bbox 2081 4922 3655 4999; baseline -0.004 -17"><span class='ocrx_word' id='word_1_834' title='bbox 2081 4927 2263 4982; x_wconf 88' lang='lat' dir='ltr'><strong>subito</strong></span> <span class='ocrx_word' id='word_1_835' title='bbox 2293 4936 2348 4982; x_wconf 93' lang='lat' dir='ltr'><strong>et</strong></span> <span class='ocrx_word' id='word_1_836' title='bbox 2393 4936 2593 4996; x_wconf 66' lang='lat' dir='ltr'><strong>praeter</strong></span> <span class='ocrx_word' id='word_1_837' title='bbox 2619 4927 2859 4984; x_wconf 89' lang='lat' dir='ltr'><strong>omnium</strong></span> <span class='ocrx_word' id='word_1_838' title='bbox 2891 4926 3346 4999; x_wconf 87' lang='lat' dir='ltr'><strong>exspectationem</strong></span> <span class='ocrx_word' id='word_1_839' title='bbox 3386 4924 3474 4979; x_wconf 89' lang='lat' dir='ltr'><strong>illa</strong></span> <span class='ocrx_word' id='word_1_840' title='bbox 3517 4922 3655 4977; x_wconf 84' lang='lat' dir='ltr'><strong>Mat-</strong></span> 
     </span>
    </p>
   </div>
   <div class='ocr_carea' id='block_1_107' title="bbox 2085 5015 3655 5093">
    <p class='ocr_par' dir='ltr' id='par_1_107' title="bbox 2085 5015 3655 5093">
     <span class='ocr_line' id='line_1_107' title="bbox 2085 5015 3655 5093; baseline -0.004 -17"><span class='ocrx_word' id='word_1_841' title='bbox 2085 5021 2229 5084; x_wconf 68' lang='lat' dir='ltr'><strong>tbazi,</strong></span> <span class='ocrx_word' id='word_1_842' title='bbox 2257 5019 2494 5075; x_wconf 80' lang='grc' dir='ltr'>αἰτοῦντί</span> <span class='ocrx_word' id='word_1_843' title='bbox 2516 5037 2599 5088; x_wconf 86' lang='grc' dir='ltr'>σε,</span> <span class='ocrx_word' id='word_1_844' title='bbox 2629 5029 2764 5088; x_wconf 88' lang='lat' dir='ltr'><strong>etc.,</strong></span> <span class='ocrx_word' id='word_1_845' title='bbox 2793 5020 3104 5093; x_wconf 79' lang='lat' dir='ltr'><strong>explicare?</strong></span> <span class='ocrx_word' id='word_1_846' title='bbox 3128 5016 3391 5074; x_wconf 73' lang='lat' dir='ltr'><strong>Praeterea</strong></span> <span class='ocrx_word' id='word_1_847' title='bbox 3435 5015 3482 5072; x_wconf 88' lang='lat' dir='ltr'><strong>si</strong></span> <span class='ocrx_word' id='word_1_848' title='bbox 3505 5015 3655 5070; x_wconf 83' lang='lat' dir='ltr'><strong>Basi-</strong></span> 
     </span>
    </p>
   </div>
   <div class='ocr_carea' id='block_1_108' title="bbox 2083 5106 3653 5181">
    <p class='ocr_par' dir='ltr' id='par_1_108' title="bbox 2083 5106 3653 5181">
     <span class='ocr_line' id='line_1_108' title="bbox 2083 5106 3653 5181; baseline -0.005 -14"><span class='ocrx_word' id='word_1_849' title='bbox 2083 5113 2156 5168; x_wconf 93' lang='lat' dir='ltr'><strong>lio</strong></span> <span class='ocrx_word' id='word_1_850' title='bbox 2181 5127 2277 5181; x_wconf 91' lang='lat' dir='ltr'><strong>per</strong></span> <span class='ocrx_word' id='word_1_851' title='bbox 2300 5120 2510 5181; x_wconf 88' lang='lat' dir='ltr'><strong>tempus</strong></span> <span class='ocrx_word' id='word_1_852' title='bbox 2552 5128 2659 5168; x_wconf 92' lang='lat' dir='ltr'><strong>non</strong></span> <span class='ocrx_word' id='word_1_853' title='bbox 2701 5112 2852 5168; x_wconf 87' lang='lat' dir='ltr'><strong>licuit</strong></span> <span class='ocrx_word' id='word_1_854' title='bbox 2880 5113 3041 5168; x_wconf 84' lang='lat' dir='ltr'><strong>verba</strong></span> <span class='ocrx_word' id='word_1_855' title='bbox 3089 5109 3305 5166; x_wconf 81' lang='lat' dir='ltr'><strong>Davidis</strong></span> <span class='ocrx_word' id='word_1_856' title='bbox 3341 5106 3653 5178; x_wconf 84' lang='lat' dir='ltr'><strong>explanare,</strong></span> 
     </span>
    </p>
   </div>
   <div class='ocr_carea' id='block_1_109' title="bbox 2085 5196 3656 5275">
    <p class='ocr_par' dir='ltr' id='par_1_109' title="bbox 2085 5196 3656 5275">
     <span class='ocr_line' id='line_1_109' title="bbox 2085 5196 3656 5275; baseline -0.005 -16"><span class='ocrx_word' id='word_1_857' title='bbox 2085 5203 2357 5275; x_wconf 88' lang='lat' dir='ltr'><strong>quomodo</strong></span> <span class='ocrx_word' id='word_1_858' title='bbox 2377 5204 2426 5259; x_wconf 89' lang='lat' dir='ltr'><strong>ei</strong></span> <span class='ocrx_word' id='word_1_859' title='bbox 2454 5204 2686 5262; x_wconf 89' lang='lat' dir='ltr'><strong>facultas</strong></span> <span class='ocrx_word' id='word_1_860' title='bbox 2731 5204 2832 5260; x_wconf 92' lang='lat' dir='ltr'><strong>fuit</strong></span> <span class='ocrx_word' id='word_1_861' title='bbox 2856 5202 3092 5258; x_wconf 69' lang='lat' dir='ltr'><strong>Matthzei</strong></span> <span class='ocrx_word' id='word_1_862' title='bbox 3124 5201 3287 5258; x_wconf 86' lang='lat' dir='ltr'><strong>verba</strong></span> <span class='ocrx_word' id='word_1_863' title='bbox 3312 5196 3656 5270; x_wconf 79' lang='lat' dir='ltr'><strong>exponendi?</strong></span> 
     </span>
    </p>
   </div>
   <div class='ocr_carea' id='block_1_110' title="bbox 2088 5291 3654 5368">
    <p class='ocr_par' dir='ltr' id='par_1_110' title="bbox 2088 5291 3654 5368">
     <span class='ocr_line' id='line_1_110' title="bbox 2088 5291 3654 5368; baseline -0.005 -17"><span class='ocrx_word' id='word_1_864' title='bbox 2088 5296 2341 5351; x_wconf 78' lang='lat' dir='ltr'><strong>Arbitror</strong></span> <span class='ocrx_word' id='word_1_865' title='bbox 2379 5294 2718 5354; x_wconf 86' lang='lat' dir='ltr'><strong>Parisienses</strong></span> <span class='ocrx_word' id='word_1_866' title='bbox 2766 5296 3129 5368; x_wconf 83' lang='lat' dir='ltr'><strong>typographos</strong></span> <span class='ocrx_word' id='word_1_867' title='bbox 3174 5293 3290 5349; x_wconf 62' lang='lat' dir='ltr'><strong>haec</strong></span> <span class='ocrx_word' id='word_1_868' title='bbox 3314 5291 3654 5348; x_wconf 84' lang='lat' dir='ltr'><strong>incommoda</strong></span> 
     </span>
    </p>
   </div>
   <div class='ocr_carea' id='block_1_111' title="bbox 430 5436 3654 5542">
    <p class='ocr_par' dir='ltr' id='par_1_111' title="bbox 430 5436 3654 5542">
     <span class='ocr_line' id='line_1_111' title="bbox 430 5436 3654 5542; baseline -0.001 -17"><span class='ocrx_word' id='word_1_869' title='bbox 430 5436 439 5441; x_wconf 38' lang='lat'><em>-</em></span> <span class='ocrx_word' id='word_1_870' title='bbox 491 5470 538 5542; x_wconf 52' lang='grc' dir='ltr'><strong>ξ’</strong></span> <span class='ocrx_word' id='word_1_871' title='bbox 563 5468 730 5525; x_wconf 84' lang='lat' dir='ltr'><strong>Psal..</strong></span> <span class='ocrx_word' id='word_1_872' title='bbox 779 5470 993 5542; x_wconf 76' lang='lat' dir='ltr'><strong>xrv,_|l.</strong></span> <span class='ocrx_word' id='word_1_873' title='bbox 1027 5469 1443 5542; x_wconf 17' lang='lat' dir='ltr'><strong>A_&quot;_Hebr.ﬂxn,</strong></span> <span class='ocrx_word' id='word_1_874' title='bbox 1468 5470 1567 5526; x_wconf 67' lang='lat'><strong>29..</strong></span> <span class='ocrx_word' id='word_1_875' title='bbox 1635 5470 1837 5542; x_wconf 79' lang='lat' dir='ltr'><strong>&quot;ibid.</strong></span> <span class='ocrx_word' id='word_1_876' title='bbox 1864 5472 1956 5542; x_wconf 52' lang='lat'><strong>25.</strong></span> <span class='ocrx_word' id='word_1_877' title='bbox 2034 5471 2078 5505; x_wconf 81' lang='lat'><strong>&#39;°</strong></span> <span class='ocrx_word' id='word_1_878' title='bbox 2111 5473 2255 5529; x_wconf 84' lang='lat' dir='ltr'><strong>Psal.</strong></span> <span class='ocrx_word' id='word_1_879' title='bbox 2286 5491 2395 5541; x_wconf 81' lang='lat' dir='ltr'><strong>xu,</strong></span> <span class='ocrx_word' id='word_1_880' title='bbox 2424 5477 2477 5532; x_wconf 84' lang='lat'><strong>5.</strong></span> <span class='ocrx_word' id='word_1_881' title='bbox 2556 5478 2597 5510; x_wconf 82' lang='grc'><strong>³¹</strong></span> <span class='ocrx_word' id='word_1_882' title='bbox 2636 5476 2775 5531; x_wconf 88' lang='lat' dir='ltr'><strong>Psal.</strong></span> <span class='ocrx_word' id='word_1_883' title='bbox 2803 5491 3028 5535; x_wconf 78' lang='lat' dir='ltr'><strong>Lxxxtn,</strong></span> <span class='ocrx_word' id='word_1_884' title='bbox 3058 5475 3110 5528; x_wconf 73' lang='lat'><strong>‘2.</strong></span> <span class='ocrx_word' id='word_1_885' title='bbox 3187 5456 3236 5505; x_wconf 71' lang='lat'><strong><em>&quot;</em></strong></span> <span class='ocrx_word' id='word_1_886' title='bbox 3265 5472 3283 5527; x_wconf 93' lang='lat' dir='ltr'><strong>l</strong></span> <span class='ocrx_word' id='word_1_887' title='bbox 3313 5472 3438 5528; x_wconf 85' lang='lat' dir='ltr'><strong>Cor.</strong></span> <span class='ocrx_word' id='word_1_888' title='bbox 3476 5484 3539 5536; x_wconf 81' lang='grc' dir='ltr'><strong>ιι,</strong></span> <span class='ocrx_word' id='word_1_889' title='bbox 3564 5463 3654 5528; x_wconf 63' lang='grc'><strong>19.</strong></span> 
     </span>
    </p>
   </div>
   <div class='ocr_carea' id='block_1_112' title="bbox 418 5538 1766 5607">
    <p class='ocr_par' dir='ltr' id='par_1_112' title="bbox 418 5538 1766 5607">
     <span class='ocr_line' id='line_1_112' title="bbox 418 5538 1766 5607; baseline -0.001 -10"><span class='ocrx_word' id='word_1_890' title='bbox 418 5541 464 5576; x_wconf 84' lang='grc'>³³</span> <span class='ocrx_word' id='word_1_891' title='bbox 494 5540 592 5597; x_wconf 74' lang='lat' dir='ltr'><strong>lsa.</strong></span> <span class='ocrx_word' id='word_1_892' title='bbox 622 5553 815 5607; x_wconf 89' lang='lat' dir='ltr'><strong>xxxttt,</strong></span> <span class='ocrx_word' id='word_1_893' title='bbox 859 5538 946 5594; x_wconf 58' lang='lat' dir='ltr'><strong>lli.</strong></span> <span class='ocrx_word' id='word_1_894' title='bbox 1023 5538 1068 5572; x_wconf 76' lang='lat'>“</span> <span class='ocrx_word' id='word_1_895' title='bbox 1105 5538 1234 5595; x_wconf 88' lang='lat' dir='ltr'><strong>ibid.</strong></span> <span class='ocrx_word' id='word_1_896' title='bbox 1309 5540 1355 5572; x_wconf 83' lang='lat'><strong>&quot;</strong></span> <span class='ocrx_word' id='word_1_897' title='bbox 1389 5540 1518 5596; x_wconf 89' lang='lat' dir='ltr'><strong>Luc.</strong></span> <span class='ocrx_word' id='word_1_898' title='bbox 1550 5556 1645 5605; x_wconf 84' lang='lat' dir='ltr'><strong>xu,</strong></span> <span class='ocrx_word' id='word_1_899' title='bbox 1676 5541 1766 5595; x_wconf 65' lang='grc'><strong>42.</strong></span> 
     </span>
    </p>
   </div>
   <div class='ocr_carea' id='block_1_113' title="bbox 1842 5541 3348 5611">
    <p class='ocr_par' dir='ltr' id='par_1_113' title="bbox 1842 5541 3348 5611">
     <span class='ocr_line' id='line_1_113' title="bbox 1842 5541 3348 5611; baseline 0.002 -17"><span class='ocrx_word' id='word_1_900' title='bbox 1842 5542 1888 5572; x_wconf 81' lang='grc'><strong><em>⁸⁸</em></strong></span> <span class='ocrx_word' id='word_1_901' title='bbox 1918 5541 2058 5597; x_wconf 88' lang='lat' dir='ltr'><strong>Psal.</strong></span> <span class='ocrx_word' id='word_1_902' title='bbox 2093 5560 2203 5610; x_wconf 72' lang='lat' dir='ltr'><strong>xw,</strong></span> <span class='ocrx_word' id='word_1_903' title='bbox 2243 5546 2295 5601; x_wconf 84' lang='lat'><strong>5.</strong></span> <span class='ocrx_word' id='word_1_904' title='bbox 2373 5548 2414 5579; x_wconf 78' lang='grc'><strong>⁸⁷</strong></span> <span class='ocrx_word' id='word_1_905' title='bbox 2445 5545 2635 5605; x_wconf 84' lang='lat' dir='ltr'><strong>Matth.</strong></span> <span class='ocrx_word' id='word_1_906' title='bbox 2670 5563 2722 5611; x_wconf 85' lang='grc' dir='ltr'>ν,</span> <span class='ocrx_word' id='word_1_907' title='bbox 2754 5547 2843 5606; x_wconf 69' lang='grc'><strong>42.</strong></span> <span class='ocrx_word' id='word_1_908' title='bbox 2922 5546 2965 5579; x_wconf 80' lang='grc'><strong>⁸⁸</strong></span> <span class='ocrx_word' id='word_1_909' title='bbox 2987 5544 3124 5599; x_wconf 82' lang='lat' dir='ltr'><strong>l’sal.</strong></span> <span class='ocrx_word' id='word_1_910' title='bbox 3154 5558 3264 5609; x_wconf 79' lang='lat' dir='ltr'><strong>xiv,</strong></span> <span class='ocrx_word' id='word_1_911' title='bbox 3294 5541 3348 5597; x_wconf 77' lang='grc'><strong>4.</strong></span> 
     </span>
    </p>
   </div>
   <div class='ocr_carea' id='block_1_114' title="bbox 436 5645 2809 5751">
    <p class='ocr_par' dir='ltr' id='par_1_114' title="bbox 436 5645 2809 5751">
     <span class='ocr_line' id='line_1_114' title="bbox 436 5645 2809 5751; baseline 0.004 -40"><span class='ocrx_word' id='word_1_912' title='bbox 436 5645 440 5649; x_wconf 69' lang='grc'><em>’</em></span> <span class='ocrx_word' id='word_1_913' title='bbox 487 5655 713 5731; x_wconf 77' lang='lat' dir='ltr'><strong>(a)ll:ee</strong></span> <span class='ocrx_word' id='word_1_914' title='bbox 758 5656 1069 5713; x_wconf 84' lang='lat' dir='ltr'><strong>retractavit</strong></span> <span class='ocrx_word' id='word_1_915' title='bbox 1114 5657 1173 5715; x_wconf 88' lang='lat' dir='ltr'><strong>D.</strong></span> <span class='ocrx_word' id='word_1_916' title='bbox 1207 5656 1500 5751; x_wconf 85' lang='lat' dir='ltr'><strong>Garnerius</strong></span> <span class='ocrx_word' id='word_1_917' title='bbox 1556 5658 1613 5716; x_wconf 87' lang='lat' dir='ltr'><strong>in</strong></span> <span class='ocrx_word' id='word_1_918' title='bbox 1661 5657 1980 5719; x_wconf 73' lang='lat' dir='ltr'><strong>Praefatione</strong></span> <span class='ocrx_word' id='word_1_919' title='bbox 2009 5663 2135 5719; x_wconf 76' lang='lat' dir='ltr'><strong>torni</strong></span> <span class='ocrx_word' id='word_1_920' title='bbox 2164 5663 2206 5720; x_wconf 93' lang='lat' dir='ltr'><strong>ll</strong></span> <span class='ocrx_word' id='word_1_921' title='bbox 2224 5662 2369 5738; x_wconf 83' lang='lat' dir='ltr'><strong>{Ill},</strong></span> <span class='ocrx_word' id='word_1_922' title='bbox 2406 5664 2433 5735; x_wconf 85' lang='lat'><strong>§</strong></span> <span class='ocrx_word' id='word_1_923' title='bbox 2468 5662 2608 5721; x_wconf 79' lang='lat' dir='ltr'><strong>XIV.</strong></span> <span class='ocrx_word' id='word_1_924' title='bbox 2649 5664 2809 5721; x_wconf 78' lang='grc' dir='ltr'><strong>Εωτ.</strong></span> 
     </span>
    </p>
   </div>
  </div>
