4094 6220
1576 257 1638 311 D.
1679 253 1825 310 JUL.
1865 252 2191 309 GARNERII
2228 253 2617 310 PREFATIO.

3516 273 3675 316 σιοιι

438 380 803 453 persensisse;
829 379 898 434 ob
924 380 1083 449 idque
1107 394 1211 434 non
1242 378 1496 441 edidisse,
1520 376 1757 430 αἰτοῦντι
1781 388 2005 441 ce,etc.,
2037 381 2082 437 Α
2113 391 2215 444 qua
2241 374 2437 444 alioqui
2473 374 2725 441 dictionis
2760 375 3040 430 Basilianae
3072 375 3320 446 veStigia,
3359 384 3417 429 ut
3442 377 3495 431 in
3529 379 3676 446 ejus-

440 471 550 532 sed,
591 469 653 524 τὸ
700 468 961 541 ἀργύριον
1002 468 1190 532 αὑτοῦ,
1248 476 1354 522 etc.
1393 466 1497 521 Sed
1544 466 1911 535 imprudentes
1953 466 2007 519 in

439 561 610 627 majus
635 559 1032 613 incommodum
1066 559 1393 612 inciderunt.
1442 555 1601 621 Nam,
1647 556 2008 623 praetermissa

439 650 679 706 fuissein
708 650 878 720 prima
908 651 1154 703 oratione
1175 651 1333 703 verba
1366 649 1474 712 illa,
1493 649 1553 701 τὸ
1575 648 1855 721 ἀργύριον,
1876 660 2004 713 etc.,

438 752 618 801 monet
652 743 1101 813 locupletissimus
1140 742 1295 796 testis
1317 742 1586 795 ‘Basilius.
1634 740 1813 794 Basilii
1848 741 2007 811 igitur

437 852 543 891 nou
577 843 661 892 est
704 836 820 890 haec
847 835 1044 900 oratio,
1076 835 1168 889 sed
1214 834 1435 888 alterius
1466 833 1722 901 cujusvis,
1748 832 1839 901 qui
1866 834 2006 901 quod

437 928 748 981 concionem
794 926 936 979 illius
988 939 1248 992 nusquam
1292 938 1603 992 comparere
1636 925 1859 987 videret,
1907 924 2007 977 hoc

437 1022 693 1076 damnum
725 1034 823 1074 suo
862 1019 1031 1088 ipsius
1070 1017 1254 1072 labore
1294 1025 1349 1071 et
1384 1032 1548 1086 opera
1597 1025 1871 1085 utcunque
1916 1032 2004 1070 re-

438 1114 641 1167 sarcire
668 1111 856 1164 voluit.

507 1205 596 1261 54.
632 1205 772 1258 Duas
813 1204 1070 1258 habemus
1108 1202 1158 1255 in
1203 1202 1468 1272 psalmum
1499 1201 1815 1255 vicesimum
1848 1208 1997 1254 octa-

438 1310 563 1349 vum
598 1296 891 1358 orationes,
924 1310 1148 1363 quarum
1182 1294 1401 1361 quidem
1432 1293 1703 1362 posterior
1729 1291 1850 1359 jure
1877 1290 2003 1359 reji—

439 1387 577 1440 citur
619 1388 688 1441 ab
715 1388 1000 1450 omnibus;
1035 1386 1202 1439 altera
1237 1400 1386 1449 vero,
1418 1385 1632 1438 nemine
1653 1383 2002 1447 reclamante,

438 1477 632 1534 Basilio
662 1479 935 1533 tribuitur.
962 1478 1099 1532 Sunt
1148 1486 1323 1530 tamen
1373 1492 1493 1545 qua;
1531 1477 1830 1529 molestiam
1858 1490 1997 1544 quo-

438 1585 541 1641 que
574 1571 870 1624 exhibeant
894 1569 948 1623 in
984 1570 1156 1638 prima
1192 1570 1275 1622 illa
1304 1568 1573 1628 oratione,
1610 1568 1653 1619 si
1689 1581 1793 1621 non
1822 1566 1999 1631 alteri,

440 1662 568 1716 mihi
591 1647 748 1715 'certe
778 1661 1088 1716 maximam.
1123 1659 1255 1713 Nam
1300 1658 1428 1711 illud
1460 1657 1612 1726 quasi
1647 1666 1852 1711 certum
1891 1657 2000 1711 cri-

440 1752 570 1807 tices
597 1752 919 1821 principium
959 1753 1254 1815 posuimus,
1285 1750 1538 1804 Basilium
1567 1765 1687 1804 eum
1730 1765 1835 1804 non
1871 1749 2004 1803 fuis-

440 1860 518 1909 se,
549 1845 639 1913 qui
686 1845 886 1913 scripta
926 1843 1141 1898 Eusebii
1188 1846 1254 1898 ad
1293 1843 1515 1897 verbum
1571 1843 1904 1912 compilaret.
1939 1843 2005 1895 Et

441 1946 616 1990 tamen
648 1937 700 1989 iu
732 1938 834 1990 hac
854 1937 1097 1989 oratione
1127 1944 1424 1988 occurrunt
1456 1934 1732 1998 nonnulla,
1768 1949 1887 2003 qua:
1919 1944 2003 1988 to-‘-

442 2027 601 2082 tidem
628 2027 854 2098 syllabis
890 2027 942 2079 in
976 2026 1208 2081 Eusebio
1234 2027 1501 2095 leguntur.
1529 2025 1769 2078 Primum
1801 2025 2005 2079 exscri-

440 2118 561 2172 bam
601 2134 721 2187 qua:
752 2117 1093 2185 reperiuntur
1126 2119 1263 2186 apud
1293 2118 1574 2179 Basilium,
1622 2117 1839 2195 deinde,
1884 2131 2005 2184 quae

440 2210 493 2263 in
523 2209 773 2263 Eusebio.
822 2208 913 2263 Sic
964 2210 1126 2278 igitur
1154 2210 1380 2277 legimus
1422 2209 1475 2261 in
1525 2208 1706 2262 Basilii
1760 2208 2005 2262 oratione

441 2316 585 2354 num.
610 2300 645 2354 4
686 2320 699 2355 :
738 2300 868 2354 Ὅτε
916 2299 1132 2369 αἰθρίας
1165 2298 1331 2369 οὔσης
1360 2300 1451 2353 ἐπὶ
1486 2300 1584 2370 τὴν
1628 2299 1873 2371 κορυφὴν
1910 2299 2004 2352 τοῦ

441 2393 737 2464 Καρμήλου
764 2393 962 2463 ἢκουσε
995 2393 1176 2463 φωνῆς
1210 2392 1414 2446 ὑδάτων
1440 2390 1648 2445 πολλῶν
1679 2432 1692 2445 .
1712 2430 1725 2444 .
1751 2433 1764 2447 .
1809 2392 1868 2445 Ὀ
1896 2392 2005 2462 γὰρ

442 2485 619 2538 πάντα
646 2484 842 2554 ἰσχύων
875 2485 933 2537 ἐν
953 2484 1029 2553 τῷ
1051 2482 1433 2553 ἐνδυναμοῦντι
1460 2483 1622 2537 αὑτὸν
1649 2482 1890 2554 Χριστῷ,
1920 2477 2006 2535 οὗ-

439 2594 531 2640 τος
563 2575 748 2630 ἀκούει
770 2576 880 2629 τῶν
914 2574 1140 2627 ἐντολῶν
1162 2574 1257 2627 τοῦ
1282 2576 1512 2645 Κυρίου,
1542 2576 1637 2628 καὶ
1664 2576 1825 2627 ποιεῖ.
1852 2574 2005 2645 Φωνὴ

439 2665 533 2723 οὖν
557 2668 781 2740 Κυρίου,
808 2669 907 2721 οὐκ
939 2670 996 2721 ὲν
1019 2671 1083 2738 τῇ
1107 2667 1321 2719 ἀσθενεῖ
1348 2668 1441 2721 καὶ
1467 2666 1797 2737 ὲκλελυμὲνῃ
1836 2667 2003 2737 ψυχῇ,

441 2762 559 2818 ἀλλ’
582 2765 642 2817 ὲν
674 2766 740 2834 τῇ
782 2765 1013 2826 εὐτόνως
1054 2762 1148 2815 καὶ
1184 2761 1418 2832 ἰσχυρῶς
1456 2760 1898 2833 κατεργαζομένη
1945 2760 2007 2814 τὺ

443 2857 665 2925 ἀγαθόν.
691 2876 710 2907 ι
736 2858 982 2923 Quando,
1003 2864 1296 2922 occupante
1317 2852 1548 2907 Carmeli
1575 2852 1828 2906 verticem
1848 2851 2004 2917 sudo,

445 2963 704 3017 aquarum
734 2948 1019 3001 multarum
1062 2961 1246 2999 vocem
1283 2944 1489 2997 audivit
1515 2983 1563 2999 ..
1586 2983 1600 2997 .
1631 2983 1646 2996 .
1675 2980 1691 2998 .
1723 2942 1821 3009 Qui
1862 2944 2003 2998 enim

444 3040 625 3093 omnia
664 3047 839 3108 potest
887 3038 937 3091 in
968 3052 1032 3090 co
1066 3037 1155 3104 qui
1192 3037 1363 3105 ipsum
1400 3035 1736 3099 corroborat,
1762 3034 2002 3098 Christo,
2033 3060 2076 3118 α

446 3130 493 3183 is
525 3129 673 3183 audit
715 3128 924 3183 Domini
964 3129 1234 3193 mandata,
1269 3135 1321 3181 et
1358 3126 1506 3182 facit.
1548 3126 1661 3181 Vox
1703 3128 1863 3196 igitur
1907 3129 2010 3181 Do-

446 3220 577 3274 mini
611 3235 714 3274 non
769 3220 824 3273 in
857 3220 1013 3273 debili
1046 3228 1101 3271 et
1150 3218 1408 3273 dissoluta
1460 3218 1660 3281 anima,
1716 3219 1808 3273 sed
1841 3219 1894 3271 in
1925 3232 2009 3282 ea,

445 3325 564 3378 qua:
610 3318 827 3363 strenue
874 3324 937 3363 ac
964 3310 1189 3363 viriliter
1222 3308 1420 3362 bonum
1474 3308 1704 3377 perﬁcit.
1732 3325 1750 3356 ι
1810 3306 2010 3361 Eadem

448 3401 602 3468 plane
631 3401 927 3469 reperimus
973 3400 1024 3454 in
1060 3399 1307 3454 Eusebio.
1351 3399 1477 3465 Ejus
1519 3399 1697 3466 itaque
1731 3398 1844 3451 haec
1876 3400 2014 3451 'sunt

447 3494 605 3549 verba
634 3509 648 3545 :
679 3494 799 3547 Ὅτι
824 3491 1034 3563 αἰθρίας
1059 3491 1223 3561 οὔσης
1255 3491 1346 3544 ἐπὶ
1366 3490 1465 3559 τὴν
1488 3489 1731 3561 κορυφὴν
1753 3489 1847 3540 τοῦ
1870 3490 2015 3559 Καρ-

452 3585 642 3655 μήλου,
676 3586 871 3655 ἤκουεν
895 3587 1075 3655 φωνὴν
1108 3584 1313 3638 ὑδάτων
1341 3582 1549 3635 πολλῶν
1581 3621 1594 3634 .
1614 3622 1626 3635 .
1648 3623 1660 3637 .
1687 3584 1715 3634 ὁ
1739 3581 1846 3652 γὰρ
1874 3581 2011 3633 πάν-

445 3694 515 3729 τα
547 3676 743 3746 ἰσχύων
767 3678 825 3730 ἑν
862 3676 939 3746 τῷ
974 3675 1356 3747 ὲνδυναμούντι
1388 3674 1549 3728 αὐτὸν
1571 3672 1810 3745 Χριστῷ,
1858 3666 2014 3733 οὗτος

447 3771 633 3824 ἀκούει
666 3770 772 3823 τῶν
813 3767 1039 3822 ἐντολῶν
1072 3766 1296 3839 Κυρίου,
1345 3767 1439 3821 καὶ
1488 3768 1653 3819 ποιεῖ.
1694 3763 1879 3834 Φωνὴν
1919 3759 2012 3816 οὖν

446 3862 652 3933 Κυρίου
684 3863 784 3916 οὐκ
827 3862 885 3914 ὲν
912 3863 978 3931 τῇ
1012 3859 1227 3913 ἀσθενεῖ
1263 3859 1356 3912 καὶ
1398 3858 1664 3930 λελυμένῃ
1696 3856 1859 3926 ψυχῇ,
1898 3854 2013 3908 ἀλλ’

448 3955 507 4008 ἂν
558 3956 624 4024 τῇ
671 3953 872 4024 sti-:6qu
918 3952 1151 4023 ἰσχυρῶς
1191 3947 1637 4022 κατεργαζομένῃ
1682 3949 1741 4001 τὸ
1788 3945 2008 4015 ἀγαθόν.

457 4063 476 4094 ι
500 4044 633 4111 Quia
686 4061 807 4099 cum
855 4048 908 4099 in
940 4046 1141 4099 vertice
1174 4044 1404 4099 Carmeli
1458 4058 1551 4096 aer
1582 4055 1808 4095 serenus
1845 4047 2009 4105 esset,

450 4135 703 4190 audiebat
750 4149 936 4189 vocem
970 4149 1226 4201 aquarum
1264 4132 1622 4199 multarum,”
1650 4168 1694 4185 ..
1717 4170 1730 4185 .
1765 4130 1895 4184 Nam
1923 4130 2013 4198 qui

449 4227 627 4280 omnia
660 4235 835 4294 potest
863 4228 914 4279 in
939 4225 1176 4288 Christo,
1205 4225 1298 4295 qui
1326 4240 1385 4280 se
1410 4224 1677 4279 confortat
1696 4224 1763 4287 ‘°,
1801 4224 1845 4277 is
1878 4238 2015 4291 prte—

452 4327 604 4387 cepta
639 4316 849 4372 Domini
877 4319 1130 4383 audit,et
1150 4332 1210 4371 ea
1243 4318 1575 4386 exsequitur.
1613 4317 1724 4371 Vox
1748 4331 1876 4385 ergo
1913 4317 2014 4371 Do-

2111 471 2251 524 modi
2296 471 2479 536 rebus,
2527 471 2658 526 satis
2710 472 2992 540 perspicua
3026 481 3267 528 exstant.
3303 471 3455 527 Hanc
3510 474 3676 544 igitur

2107 562 2403 615 orationem
2435 576 2466 615 e
2507 574 2734 615 numero
2772 560 3163 616 Basilianarum
3211 574 3532 632 expuuctam
3577 579 3675 619 no-

2108 653 2221 707 lim.
2258 652 2363 707 Sed
2406 666 2525 706 cum
2564 652 2619 706 in
2642 652 2829 706 eadem
2880 655 3143 708 sententia
3192 670 3405 724 semper
3455 671 3672 724 perma-

2108 760 2290 805 neam,
2328 742 2620 797 verisimile
2666 758 2773 796 non
2812 743 3003 809 videri,
3038 752 3242 798 tantum
3284 761 3347 799 ac
3396 748 3556 800 talem
3594 748 3675 803 vi-

2109 850 2226 889 rum
2252 834 2505 889 Basilium
2540 849 2604 886 ex
2634 832 2867 887 Eusebio
2912 834 3210 902 fragmenta
3249 837 3376 890 satis
3408 837 3562 906 longa
3605 839 3674 893 ad

2108 927 2329 981 verbum
2368 925 2681 993 sumpsisse,
2733 924 2970 979 arbitror
3009 924 3202 979 fecisse
3237 926 3486 984 librarios
3526 944 3674 983 more

2108 1031 2225 1079 suo,
2272 1026 2327 1070 ut
2362 1017 2649 1085 aliquando
2698 1017 2935 1071 diversas
2975 1018 3309 1073 diversorum
3347 1023 3670 1091 scriptorum

2107 1098 2576 1177 interpretationes
2607 1110 2745 1162 inter
2770 1123 2825 1163 se
2849 1110 3175 1179 conjungere
3207 1128 3310 1166 non
3335 1128 3668 1170 vererentur.

2107 1200 2240 1254 Puto
2282 1201 2443 1270 igitur
2472 1200 2620 1264 illud,
2658 1202 2780 1254 Ὅτι
2827 1201 3042 1274 αἰθρίας
3069 1202 3234 1273 οὔσης
3269 1206 3361 1258 ἐπὶ
3386 1208 3482 1278 τὴν
3512 1226 3676 1279 κορυ-

2105 1290 2210 1361 φὴν
2234 1290 2330 1343 τοῦ
2379 1292 2699 1362 Καρμήλου,
2746 1293 2942 1364 ἤκουεν
2990 1296 3173 1367 φωνὴν
3205 1297 3410 1352 ὑδάτων
3441 1301 3671 1369 πολλῶν,

2105 1382 2360 1437 eBasilio
2398 1385 2448 1436 in
2490 1383 2779 1438 Eusebium
2822 1403 2851 1439 a
2894 1386 3127 1441 librariis
3170 1392 3481 1446 translatum
3527 1394 3704 1450 esse.'

2108 1474 2342 1540 Etenim,
2382 1475 2424 1528 si
2456 1476 2714 1532 Eusebius
2744 1479 2856 1547 ipse
2883 1479 2953 1533 ita
2986 1476 3310 1550 scripsisset,
3341 1486 3680 1541 mentionem.

2108 1561 2323 1618 fecisset
2381 1563 2498 1631 ejus
2555 1567 2646 1635 qui
2698 1569 2809 1621 haac
2855 1570 3157 1633 audiverat,
3210 1571 3338 1627 Elia:
3387 1573 3671 1643 videlicet;

2104 1655 2246 1722 quod
2275 1668 2395 1709 cum
2423 1672 2528 1711 non
2555 1656 2767 1723 fecerit,
2820 1674 2925 1713 non
2976 1660 3090 1729 ipse
3125 1663 3394 1730 putandus
3444 1675 3528 1721 est
3561 1667 3675 1723 lucc

2105 1744 2413 1811 scripsisse,
2457 1747 2552 1800 sed
2591 1745 2817 1802 librarii.
2861 1749 2927 1803 Et
2966 1752 3031 1804 de
3068 1750 3173 1805 illis
3204 1754 3407 1817 verbis,
3450 1754 3529 1809 Ὀ.
3560 1755 3672 1827 γὰρ

2104 1833 2280 1887 πάντα
2311 1836 2528 1906 ἰσχύων,
2557 1848 2687 1903 etc.,
2725 1840 2863 1893 idem
2889 1855 3101 1911 quoque
3130 1845 3327 1899 sentio.
3371 1844 3477 1900 Sed
3518 1858 3673 1903 antes

2104 1941 2264 1994 quam
2320 1943 2492 1981 meam
2525 1941 2755 1984 mentem
2798 1935 3057 1999 aperiam,
3092 1951 3310 1992 mouere
3349 1938 3522 2009 juvat,
3572 1942 3672 1998 ali-

2103 2032 2239 2084 quos
2270 2020 2593 2085 psalmorum
2620 2024 2912 2079 versiculos
2944 2039 3035 2078 aut
3058 2027 3124 2081 ab
3146 2027 3376 2084 Eusebio
3410 2033 3671 2102 explana-

2105 2114 2187 2161 lOS
2221 2123 2323 2161 non
2371 2107 2555 2180 fuisse,
2585 2121 2679 2166 aut
2714 2115 2905 2182 potius
2947 2130 3133 2171 eorum
3173 2120 3605 2189 explanationem
3638 2142 3671 2179 a

2106 2198 2497 2268 negligentibus
2550 2203 2876 2271 quibusdam
2920 2208 3156 2266 librariis
3199 2211 3365 2267 fuisse
3390 2214 3666 2272 omissam.

2104 2289 2504 2359 Certequidem
2541 2304 2597 2371 ut
2636 2296 2688 2349 in
2724 2297 2844 2353 aliis
2874 2302 3193 2369 quibusdam
3224 2308 3471 2373 psalmis,
3508 2308 3585 2362 ita
3614 2311 3670 2363 in

2105 2381 2206 2435 hoc
2239 2382 2733 2452 interpretationem
2767 2393 3121 2458 quorumdam
3145 2397 3530 2452 versiculorum
3568 2399 3668 2454 de-

2104 2486 2225 2527 esse
2250 2484 2480 2531 constat.
2520 2478 2647 2543 Ejus
2678 2485 2893 2548 generis
2924 2494 3006 2538 est
3050 2485 3199 2552 illud,
3248 2508 3266 2539 ‹
3298 2489 3555 2547 Dominus
3584 2494 3668 2548 di-

2107 2565 2305 2620 luvium
2341 2569 2639 2625 inhabitare
2679 2572 2827 2638 facit,
2860 2586 2915 2629 et
2946 2578 3151 2633 sedebit
3195 2580 3454 2637 Dominus
3487 2599 3580 2640 rex
3616 2587 3672 2640 in

2105 2668 2366 2715 aeternum
2389 2662 2455 2717 υ.
2487 2682 2506 2715 ι
2538 2665 2797 2734 Suspicor
2823 2666 2984 2736 igitur
3025 2669 3275 2727 librarios
3312 2673 3544 2743 aliquos,
3578 2677 3677 2746 qui

2105 2752 2349 2807 viderent
2386 2755 2574 2808 horum
2606 2756 2913 2823 verborum,
2964 2777 2981 2809 ι
3008 2759 3121 2814 Vox
3162 2763 3370 2818 Domini
3415 2768 3467 2820 in
3506 2769 3673 2824 virtu-

2107 2852 2160 2897 te
2185 2843 2252 2908 ",
2284 2863 2303 2896 ι
2353 2846 2763 2912 explicationem
2804 2850 2854 2903 in
2896 2850 3126 2906 Eusebio
3169 2869 3270 2909 non
3307 2857 3536 2926 amplius
3572 2875 3672 2914 exe

2107 2946 2274 3003 stare,
2323 2953 2353 2993 e
2391 2939 2570 2993 Basilii
2619 2942 2863 2996 oratione
2906 2944 3235 3012 supplevisse
3294 2948 3401 3011 illa,
3464 2951 3521 3004 '0
3563 2952 3674 3026 γὰρ

2107 3030 2284 3084 πάντα
2323 3032 2520 3103 ἰσχύων
2562 3034 2621 3085 ὲν
2642 3034 2719 3104 τῷ
2750 3036 3152 3107 ὲνδυναμοῦντι,
3187 3049 3313 3105 etc.,
3356 3062 3373 3093 ι
3398 3042 3497 3108 Qui
3528 3047 3671 3100 enim

2112 3121 2290 3174 omnia
2334 3131 2507 3191 potest
2536 3124 2587 3176 in
2618 3139 2682 3177 eo
2716 3126 2842 3193 qui,
2870 3145 2888 3177 ι
2942 3136 3045 3181 etc.
3094 3126 3212 3183 Jam
3270 3132 3336 3185 ad
3380 3135 3675 3189 secundam

2111 3212 2413 3271 orationem
2459 3212 2512 3266 in
2546 3214 2791 3269 eumdem
2815 3217 3076 3284 psalmum
3100 3223 3241 3287 quod
3277 3221 3484 3285 attinet,
3513 3225 3578 3278 de
3609 3239 3675 3279 ea

2112 3302 2256 3355 nulla
2296 3313 2400 3368 est,
2436 3305 2577 3372 quod
2606 3307 2793 3370 sciam,
2836 3311 3207 3363 controversia
3246 3312 3387 3368 inter
3410 3316 3673 3372 eruditos.

2112 3393 2246 3448 Nam
2274 3411 2383 3451 uno
2412 3398 2651 3451 omnium
2672 3414 2935 3454 consensu
2967 3402 3017 3454 in
3048 3404 3249 3471 spuriis
3276 3408 3516 3473 ponitur,
3546 3426 3675 3465 nec-

2113 3485 2236 3539 dum
2266 3486 2430 3541 ullum
2457 3489 2536 3542 sui
2567 3500 2851 3558 patronum
2876 3499 3031 3546 nacta
3066 3501 3168 3548 est.
3196 3494 3263 3549 Et
3294 3512 3419 3551 vero
3447 3501 3563 3570 ejus
3588 3519 3678 3555 νο-

2114 3576 2233 3631 θεία
2262 3580 2335 3632 ita
2386 3582 2677 3648 consliicua
2720 3594 2822 3648 est,
2856 3595 2913 3639 ut
2944 3602 3123 3653 nemo,
3167 3590 3269 3644 nisi
3310 3591 3467 3657 plane
3498 3593 3676 3648 obesa!

2113 3670 2280 3734 naris,
2319 3684 2423 3723 non
2451 3672 2630 3724 statim
2669 3688 2786 3727 eam
2820 3680 3127 3746 perspiciat.
3164 3676 3282 3732 Jam
3325 3681 3521 3738 litteris
3550 3699 3679 3752 pro-

2114 3761 2280 3816 ditum
2311 3774 2396 3818 est
2437 3766 2576 3817 hanc
2616 3766 2921 3821 orationem
2972 3770 3026 3823 in
3062 3771 3244 3825 multis
3274 3774 3551 3829 codicibus
3581 3776 3678 3830 de-

2113 3855 2337 3909 siderari
2374 3874 2386 3908 :
2418 3858 2468 3910 in
2511 3857 2624 3925 ipsa
2657 3859 2825 3927 repeti
2861 3860 3069 3926 eadem,
3109 3878 3229 3930 quae
3262 3864 3315 3918 in
3352 3866 3530 3933 priore
3562 3866 3681 3923 fue-

2116 3955 2239 3999 rant
2260 3947 2527 4015 explicata
2561 3966 2576 4003 :
2606 3964 2722 4005 eam
2752 3952 2983 4021 denique
3027 3968 3055 4006 a
3099 3954 3385 4011 Basilianis
3416 3959 3680 4027 elegantia

2116 4034 2339 4089 multum
2369 4037 2594 4101 distare,
2639 4048 2693 4093 et
2720 4041 2897 4108 copia.
2950 4041 3191 4097 Hominis
3240 4045 3466 4115 alicujus
3496 4049 3589 4117 qui
3618 4063 3678 4103 se

2114 4139 2387 4193 exercere,
2420 4142 2583 4197 seque
2628 4130 2693 4184 ad
2734 4130 2913 4185 Basilii
2959 4133 3317 4190 imitationem
3363 4153 3682 4209 comparare

2116 4217 2388 4284 voluisset,
2419 4235 2553 4289 opus
2584 4236 2703 4275 esse
2744 4222 2827 4276 vel
2873 4238 3017 4277 caeco
3069 4236 3312 4296 apparet.
3361 4227 3487 4284 Haec
3522 4232 3682 4301 igitur

2116 4307 2317 4363 dixisse
2342 4313 2471 4366 satis
2495 4312 2832 4379 habebimus,
2857 4316 2948 4385 qui
2971 4316 3021 4369 in
3045 4318 3207 4371 rebus
3232 4321 3529 4387 perspicuis
3556 4332 3684 4377 temo

452 4409 582 4463 mini
612 4424 716 4464 non
768 4410 821 4463 in
857 4411 1018 4465 debili
1075 4424 1138 4463 ac
1165 4411 1339 4465 soluta
1371 4408 1569 4476 anima,
1592 4410 1683 4463 sed
1715 4411 1764 4462 in
1794 4408 2011 4463 robusta
2044 4423 2087 4477 ι)
2118 4414 2246 4468 Dore
2272 4403 2595 4457 abutendum
2620 4415 2674 4458 et
2702 4407 3034 4475 argumentis
3060 4424 3165 4462 non
3192 4420 3460 4477 putemus.

451 4498 570 4571 duae
601 4502 808 4555 naviter
850 4502 1044 4557 bonum
1085 4512 1357 4569 operatur.
1385 4520 1403 4552 ι
1438 4500 1565 4555 Haec
1606 4518 1726 4556 cum
1756 4501 2009 4571 legerem,

452 4605 616 4662 prope
642 4590 840 4645 factum
865 4601 969 4655 est,
1006 4601 1064 4645 ut
1090 4592 1229 4646 hanc
1253 4592 1551 4645 orationem
1593 4607 1623 4644 e
1670 4607 1889 4645 numero
1911 4590 2013 4645 Ba-

451 4683 763 4738 silianarum
805 4685 1116 4748 deleverim,
1157 4684 1257 4738 hoc
1296 4685 1594 4753 prrescrtim
1646 4684 1804 4738 nixus
1851 4698 2013 4753 argu-

454 4787 656 4839 mento,
683 4775 825 4845 quod
859 4777 911 4830 in
943 4777 1009 4829 iis
1032 4777 1392 4837 orationibus,
1431 4790 1548 4845 quze
1583 4785 1731 4828 certo
1760 4790 2010 4845 magnum

453 4864 600 4920 illum
624 4865 883 4920 Basiliam
921 4865 1121 4919 habent
1150 4873 1451 4929 auctorem,
1488 4864 1619 4918 nihil
1653 4864 1758 4919 tale
1793 4880 2012 4933 repere-

455 4972 589 5011 ram.
630 4958 798 5012 Erant
829 4966 883 5011 et
931 4957 1055 5019 alia,
1084 4958 1279 5026 quibus
1322 4970 1427 5010 non
1472 4956 1680 5010 modice
1723 4957 2017 5026 augebatur

454 5048 713 5117 suspicio.
742 5049 816 5103 Ea
845 5049 988 5103 enim
1022 5064 1141 5118 quae
1163 5048 1419 5102 dicuntur
1448 5047 1515 5102 de
1554 5048 1713 5103 bonis
1742 5048 2014 5117 operibus,

457 5154 578 5206 quae
609 5140 723 5194 ﬁeri
758 5140 953 5194 debent
977 5154 1157 5193 coram
1181 5137 1510 5200 hominibus,
1538 5139 1711 5207 deque
1735 5139 2013 5206 primitiis,

455 5244 575 5296 qua
598 5229 784 5284 danda:
812 5237 939 5283 sunt
972 5244 1037 5284 ex
1074 5229 1298 5299 justitize
1328 5227 1609 5293 fructibus,
1650 5235 1704 5279 et
1733 5228 1799 5280 de
1823 5229 2017 5281 adora-

456 5319 619 5382 tione,
659 5336 821 5389 quam
880 5320 994 5373 fieri
1052 5328 1261 5389 oportet
1314 5320 1453 5372 intra
1502 5319 1806 5384 ecclesiam,
1847 5318 2017 5374 videri

456 5420 700 5479 poterant
729 5428 792 5465 ex
833 5411 1064 5465 Eusebio
1092 5419 1301 5479 sumpta
1329 5410 1513 5464 fuisse.
1546 5414 1819 5473 Attamen,
1850 5424 1908 5463 re
1935 5410 2019 5464 di-

455 5500 705 5570 ligentius
727 5505 1091 5568 considerata,
1120 5504 1310 5558 melius
1329 5503 1564 5571 jndicavi
1591 5503 1655 5558 de
1675 5502 1940 5567 oratione,
1965 5502 2019 5560 in

2189 4492 2276 4547 35.
2304 4492 2504 4548 Praeter
2530 4511 2677 4564 spem
2708 4498 3003 4559 acciderat.
3038 4508 3093 4553 ut
3124 4501 3175 4554 in
3215 4502 3386 4571 prima
3416 4504 3595 4559 Basilii
3626 4507 3679 4561 in

2119 4586 2382 4655 psalmum
2416 4588 2729 4641 vicesimum
2764 4600 3014 4643 octavum
3052 4592 3300 4650 oratione
3335 4606 3684 4650 occurrerent

2121 4676 2395 4738 nonnulla,
2432 4690 2550 4744 qua:
2577 4677 2798 4732 totidem
2830 4679 3010 4733 verbis
3046 4678 3101 4732 in
3132 4679 3366 4735 Eusebio
3402 4684 3683 4750 reperiun-

2123 4777 2227 4820 tur.
2263 4765 2368 4820 Sed
2402 4766 2598 4833 legenti
2628 4768 2757 4821 mihi
2805 4768 3043 4835 ejusdem
3081 4770 3133 4824 in
3173 4770 3439 4839 psalmum
3474 4774 3686 4828 tricesio

2122 4873 2265 4910 mum
2293 4858 2587 4911 secundum
2631 4861 3051 4924 enarrationem,
3080 4861 3280 4930 aliquid
3324 4863 3498 4935 magis
3528 4866 3681 4921 inexc

2121 4956 2420 5016 spectatum
2463 4949 2706 5019 contigit.
2749 4949 2882 5004 Nam
2913 4966 3034 5005 cum
3063 4962 3233 5020 pauca
3271 4964 3451 5009 essent
3492 4957 3547 5009 in
3591 4973 3687 5011 ex—

2121 5039 2427 5108 planatione
2456 5039 2647 5108 psalmi
2693 5042 2936 5097 vicesimi
2980 5046 3178 5110 octavi,
3207 5055 3311 5098 tam
3350 5047 3515 5101 multa
3562 5059 3688 5103 sunt

2123 5131 2176 5185 in
2207 5146 2270 5186 ea
2301 5146 2418 5199 quae
2440 5141 2615 5187 exstat
2646 5134 2697 5187 in
2720 5136 2979 5202 psalmum
3013 5137 3344 5191 tricesimum
3366 5143 3683 5204 secundum,

2122 5232 2179 5276 ut
2208 5226 2276 5278 ab
2318 5224 2384 5278 iis
2418 5225 2788 5279 exscribendis
2843 5224 2954 5281 fere
2985 5225 3284 5282 deterrear.
3316 5229 3452 5297 Quia
3505 5239 3685 5284 tamen

2123 5313 2341 5369 Eusebii
2395 5316 2448 5368 in
2482 5314 2713 5385 psalmos
2739 5315 3168 5373 Commentarios
3205 5320 3378 5374 rarior
3405 5328 3507 5385 est,
3550 5320 3691 5375 illius

2126 5404 2289 5459 verba
2313 5405 2620 5474 subjiciam,
2660 5423 2780 5479 qua:
2811 5424 2934 5463 cum
2968 5408 3148 5464 Basilii
3180 5412 3423 5465 oratione
3444 5426 3542 5466 suo
3571 5410 3690 5469 loco

2128 5498 2337 5553 edenda
2366 5515 2394 5553 a
2423 5500 2653 5555 curiosis
2690 5511 2941 5570 poterunt
2981 5505 3302 5573 comparari.
3336 5504 3551 5561 Eusebii
3584 5504 3695 5577 isi?

527 5692 571 5724 ³⁸
600 5689 739 5747 Psal.
778 5705 965 5755 xxviii,
991 5690 1042 5743 3.
1120 5688 1161 5720 ‘°
1200 5687 1424 5759 Philipp.
1459 5702 1532 5775 iV,
1566 5688 1647 5741 l3.
1727 5688 1767 5718 “
1805 5684 1943 5741 Psal.
1977 5701 2168 5753 xxvm,
2206 5686 2288 5743 10.
2342 5686 2409 5769 ξ’
2444 5686 2599 5755 ibid.,
2632 5687 2689 5742 4.
