4094 6220
433 253 497 294 cc
1798 234 2329 290 PROLEGOMENA.

437 371 522 414 tur
539 358 696 414 verba
725 366 848 412 sunt
882 357 992 409 haec
1028 370 1041 408 z
1086 354 1167 419 Τῷ
1188 355 1346 422 λόγῳ
1374 357 1477 408 τοῦ
1500 360 1720 423 Kvplov
1749 360 1802 411 οι
1835 359 2003 425 οὐρα-

2108 373 2178 431 τῃ
2209 358 2487 419 συστάσει,
2522 360 2614 410 καὶ
2638 357 2716 427 τῷ
2742 357 2904 410 οἱονεὶ
2934 360 3212 426 φυράματι
3241 356 3338 425 τῆς
3368 355 3555 419 οὐσίας
3579 361 3675 410 αὕ-

435 450 528 503 νοὶ
551 446 1021 516 ἐστερεώθησαν,
1044 445 1141 498 καὶ
1170 443 1248 509 τῷ
1270 446 1559 514 πνεύματι
1579 446 1685 500 τοῦ
1711 447 2006 515 στόματος

436 540 624 596 αὐτοῦ
652 539 819 594 πᾶσα
851 539 889 605 ἡ
912 538 1164 607 δύναμις
1189 537 1407 593 αὐτῶν.
1446 537 1536 608 Τῷ
1567 534 1660 592 οὖν
1689 538 1863 609 Πατρὶ
1900 540 2006 591 πᾶ-

439 652 506 690 σα
537 634 812 706 ὴδύναμις
852 635 885 703 ἡ
918 632 1307 705 ὑπερουρὰνιος
1339 631 1640 703 ὲστερεὼθη
1668 649 1681 662 ο
1711 632 2005 696 τουτέστιν,

434 729 496 781 τὸ
526 726 738 780 εὔτονον
772 725 866 777 καὶ
908 723 1122 793 βέϐαιον
1150 723 1245 776 καὶ
1282 724 1477 791 πάγιον
1517 725 1574 776 ὲν
1599 721 1874 794 ἁγιασμῷ,
1914 723 2008 776 καὶ¹

438 820 585 889 πάσῃ
652 815 937 890 πρεπούσῃ
981 817 1100 878 ταῖς
1149 815 1320 886 ἱεραῖς
1365 815 1654 886 δυνάμεσιν
1700 816 1891 886 ἀρετῇ,
1944 816 2008 868 ἐκ

434 912 535 982 τῆς
571 908 663 962 τοῦ
687 909 1002 979 Πνεύματος
1025 907 1344 977 ἐπικουρίας
1383 905 1615 976 ἔχουσιν.
1653 906 1867 959 Ἐνθάδε
1911 906 2007 975 μὲν

436 999 528 1057 οὖν
561 1001 775 1072 πνεῦμα
802 1000 1068 1070 στόματος
1096 997 1259 1051 αὐτοῦ
1300 998 1733 1066 ἀναγέγραπται.
1766 996 2010 1065 Εὑρήσο-

439 1113 536 1165 μεν
557 1095 613 1148 δὲ
640 1091 871 1163 ἀλλαχοῦ
901 1091 995 1145 καὶ
1018 1090 1176 1157 λόγον
1205 1091 1467 1159 πόματος
1497 1086 1661 1141 αὐτοῦ
1683 1087 1969 1158 εἰρημένον
1990 1104 2002 1116 ·

436 1189 522 1241 ἵνα
544 1186 708 1258 νοηθῇ
733 1188 760 1239 ὁ
789 1184 978 1257 Σωτὴρ
1010 1184 1104 1237 καὶ
1133 1183 1192 1235 τὸ
1217 1182 1372 1251 ἆγιον
1394 1181 1558 1235 αὑτοῦ
1590 1179 1835 1251 Πνεῦμα.
1873 1182 2006 1251 Ἀμ-

436 1281 640 1351 φότερα
670 1279 726 1331 δὲ
753 1278 1087 1348 συνήργησεν
1112 1277 1169 1327 ὲν
1201 1277 1265 1346 τῇ
1292 1274 1466 1327 κτίσει
1487 1273 1596 1328 τῶν
1623 1273 1868 1346 οὐρανῶν
1910 1275 2006 1328 καὶ

434 1373 541 1427 τῶν
575 1375 631 1425 ὲν
656 1372 838 1435 αὐτοῖς
877 1371 1176 1447 δυνάμεων.
1206 1368 1305 1422 Διὰ
1328 1368 1485 1423 τοῦτο
1511 1368 1758 1441 εἴρηται·
1798 1369 1881 1435 Τῷ
1905 1372 2008 1423 λό-

433 1484 517 1533 γῳ
568 1465 788 1533 Κυρίου
845 1466 901 1517 οἱ
955 1462 1198 1530 οὐρανοὶ
1244 1461 1717 1530 ἐστερεώθησαν,
1769 1462 1867 1515 καὶ
1926 1461 2007 1527 τῷ

441 1557 731 1625 πνεύματι
776 1555 883 1609 τοῦ
922 1555 1219 1622 στόματος
1258 1553 1445 1607 αὐτοῦ
1486 1551 1657 1608 πᾶσα
1687 1555 1726 1622 ἡ
1757 1553 2007 1623 δύναμις

433 1647 647 1704 αὐτῶν.
678 1647 843 1700 Οὐδὲν
867 1647 975 1717 γὰρ
995 1646 1278 1714 ἁγιάζεται
1304 1647 1393 1717 (εἰ)
1416 1645 1491 1717 μὴ
1512 1649 1577 1717 τῇ
1612 1646 1881 1718 παρουσίᾳ
1908 1645 2003 1699 τοῦ

2106 450 2235 515 τῶν,
2268 448 2805 518 ωγκαταὸληθεῖσαν
2844 448 2999 517 ἔσχον
3032 449 3128 518 τὴν
3164 448 3443 518 ἁγιότητα.
3470 447 3560 500 Διὸ
3581 449 3675 502 καὶ

2107 541 2489 613 δυσμετάθετοί
2520 543 2625 593 εἰσι
2658 542 2792 613 πρὸς
2827 540 3043 605 κακίαν,
3074 539 3253 603 εὐθὺς,
3285 539 3470 593 οἱοινεὶ
3522 539 3670 611 βαφῇ

2106 649 2232 695 τινι,
2254 631 2335 702 τῷ
2372 630 2629 702 ἁγιασμῷ
2658 631 3057 701 στομωθέντες,
3113 632 3207 683 καὶ
3243 629 3303 683 τὸ
3345 631 3569 702 μόνιμον
3595 634 3676 695 εις

2112 723 2309 797 ἀρετὴν
2370 725 2436 793 τῇ
2480 723 2659 793 δωρεᾷ
2707 721 2801 775 τοῦ
2862 722 3018 790 ἁγίου
3075 720 3389 792 Πνεύματος
3437 721 3674 792 ἔχοντες.

2117 833 2135 865 ‹
2177 813 2293 869 Non
2314 814 2457 869 enim
2490 813 2722 868 infantes
2755 816 2920 869 creati
2945 821 3069 867 sunt
3098 812 3294 883 angeli,
3324 812 3518 866 deinde
3545 826 3677 881 pau-

2110 904 2257 957 latim
2288 904 2550 958 exercitio
2585 902 2804 971 perfecti
2836 944 2851 968 ,
2886 904 2966 957 sic
3009 901 3185 957 effecti
3223 902 3514 971 suntdigni
3536 941 3551 965 ,
3582 902 3676 970 qui

2110 994 2372 1066 Spiritum
2407 994 2709 1064 reciperent
2737 1013 2748 1047 :
2782 994 2874 1050 sed
2905 997 2956 1048 in
2988 994 3161 1063 prima
3181 992 3590 1059 constitutione,
3620 1003 3677 1048 et

2108 1089 2258 1158 quasi
2288 1103 2390 1141 una
2445 1102 2567 1142 cum
2622 1087 2936 1141 substantia:
2992 1100 3101 1139 suae
3151 1085 3379 1139 mistura
3441 1084 3675 1140 infusam

2110 1179 2346 1233 habuere
2405 1178 2770 1234 sanctitatem.
2820 1175 3158 1245 Quapmpter
3211 1174 3375 1229 etiam
3425 1189 3567 1245 aegre
3605 1176 3676 1228 ad

2109 1269 2370 1322 malitiam
2408 1273 2724 1321 convertere
2757 1277 2817 1319 se
2855 1272 3098 1333 possunt,
3155 1265 3355 1333 quippe
3386 1266 3477 1332 qui
3528 1264 3676 1319 illico

2108 1358 2464 1413 sanctimonia
2522 1356 2689 1411 veluti
2742 1356 2974 1411 tinctura
3038 1356 3272 1425 quadam
3339 1356 3675 1411 corroborati

2107 1451 2236 1515 sint,
2286 1448 2701 1517 firmitatemque
2753 1447 2807 1502 in
2850 1448 3049 1503 virtute
3097 1458 3260 1519 atque
3315 1450 3677 1504 constantiam

2108 1542 2251 1597 dono
2275 1538 2510 1610 Spiritus
2552 1538 2726 1595 sancti
2764 1539 3087 1607 acceperint.
3130 1556 3150 1590 ι
3187 1537 3322 1591 Nam
3355 1538 3401 1592 si
3428 1552 3493 1593 ex
3528 1537 3676 1593 nulla

2112 1633 2216 1687 alia
2246 1647 2328 1697 re,
2375 1642 2522 1685 certe
2552 1646 2619 1686 ex
2668 1646 2800 1685 voce
2834 1626 2952 1685 εἶτα
2988 1630 3147 1701 plane
3196 1639 3467 1686 constaret
3492 1632 3677 1686 omnia

435 1738 769 1809 Πνεύματος.
819 1737 1085 1807 Ἀγγέλων
1118 1737 1248 1806 γοῦν
1285 1738 1374 1790 τὸν
1394 1739 1491 1808 μὲν
1520 1739 1599 1802 εἰς
1622 1738 1682 1791 τὸ
1706 1734 1846 1793 εἶναι
1874 1740 2003 1812 πάρ-

2112 1725 2228 1780 htec
2257 1724 2325 1779 ab
2352 1723 2538 1778 eadem
2571 1737 2728 1776 manu
2756 1720 2994 1791 profecta
3026 1722 3219 1790 fuisse,
3247 1736 3418 1791 eaque
3450 1722 3676 1793 conjun-

436 1833 554 1885 οδον
592 1834 621 1885 ό
652 1830 982 1902 δημιουργὸς
1023 1830 1197 1899 Λόγος
1234 1832 1262 1883 ὁ
1295 1830 1522 1901 ποιητὴς
1552 1829 1659 1883 τῶν
1693 1830 1828 1883 ὅλων
1869 1849 2006 1903 παρ-

433 1925 607 1995 είχετο
628 1940 642 1954 ·
685 1922 777 1976 τὸν
828 1920 1097 1991 ἁγιασμὸν
1120 1920 1177 1974 δὲ
1207 1921 1390 1985 αὐτοῖς
1414 1920 1476 1973 τὸ
1509 1919 1730 1990 Πνεῦμα
1768 1920 1828 1975 τὸ
1853 1921 2006 1989 ἆγιον

434 2005 761 2085 συνέφερεν
813 2014 875 2066 οὐ
929 2012 1036 2084 γὰρ
1094 2012 1276 2083 νήπιοι
1322 2009 1633 2075 κτισθέντες
1681 2012 1729 2064 οἱ
1759 2012 2001 2080 ἄγγελοι.

438 2125 459 2157 ς
502 2104 667 2161 Verbo
694 2104 914 2159 Domini
953 2103 1069 2157 cmli
1117 2102 1317 2171 ﬁrmati
1361 2111 1516 2167 sunt,
1573 2111 1625 2156 et
1665 2102 1859 2171 spiritu
1897 2105 2004 2158 oris

428 2198 548 2266 ejus
572 2195 742 2248 omnis
765 2194 930 2247 virtus
959 2207 1141 2246 eorum
1170 2190 1317 2244 "M.
1365 2191 1411 2245 A
1440 2189 1602 2246 Patre
1635 2192 1798 2259 igitur
1828 2193 2006 2248 omnis

434 2287 608 2340 virtus
647 2283 885 2339 caelestis
919 2281 1130 2336 ﬁrmata
1158 2290 1262 2344 est,
1311 2281 1365 2336 id
1392 2289 1495 2348 est,
1532 2281 1778 2346 firmitas,
1824 2283 2006 2337 solidi-

436 2387 540 2441 tas,
574 2375 947 2445 stabiliusque
986 2374 1038 2429 in
1086 2372 1516 2429 sanctificatione
1560 2387 1623 2427 ac
1651 2372 1800 2428 omni
1833 2375 2006 2430 sacris

432 2467 795 2539 potestatibus
839 2465 1179 2522 conrenienti
1209 2466 1412 2519 virtute
1443 2479 1510 2519 ex
1539 2463 1772 2534 Spiritus
1800 2464 2001 2520 auxilio

434 2561 558 2615 data
591 2569 694 2615 est.
737 2558 834 2614 Hic
862 2571 1024 2628 porro
1070 2556 1294 2628 spiritus
1318 2556 1431 2611 oris
1457 2557 1575 2626 ejus
1607 2556 1865 2625 scriptum
1899 2567 2001 2612 est.

429 2650 573 2707 Alibi
614 2665 828 2721 quoque
863 2650 1100 2720 reperire
1124 2658 1210 2705 est
1240 2647 1470 2705 Verbum
1512 2648 1624 2703 oris
1652 2647 1789 2718 ejus,
1836 2657 1892 2702 ut
1921 2649 2006 2704 bis

435 2742 765 2813 intelligatur
786 2741 1033 2796 Salvator
1058 2748 1110 2795 et
1144 2749 1363 2796 sanctus
1404 2737 1521 2807 ejus
1555 2736 1811 2808 Spiritus.
1849 2737 2007 2794 Uter-

427 2849 540 2906 que
568 2848 728 2904 porro
764 2832 817 2886 in
847 2831 1122 2886 creatione
1160 2830 1419 2886 caelorum
1457 2838 1514 2885 et
1547 2840 1872 2901 potestatum
1915 2845 2007 2887 eo-

434 2939 552 2979 rum
600 2930 920 2994 cooperatus
965 2928 1069 2975 est.
1121 2919 1246 2975 Ideo
1291 2920 1494 2974 dictum
1540 2929 1666 2976 est:
1703 2918 1871 2975 Verbo
1901 2920 2008 2974 Do-

431 3016 562 3071 mini
596 3015 711 3070 caeli
766 3012 963 3081 ﬁrmati
1011 3019 1154 3079 sunt,
1195 3018 1245 3065 et
1295 3010 1484 3078 spiritu
1523 3011 1632 3064 oris
1676 3010 1791 3081 ejus
1835 3011 2005 3064 omnis

2105 1813 2279 1885 genda
2306 1827 2445 1868 esse.
2484 1811 2551 1865 Et
2574 1812 2820 1880 quidem,
2849 1811 2894 1867 si
2936 1811 3353 1883 coniungantur,
3387 1825 3545 1867 nemo
3567 1826 3676 1867 nou

2104 1906 2250 1961 videt
2292 1906 2410 1975 ipsa
2451 1903 2676 1958 mirifice
2720 1903 2861 1957 inter
2903 1918 2962 1958 se
3004 1904 3298 1959 cohaerere.
3334 1904 3467 1971 Quis
3497 1914 3677 1959 autem

2104 1996 2262 2052 facile
2283 1996 2577 2051 crediderit
2599 1996 2871 2051 hominem
2895 1994 3393 2064 eloquentissimum
3418 1996 3675 2051 Basilium

2107 2098 2217 2142 tam
2266 2087 2435 2142 multa
2464 2089 2531 2142 ad
2561 2087 2781 2141 verbum
2812 2088 2881 2143 ab
2928 2088 3157 2143 Eusebio
3199 2088 3537 2157 sumpsisse?
3575 2086 3677 2144 Cui

2104 2177 2396 2235 verisimile
2422 2177 2514 2235 fiet
2537 2193 2803 2233 summum
2849 2178 2991 2234 hunc
3021 2179 3195 2233 virum
3225 2177 3526 2233 Eusebiana
3562 2192 3679 2234 me-

2107 2270 2332 2325 moriter
2365 2270 2652 2333 didicisse,
2715 2284 2837 2324 cum
2884 2270 2962 2333 ei,
2996 2276 3181 2339 utpote
3216 2269 3272 2323 in
3319 2277 3437 2324 arte
3468 2269 3677 2324 dicendi

2100 2360 2560 2416 exercitatissimo
2584 2399 2601 2424 ,
2656 2361 2813 2431 longe
2848 2358 3057 2416 facilius
3097 2360 3287 2415 fuisset
3324 2374 3391 2415 ex
3439 2370 3681 2431 tempore

2106 2452 2451 2509 familiariter
2500 2454 2716 2518 dicere,
2768 2466 2930 2523 quam
2980 2454 3153 2509 aliena
3199 2454 3511 2508 memoriter
3552 2468 3679 2523 pro-

2110 2544 2401 2600 nuntiare?
2427 2545 2558 2610 Quis
2590 2546 2756 2611 enim,
2788 2560 2991 2615 quaeso,
3017 2561 3082 2600 ea
3116 2561 3235 2612 qua:
3266 2547 3404 2615 apud
3430 2555 3679 2600 auctores

2106 2636 2395 2690 mediocris
2439 2636 2601 2692 sortis
2631 2635 2851 2707 legerit,
2894 2636 3204 2690 memoriter
3246 2636 3434 2701 discet,
3464 2637 3508 2690 si
3540 2636 3674 2704 ipse,

2103 2742 2227 2783 cum
2260 2726 2332 2781 sit
2368 2727 2759 2783 disertissimus
2784 2767 2801 2793 ,
2836 2728 3006 2797 possit
3040 2743 3107 2783 ex
3135 2739 3378 2797 tempore
3408 2728 3629 2783 meliora
3655 2768 3676 2793 ,

2106 2819 2473 2890 elegantiora,
2520 2821 2877 2891 uberioraque
2933 2821 3000 2875 de
3050 2835 3150 2875 suo
3188 2820 3476 2890 proferre?
3515 2821 3672 2889 Quod

2107 2921 2257 2968 certe
2280 2926 2439 2967 nemo
2476 2922 2754 2966 oratorum
2801 2926 3039 2981 unquam
3075 2912 3233 2974 fecit,
3264 2926 3363 2967 nec
3394 2912 3590 2978 faciet,
3621 2915 3679 2970 id

2088 3013 2387 3058 {oratorum
2437 3004 2700 3071 optimum
2747 3003 3002 3058 Basilium
3036 3002 3227 3058 fecisse
3256 3004 3377 3071 quis
3416 3005 3519 3059 sibi
3548 3020 3677 3073 per-

434 3108 598 3162 uirtus
635 3120 833 3161 eorum.
886 3101 1027 3157 Nihil
1073 3102 1216 3157 enim
1273 3101 1389 3157 sine
1424 3101 1658 3170 Spiritus
1719 3102 2000 3171 praesentia

2106 3094 2392 3149 suadebit?
2424 3095 2566 3148 Sane
2606 3093 2909 3147 Eusebiana
2936 3093 3044 3159 illa,
3081 3092 3278 3161 πάγιον
3302 3093 3360 3146 ὲν
3384 3094 3674 3167 ἁγιασμῷ,

435 3195 831 3253 sanctificatur.
875 3191 1096 3260 Angelis
1132 3191 1294 3260 igitur
1328 3192 1609 3246 transitum
1642 3191 1708 3245 ad
1737 3191 2001 3249 exsistan-

438 3288 567 3343 tiam
603 3293 817 3341 creator
858 3282 1093 3339 Verbum
1151 3283 1399 3352 praebuit,
1447 3282 1826 3338 universorum
1888 3284 2005 3352 opi-

433 3379 523 3436 fex
582 3395 597 3431 :
645 3374 1126 3431 sanctificationem
1168 3387 1295 3429 vero
1349 3374 1537 3428 eodem
1592 3384 1832 3444 tempore
1882 3373 2003 3445 Spi-

435 3470 574 3526 ritus
644 3476 866 3524 sanctus
916 3464 1155 3531 indidit;
1187 3479 1291 3520 non
1355 3464 1498 3519 enim
1555 3465 1784 3521 infantes
1835 3466 2005 3520 creati

435 3557 608 3631 angeli
628 3566 777 3614 sunt.
791 3574 809 3610 ι
830 3555 1087 3626 Reperias
1110 3558 1298 3611 eadem
1316 3557 1454 3624 apud
1472 3555 1729 3610 Basilium
1748 3571 1848 3612 suo
1865 3557 2003 3611 loco.

436 3653 702 3722 Quantam
729 3660 907 3704 autem
941 3649 993 3703 in
1020 3648 1330 3721 ἀμηχανίαν
1353 3663 1439 3703 me
1463 3649 1756 3721 conjecerit
1779 3664 1864 3704 res
1895 3660 2000 3703 tam

435 3742 738 3815 inopinata,
768 3739 951 3797 dicere
987 3755 1096 3795 non
1125 3755 1283 3810 queo.
1311 3738 1549 3795 Necdum
1588 3740 1745 3796 video
1769 3741 1859 3809 qui
1886 3739 2000 3794 fieri

436 3836 702 3907 potuerit,
749 3843 807 3888 ut
836 3831 1062 3888 Basilius
1103 3832 1194 3901 qui
1235 3842 1291 3886 et
1337 3832 1524 3901 longos
1555 3841 1611 3886 et
1648 3833 1895 3903 egregios
1928 3831 2004 3886 De

438 3927 644 3997 Spiritu
678 3935 857 3980 sancto
890 3923 1057 3979 libros
1088 3923 1443 3991 conscripsit,
1482 3923 1548 3976 ad
1585 3922 1796 3977 Eusebii
1836 3923 2002 3978 libros

437 4029 717 4071 recurrere
746 4028 968 4069 necesse
992 4011 1264 4077 habuerit,
1294 4010 1528 4081 Spiritus
1563 4013 1733 4067 sancti
1765 4013 1998 4083 dignita-

439 4118 548 4165 tem
570 4106 903 4179 gloriamque
936 4105 1429 4161 commendaturus.
1457 4103 1620 4169 Nihil,
1648 4104 1859 4174 Opinor,
1889 4120 2004 4158 ma-

437 4203 519 4272 gis
549 4214 579 4255 a
615 4213 764 4261 vero,
798 4207 891 4251 aut
928 4213 958 4252 a
995 4196 1131 4260 fide,
1157 4196 1264 4251 imo
1290 4196 1420 4250 nihil
1452 4196 1623 4266 magis
1662 4212 1689 4250 a
1726 4197 2001 4254 verisimili

437 4279 709 4347 abhorret.
743 4285 965 4353 Quidvis
1012 4285 1177 4354 igitur
1216 4285 1398 4339 malim
1428 4324 1444 4349 ,
1473 4299 1632 4354 quam
1660 4285 1769 4341 tale
1797 4286 2000 4357 aliquid

437 4380 506 4434 de
541 4386 692 4433 tanto
726 4377 841 4431 viro
887 4374 1220 4430 existimare.
1263 4373 1367 4429 Sed
1400 4387 1688 4444 antequam
1728 4392 1838 4430 rem
1883 4378 2004 4432 dili-

435 4470 647 4542 gentius
670 4468 1053 4539 expendamus,
1075 4470 1305 4521 monebo
1331 4467 1497 4522 videri
1527 4467 1656 4522 mihi
1687 4468 1738 4522 in
1769 4467 1999 4525 Eusebio

434 4561 716 4630 legendum
744 4573 886 4623 esse,
913 4555 993 4623 τῷ
1021 4552 1135 4612 οὖν
1166 4557 1465 4627 Πνεύματι
1493 4555 1681 4622 πᾶσα,
1731 4570 1837 4616 etc.
1860 4601 1876 4628 ,
1904 4562 1997 4617 ubi

435 4652 650 4724 legitur,
677 4649 757 4722 τῷ
786 4645 880 4704 οὖν
899 4648 1074 4721 Πατρὶ
1115 4649 1264 4701 πᾶσα
1285 4688 1300 4713 ,
1335 4656 1443 4703 etc.
1464 4686 1479 4712 ,
1509 4659 1619 4702 tum
1651 4650 1794 4720 quod
1832 4650 1903 4705 ita
1941 4651 1995 4706 in

435 4740 620 4798 Basilii
650 4741 912 4796 concione
948 4740 1169 4809 legitur,
1206 4747 1319 4792 tum
1365 4737 1509 4806 quod
1540 4737 1699 4794 aliter
1740 4739 2001 4795 orationis

434 4831 722 4887 ἀκολουθία
753 4841 1002 4886 constare
1049 4830 1138 4885 vix
1182 4836 1377 4899 potest.
1412 4829 1556 4884 Sane
1605 4830 1855 4899 exiguum
1890 4846 1998 4887 non

433 4936 517 4981 est
541 4924 900 4995 fragmentum
921 4922 1071 4989 illud,
1094 4923 1235 4993 quod
1279 4937 1343 4989 ex
1372 4922 1585 4978 Eusebii
1613 4924 1997 4980 commentario

434 5017 489 5071 in
527 5014 712 5070 Basilii
761 5016 1061 5069 orationem
1095 5014 1410 5069 translatum
1459 5028 1578 5069 esse
1625 5013 1895 5074 diximus;
1944 5024 1999 5068 et

435 5115 615 5160 tamen
645 5104 879 5159 dubitari
901 5106 986 5159 vix
1019 5114 1231 5174 potest,
1264 5105 1394 5173 quin
1420 5102 1473 5158 id
1508 5118 1538 5157 a
1577 5102 1813 5159 librariis
1845 5112 1999 5158 trun-

432 5205 611 5251 catum
639 5196 730 5251 sit.
758 5193 893 5250 Puto
920 5196 1085 5266 igitur
1113 5210 1231 5265 pOSt
1249 5210 1435 5250 vocem
1458 5194 1679 5264 ἄγγελοι
1708 5195 1997 5265 supplenda

431 5299 556 5341 esse
616 5284 727 5349 illa,
777 5301 898 5357 qute
937 5287 989 5341 in
1014 5288 1284 5358 {oratione
1322 5287 1505 5342 Basilii
1539 5288 1789 5357 leguntur
1820 5305 1835 5343 :
1866 5282 1999 5340 Εἶτα

429 5376 805 5440 τελειωθέντες
837 5380 904 5449 τῇ
940 5379 1061 5431 κατ’
1085 5379 1265 5446 ὀλίγον
1296 5379 1514 5451 μελέτῃ,
1536 5377 1707 5441 οὕτως
1740 5374 1876 5441 ἄξιοι
1897 5376 1999 5446 τῆς

432 5470 524 5525 τοῦ
551 5467 865 5537 Πνεύματος
899 5469 1166 5541 ὑποδοχῆς
1190 5472 1472 5541 γεγόνασιν
1492 5489 1504 5502 ·
1532 5469 1648 5524 ἁλλ’
1677 5472 1733 5524 ὲν
1765 5470 1829 5539 τῇ
1852 5469 2000 5539 πρώ-

524 5665 570 5696 ⁸³
599 5664 642 5694 ⁸⁵
671 5662 810 5719 Psal.
851 5679 1022 5732 xxxtt,
1050 5666 1100 5722 6.

2106 3184 2199 3236 καὶ
2230 3182 2379 3253 πάσῃ
2410 3182 2693 3255 πρεπούσῃ
2714 3184 2833 3245 ταῖς
2865 3183 3036 3254 ἱεραῖς
3060 3183 3351 3255 δυνάμεσιν
3376 3185 3543 3258 ἀρετῇ
3565 3227 3580 3254 ,
3608 3189 3678 3242 ὲκ

2102 3272 2201 3341 τῆς
2252 3270 2347 3324 τοῦ
2380 3270 2694 3343 Πνεύματος
2738 3274 3054 3345 ἐπικουρίας
3104 3273 3346 3345 ἔχουσιν,
3394 3281 3535 3347 apud
3590 3295 3679 3336 me

2104 3365 2231 3419 dum
2286 3373 2513 3433 reputo,
2550 3365 2830 3434 probabile
2878 3366 3008 3420 mihi
3046 3382 3151 3421 non
3182 3368 3395 3424 videtur
3417 3369 3675 3427 Basilium

2105 3458 2419 3513 memoriam
2466 3471 2619 3512 suam
2665 3456 2945 3525 ejusmodi
2972 3458 3340 3529 suppellectile
3399 3476 3673 3517 onerasse.

2104 3549 2231 3614 Sed,
2257 3550 2357 3604 etsi
2394 3562 2624 3605 onerare
2672 3549 2970 3604 induxisset
3003 3550 3275 3616 animum,
3301 3566 3407 3607 non
3452 3566 3675 3622 parvum

2110 3640 2409 3710 periculum
2456 3649 2610 3706 erat,
2637 3655 2706 3695 ne
2738 3640 2880 3695 inter
2913 3640 3246 3696 recitandum
3289 3642 3359 3698 ob
3392 3643 3675 3699 verborum

2105 3731 2302 3785 malam
2323 3734 2782 3787 constructionem
2799 3731 3198 3802 novitatemque
3216 3732 3522 3789 titubasset.
3542 3732 3677 3789 Nam

2105 3821 2180 3875 ita
2214 3823 2476 3878 indiserte
2503 3823 2652 3892 loqui
2684 3837 2788 3876 non
2821 3833 3202 3878 consueverat.
3233 3823 3416 3893 Neque
3443 3840 3571 3881 vero
3598 3826 3677 3888 ei,

2105 3929 2227 3968 cum
2253 3915 2322 3969 de
2359 3913 2600 3981 Spiritus
2644 3916 2814 3971 sancti
2861 3916 3110 3986 praesidio
3133 3926 3229 3971 aut
3252 3917 3319 3971 de
3364 3917 3677 3973 coelestibus

2106 4007 2466 4075 potestatibus
2517 4022 2821 4062 sermonem
2875 4010 3132 4086 haberet,
3181 4008 3475 4067 familiares
3521 4024 3675 4066 erant

2106 4113 2265 4153 voces
2310 4097 2453 4168 ἱερός
2480 4107 2535 4153 et
2570 4100 2876 4172 ἐπικουρία.
2902 4101 3012 4155 lmn
3033 4101 3352 4157 vocabulum
3376 4103 3674 4177 ,ἐπικουρία

2105 4204 2342 4258 unquam
2357 4191 2425 4243 ab
2445 4204 2511 4244 eo
2526 4190 2823 4246 adhibitum
2856 4192 3022 4249 fuisse
3055 4208 3163 4249 non
3200 4193 3442 4248 memini.
3473 4193 3676 4249 Occur-

2105 4292 2232 4333 runt
2257 4289 2311 4335 et
2337 4281 2518 4335 aliain
2549 4282 2652 4337 hoc
2680 4282 3000 4354 fragmento,
3037 4284 3351 4355 quantulum
3383 4285 3432 4340 id
3465 4300 3676 4354 cunque

2107 4384 2211 4442 est,
2229 4390 2350 4445 quae
2372 4375 2659 4431 familiaria
2680 4391 2786 4431 non
2806 4387 2964 4431 erant
2982 4376 3200 4431 Basilio.
3215 4376 3323 4432 Cur
3341 4376 3501 4445 igitur
3517 4376 3675 4433 Pater

2108 4466 2479 4535 gravissimus,
2510 4468 2726 4537 proprio
2746 4466 2926 4521 habitu
2958 4468 3551 4538 mutato,peregrinum
3583 4466 3671 4522 itf-

2103 4559 2260 4615 duit?
2279 4559 2611 4631 Sperabatne
2628 4559 2853 4630 gratiam
2870 4575 3062 4615 novam
3076 4576 3142 4615 ex
3161 4563 3448 4617 verborum
3475 4563 3676 4617 novita-

2110 4659 2186 4719 te,
2207 4661 2295 4706 aut
2315 4665 2381 4707 ex
2414 4665 2602 4706 eorum
2622 4650 2837 4704 insolita
2866 4653 3270 4709 constructione
3298 4654 3531 4709 orationi
3563 4667 3674 4710 sum

2109 4743 2491 4798 accessuram?
2514 4743 2645 4809 Quis
2673 4743 2773 4797 hoc
2796 4744 3011 4799 credat?
3042 4743 3153 4814 Ego
3176 4744 3389 4814 quidem
3420 4744 3466 4800 si
3488 4745 3675 4799 crede-

2106 4849 2242 4899 rem,
2267 4833 2392 4888 illud
2412 4835 2477 4888 de
2503 4848 2608 4902 quo
2637 4834 3000 4903 disceptamus
3027 4834 3382 4904 fragmentum
3402 4850 3468 4889 ex
3502 4835 3672 4890 Euse-

2110 4925 2286 4979 bianis
2304 4923 2542 4978 fontibus
2567 4938 2596 4977 a
2618 4922 2819 4978 Basilio
2851 4926 3102 4981 haustum
3125 4939 3245 4980 esse
3262 4966 3279 4993 ,
3304 4926 3415 4995 jam
3448 4924 3674 4994 insignis

2105 5014 2194 5070 ille
2218 5015 2292 5068 De
2318 5014 2523 5082 Spiritu
2560 5027 2743 5069 sancto
2774 5016 2929 5081 liber,
2970 5018 3079 5087 jam
3098 5017 3341 5087 praeclari
3365 5017 3439 5071 illi
3473 5017 3529 5069 in
3553 5016 3670 5069 Eu-

2104 5106 2333 5160 nomium
2350 5105 2473 5161 libri
2499 5106 2630 5160 mibi
2655 5108 2709 5160 in
2728 5108 3089 5177 suspicionem
3106 5113 3375 5165 venirent.
3397 5109 3509 5164 Non
3528 5110 3671 5162 enim

2105 5197 2385 5265 probabile
2417 5199 2549 5252 mihi
2574 5199 2872 5266 videretur,
2897 5201 3191 5267 hominem,
3215 5202 3303 5256 cui
3331 5215 3466 5271 opus
3487 5200 3674 5254 fuisset

2105 5288 2323 5345 Eusebii
2389 5289 2780 5344 commentario
2837 5292 2905 5344 ad
2965 5307 3135 5361 pauca
3199 5293 3368 5349 verba
3444 5290 3673 5362 alicujus

2103 5378 2299 5448 psalmi
2349 5379 2717 5448 eXplananda,
2757 5388 2865 5434 tam
2891 5384 3105 5453 egregia
3150 5397 3313 5451 opera
3348 5396 3672 5452 componere

2104 5470 2367 5539 potuisse.
2400 5471 2507 5527 Sed
2553 5472 2709 5542 longe
2756 5476 2928 5531 satius
2971 5476 3110 5530 duco
3150 5474 3510 5544 fragmentum
3543 5473 3671 5529 illud
