4094 6220
1629 377 1685 429 D.
1730 375 1871 430 JlTL.
1915 373 2243 429 CARNERII
2281 377 2654 434 ΡΒτΕΡΑἸΊΟ

3611 397 3731 436 CCLt

457 511 716 564 tanquam
762 496 1104 566 peregrinum
1142 498 1364 566 t'cjicel'e
1392 538 1405 560 ,
1449 514 1606 564 quam
1653 500 1718 551 de
1747 497 2032 550 celeberri—
2060 502 2102 554 Α
2137 513 2299 564 opera
2348 499 2526 550 omnia
2579 513 2698 566 quae
2750 498 2817 550 ab
2854 499 2981 565 ipsis
3035 497 3345 552 auctoribus
3388 499 3690 565 conscripta
3725 533 3730 541 -

452 589 554 642 mis
594 588 697 641 illis
751 602 886 654 quos
919 588 1030 640 dixi
1079 587 1228 640 libris
1286 589 1367 641 vel
1412 589 1692 640 minimum
1751 587 2016 639 dubitare.

449 682 675 744 Quando
717 689 897 734 autem
945 680 1110 733 semel
1157 681 1278 734 libri
1329 679 1400 732 De
1436 680 1637 748 Spiritu
1668 690 1844 732 sancto
1873 693 2021 731 men—

451 781 646 831 tionem
672 777 794 841 feci,
831 778 1063 830 monebo
1103 780 1350 831 eumdem
1382 777 1526 830 illum
1579 791 1790 830 versmn
1828 773 2017 842 psalmi

450 869 706 922 tricesimi
734 870 974 935 secundi,
1009 867 1090 933 Τῷ
1116 871 1276 938 λόγῳ
1298 869 1400 921 τοῦ
1429 869 1650 935 Κυρίου
1683 869 1737 920 οἱ
1776 866 2019 934 οὐρανοὶ

448 960 923 1028 ἐστερεώθησαν,
954 972 1088 1024 etc.,
1120 964 1246 1017 totis
1274 963 1481 1015 duabus
1522 961 1731 1030 paginis
1762 976 1791 1012 a
1826 958 2020 1013 Basilio

448 1053 705 1120 explicari
759 1053 863 1108 hoc
905 1055 958 1106 in
993 1054 1088 1106 lib.
1123 1069 1242 1123 cap.
1278 1053 1364 1108 l6.
1400 1053 1568 1105 Velim
1595 1062 1774 1105 autem
1815 1049 2021 1118 legatur

452 1151 565 1204 haec
606 1150 786 1204 Basilii
829 1152 1206 1220 interpretatio
1243 1152 1306 1203 ad
1347 1165 1559 1205 omnem
1597 1149 1884 1204 tollendam
1923 1149 2021 1203 du-

454 1241 792 1295 bitationem.
835 1241 967 1295 Nam
1013 1251 1120 1296 tam
1152 1242 1388 1308 erudite,
1441 1253 1548 1293 tam
1581 1241 1876 1311 eleganter,
1908 1251 2018 1294 tam

447 1334 663 1401 cepiose
695 1334 838 1388 hunc
863 1348 1076 1388 versum
1104 1342 1319 1400 tractat,
1345 1344 1405 1386 ut
1436 1333 1736 1403 intelligere
1773 1332 1927 1387 facile
1949 1332 2021 1386 sit

447 1440 593 1489 eum,
623 1441 746 1480 eum
789 1425 1050 1493 psalmum
1089 1424 1418 1478 tricesimum
1450 1428 1738 1478 secundum
1765 1425 2021 1491 interpre-

451 1525 676 1580 taretur,
712 1517 929 1570 Eusebii
958 1515 1157 1569 auxilio
1187 1516 1254 1568 ad
1289 1515 1527 1582 ejusdem
1555 1516 1655 1570 loci
1684 1516 2019 1586 explanatio-

452 1621 572 1660 nem
611 1623 715 1660 non
745 1607 1058 1676 indiguisse.
1090 1605 1213 1660 Haec
1231 1614 1314 1660 est
1338 1607 1500 1674 igitur
1528 1617 1706 1660 nostra
1731 1608 2016 1671 sententia,

449 1695 706 1750 Basilium
754 1713 822 1752 ne
881 1698 1152 1767 cogitasse
1195 1697 1408 1766 quidem
1449 1698 1516 1753 de
1550 1697 1785 1754 Eusebio
1813 1698 2018 1766 compi-

451 1787 630 1840 lando.
682 1787 824 1843 Fieri
872 1788 1110 1857 potuisse
1149 1787 1374 1850 damus,
1425 1796 1483 1842 ut
1545 1796 1730 1842 orator
1781 1789 2017 1856 optimus

2132 598 2279 651 stitit,
2320 588 2631 656 suspicione
2657 589 2803 642 omni
2836 588 3118 650 vacabunt,
3159 589 3226 642 ob
3266 603 3355 641 eas
3381 602 3515 655 quas
3547 596 3692 638 attu—
3723 625 3726 627 -

2131 677 2288 731 limus
2316 679 2572 730 rationes.
2603 678 2681 729 Ad
2734 678 2876 745 quod
2922 692 3090 746 genus
3125 676 3312 730 referri
3349 691 3560 744 quoque
3602 675 3692 729 de-

2130 769 2259 822 bent
2288 771 2623 840 panegyrici,
2645 773 2917 823 orationes
2953 771 3019 822 de
3052 771 3324 839 mysteriis
3353 780 3401 823 et
3439 770 3504 822 de
3537 770 3726 824 rebus.

2127 856 2537 923 difﬁcilioribus,
2569 869 2621 913 et
2645 860 2847 927 quaevis
2880 859 2996 912 alia:
3020 899 3033 923 ,
3087 874 3204 927 qua:
3239 858 3494 928 majorem
3537 859 3691 912 indu-

2134 948 2325 1001 striam
2370 948 2798 1018 elegantiamque
2833 963 2944 1016 prae
2970 963 3028 1002 se
3061 947 3271 1012 ferunt,
3313 965 3472 1018 quam
3519 960 3576 1002 ut
3624 966 3717 1002 ex.

2130 1043 2390 1110 tempore’
2410 1042 2772 1111 pronuntiata
2799 1040 2962 1095 fuisse
2988 1040 3089 1094 dici
3120 1044 3347 1110 possint.
3391 1041 3584 1097 Fateor
3608 1042 3691 1094 vi...

2127 1132 2240 1186 deri
2285 1133 2544 1202 quosdam
2580 1131 2772 1187 Patres
2800 1172 2815 1198 ,
2852 1148 2970 1201 qua:
3013 1148 3198 1187 eorum
3240 1142 3357 1188 erat
3402 1135 3687 1195 facundia,

2127 1223 2419 1291 aliquando
2457 1225 2522 1278 ad
2566 1225 2820 1294 populum
2865 1240 2928 1278 ex
2963 1235 3204 1292 tempore
3249 1240 3547 1277 sermonem
3596 1227 3703 1278 Ita-..

2128 1316 2340 1379 buisse,
2376 1316 2715 1384 prtesertim,
2763 1331 2886 1370 cun'.
2925 1315 3095 1369 solum
3142 1315 3241 1368 sibi
3287 1317 3692 1384 proposuissent

2127 1405 2336 1472 plebem
2368 1409 2434 1459 ad
2485 1406 2735 1460 virtutem
2779 1407 3204 1476 amplectendam
3253 1409 3551 1461 cobortari.
3585 1409 3690 1462 Sed
3721 1425 3724 1428 ·

2127 1505 2178 1546 et
2214 1494 2310 1548 bas
2340 1498 2482 1563 ipsas
2505 1494 2781 1548 orationes
2806 1494 2873 1547 ab
2897 1494 3043 1548 omni
3069 1494 3432 1562 corruptionis
3455 1493 3691 1562 periculo

2126 1585 2404 1639 vindicare
2435 1585 2649 1639 diflicile
2681 1602 2784 1639 non
2815 1594 2913 1639 est.
2947 1586 3096 1652 Quod
3130 1594 3189 1636 ut
3210 1585 3397 1638 melius
3427 1583 3690 1653 iulelliga»

2128 1685 2232 1740 tur,
2277 1692 2426 1741 rem,
2485 1686 2542 1729 ut
2587 1677 2784 1731 factam
2841 1692 2961 1732 esse
3025 1677 3374 1738 arbitramur,
3428 1676 3687 1730 dicemus.

2125 1767 2383 1830 Aderant,
2413 1782 2530 1820 cum
2558 1765 2746 1820 Patres
2777 1766 3254 1826 conciouarentttr,
3283 1765 3438 1832 periti
3471 1764 3686 1833 quidam

451 1879 684 1934 Basilius
705 1855 1002 1936 sententias
1021 1881 1230 1950 aliquas
1264 1881 1332 1934 ab
1361 1880 1593 1935 Eusebio
1614 1855 1887 1935 mutuatus
1914 1883 2014 1950 sit,
2049 1857 2090 1910 Β
2122 1859 2343 1950 υφιθτῖῖν
2380 1859 2470 1926 qui
2506 1858 2836 1950 loquentium
2870 1860 3034 1950 verba
3057 1857 3385 1950 exciperent.
3417 1855 3526 1910 Nec
3545 1855 3688 1910 enim

448 1987 586 2041 quas
626 1981 737 2024 toto
790 1972 998 2027 dicendi
1048 1987 1248 2041 genere
1296 1971 1580 2028 immutato
1620 1987 1748 2026 suas
1789 1972 2012 2035 fecerit;

447 2061 540 2115 sed
568 2063 677 2129 ipsa
711 2061 920 2116 Eusebii
945 2062 1130 2127 verba,
1161 2077 1334 2131 eaque
1354 2062 1540 2129 multa,
1560 2065 1628 2118 ab
1657 2063 1773 2131 ipso
1805 2074 2014 2132 sumpta

447 2167 570 2204 esse
599 2166 975 2222 pernegamus.
1009 2153 1126 2208 Uno
1151 2154 1337 2216 verbo,
1368 2154 1627 2222 quidquid
1660 2153 2014 2208 Eusebianum

449 2245 502 2295 in
537 2242 818 2298 Basilianis
865 2244 1153 2312 reperitur,
1192 2259 1353 2298 omne
1389 2245 1448 2298 id.
1481 2260 1510 2297 a
1543 2245 1780 2298 librariis
1813 2253 2016 2300 temere

447 2333 682 2386 additum
729 2333 892 2387 fuisse
917 2334 1266 2390 arbitramur.
1286 2333 1650 2401 lncommoda,
1680 2349 1801 2404 quae
1829 2351 1895 2390 ex
1917 2338 2018 2390 hac

446 2427 698 2494 opinione
724 2426 879 2495 sequi
908 2427 1180 2490 videntur,
1205 2427 1487 2497 praesentio
1511 2429 1760 2496 quidem;
1793 2429 1885 2483 sed
1909 2444 2015 2483 nou

447 2526 731 2586 propterea
759 2532 788 2570 a
821 2518 1088 2571 sententia
1133 2519 1434 2574 deterreor.
1472 2519 1585 2573 Non
1625 2520 1765 2573 enim
1795 2520 2018 2574 deerunt

448 2610 539 2675 qui
561 2617 982 2676 conquerantur,
1015 2608 1058 2662 si
1083 2609 1156 2662 ita
1188 2617 1291 2674 est,
1326 2610 1458 2663 nihil
1492 2609 1612 2673 tuti,
1649 2610 1779 2664 nihil
1806 2611 2016 2664 indubi-

450 2701 566 2765 tati,
599 2700 729 2753 nibil
759 2701 900 2754 firmi
927 2701 979 2754 itt
1005 2700 1224 2755 Patrum
1257 2703 1473 2771 scriptis
1495 2703 1724 2770 amplius
1753 2702 2011 2767 futurum,

445 2808 567 2846 enm
615 2807 830 2862 semper
860 2792 1083 2847 timendi
1127 2793 1231 2846 erit
1260 2793 1410 2847 locus
1439 2833 1454 2856 ,
1489 2807 1555 2846 ne
1586 2808 1646 2845 ea
1679 2803 1877 2847 temere
1903 2794 2014 2850 suis

447 2883 829 2938 additamentis
865 2884 1206 2954 corruperint
1254 2883 1483 2938 librarii.
1526 2882 1628 2937 Sed
1666 2885 1862 2938 malmn
1895 2894 2012 2938 tan-

447 2983 561 3028 tum
604 2990 707 3028 non
737 2989 866 3029 esse
889 2983 1018 3042 puto
1042 3013 1058 3038 ,
1090 2984 1348 3043 quantum
1396 2977 1569 3044 primo
1605 2976 1800 3029 intuitu
1845 2977 2012 3030 videri

450 3072 647 3133 potest.
680 3061 920 3117 Primum
949 3063 1091 3116 enim
1123 3062 1190 3132 ab
1228 3064 1480 3132 operibus
1511 3078 1628 3131 qua:
1654 3073 1720 3116 ει·
1737 3065 2012 3129 meditata,

447 3165 503 3208 et
526 3169 684 3208 manu
720 3154 887 3222 ipsius
917 3153 1154 3207 auctoris
1194 3153 1498 3222 conscripta
1533 3161 1676 3216 sunt,
1712 3155 2013 3223 corruptio—

447 3245 534 3298 nis
557 3243 790 3312 suspicio
814 3243 990 3297 omnis
1013 3252 1328 3296 amoveatur
1353 3257 1574 3296 necesse
1598 3251 1699 3296 est.
1728 3241 2011 3311 Postquam

446 3338 592 3390 enim
627 3337 813 3393 Patres
847 3338 1109 3406 ejusmodi
1143 3352 1306 3406 opera
1337 3346 1771 3406 composuerant,
1810 3347 1918 3391 tum
1949 3340 2014 3394 ab

447 3428 528 3480 eis
585 3427 934 3482 tradebantur
967 3445 1072 3481 non
1115 3427 1442 3497 quibuslibet
1488 3426 1756 3493 librariis,
1797 3428 1890 3482 sed
1915 3427 2012 3481 do-

449 3519 686 3575 mesticis
708 3562 720 3582 ,
757 3520 932 3588 iisque
963 3519 1344 3588 diligentibus,
1380 3517 1471 3586 qui
1498 3532 1559 3571 ea
1585 3530 1836 3572 accurate
1866 3527 2014 3572 tran-

449 3610 765 3664 scriberent.
798 3611 908 3666 Nec
935 3613 1080 3666 enim
1120 3610 1276 3665 aliter
1305 3609 1390 3664 edi
1421 3610 1472 3662 in
1501 3597 1674 3664 lucem
1718 3609 2016 3678 potuissent

449 3701 668 3756 Patrum
713 3705 910 3769 scripta
939 3745 954 3769 ,
994 3704 1095 3758 nisi
1130 3703 1226 3771 ipsi
1266 3701 1594 3770 exemplaria
1630 3689 1892 3756 nonnulla
1921 3717 2014 3757 ex-

448 3791 728 3846 scribenda
770 3803 1068 3849 curassent.
1129 3793 1360 3848 Librarii
1397 3801 1574 3845 autem
1629 3793 1726 3857 illi,
1782 3807 2010 3861 quorum

450 3895 644 3934 nmnus
684 3891 804 3936 erat
850 3883 1016 3937 libros
1060 3883 1396 3939 dominorum
1433 3897 1652 3936 suorum
1693 3883 2011 3949 describere,

451 3970 570 4023 sine
601 3969 762 4025 dubio
785 3987 998 4026 onmem
1033 3987 1251 4042 cperam
1278 3983 1330 4026 et
1359 3988 1544 4026 curam
1586 3973 1638 4026 in
1671 3988 1767 4027 suo
1795 3989 2014 4028 munere

455 4060 702 4115 obeundo
723 4063 1007 4131 ponebant.
1039 4062 1222 4133 quue
1252 4063 1440 4132 magis,
1474 4063 1615 4130 quod
1646 4062 1847 4118 heriles
1871 4062 2011 4118 oculi

458 4154 786 4223 negligentes
827 4169 920 4210 eos
955 4172 1076 4210 esse
1123 4171 1226 4210 nou
1274 4137 1534 4210 sinerent.
1571 4155 1752 4225 Neque
1791 4171 1916 4211 vero
1949 4159 2012 4211 ti-

456 4245 707 4298 mendum
731 4255 850 4326 erat
880 4261 945 4301 ne
973 4247 1174 4300 librarii
1199 4245 1324 4310 alii,
1360 4247 1449 4314 qui
1493 4246 1595 4300 sibi
1644 4247 1840 4301 victum
1865 4257 2011 4302 tran-

448 4336 749 4392 scribendis
774 4339 926 4392 libris
954 4338 1341 4407 quzeritabant,
1375 4337 1636 4406 ejusmodi
1664 4338 1861 4405 scripta
1894 4355 2009 4392 cor-

449 4437 784 4496 rumperent.
809 4427 941 4481 Nam
972 4444 1159 4483 eorum
1197 4428 1438 4482 fraudem
1463 4427 1768 4495 dolumque,
1795 4445 2008 4498 compa-

2119 1949 2280 2002 alium
2312 1950 2526 2001 modum
2570 1963 2678 2016 quo
2707 1947 2971 2014 ejusmodi
3007 1947 3278 2000 orationes
3306 1946 3372 1999 ad
3402 1953 3690 1999 nostrans-

2119 2039 2255 2093 n.itti
2299 2039 2609 2107 potuerint,
2639 2039 2812 2092 video.
2855 2038 2921 2092 Et
2960 2052 3089 2092 vero
3129 2037 3406 2105 probabile
3445 2052 3552 2089 non
3581 2045 3685 2100 est,

2121 2133 2304 2184 Patres
2339 2145 2402 2185 ea
2448 2146 2568 2199 qua:
2603 2144 2670 2184 ex
2725 2139 2969 2196 tempore
3013 2129 3458 2199 pronuntiarant,
3503 2136 3684 2196 postea

2118 2218 2334 2271 ilo-aunt
2391 2217 2668 2287 ingressos
2725 2218 3041 2286 scripsisse;
3076 2232 3198 2273 cum
3230 2232 3417 2272 eorum
3463 2233 3582 2286 quae
3611 2216 3689 2270 sic

2119 2308 2369 2377 imparati
2393 2309 2668 2374 dixerant,
2689 2323 2755 2364 ne
2780 2309 3092 2363 meminisse
3119 2308 3334 2378 quidem
3365 2307 3684 2376 potuissent.

2120 2401 2289 2471 Igitur
2315 2401 2556 2455 notarios
2587 2400 2654 2454 ad
2685 2401 2961 2454 orationes
2994 2415 3113 2468 qua:
3153 2415 3218 2454 ex
3252 2407 3490 2468 tempore
3518 2399 3686 2452 babe-

2118 2493 2311 2546 bantur
2339 2490 2726 2547 exscribendas
2755 2490 3028 2546 adhibitos
3061 2505 3182 2546 esse
3202 2531 3217 2556 ,
3251 2491 3341 2561 qui
3382 2505 3491 2545 rem
3521 2498 3689 2545 atten-

2122 2586 2227 2641 tius
2254 2585 2699 2648 consideraverit,
2732 2593 3050 2652 negaturum
3081 2593 3206 2654 puto
3237 2585 3528 2640 neminem.
3565 2582 3684 2638 lant

2117 2691 2242 2728 vero
2290 2676 2626 2728 notariorum
2670 2673 2884 2728 illorum
2921 2681 3069 2728 tanta
3099 2684 3217 2729 erat
3243 2672 3492 2728 celeritas
3531 2673 3686 2725 indu-

2117 2771 2384 2835 striaque,
2418 2776 2476 2820 ut
2506 2767 2799 2821 timendum
2835 2781 2939 2821 non
2973 2775 3136 2833 esset,
3165 2781 3232 2819 ne
3254 2766 3381 2834 quid
3404 2764 3685 2818 scribendo

2115 2859 2442 2912 omitterent.
2475 2857 2628 2922 Nam,
2667 2865 2724 2912 ut
2761 2857 2919 2912 docet
2946 2856 3206 2912 Martialis
3231 2857 3322 2912 lib.
3368 2871 3479 2920 xw,
3510 2856 3681 2923 epigr.

2115 2954 2242 3020 208,
2272 2955 2336 3008 de
2373 2953 2598 3007 notariis
2628 2953 2855 3021 loquens
2879 2992 2894 3016 ,

2256 3046 2485 3097 (.‘urraut
2517 3045 2667 3097 verba
2697 3043 2837 3108 licet,
2869 3059 3055 3097 manus
3087 3053 3163 3096 est
3189 3041 3409 3097 velocior
3434 3041 3579 3104 illis;

2328 3115 2579 3168 Nondum
2606 3114 2783 3184 lingua
2811 3131 2989 3179 suum,
3019 3114 3206 3166 dextra
3234 3113 3427 3180 peregit
3456 3127 3605 3181 Opus.

2125 3230 2196 3282 Ex
2231 3229 2425 3298 quibus
2455 3227 2684 3283 elﬁcitur
2712 3228 2795 3283 vel
2819 3227 3212 3297 extemporales
3245 3227 3362 3283 illas
3389 3225 3681 3287 orationes.

2119 3320 2162 3373 si
2192 3335 2387 3389 paucas
2418 3321 2676 3389 quasdam
2720 3323 2775 3373 in
2807 3320 3044 3374 Psalmos
3068 3320 3455 3389 exceperimus,
3488 3321 3681 3388 depra-

2126 3413 2330 3467 vationi
2364 3428 2468 3466 non
2498 3414 2569 3466 ita
2603 3413 2826 3466 multum
2855 3413 3115 3466 obnoxias
3155 3413 3341 3467 fuisse.
3373 3411 3481 3465 Cur
3505 3421 3682 3465 autem

2117 3501 2493 3555 enarrationes
2555 3501 2799 3572 quazdam
2859 3503 2913 3554 in
2960 3499 3204 3556 Psalmos
3261 3501 3470 3556 facilius
3521 3517 3682 3570 quam

2116 3593 2334 3661 reliqum
2381 3593 2668 3647 conciones
2718 3603 2981 3662 corruptae
3023 3595 3165 3657 sint,
3226 3607 3367 3647 nunc
3408 3593 3684 3647 declarare

2116 3700 2294 3754 operte
2344 3686 2576 3753 pretium
2640 3696 2744 3739 est.
2809 3684 2944 3739 Puto
2974 3685 3280 3755 hujusmodi
3337 3687 3390 3737 in
3444 3683 3681 3738 l’salmos

2118 3777 2394 3832 orationes
2419 3777 2642 3832 minoris
2659 3778 2903 3832 venditas
2927 3777 3108 3842 fuisse,
3136 3779 3206 3832 ob
3231 3777 3391 3846 idque
3413 3775 3682 3845 praecipue

2124 3869 2477 3938 negligentius
2528 3885 2558 3922 a
2596 3869 2830 3924 librariis
2858 3869 3177 3937 exscriptas.
3207 3867 3342 3921 Cum
3377 3865 3520 3921 enim
3564 3882 3681 3918 mea

2119 3964 2280 4016 nibus
2317 3962 2556 4018 oumium
2593 3970 2895 4016 tererentur
2927 3960 3188 4015 innumeri
3217 3960 3272 4014 in
3299 3958 3539 4014 Psalmos
3569 3957 3682 4012 sive

2122 4053 2526 4117 commentarii,
2569 4053 2682 4108 sive
2719 4067 2996 4108 sermones
3021 4091 3036 4117 ,
3082 4048 3274 4120 quibus
3309 4051 3494 4105 eadem
3543 4064 3683 4118 smpe

2115 4142 2386 4197 cantilena
2427 4142 2757 4209 cauebatur;
2797 4142 2922 4196 hinc
2952 4140 3154 4196 factum
3190 4149 3272 4196 est
3313 4148 3372 4194 ut
3412 4148 3686 4210 emptores

2117 4233 2208 4303 qui
2233 4233 2346 4305 jam
2375 4231 2684 4301 hujusntodi
2715 4233 2984 4288 mercibus
3012 4231 3374 4300 abundabant,
3401 4231 3466 4284 ad
3499 4246 3680 4285 emen-

2114 4326 2239 4378 dum
2278 4324 2452 4378 forent
2490 4323 2790 4393 segniores.
2819 4322 3088 4377 Przeterea
3127 4336 3248 4376 cum
3276 4321 3518 4386 librarii,
3547 4322 3636 4389 qui
3663 4361 3677 4385 ,

2114 4417 2158 4470 si
2214 4413 2343 4482 quid
2389 4413 2442 4466 in
2478 4413 2542 4468 iis
2578 4413 2910 4467 orationibus
2943 4413 3187 4478 deesset,
3221 4413 3271 4467 id
3315 4427 3373 4468 se
3420 4413 3680 4466 resarcire

451 4509 754 4572 ratis-inter
795 4534 855 4573 se
889 4520 1285 4588 exemplaribus
1309 4560 1322 4585 ,
1366 4529 1666 4588 promptum
1698 4527 1818 4572 erat
1860 4521 2005 4574 dete-
2041 4521 2083 4575 D
2117 4505 2261 4560 ""“0
2290 4505 2507 4572 ηεῧοῑίο
2543 4519 2700 4572 90550
2742 4505 3103 4568 COllﬁdebamo
3143 4520 3247 4558 “0"
3294 4505 3367 4558 ita
3399 4504 3681 4571 diligente"

450 4624 596 4677 gere.
635 4609 838 4675 Quibus
877 4611 1043 4665 semel
1082 4609 1346 4675 detectis,
1379 4625 1568 4673 nemo,
1603 4610 1817 4679 opinor,
1856 4611 2013 4666 homo

449 4702 781 4770 conscriptos
812 4703 880 4756 ab
903 4703 984 4757 eis
1023 4702 1186 4756 libros
1223 4703 1464 4756 emisset.
1499 4700 1763 4755 Prmterea
1791 4701 2014 4772 diligen-

453 4803 536 4845 ter
593 4793 946 4846 servabantur
997 4793 1109 4861 ipsa
1149 4792 1475 4860 autographa
1505 4831 1520 4857 ,
1568 4790 1884 4859 quibuscum
1922 4791 2014 4844 de-

453 4882 654 4949 scripta
691 4896 1014 4952 componere
1058 4893 1112 4936 et
1165 4881 1412 4936 conferre
1461 4881 1631 4935 cuivis
1666 4879 1882 4935 licebat.
1923 4878 2013 4934 Sic

456 4973 717 5041 quidquid
758 4983 846 5027 est
874 4973 1092 5040 majoris
1131 4973 1388 5026 momenti
1421 4971 1471 5024 in
1505 4971 1725 5025 Patrum
1765 4969 2010 5040 scriptis,

447 5065 706 5132 quidquid
739 5065 1020 5133 insignius,
1061 5065 1316 5134 quidquid
1342 5064 1542 5128 utilius,
1567 5064 1616 5117 id
1650 5065 1700 5116 in
1731 5072 1844 5117 tuto
1872 5077 2011 5126 esse,

450 5173 515 5206 ex
562 5156 626 5209 iis
654 5171 770 5223 qua:
808 5158 1064 5220 diximus,
1099 5166 1266 5225 patet.
1293 5155 1488 5222 Quales
1511 5164 1634 5214 sunt
1663 5162 1923 5209 tractatus
1949 5154 2013 5206 de

452 5247 575 5309 lide,
608 5247 672 5299 de
691 5248 969 5326 dogmatis
993 5289 1007 5311 ,
1049 5250 1115 5300 de
1157 5249 1319 5301 rebus
1365 5246 1792 5301 difﬁcilioribus:
1830 5247 2015 5315 quales

453 5336 594 5399 libri,
637 5339 726 5407 qui
751 5350 843 5392 aut
888 5341 952 5392 ad
995 5341 1310 5402 historiam,
1342 5349 1433 5392 aut
1468 5341 1531 5392 ad
1556 5340 1892 5407 disciplinam
1923 5355 2011 5393 ec-

452 5425 833 5490 clesiasticam,
868 5439 958 5479 aut
992 5429 1055 5480 ad
1089 5429 1511 5482 controversiam
1568 5429 1874 5496 pertinent;
1905 5429 2014 5496 epi-

454 5515 604 5569 stolae
642 5517 891 5585 denique.
938 5518 1053 5572 Non
1089 5518 1231 5572 cnim
1267 5519 1498 5571 dubitari
1525 5527 1699 5588 potest
1735 5519 1860 5586 quin
1903 5518 2015 5584 ejus

451 5611 664 5678 generis
693 5626 853 5679 opera
889 5613 1064 5664 omnia
1096 5627 1158 5666 ex
1181 5611 1310 5678 ipsis
1341 5611 1684 5681 autographis
1719 5626 1746 5662 a
1779 5610 2014 5664 librariis

451 5712 504 5752 et
529 5701 840 5755 domesticis
867 5702 922 5754 et
963 5702 1307 5770 diligentibus
1341 5703 1608 5766 exscripta
1651 5702 1794 5766 sint,
1832 5701 2014 5767 sicque

449 5790 515 5843 ad
570 5806 666 5844 nos
741 5807 912 5857 usque
963 5791 1185 5844 tidclitcr
1231 5792 1588 5859 pervenerint.
1649 5790 1764 5847 Uno
1810 5792 2011 5855 verbo,

2119 4613 2339 4652 munere
2377 4613 2475 4651 suo
2508 4597 2889 4666 fungebantur.
2933 4597 2996 4650 Et
3039 4612 3166 4653 vero
3208 4611 3328 4650 cum
3363 4609 3468 4664 pra:
3503 4596 3677 4648 maui-

2115 4691 2216 4743 bus
2247 4690 2512 4744 haberent
2543 4689 2737 4742 multos
2765 4690 2814 4741 in
2853 4687 3092 4741 Psalmos
3118 4685 3533 4741 connnentarios
3562 4701 3677 4739 ser-

2117 4795 2412 4848 monesque
2443 4820 2456 4842 ,
2494 4795 2557 4833 ex
2596 4780 2659 4833 iis
2701 4781 2751 4834 id
2795 4781 2936 4849 quod
2961 4782 3012 4833 in
3065 4780 3348 4833 scribendo
3382 4777 3678 4849 praetermi-

2116 4880 2324 4934 serant,
2385 4871 2540 4925 facile
2610 4871 2944 4939 supplebant.
2997 4871 3256 4936 Accedit,
3305 4871 3448 4937 quod
3494 4867 3680 4922 Patres

2118 4978 2500 5030 nonnunquam
2547 4962 2842 5017 familiares
2873 4962 2992 5016 illos
3021 4963 3072 5016 in
3120 4959 3361 5015 Psalmos
3402 4977 3677 5016 sermones

2119 5054 2375 5108 baberent
2406 5065 2497 5107 aut
2542 5055 2652 5108 ruri
2677 5097 2691 5120 ,
2719 5065 2811 5108 aut
2842 5055 2894 5108 in
2933 5056 3286 5108 conventibus
3333 5056 3508 5108 minus
3540 5055 3679 5109 cele-

2118 5147 2322 5208 bribus,
2353 5162 2460 5215 quo
2500 5149 2576 5202 ire
2615 5147 2816 5202 nollent
2841 5147 3042 5201 librarii
3080 5147 3479 5217 diligentiores,
3517 5163 3678 5215 cxpe-

2118 5239 2308 5292 rientia
2340 5239 2538 5302 edocti,
2575 5256 2678 5295 non
2716 5248 2920 5294 tantum
2958 5255 3015 5294 se
3054 5240 3182 5293 lttcri
3219 5257 3281 5293 ex
3324 5257 3420 5293 suo
3449 5240 3639 5293 itinere
3662 5282 3675 5305 ,

2118 5340 2376 5400 quantum
2415 5341 2797 5401 Speraverant,
2849 5332 3060 5385 fecisse.
3101 5332 3251 5387 Unde
3305 5331 3522 5386 necesse
3561 5343 3680 5385 erat

2118 5425 2390 5480 orationes
2422 5425 2539 5478 illas
2571 5424 3023 5495 indiligentiorum
3054 5441 3210 5478 manu
3237 5424 3500 5487 exscribi;
3528 5424 3676 5478 idco-

2121 5534 2224 5586 que
2266 5519 2461 5572 miruut
2509 5518 2675 5573 videri
2705 5534 2808 5571 non
2845 5519 3030 5582 debet,
3071 5519 3115 5573 si
3154 5519 3378 5572 maculis
3411 5517 3678 5588 aliquibus

2117 5622 2560 5680 conspergantur.
2611 5609 2915 5664 Notandum
2966 5620 3264 5679 praetcrea,
3325 5608 3508 5664 Patres
3571 5624 3678 5663 non

2119 5717 2328 5770 semper
2357 5717 2545 5756 omnes
2588 5702 2874 5770 cujuslibet
2917 5701 3106 5770 psalmi
3136 5699 3426 5755 versiculos
3459 5701 3559 5756 sibi
3596 5702 3679 5754 iu-

2123 5787 2494 5858 terprctaudos
2529 5793 2906 5858 prepositissc,
2944 5790 3037 5846 sed
3073 5789 3279 5856 aliquos
3319 5799 3410 5844 aut
3459 5790 3679 5846 omnino
