4094 6220
419 404 528 448 CCII

1792 376 2321 438 PBOLEGOMENA.

419 506 694 580 omisisse,
729 518 822 563 aut
845 510 1062 563 brevius
1091 507 1413 576 explanasse
1441 523 1453 558 :
1480 505 1623 573 quod
1662 515 1786 557 cum
1815 507 1990 565 anim:

2111 491 2264 560 εἶπεν,
2308 495 2392 546 ὅτι
2436 491 2502 544 Ἡ
2545 487 2797 558 γλῶσσά
2825 502 2943 555 μου
2981 481 3248 550 κάλαμος
3290 473 3668 547 γραμματέως

416 597 758 657 adverterent
785 599 1012 664 librarii,
1041 599 1144 653 rati
1181 597 1315 660 fore,
1341 605 1402 651 ut
1432 612 1566 666 suus
1597 595 1750 648 labor
1776 609 1842 647 ex
1870 598 1988 647 lon-

417 691 660 761 gitudine
697 692 963 747 orationis
1000 692 1391 754 aestimaretur;
1440 696 1534 740 aut
1578 685 1724 754 quod
1767 683 1983 763 deerat,

428 789 701 860 supplere.
726 795 819 840 aut
847 785 991 854 quod
1041 782 1257 854 brevius
1309 779 1630 847 explicatum
1676 775 1890 852 fuerat,
1926 788 1993 827 ex

430 885 658 953 aliorum
687 883 1038 948 interpretum
1067 877 1284 946 scriptis
1307 889 1503 945 augere
1528 887 1632 925 non
1659 868 1992 936 dubitarunt.

499 974 592 1030 56.
626 974 812 1028 Exstat
840 974 982 1026 inter
1018 970 1200 1045 Basilii
1246 981 1411 1036 opera
1446 964 1720 1019 enarratio
1748 961 1991 1030 quaedam

429 1071 485 1120 in
516 1064 795 1136 psalmum
829 1065 1150 1118 tricesimum
1175 1061 1470 1124 septimum,
1499 1071 1660 1133 quam
1698 1055 1748 1106 in
1774 1052 1993 1106 dubium

429 1157 501 1216 ab
523 1157 752 1212 eruditis
776 1154 1019 1211 revocari
1054 1153 1358 1228 monuimus
1401 1165 1550 1202 num.
1575 1146 1664 1199 52.
1697 1145 1738 1198 Τ
1746 1144 1994 1197 illemon-

433 1251 538 1307 tius
571 1252 642 1305 ita
672 1252 738 1305 de
761 1264 822 1304 ea
849 1249 1058 1317 dubitat
1084 1257 1138 1298 ut
1163 1245 1229 1298 ad
1256 1257 1374 1298 eam
1406 1238 1794 1294 defendendam
1825 1233 1997 1303 magis

431 1340 771 1418 propendere
807 1339 1074 1394 videatur.
1122 1334 1226 1388 Sed
1277 1349 1394 1388 eam
1421 1330 1658 1402 spuriam
1687 1341 1809 1382 esse
1838 1335 1998 1392 atque

432 1429 788 1484 adullerinam
816 1437 1046 1482 constat.
1075 1426 1140 1479 Et
1168 1433 1314 1480 certe
1358 1421 1602 1491 repetitio
1628 1431 1818 1472 vocum
1860 1430 1997 1486 qua—

441 1523 686 1590 rumdam
716 1535 837 1592 quae
861 1520 1000 1588 apud
1035 1516 1294 1571 Basiliam
1321 1523 1415 1568 aut
1446 1511 1715 1566 inusitata:
1735 1517 1878 1572 sunt,
1906 1515 1999 1560 aut

434 1607 689 1673 insolitze,
733 1607 820 1663 vel
877 1607 989 1661 sola
1038 1603 1282 1683 opusculi
1336 1601 1494 1668 hujus
1547 1600 1836 1655 falsitatem
1894 1611 1998 1650 non

431 1697 665 1752 obscure
694 1699 917 1752 indicat.
955 1695 1080 1763 Ejus
1116 1695 1329 1764 generis
1356 1702 1480 1747 sunt
1514 1706 1698 1756 voces,
1741 1688 1997 1758 ἔφασκεν,

434 1790 586 1878 γοῦν,
621 1788 964 1863 σνναρπαγή.
999 1785 1110 1840 imo
1145 1793 1270 1838 sunt
1311 1793 1366 1838 et
1414 1782 1515 1835 alia
1560 1780 1821 1836 vocabula
1865 1779 1937 1833 ita
1970 1795 1999 1833 a

2099 584 2460 654 ὀξυγράφου.
2501 577 2726 648 Ὡραῖος
2760 577 2970 630 κάλλει
2997 571 3155 640 παρὰ
3193 569 3338 634 τοὺς,
3353 566 3524 634 υἱοὺς
3551 565 3671 620 τῶν

2098 673 2441 744 ἀνθρώπων.
2494 673 2570 724 Οὐ
2600 669 2708 740 γὰρ
2759 670 2825 721 ὲκ
2857 667 2956 736 τῆς
3005 665 3142 734 πρὸς
3182 661 3305 724 τοὺς
3351 656 3670 728 ἀνθρώπους

2103 767 2441 838 συγκρίσεως
2468 764 2568 836 τὴν
2604 760 2876 834 ὑπεροχὴν
2923 756 3016 810 τοῦ
3067 753 3295 815 κάλλους
3339 751 3514 821 Ἔχει.
3559 749 3671 802 Καὶ

2101 860 2306 934 προῖὼν
2332 859 2389 913 δέ
2415 875 2580 929 φησι·
2602 856 2703 909 Διὰ
2716 855 2888 908 τοῦτο
2910 849 3115 920 ἐχρισέ
3132 863 3205 902 σε
3221 849 3252 899 ὀ
3277 843 3441 908 Θεὸς,
3464 845 3497 896 ὀ
3526 841 3671 906 Θεός

2103 971 2219 1010 σου
2251 953 2461 1007 ἔλαιον
2491 947 2925 1017 ἀγαλλιάσεως.
2961 943 3036 996 Οὐ
3057 941 3165 1011 γὰρ
3181 937 3358 992 εἶπεν·
3389 936 3580 1008 ἕχρισά
3608 949 3670 987 σε

2102 1044 2212 1113 ἐγὼ
2237 1047 2265 1098 ὁ
2292 1044 2443 1108 Θεὸς,
2469 1041 2603 1106 ἀλλ’,
2635 1035 2881 1108 Ἐκρισέ
2907 1050 2978 1090 σε
3002 1051 3017 1066 ο
3040 1032 3180 1088 ὥστε
3217 1033 3282 1084 ἐκ
3310 1029 3499 1082 τούτου
3527 1040 3671 1096 παρα

2104 1135 2355 1189 ίστασθαι
2385 1134 2570 1205 ἓτερον
2613 1127 2753 1184 εἶναι
2807 1129 2868 1182 τὸ
2916 1125 3296 1196 διαλεγόμενον
3356 1121 3668 1192 πρόσωπον.

2105 1229 2263 1281 Ποῖον
2293 1222 2384 1279 οὖν
2419 1225 2534 1276 ἐστι
2567 1221 2744 1287 τοῦτο,
2774 1220 2806 1290 ἢ
2854 1219 2882 1270 ὁ
2908 1217 3192 1288 προφήτης
3231 1213 3542 1283 ὁχωρήσας
3571 1208 3670 1279 τὴν

2102 1318 2196 1373 τοῦ
2251 1319 2406 1387 ἁγίου
2460 1313 2776 1384 Πνεύματος
2825 1313 2903 1373 εἰς
2957 1307 3117 1361 αὐτὸν
3173 1303 3471 1375 γενομένην
3522 1300 3672 1372 ἐνέρ-

2107 1430 2263 1484 γειαν
2287 1428 2302 1476 ;
2329 1410 2442 1464 Hoc
2469 1419 2554 1463 est
2578 1427 2590 1462 :
2621 1426 2639 1458 ι
2677 1405 2902 1472 Quidam
2931 1401 3178 1457 arbitrati
3199 1408 3324 1453 sunt
3347 1412 3412 1451 ex
3439 1408 3668 1464 persona

2106 1483 2284 1558 Patris
2313 1499 2579 1571 psalmum
2609 1496 2724 1551 sive
2741 1495 3008 1550 canticum
3028 1489 3364 1560 pronuntiari
3382 1489 3448 1541 de
3467 1483 3668 1550 Verbo,

2111 1595 2254 1667 quod
2280 1594 2335 1647 in
2370 1589 2634 1660 principio
2659 1596 2776 1643 erat
2804 1586 2946 1655 apud
2982 1583 3148 1638 Deum
3166 1581 3235 1647 ",
3263 1579 3514 1650 quodque
3558 1578 3674 1647 ipse

2107 1702 2204 1764 ceu
2236 1701 2302 1740 ex
2329 1684 2514 1747 corde,
2543 1682 2656 1736 sive
2684 1694 2751 1735 ex
2798 1678 2928 1747 ipsis
2970 1675 3269 1730 visceribus
3299 1671 3588 1743 produxit:
3619 1680 3674 1724 et

2112 1763 2179 1833 es
2202 1778 2342 1832 bono
2373 1774 2538 1829 corde
2577 1774 2776 1826 bonum
2805 1771 3030 1824 verbum
3061 1765 3283 1836 prodiit.
3343 1763 3470 1816 Mihi
3512 1775 3675 1830 porro

433 1853 616 1936 Basilii
642 1853 800 1950 genio
831 1853 1202 1940 abhorrentia,
1239 1885 1296 1930 ut
1328 1885 1587 1944 praestare
1615 1874 1787 1928 ausim
1810 1873 1855 1927 si
1892 1888 1998 1927 non
2032 1864 2074 1917 Β
2105 1873 2222 1926 haec
2252 1869 2317 1922 ad
2340 1864 2710 1936 propheticam
2743 1874 3029 1932 personam
3074 1855 3357 1911 referenda
3377 1853 3627 1907 videntur
3655 1868 3670 1905 :

438 1972 645 2036 omnia,
687 1980 835 2035 certe
871 1982 1056 2023 eorum
1084 1967 1263 2043 aliqua
1290 1967 1341 2020 in
1374 1965 1517 2028 illius
1547 1965 1698 2036 libris
1735 1977 2002 2032 nusquam

436 2064 684 2136 reperiri.
729 2061 916 2129 Qualia
946 2069 1088 2126 sunt,
1119 2056 1447 2129 συγκατιὼν,
1477 2055 1764 2132 ἀντιϐολεῖ,
1795 2058 1823 2108 ὁ
1865 2055 2006 2127 ἱερὸς

435 2154 752 2231 ᾁπόστολος,
781 2153 880 2225 τῆς
909 2151 1088 2231 ψυχῆς
1113 2148 1483 2218 αἰσθητήριον,
1530 2145 2001 2219 ἀναπεμπάζεται.

437 2227 542 2299 Sed
574 2245 702 2312 quid
733 2236 884 2312 plura
910 2241 933 2293 ?
961 2227 1089 2294 llrec
1128 2240 1192 2292 de
1239 2253 1342 2308 qua
1361 2230 1584 2307 agimus
1607 2236 1878 2290 enarratio
1901 2235 2007 2288 Eu-

437 2335 575 2390 sebii
603 2331 951 2408 Caesariensis
1001 2329 1143 2383 fetus
1191 2339 1296 2394 est,
1329 2344 1435 2382 nou
1491 2327 1696 2382 Basilii.
1734 2325 1867 2380 Nam
1900 2341 2006 2394 quo

440 2427 594 2496 plura
637 2424 988 2492 reperiuntur
1008 2421 1069 2476 in
1102 2420 1476 2475 lucubratione
1524 2433 1586 2473 ea
1613 2433 1731 2488 quae
1759 2417 1896 2471 male
1926 2417 2008 2470 in-

441 2503 523 2587 ter
568 2517 755 2572 Basilii
806 2530 969 2585 opera
1022 2514 1280 2568 collocata
1312 2523 1392 2567 est
1421 2552 1436 2578 ,
1483 2527 1643 2581 quam
1684 2511 1738 2564 in
1777 2510 2007 2580 vulgatis

441 2604 663 2682 Eusebii
695 2591 1140 2676 commentariis,
1194 2615 1260 2654 ex
1302 2615 1367 2655 eo
1417 2616 1522 2654 non
1569 2598 1799 2654 efﬁcitur
1841 2608 2006 2653 totam

438 2714 559 2752 eam
587 2696 821 2752 Eusebio
852 2693 1020 2771 tribui
1057 2709 1162 2748 non
1193 2703 1441 2761 oportere
1471 2707 1484 2744 :
1516 2693 1608 2746 sed
1644 2693 1889 2760 sequitur
1921 2707 2011 2747 so-

439 2789 548 2863 lum
581 2789 758 2867 aliqua
788 2788 840 2841 in
865 2785 1081 2840 Eusebii
1113 2784 1521 2839 commentariis
1551 2784 1755 2838 omissa
1816 2782 2006 2838 fuisse.

441 2883 515 2936 Ita
567 2865 746 2936 autem
801 2896 923 2935 csse
979 2880 1161 2934 multis
1218 2881 1555 2948 argumentis
1608 2880 1828 2950 probari
1885 2895 2005 2950 cum

440 2975 633 3044 possit,
686 2973 790 3029 duo
825 2973 998 3049 solum
1053 2972 1410 3039 proferemus.
1457 2971 1701 3025 Primum
1731 2981 1832 3036 est,
1866 2949 2007 3040 quod

445 3069 586 3129 hanc
631 3053 1060 3132 lucubrationem
1094 3077 1212 3131 qua:
1240 3063 1293 3115 in
1333 3060 1518 3116 Basilii
1559 3063 1886 3126 editionibus
1935 3062 2010 3117 le-

439 3156 608 3237 gitur,
640 3155 708 3208 ah
747 3155 935 3207 eadem
975 3152 1137 3223 plane
1173 3167 1337 3205 manu
1366 3151 1665 3222 profectam
1698 3168 1818 3209 esse
1842 3162 2006 3207 totam

439 3247 668 3316 quilibet
693 3244 854 3314 paulo
892 3243 1140 3326 sagacior
1167 3241 1326 3319 facile
1359 3244 1645 3313 intelligat,
1694 3259 1817 3298 cum
1862 3245 2002 3299 idem

447 3338 638 3407 stylus,
672 3326 813 3394 idem
838 3339 1132 3410 ingenium,
1165 3343 1351 3397 eadem
1382 3343 1725 3398 citandorum
1752 3344 2012 3412 interpre-

443 3436 556 3482 tum
605 3431 744 3504 ratio
791 3430 844 3484 in
879 3438 991 3509 toto
1019 3448 1270 3498 sermone
1301 3417 1659 3504 perspiCiatur
1694 3452 1708 3487 ε
1749 3435 2007 3499 alterum,

439 3518 584 3606 quod
613 3519 821 3599 aliquot
851 3523 1243 3579 versiculorum
1275 3509 1773 3594 interpretationem
1808 3526 1862 3580 in
1893 3527 2012 3579 vul-

438 3610 577 3679 gatis
603 3610 818 3690 Eusebii
849 3615 1003 3672 libris
1033 3616 1222 3673 deesse
1252 3627 1477 3674 constet.
1509 3617 1648 3673 Puto
1683 3619 1847 3688 igitur
1877 3633 2011 3672 cau-

437 3716 554 3756 sam
583 3717 681 3757 cur
707 3705 900 3772 psalmi
937 3707 1198 3762 tricesimi
1226 3709 1439 3776 septimi
1461 3709 1772 3777 explanatio
1797 3708 2010 3763 brevior

440 3794 514 3849 sit
541 3795 683 3866 apud
715 3795 1008 3876 Eusebium
1037 3814 1200 3868 quam
1227 3801 1367 3870 apud
1395 3799 1676 3865 Basilium,
1711 3801 1873 3856 aliam
1901 3817 2008 3855 non

438 3908 576 3954 esse,
613 3893 724 3946 nisi
750 3893 906 3962 quod
938 3893 1142 3947 librarii
1177 3902 1275 3948 aut
1309 3899 1452 3950 nacti
1475 3896 1588 3952 sint
1615 3897 1865 3955 codiCem
1895 3912 2020 3958 mu-

437 3979 613 4043 tilum,
650 3987 745 4033 aut
765 3981 1111 4049 popercerint
1142 3982 1336 4036 labori.

513 4061 604 4138 3'1.
637 4059 890 4127 Quaedam
923 4055 1106 4114 Basilii
1138 4076 1192 4113 ιη
1219 4057 1460 4114 ΡεαἸηιοε
1481 4063 1772 4129 orationes,
1805 4066 1858 4119 in
1887 4066 2009 4135 qui-

444 4151 546 4205 bus
576 4149 874 4220 fragmenta
900 4150 1116 4233 Eusebii
1149 4149 1217 4202 ad
1245 4148 1472 4223 verbum,
1492 4153 1816 4224 transcripta
1850 4169 2008 4222 repe-

443 4243 737 4305 riebamus,
758 4257 864 4295 non
888 4256 1076 4311 parum
1102 4241 1282 4319 nobis,
1314 4251 1372 4296 ut
1409 4257 1506 4298 suo
1533 4243 1652 4299 loco
1684 4247 2008 4314 notavimus,

441 4332 740 4390 exhibuere
767 4322 989 4412 negotii.
1016 4331 1082 4385 Et
1113 4331 1228 4385 haec
1261 4319 1474 4400 quoque
1513 4334 1570 4387 in
1600 4335 1858 4400 psalmum
1881 4353 2012 4405 qua-

442 4424 796 4502 dragesimum
851 4433 1098 4493 quartum
1148 4424 1444 4489 enarratio,
1493 4429 1633 4495 quod
1661 4427 1786 4482 huic
1835 4429 2008 4482 eidem

441 4515 787 4570 incommodo
819 4513 1056 4568 obnoxia
1087 4515 1177 4581 sit,
1204 4531 1310 4571 non
1333 4517 1510 4571 minus
1531 4513 1641 4572 'nos
1667 4518 1804 4574 male
1826 4519 1986 4575 habet

441 4620 604 4674 quam
663 4606 893 4675 priores.
940 4605 1117 4660 Verba
1163 4606 1380 4681 Eusebii
1415 4608 1752 4681 subjicimus,
1795 4619 1854 4664 ut
1887 4625 2008 4666 cum

379 4706 381 4708 ’
438 4689 747 4761 Basilianis,
777 4713 895 4768 qua:
924 4715 1022 4754 suo
1051 4679 1252 4753 ordine
1266 4699 1576 4754 excindenda
1606 4679 1762 4765 sunt,
1807 4683 2013 4770 possint

440 4789 704 4862 conferri.
735 4788 860 4870 Haec
917 4790 1084 4859 igitur
1111 4790 1362 4859 leguntur
1395 4791 1534 4858 apud
1583 4787 1874 4855 Eusebium
1903 4807 2010 4845 non

439 4881 599 4951 longe
637 4883 704 4938 ab
731 4883 886 4937 initio
923 4903 934 4937 :
977 4883 1135 4953 Τινὲς
1172 4881 1431 4952 ᾠήθησαν
1477 4882 1553 4946 ὡς
1601 4885 1667 4936 ὲκ
1716 4883 2009 4955 προσώπου

439 4973 533 5027 τοῦ
559 4975 773 5046 Πατρδς
802 4963 1059 5043 λέγεσθαι
1079 4977 1170 5029 τὸν
1203 4971 1415 5045 ψαλμὸν
1445 4975 1564 5046 ἤτοι
1589 4977 1689 5047 τὴν
1717 4963 1860 5048 ᾠδὴν
1885 4956 2013 5047 περὶ

437 5065 532 5120 τοῦ
565 5067 636 5120 ἐν
665 5067 825 5135 ἀρχῇ
851 5062 1026 5134 dictat;
1069 5069 1219 5137 πρὸς
1268 5062 1452 5122 αὐτὸν
1488 5070 1702 5137 Λόγου,
1731 5069 1790 5122 ὃν
1818 5071 1882 5123 ἐκ
1913 5071 2013 5139 τῆς

437 5160 600 5213 οἱονεὶ
623 5159 848 5230 καρδίας
876 5160 908 5230 ἧ
935 5161 1112 5212 αὐτῶν
1145 5162 1250 5215 τῶν
1288 5162 1631 5231 σπλάγχνων,
1679 5163 1832 5232 φησὶ,
1887 5179 2018 5232 προ-

441 5255 673 5322 ήγαγεν,
700 5252 795 5306 καὶ
819 5252 928 5305 ἀπὸ
949 5253 1160 5322 ἀγαθῆς
1177 5253 1405 5323 καρδίας
1425 5248 1624 5320 ἀγαθὸς
1644 5252 1798 5320 λόγος
1820 5251 2017 5322 προῆλ-

438 5343 552 5397 θεν.
591 5343 744 5414 Ἐμοὶ
767 5343 824 5396 δὲ
853 5342 1000 5396 δοκεῖ
1014 5337 1192 5396 ταῦτα
1220 5343 1312 5395 ἐπὶ
1341 5342 1401 5394 τὸ
1445 5341 1777 5413 προφητικὸν
1814 5341 2016 5408 ἀναφέ-

443 5432 629 5502 ρεσθαι
661 5434 972 5503 πρόσωπον.
1008 5434 1089 5486 Τὰ
1114 5435 1223 5504 γὰρ
1267 5433 1465 5504 ἐφεξῆς
1490 5432 1583 5486 τοῦ
1615 5432 1779 5504 ῥητοῦ
1831 5433 2013 5486 οὐκέτι

437 5510 639 5592 ὁμοίως
671 5525 977 5594 ὲξομαλίζει
1008 5527 1136 5595 ἡμῖν
1165 5525 1262 5594 τὴν
1291 5524 1419 5594 περὶ
1450 5524 1544 5577 τοῦ
1579 5525 1790 5595 Πατρὸς
1818 5525 2016 5597 eam.

442 5634 548 5696 ριν.
573 5613 711 5670 Οὔτε
740 5614 848 5684 γὰρ
877 5614 942 5668 ἂν
965 5616 1090 5686 περὶ
1127 5615 1224 5684 τῆς
1271 5614 1463 5668 ἑαυτοῦ
1495 5613 1744 5686 γλώσσης
1778 5617 1806 5668 ὁ
1827 5615 2016 5687 Πατὴρ

458 5807 460 5810 ’
510 5800 730 5877 tigoan.
768 5818 810 5881 ι,
842 5805 891 5857 ι.

969 5801 1012 5874 ss
1045 5800 1188 5863 p53],
1223 5817 1363 5866 κων,
1402 5800 1458 5868 ‘2,
1493 5803 1543 5854 5.
1623 5804 1664 5832 ⁸⁷
1694 5802 1822 5857 ibid.
1854 5801 1915 5871 8.,

1994 4559 2009 4585 ³
2043 4558 2088 4613 D

2105 1975 2224 2030 quae
2273 1959 2419 2013 enim
2469 1964 2588 2026 post
2638 1955 2842 2008 dictum
2899 1949 3202 2018 hujusmodi
3250 1947 3671 2015 subsequuntur,

2106 2069 2210 2107 non
2242 2050 2316 2105 ita
2346 2048 2563 2117 planam
2609 2047 2867 2101 exhibent
2913 2042 3070 2098 nobis
3105 2042 3170 2096 de
3208 2041 3368 2095 Patre
3403 2038 3673 2092 narratio-

2107 2158 2253 2198 nem.
2308 2137 2494 2209 Neque
2541 2138 2686 2192 enim
2730 2137 2797 2192 de
2842 2134 3024 2204 lingua
3072 2149 3168 2188 sua
3221 2131 3382 2187 Pater
3426 2131 3671 2185 dixerit:

2109 2237 2312 2306 Lingua
2343 2251 2460 2288 mea
2491 2233 2726 2287 calamus
2756 2229 2942 2284 scribta
2969 2229 3214 2282 velociter
3235 2225 3524 2280 scribentis.
3545 2223 3676 2292 Spe-

2107 2330 2281 2384 ciosus
2313 2327 2485 2397 [arma
2534 2341 2642 2393 pra:
2685 2323 2813 2390 ﬁliis
2844 2318 3203 2375 hominum“.
3249 2317 3526 2388 Siquidem
3554 2315 3672 2385 pul-

2108 2421 2432 2478 chritudinis
2457 2416 2826 2488 prtestantiam
2866 2429 2933 2468 ex
2966 2412 3367 2481 comparatione
3398 2424 3522 2465 cum
3573 2409 3673 2463 ho-

2114 2508 2351 2562 minibus
2384 2522 2490 2560 non
2551 2513 2849 2558 mutuatur.
2892 2501 2947 2555 In
3002 2501 3352 2570 sequentibus
3398 2514 3527 2553 vero
3578 2499 3673 2562 ait,

2109 2598 2397 2668 Propterea
2445 2597 2596 2649 unxit
2629 2606 2678 2647 te
2710 2594 2870 2657 Deus,
2919 2591 3199 2658 Deusutuus
3224 2590 3334 2643 oleo
3361 2589 3560 2643 lwtitim
3587 2587 3672 2654 ιτς

2110 2705 2285 2758 neque
2317 2689 2460 2742 enim
2490 2687 2588 2750 ait,
2637 2684 2773 2740 Unxi
2807 2695 2859 2738 te
2897 2697 2995 2753 ego
3019 2682 3178 2746 Deus,
3217 2682 3332 2744 sed,
3378 2678 3544 2734 Unxit
3588 2687 3634 2732 te
3657 2693 3678 2730 :

2112 2786 2184 2838 ita
2248 2793 2307 2836 ut
2354 2782 2478 2836 hinc
2513 2779 2773 2848 liquidum
2813 2779 2884 2831 sit
2911 2777 3070 2829 aliam
3109 2789 3395 2843 personam
3423 2787 3540 2826 esse
3563 2786 3679 2840 quae

2110 2875 2372 2942 loquitur.
2414 2872 2678 2938 Qumnam
2733 2869 2897 2938 igitur
2945 2867 3058 2928 illa,
3111 2865 3213 2919 nisi
3270 2865 3549 2932 propheta,
3588 2863 3677 2929 qui

2113 2965 2354 3034 illapsam
2384 2963 2616 3032 Spiritus
2636 2961 2811 3017 sancti
2838 2960 2940 3012 vim
2968 2959 3022 3012 in
3057 2973 3117 3012 se
3145 2957 3390 3023 recepit?
3425 2973 3445 3006 ι
3492 2953 3677 3009 Basilii

2112 3043 2169 3108 in
2204 3057 2342 3108 hunc
2365 3053 2624 3122 psalmum
2653 3053 2951 3105 orationem
2996 3048 3041 3102 si
3073 3050 3192 3116 quis
3225 3047 3401 3113 legere
3432 3045 3669 3114 voluerit,

2119 3146 2172 3200 in
2207 3160 2268 3200 ea
2331 3145 2434 3198 hoc
2487 3143 2700 3198 Eusebii
2753 3143 3116 3210 fragmentum
3183 3139 3406 3210 syllabis
3458 3139 3680 3192 totidem

2115 3235 2370 3306 reperiet.
2396 3234 2517 3288 Dixi
2549 3232 2765 3302 saepius,
2795 3246 2894 3287 nec
2923 3232 3104 3286 dicere
3129 3231 3394 3296 desinam,
3427 3244 3514 3284 me
3547 3231 3680 3284 mihi

2114 3329 2446 3400 persuadere
2474 3343 2580 3382 non
2610 3341 2770 3396 posse
2794 3325 3064 3380 hominem
3093 3325 3508 3380 disertissimum
3540 3338 3685 3377 eum-

2115 3426 2347 3494 demque
2395 3421 2823 3492 copiosissimum
2881 3419 3141 3474 Basilium
3207 3418 3426 3489 graeculi
3484 3418 3680 3472 malam

2115 3523 2286 3568 artem
2310 3513 2574 3566 imitatum
2604 3525 2747 3565 esse.
2785 3510 2923 3576 Quid
2964 3511 3106 3563 enim
3137 3509 3402 3563 attinebat
3429 3508 3680 3563 Basilium

2116 3607 2340 3662 induere
2355 3621 2412 3660 se
2432 3604 2620 3674 pennis
2647 3603 2855 3668 alienis,
2877 3602 2968 3672 qui
2994 3604 3106 3656 suis
3128 3601 3297 3671 magis
3315 3616 3473 3669 quam
3497 3601 3681 3655 ascitis

2115 3695 2472 3752 decorabatur
2487 3695 2510 3748 ?
2525 3694 2771 3748 Potuisse
2788 3692 3041 3747 Basiliam
3062 3693 3128 3746 ab
3144 3690 3370 3745 Eusebio
3387 3690 3682 3744 sententias

2115 3787 2374 3857 quasdam
2430 3785 2702 3849 mutuari,
2759 3799 2892 3854 quas
2930 3783 3165 3852 politiori
3217 3782 3431 3837 dicendi
3486 3797 3683 3852 genere

2115 3893 2241 3933 suas
2265 3877 2500 3941 fecisset,
2531 3890 2638 3930 non
2673 3875 2827 3940 ierim
2860 3875 3097 3930 inficias:
3118 3875 3212 3929 sed
3242 3888 3366 3927 eum
3393 3873 3460 3948 ab
3491 3873 3679 3928 eodem

2116 3967 2329 4040 longam
2362 3968 2652 4023 verborum
2688 3968 2883 4022 seriem
2915 3967 3228 4036 sumpsisse,
3265 3975 3323 4020 ut
3355 3966 3570 4021 credam
3593 3965 3681 4018 vix

2117 4061 2378 4125 adducar;
2405 4058 2702 4129 praesertim
2721 4072 2843 4113 cum
2864 4057 2984 4112 sine
2998 4057 3165 4111 multo
3185 4057 3367 4112 labore
3385 4055 3682 4126 elegantio-

2117 4167 2176 4206 ra
2215 4151 2464 4205 dixisset.
2522 4147 2797 4203 Librarios
2827 4148 2992 4219 igitur
3013 4163 3076 4202 ea
3109 4149 3160 4202 in
3194 4163 3251 4202 re
3269 4147 3404 4201 male
3419 4146 3682 4202 olliciosos

2117 4242 2231 4296 haec
2252 4240 2534 4294 Basilianis
2561 4241 2883 4294 annexuisse
2911 4239 3166 4294 arbitror.
3182 4238 3354 4310 Legas
3387 4239 3546 4294 velim
3577 4255 3680 4293 nu-

2119 4349 2324 4388 merum
2352 4331 2441 4396 35,
2463 4332 2514 4386 in
2536 4347 2644 4402 quo
2667 4346 2785 4386 eam
2812 4325 2863 4384 in
2895 4331 3217 4386 sententiam
3243 4331 3405 4385 multa
3426 4346 3524 4401 pro
3541 4331 3681 4397 virili

2117 4423 2529 4493 disputavimus.

2190 4513 2280 4567 58.
2305 4511 2579 4567 Orationis
2611 4511 2728 4581 ejus
2758 4525 2863 4579 qua
2899 4497 3138 4580 psalmus
3186 4511 3514 4568 centesimus
3539 4512 3685 4568 deci-

2119 4621 2240 4660 mus
2277 4613 2504 4676 quartus
2539 4605 2591 4658 in
2646 4603 2934 4671 Basilianis
2967 4603 3293 4658 editionibus
3339 4585 3682 4674 esplanatur,

2118 4697 2470 4767 reperiuntur
2517 4695 2732 4765 quidem
2790 4695 3086 4764 fragmenta
3122 4697 3174 4749 in
3217 4695 3545 4750 Corderiana
3595 4710 3685 4750 ca-

2113 4799 2260 4855 tena,
2288 4790 2383 4844 sed
2409 4789 2624 4842 nomine
2643 4787 2998 4850 diversorum,
3026 4802 3131 4842 non
3165 4786 3370 4841 Basilii.
3395 4786 3512 4838 Alia
3538 4786 3681 4840 enim

2117 4881 2435 4934 tribuuntur
2493 4881 2740 4951 Didymo,
2794 4879 2897 4933 alia
2955 4879 3363 4948 Chrysostomo,
3399 4875 3684 4931 Theodoro

2118 4969 2243 5034 alia,
2280 4969 2384 5023 alia
2407 4971 2707 5041 Anonymo.
2741 4969 2846 5024 Sed
2882 4969 3029 5022 locus
3061 4967 3271 5036 illequi
3305 4981 3367 5020 ea
3398 4967 3451 5020 in
3490 4975 3682 5020 catena

2117 5059 2330 5115 cuidam
2356 5061 2508 5114 alteri
2540 5062 2818 5124 tribuitur,
2848 5075 2953 5114 non
2973 5060 3023 5112 in
3058 5074 3165 5113 uno
3187 5059 3406 5122 Basilio,
3430 5059 3524 5113 sed
3553 5067 3606 5111 et
3628 5060 3680 5111 in

2117 5152 2347 5207 Eusebio
2377 5153 2908 5222 quoquereperitur.
2939 5151 3052 5207 Utri
3089 5160 3266 5205 autem
3298 5149 3681 5222 adjudicandus

2117 5245 2210 5308 sit,
2271 5260 2336 5298 ex
2366 5244 2509 5316 ston
2543 5243 2698 5300 facile
2729 5245 2977 5315 cognosci
3027 5251 3222 5312 potest.
3254 5242 3387 5296 Nam
3419 5243 3689 5310 fragmen-

2125 5347 2239 5390 tum
2275 5335 2405 5390 illud
2437 5337 2726 5390 diotionem
2756 5336 3112 5390 Eusebianam
3163 5349 3331 5402 usque
3365 5336 3499 5388 adeo
3532 5332 3684 5386 redo-

2118 5426 2211 5494 let,
2254 5438 2336 5492 ut,
2386 5428 2476 5497 qui
2521 5413 2839 5498 decipiatur,
2890 5439 3072 5497 putem
3098 5427 3214 5482 fore
3244 5428 3534 5482 neminem.
3569 5426 3682 5491 Qua

2120 5522 2184 5576 de
2214 5535 2270 5576 re
2298 5531 2355 5576 ut
2380 5538 2476 5592 per
2498 5537 2555 5577 se
2588 5514 2816 5593 quisque
2857 5523 3029 5592 possit
3056 5522 3321 5590 judicare,
3357 5520 3519 5574 verba
3567 5519 3680 5588 ipsa

2120 5616 2407 5672 ascribam.
2455 5617 2588 5672 Stnl
2618 5609 2795 5674 autem
2831 5616 2987 5685 hac:
3025 5617 3083 5670 Ὀ
3109 5615 3312 5685 κόσμος
3335 5607 3488 5677 οὗτος
3523 5610 3683 5674 αὑτός
