4094 6220
1634 391 1698 449 D.
1738 393 1890 470 IUL.
1923 387 2246 447 GARNEBII
2285 385 2674 442 PREFATIO.

3620 403 3748 446 CC"!

503 506 559 556 τὲ
609 501 724 554 ἐστι
759 498 983 570 θνητὸς,¹
1027 502 1122 554 καὶ
1178 503 1377 574 χωρίον
1423 503 1874 575 ἀποθνησκόντων
1907 507 2046 561 ἐστίν

2181 505 2346 558 David
2382 523 2394 557 :
2434 522 2451 554 ‹
2485 515 2726 572 ereptam
2751 517 2870 559 esse
2899 504 3135 559 animam
3165 517 3315 559 suam
3340 517 3369 557 a
3393 511 3587 568 morte,
3613 520 3747 557 ocu-

516 587 733 659 ’ῖ-Ῑπειδὴ
765 587 872 660 γὰρ
919 588 1170 655 σύνθετός
1205 591 1320 644 ἐστι
1364 592 1472 646 τῶν
1504 595 1798 666 ὁρωμένων
1827 599 1860 669 ἡ
1885 598 2071 651 σύστα·
2111 632 2114 634 ~

505 694 608 743 mg,
634 676 696 732 τὺ
727 678 782 731 δὲ
807 679 1055 734 σύνθετον
1097 681 1243 736 ἅπαν
1265 682 1570 738 διαλύεσθαι
1616 687 1874 755 πέφυκεν,
1909 691 1967 742 ἐν
1993 689 2084 758 τῷ·

503 771 694 841 κόσμῳ
735 769 903 838 ὄντες,
951 771 1118 844 μέρος
1162 775 1315 837 ὄντες
1359 773 1452 828 τοῦ
1502 777 1729 847 κόσμου,
1761 779 2070 848 ἀναγκαίως

499 860 602 929 τῆς
650 858 745 913 τοῦ
793 862 991 926 παντὸς
1026 864 1240 932 φύσεως
1273 865 1637 936 ἀπολαύομεν.
1686 869 1833 922 Ἑκεί
1882 869 1938 922 δὲ
1971 871 2070 924 οὐκ

497 949 646 1002 εστιν
686 950 991 1018 ἀλλοίωσις,
1035 953 1155 1007 οὔτε
1201 955 1470 1026 σώματος,
1527 958 1649 1012 οὔτε
1691 960 1888 1031 ψυχῆς.
1933 962 2067 1014 Οὐδὲ

498 1041 606 1111 γάρ
630 1040 746 1094 ἐστι
777 1041 1035 1114 λογισμοῦ
1078 1049 1426 1120 παρατροπὴ,
1456 1050 1576 1103 οὐδὲ
1613 1050 1901 1121 μετάθεσις
1929 1051 2068 1120 γνώ-

505 1147 632 1200 μης,
662 1132 916 1203 οὐδεμιᾶς
941 1137 1316 1206 περιστάσεως
1341 1140 1402 1192 τὸ
1429 1142 1689 1206 εὐσταθὲς
1738 1143 1833 1196 καὶ
1870 1144 2068 1215 ἀτάραο

496 1237 590 1292 χον
619 1221 727 1275 τῶν
751 1223 1021 1295 λογισμῶν
1048 1227 1473 1302 ἀφαιρουμένης.
1507 1233 1673 1304 Χώρα
1700 1235 1846 1289 ἐστὶν
1881 1236 2062 1308 ἐκείνη

494 1310 603 1365 τῶν
630 1312 708 1366 ἔτι
738 1313 972 1380 ζώντων,
1008 1319 1065 1369 ὲν
1162 1319 1392 1388 μάλιστα
1418 1325 1800 1395 εὐαρεστήσειν
1836 1327 1914 1396 τῷ
1946 1327 2064 1399 Θεῴ

497 1405 528 1455 ό
555 1406 837 1474 προφήτης
867 1409 1384 1476 κατεπαγγέλλεται,
1410 1412 1484 1476 ὡς
1508 1414 1597 1466 ὑπ’
1615 1415 1828 1480 οὐδενὸς
1855 1417 2061 1486 μέλλων

491 1495 600 1548 τῶν
632 1495 827 1560 ἔξωθεν
874 1493 1258 1554 διακόπτεσοαι
1295 1502 1531 1566 ζώντων.
1583 1505 1794 1577 Ἐκείνη
1824 1505 1976 1578 χώρα
2003 1511 2060 1560 ὲν

490 1581 526 1661 ᾖ
555 1589 654 1641 οὐκ
675 1588 752 1641 ἔνι
781 1588 896 1656 νὺξ.
926 1593 1025 1645 οὐκ
1051 1593 1128 1647 ἔνι
1161 1593 1324 1657 ὕπνος
1343 1596 1404 1648 τὸ
1428 1596 1518 1649 τοῦ
1549 1597 1776 1651 Θανάτου
1812 1600 2058 1670 μίμημα,

487 1675 588 1730 οὐκ
615 1677 693 1731 ἔνι
724 1678 942 1749 βρῶσις,
971 1683 1069 1735 οὑκ
1095 1683 1172 1736 ἕνι
1199 1685 1353 1747 πόσις
1372 1685 1440 1738 τὰ
1471 1690 1570 1758 τῆς
1592 1688 1871 1753 ἀσθενείας
1902 1691 2058 1760 ἡμῶν

491 1769 884 1840 ὖπερείσματα,
911 1774 970 1825 οὺ
1015 1773 1123 1828 τῶν
1150 1774 1345 1840 ἔξωθέν
1378 1794 1430 1829 τι
1461 1782 1856 1851 περιστατικῶν
1875 1799 1886 1809 ·
1923 1783 2059 1834 ἀλλὰ

2171 595 2251 650 los
2282 610 2410 650 suos
2429 611 2456 647 a
2489 594 2766 664 lacrymis,
2795 595 2958 664 pedes
2986 596 3218 664 denique
3247 610 3419 650 suosa
3447 595 3598 663 lapsu
3637 593 3737 661 δεμ

2170 702 2289 755 quae
2320 686 2528 754 singula
2557 685 2792 740 breviter
2819 687 3034 755 quidem
3063 697 3120 741 ut
3147 687 3384 757 reliquos
3400 687 3588 756 psalmi
3616 702 3744 742 ver-

2176 779 2398 842 siculos,
2443 779 2542 832 sed
2590 787 2714 846 apte
2771 777 3067 846 explicarat
3121 776 3374 833 Basilius.
3411 779 3548 845 Quid
3579 780 3744 849 igitur

2167 883 2300 937 opus
2329 868 2430 920 fuit
2470 867 2635 919 multa
2664 864 2881 920 eflutire
2909 867 2975 920 ad
3007 866 3384 935 explicandum
3415 881 3633 921 versum
3686 867 3744 920 il-

2169 960 2300 1026 lum,
2335 958 2564 1012 Placebo
2602 959 2828 1012 Domino
2868 958 2925 1012 in
2949 960 3160 1028 regione
3204 959 3536 1026 vivorum”,
3573 975 3736 1029 quem

2167 1062 2353 1119 utpote
2378 1051 2802 1105 valetudinarius
2823 1061 2876 1104 et
2904 1050 3105 1120 alioqui
3145 1050 3466 1122 defatigatus
3489 1051 3736 1105 consulto

2163 1144 2466 1200 omiserat?
2516 1143 2648 1198 Nam
2712 1144 3128 1214 praetermissam
3177 1157 3298 1197 esse
3347 1144 3414 1198 de
3471 1143 3734 1202 industria

2164 1237 2597 1306 explanationem
2621 1240 2914 1293 verborum
2955 1236 3189 1301 illorum,
3222 1234 3452 1289 Placebo
3486 1235 3730 1297 Domino,

2164 1341 2296 1392 εις..
2330 1330 2473 1384 haud
2510 1329 2671 1383 dubio
2716 1328 2918 1382 indicio
2954 1336 3036 1382 est
3063 1327 3192 1381 illud
3215 1368 3230 1391 ,
3264 1326 3403 1395 quod
3435 1341 3523 1391 ea,
3558 1337 3616 1379 ut
3643 1342 3735 1381 so-

2163 1421 2319 1486 let-et,
2350 1421 2492 1476 inter
2521 1422 2946 1475 concionaudum
2980 1435 3085 1474 non
3115 1419 3374 1473 recitarit.
3406 1417 3608 1483 Quarta
3639 1420 3733 1471 de-

2164 1517 2324 1585 nique
2355 1517 2675 1584 suspicionis
2704 1529 2864 1570 causa
2894 1523 2998 1582 est,
3025 1515 3166 1583 quod
3191 1511 3486 1566 verisimile
3508 1527 3613 1566 non
3640 1511 3733 1566 fiat

2163 1608 2434 1671 hominem
2493 1609 2610 1677 puri
2666 1609 2931 1662 sermonis
2966 1607 3421 1661 studiosissimum
3455 1603 3734 1658 vocabulis

2163 1700 2470 1768 impropriis
2531 1710 2584 1754 et
2637 1702 2704 1754 ab
2761 1716 2856 1753 usu
2906 1698 3157 1768 loquendi
3229 1699 3479 1766 politiore
3534 1698 3734 1752 abhor-

2167 1792 2405 1846 rentibus
2425 1807 2590 1845 usum
2616 1807 2758 1846 esse.
2785 1791 2918 1858 Quis
2940 1791 3082 1846 enim
3135 1790 3293 1844 facile
3331 1791 3517 1845 credat
3566 1804 3729 1842 voca-

485 1857 640 1929 χώρα
687 1859 936 1926 ζώντων,
991 1866 1090 1917 οὐκ
1132 1866 1586 1937 ἀποθνησκόντων
1614 1870 1699 1923 διὰ
1744 1872 1844 1940 τῆς
1884 1874 2046 1944 ἁμαρ-

2161 1885 2366 1948 hulum,
2393 1885 2660 1956 ἀποϐολή,
2691 1900 2719 1937 a
2748 1857 2948 1939 Basilio
2975 1883 3275 1938 adhibitum
3321 1897 3439 1936 esse
3473 1883 3538 1935 ad
3561 1880 3731 1949 signi-

483 1946 624 2013 τίας,
663 1949 794 2002 ἀλλὰ
821 1950 1035 2015 ζώντων
1059 1953 1156 2024 τὴν
1186 1955 1438 2027 ἀληθινὴν
1468 1957 1610 2028 ζωὴν
1635 1959 1730 2030 τὴν
1757 1961 1813 2012 ὲν
1833 1963 2050 2034 Χριστῷ

498 2039 694 2110 Ἰησοῦ,
724 2061 742 2092 t
779 2041 874 2096 llic
906 2047 1136 2099 mundus
1163 2062 1288 2100 vere
1329 2057 1383 2102 et
1413 2049 1524 2117 ipse
1553 2051 1815 2117 mortalis,
1855 2063 1910 2107 et
1939 2070 2050 2107 mo-

484 2135 732 2188 rientium
764 2136 910 2192 locus
930 2147 1034 2192 est.
1078 2141 1210 2207 Quia
1234 2142 1376 2196 enim
1404 2159 1580 2198 rerum
1598 2132 1901 2202 'visibilium
1925 2164 2050 2204 con-

485 2226 693 2288 stitutio
719 2231 1012 2296 composita
1040 2241 1143 2296 est,
1177 2247 1336 2288 omne
1367 2250 1493 2290 vero
1519 2241 1882 2308 compositum
1937 2242 2050 2296 sul-

487 2317 666 2381 vitur;
699 2333 820 2373 cum
872 2322 926 2374 in
966 2323 1167 2376 mundo
1199 2333 1252 2377 et
1282 2340 1410 2394 pars
1463 2329 1645 2384 muttdi
1699 2332 1891 2397 simus,
1955 2350 2049 2388 ne—

482 2410 729 2463 cessario
771 2420 978 2467 natura:
1012 2415 1246 2470 universi
1276 2429 1555 2475 consortes
1601 2437 1822 2490 sumus;
1857 2433 1909 2477 at
1940 2425 2048 2481 illic

482 2512 591 2551 non
644 2511 726 2554 est
772 2501 1074 2558 immutatio
1112 2507 1193 2560 vel
1229 2509 1473 2578 corporis
1504 2511 1587 2566 vel
1619 2513 1832 2568 animae.
1863 2515 2048 2584 Neque

477 2588 622 2641 enim
671 2599 754 2645 est
798 2594 1144 2661 cogitationis
1191 2597 1484 2666 aberratio,
1535 2618 1732 2672 neque.
1762 2607 2048 2662 sententia:

484 2681 732 2743 variatio,
769 2696 888 2737 cum
921 2685 1063 2739 nulla
1090 2687 1371 2744 calamitas
1401 2703 1645 2758 pacatum
1673 2698 2046 2766 tranquillum-

467 2778 589 2831 -que
627 2767 1012 2837 cogitationum
1061 2777 1305 2830 ordinem
1353 2779 1583 2834 auferat.
1623 2783 1718 2838 Illa
1777 2787 1903 2839 item
1961 2800 2045 2842 est

477 2855 628 2924 regio
677 2859 993 2927 viventium,
1038 2866 1127 2920 ubi
1162 2881 1222 2922 se
1270 2871 1507 2924 maxime
1561 2872 1670 2927 Deo
1721 2875 2044 2944 placiturum

478 2944 746 3016 Propheta
784 2953 1144 3022 praenuntiat;
1192 2969 1250 3012 ut
1298 2960 1458 3029 quia
1499 2964 1647 3018 nullo
1683 2976 1944 3022 extraneo
1977 2985 2043 3024 ex

478 3053 705 3095 numero
736 3043 1032 3101 viventium
1067 3049 1461 3108 abscindendus
1496 3055 1586 3110 sit.
1636 3056 1726 3110 Illa
1760 3060 1909 3130 regio
1938 3071 2040 3127 est,

475 3129 530 3183 in
563 3145 665 3201 qua
704 3150 879 3204 neque
915 3154 1044 3205 nox,
1084 3155 1262 3210 neque
1305 3159 1550 3211 somnus,
1601 3150 1792 3205 mortis
1842 3152 2040 3222 imago,

2164 1976 2432 2031 fieaudum
2468 1976 2710 2031 dentium
2737 1988 2935 2038 ortum,
2974 1990 3096 2030 cum
3135 1985 3314 2028 tamen
3345 1990 3440 2044 per
3463 1988 3522 2028 se
3556 1973 3730 2042 signi-

2159 2067 2282 2121 licet
2311 2067 2486 2136 potius
2519 2082 2705 2120 eorum
2746 2066 2925 2134 lapsus
2953 2075 3113 2134 atque
3147 2065 3414 2134 iacturam
3435 2065 3457 2117 ?
3479 2065 3730 2118 Arbitror

2156 2157 2414 2210 Basilium
2440 2158 2539 2211 hoc
2565 2157 2616 2210 in
2645 2157 2761 2211 loco
2779 2156 3014 2228 προϐολή
3033 2172 3132 2210 non
3153 2155 3387 2227 ἀποϐολή
3403 2156 3726 2223 scripturum

2156 2249 2342 2303 fuisse.
2399 2250 2536 2314 Quid
2592 2249 2735 2318 quod
2789 2250 3012 2303 verbum
3065 2249 3142 2300 Evr
3185 2249 3383 2316 saepius
3437 2249 3488 2300 in
3539 2247 3725 2302 eadem

2153 2341 2377 2411 periodo
2411 2341 2699 2410 repetitum
2738 2340 2986 2410 legimus,
3021 2340 3165 2410 quod
3206 2350 3381 2395 tamen
3418 2338 3636 2393 diflicile
3659 2339 3729 2392 sit

2157 2435 2210 2488 in
2240 2433 2422 2488 Basilii
2457 2434 2712 2502 operibus
2743 2450 2847 2487 non
2886 2435 3251 2488 controversis
3299 2432 3466 2488 semel
3511 2440 3604 2485 aut
3643 2432 3728 2486 bis

2156 2525 2435 2593 reperire?
2466 2524 2699 2578 Tantine
2729 2525 2964 2579 faciebat
2995 2525 3287 2578 Eusebium
3345 2523 3578 2577 Basilius
3601 2562 3617 2587 ,
3668 2533 3729 2576 ut

2153 2626 2276 2665 cum
2314 2622 2497 2682 posset
2533 2613 2649 2681 ipse
2679 2613 2746 2668 de
2793 2628 2894 2667 suo
2927 2615 3148 2668 meliora
3181 2613 3443 2684 proferre,
3475 2613 3728 2667 maluerit

2156 2711 2333 2756 tamen
2367 2704 2684 2758 Eusebianis
2705 2703 2818 2757 uti?
2847 2702 2961 2757 Non
2985 2704 3171 2758 dubito
3198 2704 3361 2774 igitur
3393 2704 3521 2770 quin
3552 2711 3722 2758 totum

2154 2793 2305 2859 illud,
2338 2797 2365 2848 ὁ
2391 2795 2594 2865 κόσμος
2621 2787 2773 2859 οὗτος
2802 2795 2962 2858 αὐτός
2993 2794 3052 2847 τέ
3088 2795 3206 2848 ἐστι
3240 2795 3453 2866 θνητός,
3484 2806 3615 2861 etc.,
3655 2795 3746 2854 ad.

2152 2884 2314 2938 finem
2344 2900 2532 2953 usque,
2565 2885 2806 2940 additum
2833 2886 2903 2939 sit
2935 2900 2965 2938 a
2988 2885 3232 2940 librariis
3263 2884 3359 2956 (ὁ),
3391 2885 3483 2956 qui
3520 2895 3577 2939 ut
3601 2901 3724 2940 ora-

2154 2976 2355 3029 tionem
2397 2975 2581 3029 Basilii
2636 2976 2807 3046 pluris
2853 2977 3164 3042 venderent,
3192 2991 3314 3033 eam
3355 2977 3718 3047 ampliandam

2150 3076 2272 3117 esse
2298 3073 2646 3118 censuerunt.
2681 3062 2973 3119 Timebant
3005 3066 3149 3119 enim
3180 3080 3268 3133 ne,
3315 3065 3360 3122 si
3405 3066 3720 3136 imperfecta

2151 3147 2421 3208 videretur
2443 3163 2496 3209 et
2519 3170 2726 3217 manca,
2760 3155 2987 3211 minoris
3013 3157 3376 3211 aestimaretur
3405 3156 3474 3210 ab
3504 3168 3716 3226 empto-

475 3225 852 3291 nequecibus,
883 3243 1056 3299 neque
1080 3241 1262 3300 potus,
1291 3235 1623 3294 infirmitatis
1663 3250 1861 3296 nostra:
1889 3215 2041 3299 falci;
2072 3215 2114 3273 ε
2151 3242 2320 3298 ribus.
2349 3243 2494 3298 Sane
2525 3260 2629 3300 non
2655 3215 2876 3314 parvam
2904 3247 3129 3314 gratiam
3149 3245 3387 3300 librariis
3415 3245 3716 3301 habendam

473 3322 678 3378 menta,
709 3331 808 3372 nec
837 3320 1109 3390 quidpiam
1167 3339 1351 3379 eorum
1383 3343 1505 3396 quae
1535 3332 1875 3388 extrinsecus
1925 3352 2042 3390 mo-

479 3402 693 3460 lestiam
723 3423 948 3478 creant;
984 3415 1076 3468 sed
1113 3417 1259 3485 regio
1291 3418 1609 3486 viventium,
1641 3438 1741 3477 nec
1795 3440 1888 3493 per
1912 3442 2038 3494 pec~

473 3503 654 3548 catum
684 3500 1052 3568 morientium,
1078 3514 1274 3558 atvera
1296 3507 1402 3561 vita
1427 3510 1717 3564 viventium
1747 3513 1798 3566 in
1829 3515 2042 3570 Christo

471 3581 617 3640 Jesu.
660 3605 680 3638 ι
717 3587 876 3644 Plura
919 3593 1136 3662 quidem
1182 3599 1530 3666 reperiuntur
1564 3603 1616 3655 in
1661 3603 1896 3669 Basilio;
1943 3609 2040 3663 sed

472 3677 602 3744 quin
626 3682 958 3739 restituenda
987 3687 1096 3741 sint
1133 3689 1244 3744 ha'c
1274 3690 1388 3760 ipsa
1419 3695 1626 3748 auctori
1659 3711 1755 3751 suo
1786 3696 2040 3765 Eusebio,

475 3770 755 3828 dubitandi
797 3774 948 3832 locus
978 3793 1098 3834 esse
1137 3783 1221 3835 vix
1256 3792 1450 3852 potest.
1483 3785 1619 3840 Nam
1649 3789 1837 3845 deesse
1873 3794 2038 3847 multa

473 3860 524 3913 iu
567 3869 962 3923 commentario
1001 3884 1067 3925 eo
1114 3887 1273 3940 quem
1317 3874 1370 3928 in
1426 3877 1562 3930 hunc
1603 3880 1865 3947 psalmum
1907 3898 2038 3937 con-

471 3951 689 4020 scripsit
726 3955 1011 4024 Eusebius,
1058 3961 1141 4014 Vel
1185 3977 1251 4016 ex
1293 3965 1404 4018 sola
1458 3971 1829 4025 commentarii
1863 3973 2041 4028 brevi-

477 4050 588 4095 tate
632 4057 794 4114 patet.
845 4048 966 4104 Jam
1010 4055 1136 4122 quid
1164 4057 1230 4109 de
1278 4056 1381 4111 hoc
1429 4058 1734 4128 fragmento
1783 4066 2036 4131 sentiam,

469 4139 656 4204 paucis
695 4141 1022 4198 'diceudum.
1102 4147 1356 4204 Arbitror
1428 4154 1656 4208 ascitum
1731 4156 1784 4210 id
1868 4175 2034 4227 esse,

469 4237 524 4281 et
553 4229 658 4284 huc
689 4244 752 4285 ex
781 4232 1100 4292 Eusebianis
1135 4239 1316 4309 iniqua
1336 4257 1494 4296 manu
1517 4257 1876 4316 exportatum.
1902 4251 2036 4306 Cum

473 4327 650 4375 autem
679 4322 778 4377 hoc
806 4329 1112 4394 auspicandi
1139 4331 1277 4388 mihi
1307 4333 1418 4387 sint
1449 4351 1627 4392 causa:
1660 4340 1843 4394 multa:
1864 4381 1878 4405 ,
1927 4353 2038 4397 tres

475 4417 678 4466 tantum
703 4423 795 4467 aut
823 4425 1059 4485 quatuor
1082 4423 1372 4488 proferam.
1416 4425 1596 4484 Prima
1635 4440 1740 4490 est.
1768 4435 1909 4499 quod
1935 4432 2036 4487 Ba-

469 4500 619 4554 silius
659 4504 852 4560 itinere
881 4515 934 4559 et
977 4509 1164 4564 labore
1190 4513 1538 4583 defatigatus,
1573 4518 1850 4587 brevitati,
1879 4531 1936 4576 ut
1967 4539 2034 4577 ex

469 4585 579 4652 ipsa
605 4590 790 4655 psalmi
817 4594 1194 4660 explanatione
1217 4613 1449 4668 constat,
1479 4607 1717 4661 studeret
1739 4585 1896 4677 quam
1924 4627 2034 4665 ma-

467 4676 644 4745 xime;
674 4695 772 4735 nec
801 4686 1027 4751 proinde
1066 4691 1259 4744 mirum
1288 4695 1456 4748 videri
1489 4697 1701 4766 debeat,
1730 4676 1774 4755 si
1803 4701 2034 4761 Basilius

467 4776 522 4817 ut
553 4768 686 4824 alias
726 4772 840 4841 (a),
878 4784 932 4829 et
971 4778 1058 4832 hic
1102 4796 1315 4850 quoque
1356 4786 1622 4853 psalmum
1667 4806 1772 4844 non
1811 4796 2032 4850 omnino

467 4864 797 4925 exposuerit.
829 4866 1033 4931 Altera,
1058 4873 1202 4939 quod
1237 4885 1524 4945 postquam
1560 4880 1793 4949 scriptor
1815 4897 2029 4940 omnem

467 4946 743 5003 hominum
774 4954 935 5008 vitam
970 4958 1140 5014 tribus
1183 4976 1446 5017 annorum
1487 4946 1911 5026 hebdomadibus
1936 4974 2030 5027 de-

466 5037 658 5105 finivit,
699 5043 1068 5114 nihilominus,
1122 5065 1306 5106 secum
1346 5055 1460 5122 ipse
1505 5072 1614 5112 non
1662 5063 2028 5130 consentiens,

468 5130 652 5183 eodem
684 5133 738 5185 in
778 5135 897 5190 loco
927 5139 1166 5210 quinque
1198 5156 1498 5214 recenseat,
1529 5158 1738 5220 tempus
1767 5153 2033 5209 detentio—

467 5219 566 5282 nis,
583 5228 1038 5283 accommodatam
1057 5234 1121 5285 ad
1138 5233 1447 5304 disciplinas
1467 5219 1782 5297 ediscendas
1795 5254 2031 5310 aetatem,

464 5323 632 5364 annos
666 5315 948 5383 ephebios,
977 5333 1174 5378 statum
1199 5329 1430 5393 virilem,
1451 5344 1802 5388 senectutem.
1828 5335 2028 5403 Tertia,

465 5403 604 5468 quod
638 5412 844 5460 tantum
894 5411 1044 5466 abest
1078 5425 1136 5468 ut
1168 5417 1284 5472 haec
1333 5419 1473 5474 inter
1502 5436 1558 5475 se
1594 5424 1897 5478 coluereant
1925 5466 1940 5490 ,
1976 5436 2033 5480 ut

463 5493 644 5561 potius
691 5498 996 5558 redundare
1031 5516 1219 5573 aperte
1265 5511 1567 5566 videantur.
1614 5511 1737 5568 Tria
1773 5516 1913 5570 enim
1955 5516 2030 5571 ait

1076 5691 1120 5722 "’
1154 5692 1280 5747 ibid.
1313 5693 1364 5747 9.

529 5802 605 5872 (α)
635 5803 760 5861 Vide
792 5805 1038 5865 homilias
1067 5808 1120 5863 in
1153 5805 1295 5867 Psal.
1323 5827 1336 5866 ι
1362 5823 1406 5866 et
1437 5827 1544 5869 ιιι.

532 5685 576 5717 ⁸⁸
600 5687 741 5743 Psal.
765 5705 912 5755 cxtv,
946 5690 1000 5744 8.

2148 3347 2271 3389 esse
2305 3343 2456 3404 puto,
2486 3337 2578 3404 qui
2609 3336 2882 3390 orationes
2897 3337 3032 3392 alias
3053 3337 3104 3390 in
3135 3337 3268 3392 alios
3287 3337 3553 3405 psalmos,
3583 3351 3718 3406 quo-

2149 3443 2266 3480 rum
2306 3443 2518 3498 quoque
2569 3444 2673 3482 non
2723 3427 2918 3499 singuli
2947 3444 3136 3484 versus
3165 3429 3525 3498 explicantur,
3557 3429 3716 3484 nobis

2145 3519 2373 3573 intactas
2399 3521 2733 3589 reliquerint.

2218 3609 2308 3664 59.
2343 3609 2485 3664 Inter
2507 3611 2741 3681 psalmos
2769 3626 2903 3682 quos
2947 3622 3041 3666 aut
3085 3613 3394 3684 explanavit
3439 3613 3670 3671 Basilius
3696 3657 3712 3682 ,

2144 3713 2236 3756 aut
2263 3703 2583 3771 explanasse
2612 3714 2848 3774 putatur,
2884 3705 3074 3762 ultimo
3103 3707 3221 3763 loco
3255 3709 3522 3776 reperitur
3546 3723 3714 3764 enar-

2143 3794 2282 3846 ratio
2315 3794 2558 3862 quaedam
2617 3795 2668 3846 in
2717 3795 2981 3863 psalmum
3034 3797 3388 3852 centesimum
3440 3799 3708 3852 decimum

2144 3885 2415 3952 quintum.
2452 3884 2557 3938 Sed
2591 3884 2894 3955 fragmenta
2924 3888 3104 3941 omnia
3139 3903 3256 3956 quae
3297 3905 3360 3943 ex
3400 3889 3503 3942 hac
3537 3890 3709 3944 inter—

2142 3976 2439 4043 pretatione
2474 3975 2526 4028 in
2560 3976 2801 4031 Corderii
2850 3990 3042 4034 catena
3083 3981 3338 4048 citantur,
3369 3995 3522 4050 teque
3553 3997 3615 4037 ac
3655 3983 3709 4036 itt

2142 4065 2409 4133 superiori
2437 4066 2665 4134 psalmo,
2693 4068 2923 4125 diversis
2949 4071 3328 4140 scriptoribus,
3367 4089 3473 4127 non
3505 4072 3709 4129 Basilio

2142 4156 2479 4211 tribuuntur.
2512 4158 2600 4222 Et,
2651 4167 2710 4212 ut
2748 4174 2934 4213 verum
2981 4161 3176 4228 fatear,
3231 4164 3455 4218 inclinat
3494 4166 3710 4221 animus

2143 4255 2202 4300 ut
2240 4247 2380 4301 hanc
2409 4249 2812 4304 enarrationem
2858 4252 2909 4304 in
2942 4254 3143 4320 spuriis
3184 4264 3346 4326 atque
3390 4258 3711 4314 adulterinis

2139 4351 2356 4404 ponam.
2394 4337 2549 4402 Nam,
2601 4349 2658 4392 ut
2710 4341 2928 4395 interim
2957 4344 3023 4396 de
3055 4347 3269 4400 caeteris
3310 4355 3541 4413 taceam,
3579 4350 3711 4418 quid
3751 4405 3757 4412 ,

2139 4426 2240 4478 sibi
2281 4425 2398 4479 vult
2429 4427 2594 4482 illud:
2634 4429 2772 4482 Ἀλλ’
2804 4431 2912 4484 εἴθε
2955 4434 3122 4504 κάμοὶ
3174 4436 3381 4504 γένοιτο
3421 4440 3710 4495 πιστεῦσαι
3747 4478 3757 4484 -

2140 4515 2326 4580 ἀξίως,
2359 4518 2445 4571 ἵνα
2459 4517 2675 4589 λαλήσω
2709 4520 2804 4575 νῦν
2840 4526 2904 4594 τῇ
2950 4525 3350 4598 Ἐκκλησίᾳτοῦ
3369 4529 3502 4582 Θεοῦ
3525 4533 3591 4602 τῇ
3623 4547 3744 4600 με-,

2139 4606 2279 4680 γάλῃ
2313 4607 2485 4681 ταύτῃ
2512 4609 2672 4663 πέντε
2705 4612 2895 4680 λόγους
2929 4615 2986 4667 ἐν
3024 4616 3101 4686 τῷ
3132 4618 3215 4669 νοΐ
3243 4635 3367 4688 μου,
3397 4637 3415 4670 ι
3453 4620 3560 4674 Sed
3601 4621 3709 4674 uti-

2142 4715 2266 4753 nam
2307 4711 2360 4754 et
2391 4703 2523 4755 mihi
2561 4704 2842 4775 contingat
2873 4709 3033 4778 digne
3061 4710 3307 4776 credere,
3344 4721 3402 4764 ut
3429 4726 3572 4768 nunc
3593 4728 3710 4766 ma-
3737 4731 3752 4762 .·

2141 4803 2259 4857 gnat
2289 4788 2415 4843 huic
2443 4790 2536 4845 Dei
2565 4791 2827 4850 Ecclesia:
2854 4799 3017 4852 verba
3059 4799 3300 4868 quinque
3333 4802 3387 4855 in
3406 4817 3566 4857 sensu
3589 4819 3710 4859 meo

2139 4879 2334 4934 dicam.
2362 4898 2379 4930 ι
2399 4879 2558 4936 Certe
2577 4899 2680 4938 non
2701 4886 2973 4942 immerito
3001 4890 3240 4943 additum
3260 4900 3343 4945 est
3369 4907 3397 4944 a
3424 4893 3707 4962 scriptore,

2142 4973 2234 5023 καὶ
2261 4972 2448 5042 μηδεὶς
2471 4977 2920 5046 καταχλευαζέτω
2935 4981 3024 5032 τὸν
3041 4981 3217 5050 λόγον,
3250 5001 3268 5034 ι
3295 4981 3404 5039 Nec
3425 4986 3708 5054 quisquam

2139 5065 2284 5119 hunc
2313 5067 2534 5120 irrideat
2570 5085 2896 5125 sermonem.
2946 5090 2965 5123 ›
2997 5072 3134 5138 Quid
3159 5075 3301 5128 enim
3349 5084 3477 5130 tunc
3506 5076 3738 5138 factuur

2139 5156 2230 5219 sit,
2267 5157 2450 5211 nescio
2481 5158 2722 5227 quidem,
2749 5161 2844 5215 sed
2872 5161 3039 5230 probe
3069 5146 3194 5218 scio
3227 5166 3506 5220 hominum
3538 5182 3709 5235 genus

2136 5261 2282 5300 nunc
2313 5247 2386 5300 ita
2412 5262 2785 5318 comparatum
2819 5267 2965 5318 esse,
2999 5264 3092 5319 ut,
3129 5257 3172 5309 si
3228 5256 3351 5326 quis
3394 5257 3556 5311 hodie
3603 5259 3707 5312 hoc

2136 5338 2278 5392 idem
2311 5341 2450 5394 inter
2473 5344 2905 5398 concionandutn
2947 5347 3176 5412 diceret,
3209 5351 3351 5403 risus
3392 5365 3496 5403 non
3522 5352 3710 5418 paucis

2133 5431 2549 5498 exprimeretur.
2589 5435 2745 5490 Dicas
2777 5447 3078 5505 auctorem,
3123 5441 3433 5509 quicunque
3465 5441 3553 5496 ille
3579 5441 3706 5506 fuit,

2136 5523 2370 5576 vaticina
2390 5527 2621 5590 quodam
2649 5525 2832 5589 furore
2852 5530 3180 5585 concitatum
3197 5533 3556 5600 exclamasse,
3591 5533 3726 5594 an"

2187 5817 2258 5887 (ὁ)
2282 5816 2423 5888 Lege
2450 5818 2594 5876 hom.
2626 5820 2679 5876 in
2704 5823 2965 5892 psalmum
2994 5837 3104 5896 t,et
3125 5830 3181 5886 in
3204 5845 3259 5900 p.
3293 5845 3440 5902 tt-ps.
3472 5844 3604 5886 xiv..-
