4094 6220
383 363 499 400 (ωι-

1738 344 2268 403 PROLEGOMENA.

380 465 494 518 εἴθε
523 467 712 537 κάμοί,
744 477 846 521 etc.
879 467 982 522 Sed
1022 484 1186 544 quam
1214 470 1450 526 alienum
1488 470 1560 526 sit
1591 469 1860 540 turgidum
1890 469 1951 522 il-
1978 470 2023 524 Α
2050 475 2134 522 est
2159 464 2411 521 Basilium
2452 466 2562 520 duo
2590 466 2705 520 hate
2744 464 3038 536 fragmenta
3076 464 3144 519 ab
3170 464 3398 521 Eusebio
3444 473 3619 522 muta-

384 557 473 611 lud
500 558 752 627 quueudi
785 576 954 628 genus
983 575 1012 614 a
1040 562 1224 615 Basilii
1244 563 1510 626 moribus,
1537 577 1714 626 nemo,
1748 561 1838 631 qui
1868 562 1949 614 vel

382 648 707 714 primaribus
734 648 896 704 labris
937 650 1234 707 naturalem
1272 651 1415 705 illam
1448 651 1728 707 Basiliana:
1760 651 1949 705 facun-

386 738 487 791 diae
509 738 957 806 pulchritudinem
993 744 1314 811 gustaverit,
1348 745 1580 813 ignorat.
1615 743 1725 799 Nec
1753 746 1947 799 desunt

386 830 490 883 alia
520 831 572 884 in
600 832 700 886 hac
738 834 1003 899 oratione,
1030 851 1149 905 quae
1173 835 1410 903 phrasim
1440 834 1623 890 Basilii
1669 846 1725 890 et
1748 836 1947 907 stylum

384 920 560 975 minus
594 922 829 991 sapiant.
866 924 1176 994 Cujusmodi
1214 934 1338 981 sunt
1367 926 1493 984 illa:
1529 927 1593 980 Τί
1620 928 1950 996 ἀναγκαστι-

382 1009 712 1083 abreptam...
744 1016 863 1069 οὐδὲ
893 1017 1274 1089 ζυγομαχῆσαι
1301 1018 1362 1072 τὸ
1382 1019 1435 1071 τί
1470 1020 1607 1077 ἐστι.
1634 1019 1950 1089 Videriqni-

381 1105 500 1160 dem
529 1115 757 1173 possunt
792 1107 906 1161 haec
948 1108 1149 1162 leviora
1186 1127 1199 1162 :
1245 1110 1337 1163 sed
1368 1110 1558 1175 multo,
1583 1110 1797 1177 opinor,
1827 1124 1950 1179 gra-

381 1197 497 1249 vius
527 1208 609 1250 est
633 1197 759 1250 illud
796 1215 809 1252 :
847 1200 1126 1263 Τουτέστι,
1153 1199 1319 1269 διψῶν
1336 1199 1427 1253 ἐπὶ
1452 1199 1549 1270 τὴν
1578 1198 1665 1252 διὰ
1686 1198 1781 1252 τοῦ
1807 1215 1949 1270 μαρ-

379 1289 565 1359 τυρίου
596 1290 870 1343 τελείωσιν
901 1290 1150 1362 ἔρχομαι,
1187 1310 1203 1341 ι
1250 1291 1351 1346 hoc
1377 1301 1482 1356 est,
1505 1291 1693 1346 sitiens
1719 1293 1784 1345 ad
1811 1306 1950 1343 Inar-

380 1383 505 1451 tyrii
529 1386 1053 1439 consummationem
1081 1385 1371 1439 contendo.
1402 1404 1420 1436 ι
1446 1384 1577 1438 Cum
1606 1383 1750 1437 enim
1771 1381 1952 1436 multis

384 1476 517 1530 locis
547 1476 760 1531 locutus
805 1477 876 1531 sit
906 1475 1134 1531 Basilius
1169 1477 1234 1531 de
1277 1477 1479 1532 Christi
1516 1477 1726 1532 Domini
1758 1486 1949 1542 morte,

383 1582 506 1620 curn
537 1576 715 1620 tamen
767 1581 1001 1636 unquam
1038 1581 1171 1621 voce
1210 1569 1456 1636 martyrii
1505 1582 1657 1620 usum
1690 1580 1810 1621 esse
1842 1581 1949 1620 non

384 1655 637 1711 arbitror.
664 1655 847 1725 Nt‘que
873 1672 1000 1711 vero
1040 1656 1508 1720 dissimulandum,
1534 1656 1681 1710 illum
1700 1656 1950 1725 loquendi

385 1748 624 1809 modum,
655 1747 712 1800 ἐν
749 1744 826 1816 τῷ
856 1746 1082 1800 κατόπιν
1114 1745 1335 1817 ψαλμῷ,
1368 1748 1457 1815 qui
1503 1747 1555 1801 in
1584 1747 1686 1801 hac
1708 1747 1951 1801 oratione

2058 567 2169 613 turn
2196 572 2358 613 esse:
2396 559 2490 612 sed
2525 572 2630 611 non
2687 557 2761 611 ita
2813 555 3127 611 incredibile
3175 565 3256 612 est
3301 557 3470 626 ipsum
3514 559 3617 614 alia

2056 650 2301 720 qutedam
2339 650 2452 704 loca
2474 648 2778 704 Eusebiana
2812 649 2925 704 suis
2954 648 3302 704 annexuisse.
3338 646 3443 703 Sed
3468 648 3513 703 si
3541 650 3617 705 ita

2056 754 2155 808 est,
2196 743 2320 798 inde
2361 742 2668 797 necessario
2707 743 2973 811 sequitur,
3033 752 3089 796 ut
3136 741 3437 796 Eusebiana
3469 740 3621 798 Basi-

2057 838 2216 893 lianis
2242 851 2348 893 non
2381 850 2655 905 nunquam
2689 834 3022 889 attexueriut
3070 833 3298 888 librarii.
3339 832 3537 888 Verum
3572 835 3619 890 si

2056 930 2223 987 semel
2251 931 2454 984 librarii
2497 930 2972 998 deprehendantur
3005 929 3057 983 in
3092 928 3277 998 culpa,
3304 943 3486 998 quaero
3511 929 3619 996 jam

2058 1038 2154 1077 cur
2178 1023 2420 1077 omnium
2460 1021 2534 1076 rei
2563 1021 2684 1089 jure
2719 1035 2750 1074 a
2786 1019 2940 1074 nobis
2984 1020 3090 1074 dici
3119 1035 3224 1075 non
3253 1020 3481 1089 possint.
3508 1019 3625 1075 Hae

2057 1128 2157 1184 ego
2188 1113 2397 1168 ratione
2419 1114 2685 1167 adductus
2711 1111 2966 1180 superius
2997 1110 3133 1176 dixi,
3154 1111 3354 1167 habere
3398 1126 3484 1166 me
3521 1126 3621 1181 pro

2057 1205 2427 1261 additamento
2457 1204 2803 1260 librariorum
2835 1203 3096 1273 quidquid
3130 1217 3196 1258 ex
3229 1204 3440 1259 Eusebii
3471 1218 3621 1259 com-

2058 1295 2341 1351 mentariis
2369 1295 2421 1349 in
2444 1293 2625 1349 Basilii
2660 1295 2931 1349 orationes
2961 1295 3029 1349 ad
3056 1293 3276 1351 verbum
3305 1294 3618 1351 translatum

2059 1397 2162 1443 est.
2198 1385 2325 1454 Sed,
2353 1396 2413 1439 ut
2433 1387 2666 1457 quisque
2700 1386 2889 1441 melius
2918 1399 2982 1441 ea
3011 1385 3076 1441 de
3108 1401 3167 1442 re
3191 1386 3415 1457 judicet,
3459 1386 3618 1442 velim

2057 1481 2201 1550 legat
2233 1479 2447 1534 assidue
2498 1478 2734 1549 genuina
2782 1492 2946 1547 opera
2974 1476 3193 1543 Basilii;
3223 1478 3364 1547 legat
3393 1493 3622 1547 praeser-

2058 1576 2152 1629 tim
2204 1572 2491 1643 praeclaras
2523 1571 2642 1627 illas
2677 1572 2976 1639 orationes,
3002 1572 3059 1628 in
3110 1572 3307 1641 quibus
3345 1570 3620 1642 quodlibet

2058 1674 2432 1736 argumentum
2460 1672 2565 1718 tam
2589 1663 2807 1732 copiose
2836 1671 3054 1733 tamque
3082 1662 3237 1718 facile
3255 1671 3466 1731 tractat,
3497 1675 3619 1722 eum

2058 1766 2119 1811 ut
2153 1766 2361 1825 tempus
2395 1753 2656 1810 defecisse
2676 1752 2945 1818 videatur,
2964 1766 3070 1809 non
3095 1751 3344 1822 loquendi
3374 1752 3619 1808 materia.

383 1838 658 1893 adhibitus
691 1852 794 1904 csr,
826 1838 1024 1893 Basilio
1042 1855 1302 1909 perquam
1321 1839 1641 1894 familiarem
1670 1854 1823 1908 esse;
1855 1843 1951 1895 sed
1979 1823 2027 1884 Β
2054 1845 2226 1917 Legat
2248 1823 2302 1899 in
2329 1843 2520 1915 primis
2554 1841 2852 1897 orationem
2883 1856 3027 1906 eam,
3064 1856 3185 1911 qua:
3218 1839 3361 1895 inter
3382 1842 3623 1897 diversas

382 1930 506 1984 inde
533 1946 639 1984 non
674 1933 942 1999 sequitur,
994 1941 1051 1984 ut
1090 1930 1322 1986 Basilius
1353 1932 1512 2000 hujus
1554 1932 1954 2001 explanationis

380 2037 579 2090 parens
607 2023 709 2088 sit;
750 2026 842 2077 sed
888 2025 1028 2077 alter
1074 2024 1276 2093 quivis,
1319 2024 1567 2094 quicum
1614 2025 1811 2078 imitari
1839 2034 1954 2080 stu-

379 2114 575 2168 duerit.
607 2115 873 2168 Caeterum
908 2130 1028 2169 cum
1071 2129 1342 2183 quoquam
1376 2116 1706 2184 pertinacius
1734 2126 1956 2172 conten-

381 2208 507 2259 dere
534 2204 674 2275 nolo.
727 2205 906 2271 Quare
953 2206 997 2259 si
1032 2206 1154 2275 quis
1205 2206 1345 2259 hanc
1390 2207 1691 2260 orationem
1752 2205 1954 2263 Basilio

384 2296 621 2349 tribuere
651 2294 911 2357 voluerit,
950 2310 1046 2363 per
1079 2309 1163 2347 me
1196 2294 1342 2347 licet.
1380 2293 1555 2349 Unum
1584 2295 1635 2349 id
1670 2295 1831 2348 etiam
1872 2305 1950 2349 at-

381 2400 487 2455 que
516 2386 681 2440 ctiam
709 2402 857 2455 rogo,
889 2397 947 2439 ut
983 2386 1115 2440 mihi
1159 2402 1392 2455 quoque,
1436 2387 1565 2455 quid
1606 2387 1834 2442 sentiam
1870 2388 1955 2442 di-

384 2490 509 2529 cere
539 2475 717 2528 liceat.
755 2475 819 2527 Et
844 2476 1099 2542 quoniam
1134 2475 1312 2544 magni
1350 2475 1577 2529 interest
1618 2490 1781 2531 nosse
1823 2475 1953 2545 quid

382 2564 726 2619 tribuendum
760 2565 830 2618 sit
876 2565 1085 2620 sanctis
1123 2564 1392 2625 Patribus,
1430 2576 1525 2619 aut
1571 2580 1677 2619 non
1712 2565 1955 2620 tribuen-

381 2656 505 2708 dum
529 2695 543 2720 ,
574 2655 882 2708 summatim
929 2656 1287 2725 perstringam
1314 2671 1433 2725 qua:
1462 2655 1595 2709 dixi.
1627 2653 1799 2709 Velim
1847 2655 1951 2722 igi-

383 2755 473 2797 tur
498 2762 563 2799 ex
592 2760 689 2799 suo
736 2744 970 2814 quisque
999 2747 1184 2802 animo
1217 2748 1455 2803 animant
1498 2747 1688 2801 Basilii
1722 2757 1949 2815 spectet.

380 2835 575 2903 Nemo,
600 2837 812 2906 opinor,
837 2839 1050 2893 futurus
1072 2848 1174 2903 est,
1205 2841 1295 2909 qui
1326 2841 1557 2893 libenter
1587 2839 1718 2895 velit
1747 2840 1955 2908 plagia-

382 2932 493 2986 rins
537 2931 757 2996 audire,
790 2931 1027 2985 maxime
1073 2933 1118 2985 si
1156 2932 1229 2985 ita
1266 2932 1335 2985 sit
1378 2931 1677 2997 facundus,
1709 2942 1770 2985 ut
1806 2933 1952 2986 nullo

385 3024 598 3092 negotio
628 3025 678 3076 id
711 3023 994 3076 dedecoris
1033 3023 1207 3077 vitare
1232 3025 1423 3092 possit.
1453 3023 1623 3088 Quam
1656 3034 1836 3077 autem
1868 3022 1950 3076 la-

377 3115 479 3168 cile
498 3115 661 3168 fuerit
680 3114 880 3169 homini
900 3114 1276 3184 cepiosissimo
1296 3114 1494 3183 Basilio
1512 3115 1739 3183 alicujus
1761 3118 1949 3183 psalmi

378 3204 677 3259 versiculos
704 3205 824 3259 sine
852 3220 953 3273 Ope
981 3206 1154 3259 aliena
1192 3206 1486 3275 explicare,
1535 3208 1658 3264 inde
1683 3220 1833 3263 certo
1861 3224 1953 3263 co-

383 3296 662 3363 gnoscitur
683 3298 823 3365 quod
856 3299 936 3351 vel
969 3298 1158 3353 unicus
1181 3298 1368 3368 psalmi
1402 3300 1595 3354 decimi
1619 3302 1798 3370 quarti
1834 3317 1952 3355 vcr-

381 3388 587 3441 siculus
626 3390 982 3441 concionandi
1025 3390 1414 3458 amplissimam
1458 3394 1739 3447 materiam
1788 3395 1837 3448 ei
1867 3395 1952 3448 de—

382 3479 544 3531 derit.
571 3477 685 3533 Mos
707 3489 791 3533 est
827 3480 1211 3534 indisertorum
1242 3481 1476 3537 disertos
1504 3484 1831 3553 compilare;
1857 3487 1951 3538 sed

383 3572 574 3625 diserti
630 3572 923 3625 indisertos
954 3573 1147 3641 opibus
1191 3574 1427 3641 spoliare
1480 3590 1585 3628 non
1636 3586 1854 3632 nortmt.
1888 3577 1953 3630 Et

384 3664 602 3731 quidem
633 3675 813 3718 nostra
843 3674 1003 3720 mtate
1047 3665 1295 3720 videmus
1342 3667 1576 3735 optimos
1602 3668 1952 3723 cuncionato-

384 3772 471 3809 res
505 3759 571 3809 ab
600 3755 905 3810 infacundis
956 3757 1277 3825 quibusdam
1329 3759 1569 3827 quotidie
1628 3759 1949 3829 compilari;

382 3850 475 3900 sed
512 3846 744 3900 nondum
774 3847 1022 3914 contigit,
1050 3848 1189 3915 quod
1220 3847 1412 3913 sciam,
1440 3858 1498 3900 ut
1524 3847 1710 3915 Optimi
1738 3848 1953 3902 concio-

384 3950 603 3993 natores
655 3939 1000 4008 compilarint
1063 3939 1402 3993 infacundos.
1468 3938 1658 3992 Fateor
1707 3940 1950 4009 ﬁeripo-

384 4031 572 4092 tuisse,
599 4043 657 4084 ιιι
684 4030 940 4098 Basilius,
985 4033 1312 4099 optimorum
1347 4042 1624 4085 oratorum
1665 4035 1949 4102 exemplo,

382 4132 476 4174 aut
502 4122 790 4175 Eusebium
831 4133 924 4176 aut
965 4122 1129 4176 alium
1171 4125 1418 4192 quemvis
1462 4125 1782 4191 scriptorem
1812 4126 1953 4179 anti-

381 4214 625 4281 quiorem
675 4212 919 4267 imitatus
965 4214 1057 4279 sit,
1103 4213 1171 4267 ab
1201 4214 1388 4281 eisque
1412 4215 1620 4282 aliquas
1656 4218 1953 4270 sententias

383 4303 645 4369 hauserit,
677 4318 813 4371 quas
845 4306 1055 4357 ornarit
1088 4318 1187 4358 suo
1222 4304 1409 4359 modo:
1440 4306 1530 4359 sed
1561 4303 1812 4359 Basiliam
1842 4314 1950 4359 tam

382 4396 547 4448 inuita
593 4396 659 4449 ad
700 4394 923 4449 verbum
971 4396 1037 4448 ab
1080 4394 1312 4450 Eusebio
1358 4398 1651 4466 sumpsisse
1677 4413 1950 4466 nunquam

386 4485 514 4538 mihi
552 4485 915 4554 persuadebo.
940 4485 1070 4550 Quis
1108 4487 1253 4541 enim
1287 4485 1444 4541 facile
1472 4487 1768 4542 crediderit
1796 4486 1950 4543 Basi-

381 4578 536 4641 lium,
571 4578 841 4631 hominem
877 4578 1127 4633 videlicet
1175 4579 1264 4647 qui
1306 4586 1412 4631 tam
1439 4579 1677 4648 capiose,
1710 4588 1819 4635 tam
1856 4580 1951 4634 do-

379 4679 485 4730 t-te,
511 4676 618 4720 tam
645 4666 929 4735 eleganter
955 4669 1018 4721 de
1050 4666 1255 4737 Spiritu
1286 4677 1474 4723 sancto
1507 4669 1560 4723 in
1588 4670 1713 4725 totis
1743 4668 1951 4724 duobus

380 4759 535 4811 libris
570 4758 822 4814 disseruit
849 4758 943 4829 (η),
978 4760 1151 4826 ipsqu
1188 4770 1368 4813 tamen
1391 4799 1406 4824 ,
1444 4775 1564 4813 cum
1612 4761 1947 4817 divinitatem

382 4851 617 4917 Spiritus
649 4852 823 4905 sancti
862 4852 966 4905 sibi
1022 4852 1399 4905 declarandam
1461 4864 1819 4920 proponeret,
1881 4855 1948 4909 ad

381 4940 597 4995 Eusebii
651 4945 1071 4998 commentarios
1106 4944 1434 5014 confugisse,
1486 4959 1552 4998 ex
1611 4945 1795 5014 eisque
1826 4960 1947 5013 per-

374 5033 549 5086 multa
577 5035 645 5087 ad
676 5034 897 5089 verbum
928 5038 1294 5106 surripuisse;
1326 5037 1485 5102 idque
1523 5038 1575 5091 in
1612 5052 1668 5091 re
1690 5053 1947 5108 perquam

379 5121 546 5186 facili,
584 5124 685 5178 hoc
715 5134 819 5188 est,
856 5126 909 5179 in
944 5127 1263 5195 explicando
1296 5127 1731 5182 versiculosexto
1755 5128 1948 5197 psalu.i

377 5215 599 5268 secundi
631 5225 683 5269 et
718 5216 999 5273 lricesimi.
1026 5218 1090 5271 Et
1112 5219 1225 5272 haec
1244 5233 1457 5288 quoque
1476 5220 1662 5284 verba,
1692 5221 1721 5273 ὁ
1747 5220 1949 5290 κόσμος

380 5294 556 5368 οὗτος,
593 5315 724 5372 etc.,
752 5324 871 5375 qua:
900 5308 1153 5377 ieguntnr
1197 5311 1246 5363 in
1278 5311 1722 5380 interpretatione
1751 5312 1947 5381 psalmi

384 5396 666 5448 centesimi
698 5396 887 5450 decimi
915 5400 1116 5467 quarti,
1150 5408 1255 5453 tam
1286 5412 1466 5470 aperte
1492 5401 1831 5455 librariorum
1856 5401 1949 5453 ad—

380 5484 739 5541 ditamentum
769 5489 938 5552 olent,
974 5499 1031 5542 ut
1064 5505 1124 5543 ea
1154 5492 1205 5543 in
1240 5507 1295 5544 re
1345 5493 1612 5547 neminem
1647 5491 1755 5547 falli
1791 5504 1946 5560 posse

380 5573 734 5633 arbitremur.
759 5579 826 5630 At
854 5580 991 5632 dicet
1020 5581 1210 5647 aliquis
1243 5601 1252 5633 :
1293 5583 1558 5639 Credibile
1600 5582 1812 5651 quidem
1841 5598 1944 5636 nun

452 5776 525 5848 (α)
550 5778 686 5850 Lege
717 5794 859 5833 mnu.
893 5778 977 5833 δέ.

2055 1937 2265 1992 decima
2301 1941 2496 2003 quarta
2524 1943 2631 2001 cst,
2666 1948 2828 2002 quam
2860 1932 2906 1987 si
2945 1946 3051 1987 non
3079 1932 3401 2001 imparatus,
3431 1941 3487 1987 at
3516 1949 3621 1988 non

2055 2027 2130 2080 ita
2164 2023 2392 2079 multum
2417 2030 2638 2093 paratus
2664 2023 2731 2077 ad
2756 2022 3012 2092 populum
3046 2022 3232 2076 habuit
3257 2040 3272 2077 :
3296 2037 3416 2091 qua:
3444 2030 3620 2077 tamen

2055 2117 2361 2181 Libanium,
2400 2115 2493 2185 qui
2522 2126 2580 2171 et
2623 2116 2741 2184 ipse
2767 2124 2888 2169 erat
2924 2115 3136 2170 dicendi
3180 2116 3414 2185 optimus
3453 2116 3625 2184 magi-

2055 2219 2190 2276 ster,
2219 2216 2426 2262 tantum
2456 2207 2513 2262 in
2540 2207 2952 2262 admirationem
2977 2204 3175 2274 rapuit,
3214 2214 3272 2260 ut
3302 2220 3420 2260 eam
3456 2221 3486 2259 a
3520 2204 3624 2260 Ba-

2055 2298 2175 2355 silio
2199 2299 2440 2353 muneris
2471 2298 2659 2356 eximii
2701 2298 2824 2354 loco
2844 2297 3173 2368 poposcerit.
3224 2295 3394 2366 Legat
3422 2297 3624 2352 oratio-

2054 2406 2177 2446 nem
2208 2390 2520 2446 vicesimam
2570 2390 2808 2454 tertiam,
2855 2389 2942 2445 cui
2993 2388 3153 2444 finem
3200 2388 3473 2457 imponere
3501 2403 3620 2443 cum

2055 2480 2340 2550 cogitaret,
2382 2481 2559 2535 subito
2589 2491 2644 2535 et
2681 2489 2878 2550 praeter
2907 2480 3367 2550 exspectationem
3393 2479 3460 2534 de
3490 2494 3625 2549 quo-

2056 2576 2176 2626 dam
2201 2572 2453 2626 incendio
2481 2572 2807 2635 admonitus,
2852 2581 2962 2626 tam
2997 2571 3240 2640 apposite
3265 2578 3483 2640 tamque
3509 2570 3622 2626 elc-

2055 2672 2246 2732 ganler
2269 2679 2331 2718 ea
2359 2665 2423 2718 de
2446 2663 2759 2718 calamitate
2789 2663 3002 2718 locutus
3041 2671 3146 2731 est,
3177 2671 3238 2717 ut
3265 2661 3403 2716 alter
3444 2662 3626 2732 quivis

2055 2754 2139 2808 vel
2175 2754 2557 2823 paratissimus
2583 2755 2808 2808 meliora
2852 2754 3034 2809 dicere
3070 2769 3177 2809 non
3212 2755 3490 2824 potuisset.
3531 2752 3621 2812 Et.

2054 2848 2197 2917 quod
2246 2846 2418 2916 magis
2452 2848 2520 2901 ad
2570 2862 2683 2901 rem
2742 2846 2996 2915 pertinet,
3050 2845 3191 2913 legat
3234 2845 3532 2899 orationem
3569 2845 3621 2896 iu

2054 2936 2317 3006 psalmum
2363 2937 2629 2990 decimum
2658 2945 2934 3003 quartum,
2980 2935 3437 3003 elegantissimam
3471 2933 3620 2986 illam

2055 3026 2269 3094 quidem
2295 3034 2349 3079 et
2380 3027 2539 3079 rebus
2563 3040 2627 3079 ac
2654 3025 2833 3079 verbis
2875 3023 3315 3090 refertissimam;
3348 3032 3403 3076 et
3442 3033 3619 3076 tamen

2054 3115 2173 3185 ejus
2201 3114 2393 3184 psalmi
2429 3117 2535 3169 duo
2576 3124 2669 3168 aut
2698 3114 2799 3167 tria
2847 3115 3008 3168 verba
3058 3122 3258 3167 tantam
3286 3112 3494 3168 dicendi
3526 3127 3618 3166 co-

2056 3209 2200 3278 piam
2241 3205 2441 3261 Basilio
2491 3203 2988 3261 subministravcre.
3048 3204 3172 3259 Haec
3208 3204 3303 3273 qui
3354 3204 3514 3274 paulo
3540 3212 3623 3257 at-

2058 3299 2260 3353 tentius
2307 3296 2760 3361 cousideraverit,
2814 3295 3048 3359 melius,
3093 3295 3401 3364 opinor,‘de
3427 3292 3624 3347 Basilio

2056 3386 2412 3453 existimabit,
2449 3401 2610 3454 quam
2643 3394 2700 3440 ut
2729 3394 2882 3455 putet
2911 3394 3117 3441 tantum
3143 3402 3206 3442 ac
3235 3386 3395 3441 talem
3427 3386 3621 3448 virum,

2060 3478 2162 3532 nisi
2215 3476 2502 3531 Eusebium
2536 3475 2898 3545 compilasset,
2940 3490 3138 3544 paucos
3182 3477 3441 3544 quosdam
3487 3474 3627 3543 psal-

2060 3584 2272 3625 morum
2299 3567 2593 3623 versiculos
2623 3566 2913 3636 explanare
2935 3582 3038 3621 non
3064 3569 3320 3637 potuisse.

2059 3685 2087 3758 ᾗ
2121 3684 2230 3739 VII.
2265 3682 2446 3738 Pauca
2478 3683 2742 3750 quantum,
2768 3697 2885 3748 qum
2917 3679 3087 3734 notari
3115 3681 3296 3734 debent
3325 3681 3381 3735 in
3410 3678 3623 3734 malum

2621 3767 2659 3814 ι,
2690 3766 2761 3803 vn
2796 3761 2843 3803 el
2875 3765 3064 3804 xxvtn.

2132 3847 2221 3903 40.
2255 3847 2554 3913 Antequam
2601 3844 2668 3895 ad
2701 3841 2805 3893 alia
2843 3849 3204 3905 transeamus,
3243 3839 3385 3893 haud
3433 3835 3622 3898 inutile

2062 3954 2181 3993 esse
2231 3938 2595 4007 judicavimus
2651 3934 2908 3987 nonnulla
2962 3932 3383 4003 hic.aduotare.
3430 3927 3618 3991 Nemo,

2060 4030 2203 4101 quod
2248 4029 2440 4091 sciam,
2482 4025 2708 4091 dubitat,
2760 4039 2857 4078 nec
2903 4022 3135 4076 dubitari
3169 4033 3328 4090 posse
3356 4018 3619 4081 arbitror,

2062 4122 2190 4191 quin
2229 4119 2403 4174 oratio
2447 4134 2508 4170 ca
2538 4131 2658 4185 qua:
2689 4116 2829 4168 inter
2864 4112 3048 4166 Basilii
3082 4127 3245 4181 opera
3277 4111 3541 4180 reperitur
3571 4110 3621 4162 in

2064 4213 2327 4281 psalmum
2365 4209 2618 4277 primum,
2657 4204 2834 4259 Basilii
2866 4218 2994 4257 vere
3033 4203 3122 4258 sit.
3157 4201 3223 4254 Et
3254 4213 3431 4257 tamen
3460 4200 3618 4254 verba

2060 4300 2377 4368 illa,.7:a'tv'ra
2402 4298 2588 4368 ὥσπερ
2622 4300 2678 4350 ὲν
2716 4294 2934 4366 μεγάλῳ
2965 4294 3072 4363 τινὶ
3104 4295 3196 4349 καὶ
3228 4293 3391 4363 κοινῷ
3419 4291 3622 4363 ταμείῳ

2057 4397 2123 4465 τῇ
2155 4392 2321 4464 βίϐλῳ
2342 4391 2447 4443 τῶν
2475 4387 2719 4460 Ψαλμῶν
2755 4385 3197 4458 τεΟησαύρισται,
3224 4403 3343 4456 qua:
3368 4387 3418 4439 iu
3443 4386 3621 4440 Basilii

1986 4483 2325 4572 Dprutemio
2392 4479 2675 4549 leguntur,
2724 4478 2865 4532 edita
2924 4492 3137 4547 quoque
3194 4478 3246 4531 in
3305 4476 3519 4532 Eusebii
3569 4478 3621 4528 in

2060 4575 2305 4629 Psalntos
2350 4572 2573 4641 prologo
2622 4570 2946 4624 invenimus.
2998 4569 3351 4624 Fluxeriutne
3401 4569 3518 4625 haec
3556 4586 3621 4623 ex

2059 4665 2377 4722 Eusebianis
2424 4664 2477 4716 in
2516 4661 2807 4726 Basiliana,
2842 4677 2910 4715 an
2958 4676 2988 4714 e
3029 4662 3314 4717 Basilianis
3353 4662 3404 4717 in
3451 4662 3621 4716 Eusc-

2063 4758 2244 4819 biaua,
2277 4753 2443 4821 quaeri
2482 4761 2677 4821 poteSt.
2712 4749 2841 4816 Sed,
2872 4760 3131 4819 quantum
3185 4750 3493 4819 conjectura
3523 4765 3623 4805 au-

2056 4864 2254 4920 guror,
2311 4861 2343 4900 e
2398 4843 2579 4897 Basilii
2649 4845 2895 4897 oratione
2953 4843 3004 4896 in
3062 4840 3280 4897 Eusebii
3340 4842 3618 4912 prologum

2058 4943 2342 4998 transiere.
2378 4939 2591 4992 Etenim
2644 4938 2807 4993 verba
2862 4936 2951 4991 illa
2999 4938 3050 4991 in
3103 4936 3335 4992 Eusebio
3377 4951 3618 4991 connexa

2058 5050 2179 5090 esse
2234 5049 2336 5086 non
2376 5031 2644 5096 videntur,
2679 5045 2853 5098 neque
2887 5045 3005 5083 cum
3047 5027 3491 5099 praecedentibus,
3527 5046 3621 5081 ne.

2058 5141 2161 5195 que
2192 5140 2309 5178 cum
2341 5121 2829 5191 subsequentibus;
2864 5129 3072 5186 contra,
3108 5121 3219 5174 haec
3250 5120 3362 5190 ipsa
3395 5119 3621 5173 miriﬁce

2057 5216 2199 5284 apud
2235 5212 2492 5265 Basiliam
2521 5226 2644 5265 cutn
2679 5219 2785 5264 tota
2834 5210 3031 5278 reliqua
3071 5210 3316 5264 oratione
3348 5209 3622 5264 cohzerere

2049 5306 2395 5377 perspicuum
2426 5312 2530 5356 est.
2559 5302 2710 5369 Quod
2751 5303 2942 5355 attinet
2968 5302 3033 5355 ad
3062 5302 3360 5355 orationem
3392 5302 3446 5354 iu
3474 5300 3619 5367 psal-
3674 5284 3701 5317 ⁸

2052 5414 2195 5450 mum
2232 5398 2544 5460 septimum,
2592 5411 2711 5463 qua:
2760 5395 2811 5447 in
2846 5392 3028 5447 Basilii
3071 5392 3395 5446 editionibus
3439 5376 3618 5458 sequi-

2057 5501 2167 5555 tur,
2217 5505 2359 5560 :egre
2392 5488 2546 5542 nobis
2583 5487 2702 5549 fuit,
2732 5484 2872 5553 quod
2903 5485 2955 5538 in
2987 5498 3049 5538 ea
3086 5483 3287 5538 nullum
3321 5482 3621 5552 deprehen-

2062 5581 2298 5636 derimus
2348 5577 2947 5651 vestigiumhomiliae,
2999 5576 3049 5630 id
3086 5587 3168 5631 est
3215 5575 3330 5646 ejus
3363 5576 3625 5631 orationis
