4094 6220
1489 385 1549 442 D.
1589 381 1732 436 JUL.
1769 383 2096 439 CARNERII
2136 385 2519 440 PBEFATIO.

3542 413 3636 450 CCV

403 507 523 563 quae
547 493 615 548 ad
651 493 901 563 p0pulum
931 495 1178 560 habetur,
1209 510 1332 551 cum
1375 506 1552 550 tamen
1594 496 1794 564 alioqui
1837 496 1969 550 satis
1998 499 2043 555 Α
2072 494 2099 565 §
2136 494 2265 548 \‘lll.
2306 495 2794 564 Quidsentiendum
2821 499 2884 550 sit
2921 499 2982 550 de
3020 499 3274 553 Theodori
3308 501 3636 558 Heracleam

405 593 612 641 constet
639 600 826 640 omnes
856 585 1042 641 Basilii
1080 589 1132 642 in
1179 589 1418 642 Psalmos
1449 589 1728 643 orationes
1761 589 1826 641 ad
1879 604 1971 655 po-

404 676 584 745 pulum
622 677 831 732 babitas
861 693 998 733 esse.
1028 679 1157 749 Ejus
1186 681 1260 734 rei
1297 681 1558 734 rationem
1596 681 1818 734 reddere
1847 695 1968 734 cum

405 779 510 820 non
558 769 850 835 possimus,
902 785 1020 823 eam
1077 772 1284 825 discere
1315 787 1344 823 a
1391 774 1759 842 sagacioribus
1816 772 1968 841 cupi-

409 873 544 912 mus.
592 859 756 924 Illud,
809 862 958 932 παρὰ
1013 863 1104 916 τὸν
1156 865 1451 928 κτίσαντα,
1484 866 1626 934 quod
1678 864 1872 936 legitur
1917 865 1969 918 in

408 951 613 1019 psalmo
645 969 813 1008 xxvm
833 995 848 1019 ,
878 971 1025 1008 num.
1049 956 1118 1021 2,
1152 957 1308 1010 aliter
1337 958 1405 1012 ab
1435 958 1554 1011 aliis
1591 957 1972 1026 interpretibus

409 1058 718 1113 expressum
749 1056 831 1101 est
857 1066 869 1101 :
901 1065 1002 1117 qua
1033 1050 1098 1104 de
1140 1065 1196 1102 re
1231 1064 1398 1116 pauca
1427 1051 1606 1105 dicere
1640 1050 1785 1104 libet.
1815 1049 1968 1115 Quod

409 1135 485 1188 ait
517 1136 598 1190 vir
633 1139 1029 1195 eruditissimus
1079 1142 1302 1196 Ducacus
1342 1142 1392 1196 in
1423 1143 1535 1197 suis
1563 1145 1627 1196 ad
1657 1145 1796 1197 hunc
1824 1143 1969 1212 psal-

410 1241 552 1279 mum
583 1227 745 1292 notis,
775 1231 912 1283 duas
943 1231 1041 1286 has
1064 1232 1306 1301 Apostoli
1336 1247 1495 1287 voces
1513 1233 1558 1264 ⁵ο
1585 1234 1654 1286 ita
1685 1232 1972 1286 vertendus

408 1331 551 1382 esse,
575 1321 833 1387 praeterito
854 1320 1118 1388 Creatore,
1146 1324 1198 1376 in
1229 1339 1294 1378 eo
1316 1334 1532 1379 secutus
1567 1333 1652 1378 est
1685 1322 1968 1388 Hilarium,

409 1409 500 1475 qui
552 1410 702 1466 initio
755 1411 872 1466 libri
923 1428 997 1466 xu
1052 1413 1129 1468 De
1177 1413 1321 1467 Trin.
1373 1415 1536 1468 verba
1586 1414 1823 1483 Apostoli
1863 1430 1971 1470 non

409 1500 563 1554 aliter
590 1503 840 1558 reddidit.
872 1504 980 1560 Nec
1009 1505 1077 1560 ob
1104 1505 1155 1561 id
1188 1506 1356 1560 solum
1388 1507 1601 1576 probari
1633 1507 1791 1562 debet
1833 1507 1970 1577 ejus-

411 1594 551 1648 modi
605 1595 1014 1665 interpretatio,
1065 1599 1206 1666 quod
1262 1599 1665 1653 sanctissimum
1715 1599 1968 1653 doctissi-

410 1699 660 1755 mumque
715 1689 887 1741 virum
943 1688 1202 1744 llilariutn
1261 1700 1535 1745 auctorem
1589 1691 1823 1755 habent,
1876 1693 1968 1746 sed

408 1773 549 1838 quod
592 1785 826 1829 mentem
879 1777 1120 1846 Apostoli
1171 1779 1372 1846 optime
1415 1780 1714 1847 exprimat.
1746 1779 1967 1844 Contra,

409 1859 498 1927 qui
540 1869 633 1914 aut
674 1878 797 1918 cum
831 1864 1056 1920 Erasmo
1093 1866 1338 1932 verterit,
1381 1883 1541 1936 supra
1569 1883 1688 1920 eum
1716 1868 1804 1936 qui
1849 1884 1970 1922 con-
2001 1840 2042 1895 Β

409 1950 566 2018 didit,
597 1964 690 2007 aut
727 1970 852 2010 cum
889 1957 1006 2013 aliis
1037 1958 1380 2028 quibusdam,
1425 1971 1615 2026 praeter
1647 1958 1970 2025 Creatorem,

408 2059 568 2110 quam
635 2046 948 2115 longissime
1012 2065 1042 2102 a
1115 2049 1266 2103 Pauli
1327 2051 1605 2119 proposito
1677 2050 1969 2108 aberrabil.

411 2131 622 2199 Quale,
669 2148 727 2190 ut
780 2139 916 2191 idem
963 2137 1186 2194 Ducatus
1236 2153 1436 2198 monet.
1487 2141 1630 2195 haud
1682 2141 1972 2197 immerens

415 2227 769 2294 reprehensus
797 2237 878 2282 est
918 2228 1171 2282 Erasmus
1210 2247 1239 2282 a
1271 2228 1475 2284 Theod.
1503 2230 1663 2296 Beza,
1703 2232 1846 2300 quod
1899 2232 1972 2286 ita

413 2315 798 2386 interpretatus
835 2329 1012 2386 esset,
1065 2331 1122 2374 ut
1154 2323 1397 2392 Apostoli
1451 2324 1718 2378 sententia
1774 2325 1825 2378 in
1872 2324 1974 2378 fal-

409 2423 528 2462 sum
574 2423 790 2464 sensum
859 2412 1287 2481 detorqueretur.
1335 2412 1469 2468 Nam
1521 2430 1587 2470 ex
1644 2416 1825 2486 inepta
1883 2417 1973 2471 illa

412 2499 620 2554 Erasmi
673 2502 1121 2570 interpretatione
1177 2505 1420 2574 sequitur
1487 2506 1680 2574 impios
1733 2507 1854 2561 illos
1910 2509 1975 2563 de

411 2592 602 2660 quibus
646 2601 824 2648 sermo
851 2604 935 2649 est
980 2596 1081 2650 hoc
1126 2597 1262 2662 loco,
1306 2595 1507 2652 cultum
1549 2597 1778 2668 aliquem
1825 2613 1976 2653 crea-

414 2684 545 2738 turis
573 2685 731 2739 simul
761 2697 814 2739 et
850 2687 954 2740 Deo
982 2689 1314 2754 exhibuisse,
1349 2705 1472 2746 cum
1503 2689 1604 2744 hoc
1635 2690 1749 2745 solo
1783 2691 1976 2746 discri-

413 2775 576 2840 mine,
624 2779 766 2845 quod
801 2777 911 2834 Deo
972 2782 1272 2846 minorem,
1323 2783 1590 2837 creaturis
1646 2782 1978 2837 reddiderint

415 2869 670 2938 majorem
702 2888 716 2923 :
749 2885 854 2940 quo
888 2872 1020 2926 nihil
1069 2884 1244 2943 potest
1288 2875 1394 2929 dici
1427 2890 1457 2930 a
1494 2872 1785 2942 Scriptura:
1817 2889 1977 2928 sensu

412 2972 504 3015 aut
536 2964 818 3028 remotius,
855 2975 947 3019 aut
979 2967 1148 3036 magis
1181 2967 1434 3021 alienum.
1464 2966 1685 3021 Constat
1729 2966 1872 3020 enim
1911 2980 1977 3020 ex

412 3053 649 3122 Apostoli
690 3055 887 3122 verbis,
931 3057 1170 3111 debitum
1219 3059 1329 3112 Deo
1379 3059 1638 3112 honorem
1689 3073 1718 3111 a
1759 3057 1978 3128 perﬁdis

416 3144 519 3197 illis
572 3155 740 3200 totum
796 3147 861 3201 ad
911 3148 1050 3202 idola
1106 3150 1421 3204 translatum
1476 3164 1613 3204 esse.
1671 3151 1814 3220 Ergo
1858 3149 2048 3230 jureC

415 3237 616 3307 Optimo
644 3238 1099 3320 vituperatus_est
1130 3241 1407 3306 Erasmus,
1455 3242 1544 3310 qui
1587 3240 1866 3311 Vulgatam
1903 3242 1978 3296 le-

415 3329 665 3395 ctionem,
697 3330 764 3382 Et
801 3332 1084 3385 servierunt
1115 3340 1372 3386 creatura:
1417 3334 1591 3401 potius
1634 3349 1789 3402 quam
1823 3331 1981 3387 Crea-

416 3420 542 3484 tori,
589 3421 730 3474 haud
764 3422 834 3475 ita
873 3421 1091 3489 malam,
1138 3423 1367 3491 pessima
1419 3423 1780 3478 commutauit.
1829 3423 1982 3477 llaud

417 3509 599 3578 plane,
638 3510 738 3564 nisi
777 3513 929 3565 valde
963 3512 1139 3578 fallor,
1181 3529 1212 3566 a
1243 3512 1393 3566 Pauli
1459 3514 1722 3568 sententia
1758 3514 1979 3568 multmn

419 3600 694 3664 abluserit,
743 3603 834 3670 qui
885 3603 1025 3656 dieet
1071 3604 1504 3672 praepositionem
1551 3604 1703 3674 παρὰ
1735 3606 1836 3660 hoc
1866 3605 1984 3659 loco

420 3695 534 3746 vice
560 3693 950 3762 praepositionis
974 3694 1094 3746 ἀντί
1124 3695 1352 3763 positam
1386 3695 1573 3758 fuisse,
1603 3697 1818 3763 vimque
1842 3695 1984 3749 illius

421 3785 638 3851 habere,
667 3786 746 3840 sic
774 3797 832 3839 ut
861 3787 1212 3855 apostolicum
1241 3787 1391 3850 illud,
1423 3789 1534 3840 Καὶ
1561 3786 1890 3858 ἐλάτρευσαν
1916 3790 1984 3859 τῇ

421 3876 594 3928 κτίσει
628 3876 776 3949 παρὰ
803 3879 893 3930 τὸν
922 3878 1201 3941 κτίσαντα,
1229 3878 1359 3932 satis
1386 3878 1663 3932 commode
1693 3881 1764 3931 ita
1800 3878 1986 3932 Latine

426 3969 568 4022 reddi
598 3969 806 4036 possit:
843 3969 910 4022 Et
943 3970 1214 4028 coluerunt
1249 3985 1309 4024 ea
1337 3986 1454 4039 qua:
1499 3970 1710 4022 condita
1741 3979 1862 4022 sunt
1893 3987 1987 4039 pro

423 4079 482 4115 eo
520 4062 606 4131 qui
642 4061 898 4124 condidit,
947 4070 1057 4125 aut,
1107 4061 1220 4114 loco
1257 4063 1370 4130 ejus
1413 4061 1500 4129 qui
1535 4060 1794 4113 condidit.
1843 4058 1988 4113 Peri-

427 4153 615 4208 tissimi
663 4154 768 4207 duo
818 4153 1216 4220 Scripturarum
1274 4153 1595 4220 interpretes
1640 4150 1903 4206 Eusebius
1936 4159 1990 4206 et

425 4244 652 4299 Basilius
689 4245 800 4297 btec
835 4245 1021 4310 psalmi
1065 4243 1304 4296 vicesimi
1339 4242 1513 4296 octavi
1547 4244 1729 4307 verba,
1760 4241 1988 4296 Adorate

429 4339 707 4391 Dominum
737 4338 790 4389 in
821 4336 959 4388 atrio
975 4346 1156 4388 sancto
1183 4336 1296 4404 ejus
1316 4336 1400 4397 δ”,
1438 4335 1511 4388 ita
1549 4334 1987 4403 interpretantur,

429 4437 487 4481 ut
515 4428 692 4482 dicant
717 4428 1081 4479 adoratiouem
1122 4426 1232 4479 ﬁeri
1267 4441 1371 4479 non
1410 4425 1605 4480 debere
1629 4434 1782 4480 extra
1817 4426 1990 4481 eccle-

2671 571 3062 622 commentario.

2141 679 2233 733 41.
2265 679 2442 733 Edidit
2479 678 2796 747 jamdudum
2824 683 3216 738 eruditissimus
3243 686 3324 738 vir
3357 686 3636 742 Balthasar

2072 771 2363 825 Corderius
2389 771 2633 840 egregios
2662 779 2772 824 tres
2800 780 2992 837 tomos,
3024 775 3074 826 in
3103 777 3298 843 quibus
3327 779 3634 833 continetur

2072 862 2421 931 Paraphrasis
2451 863 2504 914 in
2537 860 2802 927 Psalmos,
2827 861 3257 920 Commentarius
3290 868 3340 920 in
3372 868 3512 922 idem
3547 885 3634 922 ar-

2072 960 2401 1020 gumentum,
2431 951 2655 1015 Catena,
2681 966 2840 1018 quam
2874 963 3084 1017 vocant,
3113 969 3143 1007 e
3182 957 3364 1012 multis
3409 961 3635 1028 scripto-

2073 1043 2220 1096 ribus
2249 1042 2641 1096 consarcinata.
2673 1041 2788 1095 Non
2832 1052 2914 1096 est
2948 1045 3162 1110 quidem
3192 1048 3331 1113 quod
3374 1050 3527 1104 valde
3557 1051 3634 1104 la-

2071 1132 2414 1202 borem,quis
2437 1142 2529 1186 aut
2554 1133 2923 1202 paraphrasim
2941 1144 3031 1188 aut
3056 1146 3299 1189 catenam
3323 1140 3631 1208 scripserit;

2071 1224 2163 1278 sed
2199 1225 2264 1278 de
2293 1226 2560 1292 scriptore
2604 1227 2997 1289 commentarii,
3039 1226 3082 1280 si
3131 1227 3420 1294 pessimam
3460 1235 3634 1299 suspi-

2071 1315 2278 1369 cionem
2307 1330 2336 1367 a
2369 1314 2564 1369 Basilio
2595 1330 2846 1370 amovere
2889 1315 3070 1383 velim,
3103 1317 3329 1370 multum
3376 1320 3636 1375 sollicitus

2071 1422 2191 1464 esse
2244 1407 2431 1463 debeo.
2481 1406 2604 1462 Scio
2653 1409 2792 1461 hunc
2845 1409 3292 1462 commentarium
3354 1410 3636 1465 Theodoro

2071 1499 2403 1554 lleracleotte
2435 1499 2504 1554 ab
2529 1514 2594 1554 eo
2636 1515 2796 1570 quem
2841 1515 2967 1553 mox
3011 1500 3118 1553 dixi
3169 1500 3284 1553 viro
3325 1500 3638 1556 doctissimo

2070 1591 2349 1647 Balthasar
2381 1591 2640 1646 Corderio
2670 1591 2863 1657 tribui;
2896 1606 2994 1645 nec
3028 1605 3163 1660 nego
3201 1592 3490 1646 adductum
3515 1608 3636 1646 eum

2073 1685 2238 1739 fuisse
2280 1685 2332 1738 in
2372 1683 2511 1738 hanc
2539 1684 2846 1754 Opinionem
2879 1691 3196 1750 argumento
3227 1683 3549 1753 gravissimo
3583 1695 3637 1738 et

2072 1777 2138 1830 ad
2169 1776 2594 1846 persuadendum
2641 1776 3237 1830 accommodatissimo:
3273 1779 3366 1830 sed
3406 1777 3505 1845 ipsi
3553 1785 3637 1830 ta-

2074 1881 2198 1921 men
2242 1866 2310 1921 ob
2355 1881 2447 1919 eas
2475 1879 2610 1934 quas
2642 1866 2824 1919 statim
2860 1863 3129 1932 proferam
3162 1880 3355 1920 causas
3387 1867 3635 1921 assentiri

2073 1971 2180 2010 non
2226 1970 2386 2024 queo.
2412 1955 2482 2009 At
2511 1962 2730 2024 przestat
2759 1955 2932 2008 virum
2969 1957 3391 2009 eruditissimum
3424 1955 3636 2010 audire.

2079 2066 2100 2100 ‹
2129 2047 2385 2102 Catenam
2439 2046 2639 2113 itaque,
2690 2045 2894 2114 inquit,
2941 2061 3008 2099 ex
3065 2048 3306 2116 utrisque
3352 2046 3638 2116 pleniorem

2074 2139 2358 2203 contexui;
2403 2153 2562 2207 quam
2615 2152 2681 2190 ne
2713 2137 2877 2190 solam
2926 2138 3144 2202 darem,
3188 2138 3640 2192 Commentarium

2074 2229 2319 2285 Graecum
2357 2245 2702 2299 anonymum,
2750 2229 2803 2282 in
2838 2229 3026 2283 charta
3062 2230 3296 2298 quidem,
3325 2231 3416 2284 sed
3448 2244 3643 2299 peran-

2078 2322 2248 2391 tiqua,
2291 2321 2567 2391 eleganter
2607 2321 2995 2388 conscriptum,
3037 2335 3103 2374 ex
3152 2321 3400 2376 Cmsarea
3449 2322 3644 2376 addere.

2075 2414 2309 2484 placuit,
2358 2416 2621 2469 hactenus
2670 2413 2883 2482 quidem
2920 2413 3288 2482 incognitum;
3333 2413 3437 2466 nisi
3481 2414 3641 2482 quod,

2077 2506 2201 2560 dum
2257 2514 2384 2558 ante
2439 2518 2676 2557 mensem
2735 2503 2961 2556 Romam
3014 2505 3276 2569 veniens,
3331 2501 3642 2557 Vaticanam

2077 2595 2366 2664 pontiﬁcis,
2411 2610 2475 2648 ac
2526 2594 2856 2660 Quirinalem
2897 2592 3308 2646 eminentissimi
3361 2592 3641 2648 Francisci

2079 2685 2366 2740 cardinalis
2395 2684 2674 2739 Barberini
2705 2683 3092 2738 Bibliotliecam
3123 2684 3410 2752 perlustro,
3443 2694 3498 2738 et.
3524 2699 3646 2738 cunt

2080 2777 2456 2844 manuscriptis
2517 2775 2856 2845 pervetusds,
2906 2789 3025 2844 qua:
3073 2776 3125 2828 in
3167 2789 3492 2843 pergameno
3543 2776 3643 2828 de-

2080 2870 2280 2937 scripto
2335 2868 2529 2921 ibidem
2583 2875 2885 2930 servantur,
2920 2865 3158 2931 confero,
3191 2865 3482 2934 repererim
3527 2880 3648 2919 esse

2081 2959 2346 3014 Theodori
2386 2957 2748 3023 lleracleotae;
2785 2958 2937 3027 cujus
2983 2959 3198 3012 nomine
3245 2959 3315 3011 ita
3361 2966 3516 3011 erant
3561 2958 3643 3010 in-

2080 3052 2278 3120 scripta
2328 3069 2340 3105 :
2393 3050 2743 3103 ΘΕΟΔΩΡΟΥ
2797 3050 3194 3103 ΕΠΙΣΚΟΠΟΥ
3256 3050 3649 3102 ΗΡΑΚΛΕΙΑΣ

2081 3140 2361 3210 ΘΡᾼΚΗΣ
2396 3138 2750 3192 ΕΡΜΙΙΝΕΙΑ
2788 3139 2895 3191 ΕΙΣ
2934 3139 3112 3191 ΤΟΥΣ
3148 3139 3506 3194 ΨΑΛΜΟΥΣ.
3537 3137 3649 3191 Hoc

2082 3232 2198 3300 ipso
2229 3232 2278 3284 in
2305 3231 2422 3286 loco
2447 3232 2709 3286 edendum
2733 3232 2942 3286 curavit
2968 3232 3255 3286 Corderius
3285 3231 3648 3285 testimonium

2082 3323 2212 3377 illud
2238 3320 2547 3393 Ilieronymi
2572 3337 2600 3375 e
2624 3323 2762 3377 libro
2790 3322 2862 3376 De
2887 3325 3227 3393 scriptoribus
3249 3323 3612 3378 ecclesiasticis
3630 3338 3650 3375 :

2088 3435 2106 3466 ι
2132 3400 2724 3484 Theadoruslleracleze
2741 3416 3092 3469 Thraciarum
3115 3416 3420 3484 episcopus,
3437 3414 3653 3484 elegan—

2087 3516 2154 3569 tis
2174 3515 2454 3585 apertique
2471 3513 2756 3577 sermonis,
2790 3522 2843 3566 et
2862 3513 3031 3581 magis
3058 3511 3326 3566 historica:
3352 3509 3654 3577 intelligen-

2087 3608 2188 3668 tiae,
2221 3605 2496 3660 ediditsub
2519 3604 2834 3658 Constantio
2865 3603 3107 3672 principe
3133 3601 3567 3656 Commentarios
3598 3602 3653 3652 in

2087 3695 2732 3750 Matt/tivumetJoannem
2753 3695 2871 3747 etin
2889 3693 3190 3764 Apostolum
3204 3699 3262 3746 et
3282 3691 3611 3745 Psalterium.
3631 3710 3648 3741 ι

2088 3787 2165 3841 Ex
2196 3787 2393 3855 quibus
2423 3788 2529 3839 duo
2561 3784 2812 3854 colligere
2844 3785 2986 3847 licet,
3030 3783 3282 3852 primum,
3323 3791 3655 3835 commenta-

2088 3880 2226 3932 rium
2259 3877 2404 3932 illum
2436 3875 2718 3930 Theodoro
2744 3874 3001 3928 tributum
3027 3889 3145 3928 esse
3174 3888 3237 3928 ex
3272 3871 3376 3926 ﬁde
3407 3871 3653 3925 codicum

2089 3973 2467 4027 Yaticanorum
2517 3979 2570 4024 et
2617 3969 3118 4024 Barberinianorum
3164 3985 3176 4020 :
3221 3967 3470 4031 alterum,
3515 3967 3658 4020 hunc

2090 4064 2338 4118 eumdem
2366 4062 2812 4116 commentarium
2845 4061 3047 4115 editum
3084 4075 3112 4113 a
3143 4057 3425 4114 Theodoro
3466 4059 3655 4124 fuisse,

2090 4156 2390 4225 imperante
2403 4155 2740 4211 Constantio.
2760 4154 2885 4219 Sed,
2907 4153 2949 4208 si
2964 4153 3037 4208 ita
3062 4163 3162 4217 est,
3183 4151 3377 4207 frustra
3400 4157 3659 4206 hactenus

2091 4247 2485 4313 laboravimus;
2526 4246 2679 4302 nobis
2725 4247 2807 4301 vel
2855 4247 3038 4302 invitis
3074 4245 3305 4299 Basilius
3355 4244 3496 4298 inter
3545 4244 3659 4312 pla-

2092 4341 2292 4410 giarios
2339 4340 2729 4394 numerabitur.
2776 4338 2960 4408 Neque
2994 4351 3119 4392 vero
3167 4351 3263 4406 pro
3305 4335 3660 4405 qualicunque

2094 4434 2358 4504 plagiario
2398 4432 2718 4495 habebitur;
2762 4431 2854 4485 sed
2890 4428 3212 4498 prazcipuum
3263 4430 3547 4494 quemdam
3587 4425 3663 4479 lo—

426 4522 561 4573 siam
591 4537 603 4572 :
637 4519 688 4572 id
726 4521 865 4587 quod
899 4517 1012 4570 viro
1032 4517 1400 4572 eruditissimo
1421 4519 1498 4588 (a)
1532 4520 1704 4574 visum
1725 4526 1804 4572 est
1834 4517 1988 4588 |0nga
2023 4510 2067 4565 Ῐ)
2096 4542 2216 4579 cum
2245 4525 2384 4579 inter
2417 4539 2510 4578 eos
2543 4522 2770 4577 obtinet.
2796 4521 3006 4574 Etenim
3039 4528 3144 4571 tam
3175 4517 3336 4570 multa
3367 4525 3511 4580 sunt,
3545 4530 3663 4582 quze

424 4612 802 4680 explanatione
833 4620 992 4679 atque
1036 4611 1248 4665 curiosa
1299 4611 1561 4681 indigere.
1593 4610 1721 4674 Sed,
1759 4620 1818 4664 ut
1859 4611 1991 4663 mihi

427 4699 642 4771 quidem
681 4700 917 4763 videtur,
963 4715 1096 4768 Opus
1130 4715 1235 4754 non
1283 4711 1402 4754 erat
1447 4709 1550 4754 tam
1589 4701 1768 4755 multis
1815 4701 1993 4755 verbis

427 4795 492 4846 ad
523 4793 842 4846 sententiam
883 4791 1098 4845 Eusebii
1126 4803 1176 4844 et
1206 4790 1384 4845 Basilii
1417 4794 1811 4862 exponendam.
1837 4792 1990 4856 Nam,

429 4883 531 4935 nisi
562 4881 712 4936 valde
747 4882 922 4944 fallor,
954 4882 1087 4935 satis
1123 4881 1312 4936 luisset
1341 4881 1543 4945 dicere,
1587 4882 1870 4936 ecclesiam
1909 4885 1991 4937 liis

427 4973 483 5026 in
515 4973 643 5026 locis
688 4975 1010 5027 summulam
1047 4989 1149 5026 non
1200 4989 1320 5027 esse
1359 4989 1454 5042 pro
1488 4974 1600 5042 ipso
1637 4975 1856 5043 templo,
1899 4976 1990 5029 sed

429 5083 524 5135 pro
556 5066 821 5120 catholica
853 5067 1254 5120 communione.
1301 5066 1414 5122 Hoc
1461 5068 1624 5136 igitur
1655 5069 1808 5122 docet
1851 5078 1996 5120 uter-

429 5175 534 5227 que
577 5159 839 5227 interpres
887 5158 1147 5229 Grteeus,
1200 5175 1388 5213 omnes
1438 5161 1678 5225 omnino,
1731 5161 1818 5228 qui
1874 5177 1998 5214 vcre

429 5252 596 5303 Deum
627 5252 854 5304 adorare
889 5250 1094 5313 volunt,
1148 5249 1353 5321 ingredi
1380 5261 1629 5320 oportere
1673 5253 1724 5305 in
1776 5253 1998 5307 catholi-

427 5359 546 5395 cam
584 5344 893 5397 socictatem
922 5362 933 5396 :
964 5355 1118 5398 extra
1144 5359 1303 5412 quam
1338 5359 1493 5398 nemo
1524 5345 1688 5400 Deum
1739 5361 1862 5398 vere
1913 5347 1998 5399 ad-

425 5449 584 5488 orare
615 5445 809 5503 potest.

503 5637 544 5664 "'
592 5635 742 5687 Rom.
778 5651 825 5697 ι,
870 5633 955 5687 25.
1073 5633 1137 5665 Μ’
1183 5632 1322 5686 Paul.
1369 5649 1540 5687 XXVIII
1569 5677 1579 5697 ,
1625 5634 1674 5684 ‘3-

503 5799 576 5866 (a)
620 5798 750 5853 Coll.
784 5798 952 5854 Gra‘t‘.
985 5799 1095 5854 Pl’.
1133 5801 1182 5854 in
1217 5801 1394 5862 Plut-ﬂ,
1432 5817 1479 5870 ῃ.
1513 5801 1599 5854 54.

2098 4619 2315 4672 totidem
2370 4619 2550 4671 verbis
2608 4615 2934 4687 syllabiSque
2982 4610 3141 4666 simul
3190 4617 3244 4662 et
3289 4609 3340 4660 in
3392 4606 3662 4662 Theodori

2097 4711 2486 4764 commentario
2516 4710 2786 4778 leguntur,
2816 4716 2868 4760 et
2897 4707 2948 4760 in
2980 4703 3164 4759 Basilii
3199 4700 3551 4765 orationibus,
3583 4709 3660 4761 ut,

2096 4803 2140 4855 si
2175 4802 2440 4855 Theodori
2487 4816 2622 4868 opus
2651 4816 2773 4855 esse
2813 4798 2976 4852 semel
3022 4797 3303 4855 fateamur,
3337 4791 3446 4859 jam
3496 4790 3663 4842 latro-

2099 4894 2221 4946 cinii
2280 4893 2646 4961 suspicionem
2698 4909 2726 4944 a
2781 4891 2977 4944 Basilio
3046 4902 3321 4942 removere
3373 4899 3478 4938 non
3537 4897 3663 4952 pos-

2103 4987 2292 5040 simus.

2176 5077 2264 5130 42.
2307 5075 2413 5130 Nec
2455 5075 2609 5144 longe
2643 5076 2926 5144 qumrenda
2963 5071 3206 5142 exempla
3249 5080 3394 5134 sunt,
3424 5086 3544 5124 cum
3603 5084 3671 5120 ne

2109 5169 2474 5238 quati-cutibus
2513 5169 2728 5237 quidem
2778 5184 2895 5222 sese
2928 5167 3123 5234 passim
3157 5163 3405 5218 oll'eraut.
3457 5161 3670 5215 Exscri~

2106 5261 2230 5314 bere
2266 5261 2480 5328 quidem
2513 5260 2692 5313 omnia
2727 5261 2840 5312 btec
2872 5259 2984 5313 loca
3018 5257 3230 5325 longum
3261 5264 3425 5317 esset,
3458 5263 3509 5306 et
3541 5253 3668 5304 alin-

2107 5349 2231 5414 quin
2271 5348 2492 5412 inutile;
2526 5350 2618 5402 sed
2658 5348 2898 5403 fortassis
2923 5364 2952 5402 e
2987 5363 3041 5400 re
3074 5346 3231 5400 fuerit
3265 5346 3440 5413 aliqua
3474 5344 3524 5396 in
3561 5359 3672 5395 mc—

2107 5440 2250 5492 ilium
2302 5439 2558 5509 proferre,
2592 5453 2649 5496 ut
2698 5458 2761 5497 ex
2814 5441 2896 5496 bis
2924 5442 2987 5494 de
3021 5440 3138 5494 aliis
3177 5437 3443 5493 similibus
3488 5434 3674 5503 conje-
