4094 6220
466 388 588 432 (ξονι

1825 363 2356 422 PBOLEGOMENA.

467 501 617 547 ctura
651 488 766 544 ﬁeri
815 485 1004 557 possit.
1036 485 1159 540 llzec
1195 485 1376 552 itaque
1403 485 1650 553 leguntur
1679 484 1730 535 iu
1758 497 2032 536 commen-

2145 480 2466 550 ἐπαχθείσης
2527 481 2831 551 ἰατρείας...
2861 481 2934 535 Οὐ
2969 481 3184 536 πάντων
3231 481 3288 534 δὲ
3318 479 3449 548 Θεὸς
3487 487 3516 540 6
3551 487 3705 556 Θεὸς,

470 581 607 635 tario
649 581 710 632 in
749 579 975 646 primum
1019 575 1324 645 psalmum:
1356 574 1470 626 Οὐκ
1522 571 1811 625 ἀπέκλεισε
1847 570 1903 622 δὲ
1944 567 2036 621 τοῦ

471 668 818 743 μακαρισμοῦ
829 668 927 731 τὰς
938 670 1221 734 γυναῖκας,
1236 665 1347 719 ἀλλ’
1373 666 1437 717 ἐκ
1455 663 1548 717 τοῦ
1575 661 2038 733 ἡγεμονικωτέρου

468 764 530 816 τὸ
563 762 682 816 ὅλον
719 759 1034 825 ἐνεδείξατο.
1063 759 1209 820 Μιᾶς
1241 757 1346 828 γὰρ
1380 755 1592 824 φύσεως
1641 755 1734 806 καὶ
1782 754 1919 824 ἀνὴρ
1950 753 2041 805 καὶ

468 852 626 921 γυνή.
653 849 767 904 Οὐκ
809 846 927 903 εἷπε
969 849 1055 902 δέ·
1087 849 1149 911 ὃς
1173 849 1231 900 οὐ
1261 847 1568 918 πορεύεται.
1611 847 1667 897 '0
1707 845 1802 914 μὲν
1830 843 1937 916 γὰρ
1983 845 2041 896 ὲν

466 939 546 1010 τῷ
579 937 679 1009 βίῳ
719 939 1018 1008 τυγχάνων,
1048 936 1198 990 οὔπω
1253 935 1604 1006 μακαριστὸς,
1635 933 1724 986 διὰ
1763 933 1824 986 τὺ
1848 932 2042 1003 ἄδηλον

467 1029 567 1100 τῆς
620 1029 928 1092 ἐκϐάσεως
966 1029 994 1079 6
1033 1029 1089 1081 δὲ
1135 1029 1509 1098 ἀναντιρῤήτῳ
1556 1025 1698 1079 τέλει
1751 1024 1849 1096 τὴν
1898 1023 2041 1094 ζωὴν

469 1121 854 1184 κατακλείσας,
885 1112 1038 1182 οὗτος
1089 1119 1186 1189 ἥδη
1234 1117 1493 1187 ἀσφαλῶς
1544 1116 1907 1187 μακαρίζεται
1939 1117 2036 1186 (α).

473 1231 493 1264 ι
521 1211 769 1266 Mulieres
818 1222 994 1266 tamen
1029 1226 1057 1264 a
1096 1211 1423 1264 beatitudine
1475 1224 1578 1262 non
1634 1209 1900 1270 exclusit,
1945 1208 2038 1261 sed

467 1318 535 1358 ex
585 1303 953 1372 principaliori
995 1313 1162 1355 totum
1197 1301 1536 1356 declaravit:
1570 1300 1833 1368 siquidem
1883 1299 2041 1351 unius

469 1403 676 1449 natura:
720 1402 846 1447 sunt
885 1394 965 1446 vir
1003 1403 1056 1446 et
1093 1395 1304 1447 mulier.
1357 1392 1470 1445 Non
1522 1392 1659 1445 dixit
1690 1402 1890 1455 autem,
1939 1389 2037 1456 Qui

469 1500 575 1540 non
623 1485 755 1538 abit.
804 1484 904 1550 Qui
954 1484 1097 1538 enim
1129 1483 1339 1538 exsistit
1384 1484 1436 1537 in
1485 1484 1587 1536 hac
1629 1483 1763 1546 vita,
1811 1482 2038 1536 necdum

468 1578 656 1632 beatus
687 1575 791 1629 dici
819 1576 996 1641 debet,
1029 1585 1249 1644 propter
1281 1574 1716 1628 iucertitndinem
1767 1583 1993 1627 eventus
2021 1589 2034 1625 :

467 1667 640 1736 atqui
686 1665 1040 1736 irrel'ragabili
1105 1665 1212 1719 line
1265 1665 1426 1718 vitam
1470 1665 1757 1725 cont-lusit,
1807 1665 1892 1717 hic
1928 1662 2040 1731 jam

469 1769 585 1814 tuto
613 1761 800 1814 beatus
831 1760 1182 1829 praedicatur.
1211 1777 1229 1810 ι
1267 1759 1462 1812 Eadem
1495 1759 1730 1826 reperias
1762 1767 1816 1811 et
1857 1757 1907 1810 in
1939 1755 2040 1809 Ba-

467 1851 574 1905 silii
622 1851 866 1904 oratione
890 1852 945 1903 in
975 1850 1202 1917 primum
1225 1849 1504 1917 psalmum.
1528 1848 1956 1903 Commentarius
1981 1849 2038 1902 in

465 1939 722 2010 psalmum
736 1941 988 1994 decimum
1002 1950 1241 2009 quartum
1262 1940 1477 1994 exhibet
1492 1953 1702 2008 quoque
1721 1953 1823 1992 non
1843 1952 2034 2006 pauca,

471 2047 590 2100 quae
617 2033 837 2086 totidem
859 2032 1080 2102 syllabis
1109 2031 1343 2098 reperire
1374 2030 1443 2085 sit
1475 2031 1526 2083 in
1551 2029 1793 2084 oratione
1809 2044 1893 2094 ea,
1919 2044 2037 2097 quae

467 2123 609 2178 inter
634 2117 932 2177 Basil?anas
956 2123 1099 2177 edita
1127 2133 1210 2176 est.
1249 2123 1303 2175 in
1349 2123 1581 2175 eumdem
1625 2121 1901 2189 psalmum.
1932 2121 2038 2176 Sed

467 2228 590 2267 cum
639 2213 882 2279 Opusculi
943 2212 1103 2280 hujus
1145 2213 1432 2282 γνησιότης
1484 2213 1652 2280 possit
1709 2212 1762 2265 in
1823 2210 2036 2265 dubium

467 2306 731 2369 revocari,
764 2319 828 2358 ex
858 2319 922 2358 eo
955 2305 1249 2373 quidquam
1293 2304 1711 2358 exscribendum
1762 2319 1872 2358 non
1914 2319 2039 2358 ceu.-

472 2396 698 2452 suimus.
769 2397 1024 2465 Sequitur
1093 2398 1144 2452 in
1218 2395 1400 2449 Basilii
1469 2393 1706 2450 editione
1767 2396 2039 2449 enarratio

467 2488 638 2559 prima
662 2488 714 2541 in
738 2488 994 2556 psalmum
1026 2488 1324 2542 uicesimum
1353 2496 1610 2550 octavum,
1639 2500 1800 2555 quam
1836 2487 1880 2540 si
1913 2501 2034 2538 cum

465 2581 855 2636 commentario
930 2579 1366 2649 comparaveris,
1426 2579 1620 2631 eadem
1684 2576 1738 2630 in
1810 2586 2038 2645 utroque

466 2671 724 2742 opusculo
769 2671 1149 2740 reprehendes.
1199 2669 1288 2723 Sic
1323 2669 1465 2723 enim
1513 2667 1740 2736 legimus
1787 2667 1842 2720 in
1890 2681 2038 2721 com-

467 2765 730 2821 mentario
752 2780 870 2833 pag.
895 2763 996 2817 491
1027 2779 1042 2817 :
1086 2763 1171 2819 Ὡς
1221 2761 1319 2831 μὲν
1347 2759 1481 2830 πρὸς
1518 2760 1578 2812 τὸ
1609 2757 1885 2828 αἰσθητὸν,
1916 2757 2038 2809 ἐπεὶ

466 2859 522 2913 αι
555 2857 772 2928 νεφέλαι
801 2857 1026 2927 πλήρεις
1055 2855 1339 2924 γενόμεναι
1379 2853 1588 2915 ὓδατος,
1633 2851 1804 2920 ψόφον
1836 2853 2036 2904 ἀποτεη

467 2949 637 3014 λοῦσι,
669 2949 762 3002 καὶ
789 2950 822 3019 ἡ
861 2947 1094 3000 Θάλαττα
1125 2945 1392 3014 πνεύματι
1426 2943 1794 3013 ταραττομένη
1815 2980 1830 3003 ,
1867 2942 2036 3011 βίαιον

466 3038 598 3112 ἦχον
629 3041 932 3111 ἐκπέμπει,
973 3037 1276 3099 δεικνύντος
1325 3034 1416 3088 τοῦ
1453 3034 1634 3103 λόγου,
1681 3034 1761 3086 ὅτι
1812 3034 1961 3087 πᾶσα
1999 3036 2032 3103 ἡ

469 3133 645 3197 κτίσις
683 3130 964 3203 μονονουχὶ
994 3129 1111 3200 βοᾷ,
1138 3129 1226 3181 τὸν
1259 3127 1456 3197 ἑαυτῆς
1486 3125 1813 3196 δημιουργὸν
1837 3141 2035 3192 καταγ·
2068 3169 2111 3227 C

468 3225 751 3293 γέλλουσα.
776 3223 892 3277 Κᾶν
919 3222 1114 3294 βροντὴ
1141 3221 1195 3272 δὲ
1217 3222 1282 3272 ἐκ
1306 3219 1501 3286 νέφους
1529 3220 1760 3289 ἐκραγῇ,
1789 3217 1887 3270 οὐκ
1915 3217 2040 3270 ἄλλο

467 3333 522 3370 ιι.
559 3315 664 3390 χρὴ
694 3315 956 3386 νομίζειν,
998 3313 1030 3384 ἢ
1065 3314 1147 3366 ὅτι
1179 3314 1207 3365 6
1242 3311 1373 3372 Θεὸς
1403 3310 1501 3380 τῆς
1529 3310 1686 3381 δόξης
1727 3309 2040 3381 ἐϐρόντησε,

468 3409 564 3463 καὶ
592 3409 679 3461 ὅτι
711 3409 740 3460 6
768 3405 970 3478 Κύριος
998 3404 1096 3476 τὴν
1137 3403 1307 3473 ὑγρὰν
1333 3403 1518 3455 οὐσίαν
1564 3402 1776 3472 συνέχει
1809 3401 1876 3454 δι’
1915 3403 2042 3454 ἐαυ-

465 3499 586 3566 τοῦ,
614 3508 670 3554 et
697 3507 892 3553 uetera
931 3512 1038 3551 non
1071 3510 1269 3566 pauca,
1299 3507 1419 3564 qua:
1459 3493 1722 3563 quisque,
1762 3494 1807 3548 si
1852 3493 1998 3548 lubet
2027 3533 2043 3559 ,

469 3593 650 3663 legere
703 3598 904 3660 potest.
959 3587 1158 3642 Eadem
1231 3597 1409 3641 autem
1475 3595 1688 3640 exstant
1751 3587 1802 3638 in
1861 3584 2043 3640 Basilii

469 3684 735 3748 oratione,
777 3697 881 3736 non
915 3681 1131 3752 quidem
1182 3680 1542 3744 continenter,
1581 3680 1675 3733 sed
1713 3679 2042 3748 interpositis

469 3773 763 3830 nonnullis.
796 3770 906 3826 Nec
944 3769 1227 3825 dissimilia
1257 3784 1472 3839 quoque
1511 3769 1778 3823 habentur
1818 3769 1870 3823 iu
1899 3769 2043 3824 hunc

469 3866 660 3937 psalmi
724 3878 940 3919 versum
985 3881 997 3915 :
1048 3859 1158 3915 Vox
1222 3859 1431 3913 Domini
1493 3860 1844 3914 intercidentis
1893 3861 2045 3929 ﬂam-

470 3974 611 4012 mam
651 3956 785 4025 ignis
809 3955 879 4008 ".
937 3953 1042 4008 Sed
1071 3952 1159 4006 ubi
1193 3950 1420 4019 legimus
1447 3950 1645 4004 usitate
1681 3960 1734 4002 et
1770 3949 2045 4018 eleganter

473 4051 530 4104 in
564 4048 783 4114 Basilio,
811 4047 899 4099 ἵνα
1057 4043 1118 4096 τὸ
1150 4043 1246 4114 μὲν
1272 4042 1436 4113 δριμὺ
1474 4043 1569 4096 καὶ
1607 4042 1920 4096 κολαστικὸν
1949 4041 2043 4094 τοῦ

473 4140 642 4214 πυρὸς
667 4140 782 4202 τοῖς
819 4137 989 4204 ἀξίοις
1033 4136 1130 4206 τῆς
1169 4132 1417 4196 καύσεως
1463 4133 1876 4203 προσαπομένῃ,
1912 4143 2042 4197 etc.,

477 4253 496 4284 c
544 4231 834 4302 Ut...ignis
859 4228 1073 4298 quidem
1107 4226 1370 4295 asperitas
1403 4239 1467 4279 ac
1496 4225 1777 4294 torquendi
1801 4225 2043 4294 proprie-

473 4336 557 4380 tas
589 4323 656 4378 iis
707 4322 800 4390 qui
848 4318 1131 4375 adustione
1174 4315 1318 4385 digni
1372 4324 1498 4369 sunt
1549 4326 1815 4380 servetur,
1856 4335 1874 4368 ι
1911 4326 2040 4380 etc.,

475 4418 727 4473 inusitate
770 4422 825 4467 et
853 4412 1084 4466 barbare
1115 4409 1319 4465 editum
1357 4409 1412 4463 in
1451 4407 1854 4463 Commentario
1892 4408 2045 4462 inve-

2143 572 2278 625 ἀλλὰ
2326 571 2434 625 τῶν
2485 573 2869 628 οίκειωθέντων
2921 574 3070 645 αὐτῷ
3114 577 3180 630 δι’
3217 578 3484 648 ἀρετῆς...
3531 583 3706 648 οὐδὲν.

2143 666 2296 734 φησὶ,
2343 665 2532 734 γέγονε
2583 666 2745 736 μέσον
2782 668 2881 738 τῆς
2910 669 3046 740 ἐμῆς
3082 670 3284 740 φωνῆς,
3337 672 3431 725 καὶ
3472 675 3573 744 τῆς
3606 675 3710 745 σῆς

2143 755 2382 824 χάριτος,
2441 755 2555 808 ἁλλ’
2597 755 2733 826 όμοῢ
2778 757 3074 829 ἀνέκραξα,
3133 761 3226 813 καὶ
3275 762 3579 833 προσῆλθεν
3627 765 3710 820 τα-

2144 863 2248 910 σις.
2291 865 2308 898 ι
2338 846 2535 902 Beatus
2557 861 2735 903 autem
2770 849 2877 914 ille,
2905 852 2994 919 qui
3031 853 3083 904 in
3114 852 3278 908 tundo
3301 869 3451 908 suam
3491 858 3705 924 plagam

2143 941 2405 1006 agnoscit,
2461 952 2520 994 ut
2547 942 2715 1010 possit
2750 942 2816 995 ad
2850 944 3112 998 medicum
3154 949 3440 1012 accedens,
3466 949 3646 1004 dicere
3687 969 3703 1004 :

2146 1026 2291 1082 Sana
2314 1045 2415 1093 me,
2445 1028 2667 1084 Domine
2692 1031 2789 1090 “‘.
2821 1030 2917 1087 Hic
2948 1033 3126 1103 itaque
3143 1037 3344 1105 gratias
3364 1039 3584 1107 agitpro
3611 1056 3709 1096 cu-

2145 1121 2353 1173 ratione
2379 1135 2540 1190 quam
2575 1121 2760 1177 fuerat
2795 1135 3192 1181 consecutus...
3228 1127 3366 1182 Deus
3391 1139 3570 1184 autem
3601 1147 3706 1186 non

2142 1211 2380 1264 omnium
2419 1211 2582 1274 Deus,
2615 1215 2709 1267 sed
2740 1229 2922 1268 eorum
2954 1217 3044 1284 qui
3079 1216 3150 1271 ob
3184 1218 3435 1273 virtutem
3467 1221 3566 1290 ipsi
3628 1222 3709 1276 fa-

2143 1299 2385 1354 miliares
2411 1311 2558 1355 sunt.
2588 1299 2750 1366 Nihil,
2775 1301 2970 1371 inquit,
3003 1304 3306 1360 intercessit
3336 1307 3476 1360 inter
3518 1321 3703 1363 vocem

2143 1399 2412 1455 meam,ct
2435 1391 2661 1460 gratiam
2698 1403 2875 1460 tuam;
2912 1395 3002 1449 sed
3050 1396 3209 1451 simul
3241 1406 3297 1450 ut
3334 1398 3583 1463 clamavi,
3609 1415 3706 1454 cu-

2143 1481 2279 1536 ratio
2315 1484 2551 1537 advenit.
2587 1503 2606 1536 »
2635 1483 2758 1540 Haec
2787 1488 2879 1554 qui
2908 1486 3133 1543 voluerit
3165 1490 3411 1544 conferre
3437 1506 3558 1545 cum
3599 1492 3704 1546 Ba~

2142 1573 2371 1638 silianis,
2400 1583 2630 1646 utraque
2665 1578 2807 1632 haud
2828 1579 3110 1634 dissimilia
3143 1581 3388 1650 reperiet.
3420 1581 3577 1636 Plura
3612 1587 3705 1652 qui

2143 1666 2309 1733 cupit,
2351 1666 2492 1734 legat
2524 1668 2960 1737 explanationem
2993 1671 3180 1725 horum
3209 1687 3480 1738 versuum,
3513 1691 3532 1724 ι
3559 1674 3708 1729 Psal-

2146 1756 2239 1811 lite
2265 1759 2510 1826 Domino,
2551 1778 2571 1812 ›
2598 1770 2672 1828 et,
2709 1780 2728 1814 ι
2766 1761 3111 1818 Conﬁtemini
3143 1767 3414 1820 memoriae
3446 1769 3706 1820 sanctita-

2148 1849 2215 1903 tis
2246 1849 2402 1918 eius:
2445 1868 2463 1900 ι
2499 1852 2695 1920 quibus
2747 1852 2802 1906 in
2835 1851 2986 1918 locis,
3033 1864 3090 1908 ut
3142 1871 3281 1925 saepe
3325 1857 3476 1922 alias,
3525 1860 3707 1927 inepte

2143 1937 2460 2007 plagiarium
2494 1940 2604 2009 agit
2629 1950 2818 1995 auctor
2846 1944 3240 1998 commentarii.
3277 1944 3420 1998 Idem
3467 1945 3706 1999 sentien—

2145 2029 2269 2082 dum
2303 2031 2368 2085 de
2413 2032 2758 2086 enarratione
2788 2034 2842 2086 in
2880 2032 3140 2101 psalmum
3173 2035 3491 2087 tricesimum
3521 2051 3706 2089 secun-

2145 2117 2288 2183 dum,
2318 2120 2370 2172 in
2394 2135 2497 2188 qua
2527 2130 2633 2173 tam
2669 2122 2835 2175 multa
2865 2132 3008 2185 sunt,
3043 2139 3162 2191 quae
3195 2139 3226 2178 e
3268 2124 3450 2178 Basilii
3481 2126 3534 2178 in
3556 2143 3705 2180 eum-

2144 2211 2258 2264 dem
2285 2213 2546 2282 psalmum
2568 2216 2812 2270 oratione
2849 2217 2911 2269 ad
2940 2219 3162 2271 verbum
3194 2230 3402 2286 sumpta
3427 2234 3545 2273 esse
3571 2234 3707 2273 con-

2145 2313 2269 2368 stat,
2313 2319 2375 2358 ea
2407 2313 2464 2358 ut
2486 2306 2665 2360 malim
2686 2308 2944 2370 iudicare,
2969 2323 3128 2376 quam
3153 2311 3477 2364 exscribere.
3507 2310 3710 2379 Legann

2147 2404 2232 2448 tur
2289 2396 2450 2466 igitur
2495 2413 2616 2466 qua:
2662 2399 2713 2450 in
2770 2401 3157 2453 commentario
3205 2401 3468 2454 habentur
3515 2401 3566 2453 in
3609 2403 3707 2456 hos

2144 2499 2352 2550 versus,
2386 2483 2717 2555 Conﬁtemini
2757 2490 2979 2543 Domino
3004 2489 3055 2543 in
3079 2476 3280 2542 cithara
3298 2491 3342 2520 "
3381 2507 3396 2555 ;
3429 2499 3482 2543 et
3507 2509 3518 2542 :
3543 2493 3706 2544 Mise-

2144 2576 2375 2629 ricordia
2401 2576 2611 2630 Domini
2631 2580 2783 2647 plena
2815 2590 2888 2633 est
2921 2580 3159 2646 terra”;
3183 2592 3234 2634 et
3263 2599 3276 2635 :
3309 2579 3471 2635 Verbo
3494 2580 3708 2636 Domini

2143 2667 2258 2720 ειείὶ
2293 2668 2490 2734 ﬁrmati
2542 2679 2686 2738 sunt,
2717 2679 2765 2723 et
2815 2673 3006 2741 spiritu
3046 2672 3153 2724 oris
3203 2672 3315 2732 eius
3347 2674 3512 2725 omnis
3542 2673 3708 2727 uirtus

2142 2780 2321 2819 eorum
2345 2765 2390 2795 ⁸³
2418 2781 2430 2816 :
2465 2779 2582 2833 qum
2616 2765 2730 2818 loca
2763 2765 2805 2818 si
2844 2781 2964 2817 cum
2998 2765 3276 2819 Basilianis
3307 2774 3703 2835 comparentur,

2143 2855 2277 2908 nihil
2327 2865 2555 2923 utraque
2591 2856 2732 2910 inter
2773 2871 2832 2910 se
2863 2855 3076 2912 dill'erre
3117 2857 3232 2912 suis
3272 2858 3499 2928 quisque
3533 2856 3707 2911 oculis

2144 2954 2350 2998 cernet.
2384 2943 2644 3000 Nolumus
2677 2955 2852 3000 tamen
2893 2949 3073 3002 omnia
3106 2962 3436 3017 quaecunque
3467 2947 3518 3000 in
3553 2960 3705 3002 com-

2144 3036 2408 3089 mentario
2465 3046 2682 3092 exstant
2734 3038 2798 3091 in.
2833 3037 2994 3102 illud,
3050 3037 3220 3093 Verbo
3283 3038 3518 3105 Domini,
3573 3050 3706 3104 etc.,

2145 3125 2305 3178 tribui
2337 3124 2556 3192 Basilio,
2580 3141 2701 3181 cum
2732 3141 2916 3181 eorum
2963 3138 3167 3199 partem
3200 3131 3487 3184 maximam
3520 3144 3588 3184 ex
3609 3128 3711 3183 Eu-

2146 3217 2294 3272 sebio
2324 3229 2590 3288 sumptam
2621 3233 2743 3274 esse
2767 3219 3047 3274 credamus
3071 3221 3165 3293 (ὁ).

2220 3310 2309 3364 45.
2338 3310 2489 3378 Quod
2516 3310 2560 3364 si
2585 3326 2703 3380 qua:
2736 3311 3104 3376 indicavimus,
3146 3327 3479 3382 nequaquam
3500 3311 3712 3370 sullice-

2149 3415 2206 3456 re
2232 3402 2536 3469 videantur,
2582 3402 2688 3472 legi
2721 3403 2940 3471 insuper
2976 3411 3151 3472 potest
3189 3403 3452 3473 expositio
3481 3403 3708 3459 aliorum

2145 3508 2420 3560 versuum,
2468 3494 2697 3564 exempli
2747 3499 2926 3560 causa;
2951 3493 3092 3548 illius
3136 3512 3151 3547 :
3201 3494 3532 3565 Congregans
3574 3497 3711 3549 sicut

2147 3595 2316 3638 utrem
2355 3601 2519 3655 aquas
2569 3579 2731 3638 maris
2763 3586 2869 3653 "';
2903 3586 3030 3640 item
3083 3585 3226 3640 illius
3259 3602 3272 3639 :
3306 3585 3566 3652 Quoniam
3603 3587 3714 3656 ipse

2145 3676 2279 3729 dixit
2321 3686 2367 3730 et
2401 3677 2546 3746 [acta
2593 3687 2713 3731 sunt
2751 3677 2819 3731 ⁵⁸.
2853 3675 3096 3746 Denique
3133 3687 3392 3748 praestare
3422 3678 3611 3742 audeo,
3662 3677 3731 3733 si.

2149 3775 2256 3821 tota
2283 3768 2474 3836 psalmi
2519 3769 2826 3837 explanatio
2863 3769 3090 3838 legatur,
3123 3771 3309 3824 eadem
3339 3772 3535 3839 passim
3568 3779 3622 3825 et
3657 3769 3710 3825 in

2151 3859 2522 3913 commentarii
2547 3869 2769 3915 auctore
2798 3870 2853 3916 et
2885 3861 2937 3915 in
2977 3860 3171 3916 Basilio
3206 3874 3476 3929 repertum
3497 3862 3579 3916 iri.
3603 3861 3709 3916 Pa-

2147 3947 2282 4002 riter
2324 3949 2368 4003 si
2420 3948 2474 4002 in
2506 3953 2893 4006 commentario
2926 3951 3142 4022 legatur.
3162 3953 3398 4022 psalmus
3425 3953 3716 4022 quadrage-

2147 4043 2317 4096 simus
2371 4051 2616 4112 quartus,
2655 4043 2768 4112 ipse
2801 4057 3012 4112 quoque
3045 4039 3112 4098 'id
3157 4045 3297 4117 quod
3341 4059 3370 4096 a
3423 4043 3618 4096 Basilio
3658 4044 3714 4098 in

2147 4134 2395 4186 eumdem
2440 4131 2701 4202 psalmum
2735 4133 2935 4187 dictum
2979 4143 3083 4198 cst,
3112 4133 3401 4187 exhibebit.
3443 4133 3604 4199 Cujus
3636 4133 3712 4186 rei

2149 4224 2512 4280 testimonium
2538 4240 2700 4279 unum
2720 4226 2825 4295 peti
2857 4233 3032 4294 potest
3073 4240 3140 4280 ex
3167 4225 3250 4280 his
3278 4226 3467 4295 psalmi
3502 4225 3711 4278 verbis:

2148 4317 2353 4388 Lingua
2401 4335 2516 4373 mea
2568 4318 2802 4377 calamus
2839 4317 3025 4372 scriba:
3069 4317 3307 4372 velociter
3336 4313 3714 4372 scribentiS“°.

2150 4411 2281 4465 Nam
2308 4411 2557 4467 versiculi
2586 4411 2742 4480 hujus
2775 4411 3084 4480 explicatio,
3109 4427 3268 4480 quam
3297 4411 3349 4464 iu
3387 4415 3719 4464 commenta-

475 4514 672 4576 uitntts,
708 4509 798 4563 ἵνα.
823 4506 884 4560 τδ
920 4505 1018 4576 μὲν
1042 4502 1208 4576 δριμὺ
1251 4502 1346 4555 καὶ
1390 4499 1682 4554 καυστικὸν
1721 4501 1831 4562 τοῖς
1873 4497 2040 4564 ἀξίοις

2153 4506 2232 4560 rio
2262 4505 2506 4574 legimus,
2529 4504 2574 4558 si
2608 4520 2710 4559 non
2742 4512 2870 4568 tota,
2906 4514 2956 4558 at
2990 4503 3105 4572 ejus
3137 4519 3261 4572 pars
3298 4517 3487 4572 magna
3515 4517 3578 4554 es
3611 4499 3716 4554 Ba-

472 4602 721 4666 καύσεως
752 4595 1188 4671 προσαποδείσοι,
1241 4611 1260 4643 ι
1299 4593 1373 4644 ita
1419 4601 1476 4644 ut
1523 4589 1792 4645 acerbitas
1823 4592 2038 4658 quidem

471 4707 530 4750 et
572 4693 760 4749 urcndi
800 4692 882 4746 vis
915 4691 1128 4744 ustione
1153 4673 1330 4758 dignis
1361 4687 1666 4755 deputetur.
1703 4705 1722 4738 ι
1755 4685 1858 4740 Sed
1885 4687 2040 4743 facile

471 4786 796 4842 crediderim
819 4783 1068 4839 mendum
1092 4779 1591 4844 esselibrariorum,
1636 4780 1748 4848 qui,
1765 4795 1862 4848 pro
1882 4798 2042 4853 προσ-

472 4879 747 4950 απομένῃ,
779 4873 1196 4948 προσαποδείσοι
1235 4872 1530 4926 oscitanter
1561 4872 1845 4940 scripsere.
1874 4871 2038 4927 Com-

475 4970 722 5025 mentarii
754 4978 961 5030 auctor,
994 4964 1242 5034 quisquis
1283 4962 1372 5016 ille
1404 4960 1523 5028 fuit,
1565 4960 1693 5016 fecit
1728 4978 1880 5018 more
1921 4979 2040 5029 suo,

474 5074 555 5127 ut,
577 5077 696 5115 cum
719 5060 979 5130 psalmum
1001 5057 1318 5112 vicesimum
1346 5069 1542 5108 nonum
1564 5054 2040 5124 interpretaretur,

475 5149 658 5205 Basilii
700 5149 755 5201 in
785 5147 1023 5200 eumdem
1056 5149 1321 5212 psalmum
1353 5143 1658 5198 orationem
1712 5145 2040 5213 compilarit.

473 5244 630 5298 Libet
665 5239 915 5294 nonnulla
945 5239 1240 5292 ascribere.
1278 5230 1544 5305 lta'igitur
1584 5235 1777 5301 legitur
1808 5251 1820 5285 :
1847 5237 2042 5290 Μακά-

475 5352 586 5401 ριος
615 5333 671 5386 δὲ
695 5335 724 5388 ὁ
772 5331 868 5403 τὴν
894 5335 950 5384 ὲν
987 5330 1064 5400 τῷ
1116 5330 1268 5400 βάθει
1295 5328 1458 5382 αὑτοῦ
1497 5327 1708 5399 πληγὴν
1741 5329 2041 5399 γνι,ι)ρίζων⁹

471 5427 546 5488 ὡς
593 5425 851 5480 δύνασθαι
895 5424 1133 5495 προσιὼν
1159 5424 1236 5492 τῷ
1265 5421 1431 5494 ἰατρῷ
1457 5422 1650 5490 λέγειν.
1717 5423 1919 5476 "Iaca!
1945 5441 2040 5491 με,

474 5521 672 5587 Κύριε.
717 5518 980 5572 Ἐνταῦοα
1023 5518 1203 5588 μέντοι
1235 5516 1555 5588 εὐχαριστία
1589 5516 1735 5568 ἐστὶν
1767 5517 1908 5588 ὑπὲρ
1951 5517 2046 5588 τῆς

547 5633 592 5666 ¹¹
633 5630 776 5686 Psal.
811 5645 1003 5693 xxvm,
1033 5631 1085 5683 7.

483 5699 547 5737 ’δ’
566 5702 708 5760 Psal.
741 5716 884 5764 κων,
908 5700 963 5752 ‘2.

491 5779 622 5892 ⁴’(ὶι)
666 5813 752 5872 Uti
785 5811 930 5868 soleo
961 5812 1191 5884 vulgatis
1217 5813 1762 5882 interpretationibus.

1169 5627 1362 5682 "‘Jer.
1391 5643 1520 5692 xvtt,
1555 5628 1639 5683 Η.
1717 5629 1762 5660 "
1788 5626 1925 5682 Psal.
1963 5640 2133 5690 XXXII.
2164 5629 2216 5682 ἓ.

2149 4597 2252 4651 silii
2277 4598 2519 4650 oratione
2541 4607 2751 4666 sumpta
2775 4605 2876 4653 est.
2905 4594 3108 4651 Deinde
3144 4610 3256 4648 rem
3287 4596 3530 4648 eamdem
3567 4593 3717 4646 miri-

2149 4690 2249 4744 ﬁce
2276 4693 2563 4744 contirmat
2601 4689 2726 4742 illud
2763 4688 3131 4742 commentarii
3166 4702 3288 4754 pag.
3327 4685 3431 4740 854
3462 4703 3474 4738 :
3511 4685 3716 4756 Τροπι-

2150 4783 2260 4845 κῶς
2290 4781 2571 4853 ἡγούμεθα
2598 4781 2772 4836 ταῦτα
2795 4779 3042 4851 λελέχθαι
3072 4778 3159 4832 διὰ
3180 4780 3277 4852 τὴν
3316 4779 3589 4849 σάρκωσιν
3623 4775 3718 4830 τοῦ

2149 4871 2282 4924 Θεοῦ
2314 4871 2506 4939 Λόγου,
2551 4871 2608 4929 ὃς
2646 4873 2760 4924 ἐστι
2791 4870 3098 4940 τομώτερος
3138 4869 3278 4938 ὑπὲρ
3316 4869 3494 4920 πᾶσαν
3523 4865 3719 4936 μάχαι-

2151 4979 2269 5032 ραν.
2299 4963 2440 5015 Διότι
2467 4965 2494 5015 6
2529 4962 2700 5033 μηρὸς
2727 4960 2993 5031 σύμϐολόν
3034 4962 3147 5012 ἐστι
3184 4961 3280 5028 τῆς
3314 4957 3452 5012 κατὰ
3507 4957 3719 5023 γένεσιν

2149 5058 2447 5127 ἐνεργείας.
2495 5056 2712 5126 Ἐπειδὴ
2762 5057 2818 5108 δὲ
2858 5055 3040 5126 μέλλει
3070 5049 3433 5107 συνάπτεσθαι
3456 5052 3522 5120 τῇ
3559 5047 3720 5101 d683—

2143 5153 2260 5222 νείᾳ
2290 5153 2389 5220 τῆς
2427 5151 2625 5222 σαρκὸς
2675 5153 2703 5204 6
2747 5150 2999 5221 Χριστὸς,
3043 5147 3220 5209 καλῶς
3270 5146 3585 5216 πρόσκειται
3633 5141 3718 5204 τὸ,

2146 5244 2391 5296 Δυνατέ.
2425 5245 2706 5313 Μεγίστης
2741 5243 2846 5312 γὰρ
2877 5241 3173 5310 δυνάμεως,
3192 5238 3252 5291 τδ
3272 5235 3565 5307 δυνηθῆναι
3587 5231 3719 5286 Θεὸν

2148 5337 2204 5388 ὲν
2233 5333 2518 5407 ἀνθρώπου
2544 5334 2700 5404 φύσει
2727 5333 2997 5403 γενέσθαι.
3028 5351 3046 5383 ι
3083 5331 3332 5400 Figurate
3351 5329 3721 5382 existimamus

2147 5426 2262 5483 haec
2307 5429 2451 5484 dicta
2500 5443 2622 5482 esse
2657 5436 2876 5496 propter
2930 5424 3357 5478 incarnationem
3398 5419 3560 5473 Verbi
3605 5417 3718 5478 Dei.

2148 5519 2289 5586 quod
2313 5519 2459 5572 omni
2494 5517 2676 5588 gladio
2699 5515 2909 5570 acutius
2937 5524 3040 5568 est.
3079 5511 3342 5577 Quoniam
3376 5509 3550 5562 temur
3577 5518 3723 5576 sym-

2297 5629 2362 5660 ιι·
2400 5627 2527 5680 una.
2563 5625 2614 5678 5.
2693 5622 2963 5679 "ibid.6.
3040 5621 3255 5677 "‘ibid.
3288 5621 3340 5674 7.
3418 5617 3465 5652 ιι
3496 5615 3626 5674 ibid.
3661 5612 3736 5681 9..

2217 5811 2288 5879 (b)
2321 5807 2445 5878 Leg.
2477 5822 2624 5863 num.
2655 5805 2742 5859 35.
