4094 6220
1512 390 1573 444 D.
1618 390 1765 446 ωε.
1806 389 2136 446 GABNEBII
2172 390 2563 448 ΡΒᾹΞΕΑΤΙΟ.

3518 394 3661 450 cevtt‘

401 511 583 566 bolum
624 518 707 563 est
745 508 1077 575 operationis
1118 509 1464 578 generatim.
1493 510 1629 565 Cum
1662 526 1791 566 vero
1817 512 1967 566 Chri-
2008 519 2049 575 Α
2088 528 2210 566 rero
2245 514 2325 567 bis
2349 523 2443 565 aut
2471 522 2552 566 ter
2589 514 2640 566 in
2676 514 2860 567 eadem
2899 514 3267 568 commentarii
3302 515 3496 582 pagina
3527 515 3659 585 legi-

400 600 871 656 stus’inllrmitati
921 601 1102 654 carnis
1155 600 1491 670 copulandas
1543 612 1706 669 esset,
1757 603 1980 673 pulchre

401 694 636 757 additur,
683 692 1073 747 Potentissime.
1104 692 1351 748 Maxima:
1378 695 1521 749 enim
1562 697 1814 765 potentiae
1836 707 1978 763 eral,

402 798 560 852 posse
602 784 769 838 Deum
819 785 964 838 nasci
1015 785 1067 838 in
1114 795 1304 839 natura
1349 786 1603 841 hominis.
1645 808 1662 840 ι
1702 787 1978 857 Siquidem

402 873 635 936 Basilius
668 874 947 942 explicans
986 874 1138 943 illud,
1169 876 1449 945 Accingere
1484 877 1663 945 gladio
1703 890 1791 932 tua
1829 895 1981 946 super

405 966 574 1035 femur
617 976 786 1030 tuum,
815 968 1169 1035 potentissime
1203 967 1315 1034 ““,
1332 969 1512 1022 verbis
1554 970 1739 1024 iisdem
1790 971 1978 1038 utitur,

406 1060 484 1119 sic
521 1070 725 1121 tamen,
768 1068 826 1111 ut
869 1056 1041 1111 fusior
1084 1058 1155 1112 sit
1195 1058 1337 1112 illius
1384 1058 1777 1127 interpretatio.
1838 1064 1979 1118 idem

405 1152 630 1213 omnino
662 1150 998 1204 sentiendum
1032 1149 1100 1204 de
1129 1149 1251 1204 aliis
1294 1152 1612 1219 quibusdam
1645 1154 1833 1218 psalmi
1864 1172 1982 1209 ver-

407 1242 615 1307 siculis,
650 1258 876 1310 quorum
912 1241 1331 1309 explicationem
1366 1242 1445 1294 bis
1473 1243 1671 1295 editam
1713 1247 1981 1315 videmus,

407 1334 575 1391 semel
622 1336 676 1387 in
710 1336 1127 1396 commentario,
1162 1334 1356 1387 iterum
1407 1336 1459 1387 in
1505 1334 1683 1389 Basilii
1717 1338 1980 1393 oratione.

409 1426 539 1495 Ejus
568 1426 783 1497 generis
814 1426 1066 1480 versiculi
1109 1434 1231 1479 sunt
1258 1442 1271 1477 :
1319 1424 1539 1495 Myrr/ta
1574 1438 1621 1479 et
1652 1440 1794 1495 gutta
1815 1439 1860 1481 et
1892 1432 1983 1481 'ca-

408 1520 490 1573 sia
512 1536 543 1571 η
575 1519 892 1571 vestimentis
908 1518 1012 1570 tuis
1037 1535 1067 1569 a
1100 1518 1342 1570 domibus
1365 1519 1603 1572 eburneis
1621 1520 1667 1551 ⁵⁸
1690 1538 1703 1583 ;
1728 1532 1783 1574 et
1817 1544 1827 1576 :
1858 1522 1985 1575 0m-

411 1611 491 1669 rn's
513 1609 679 1678 gloria
705 1609 833 1675 ﬁlice
852 1608 987 1677 regis
1022 1610 1083 1660 ab
1110 1609 1249 1661 intus
1273 1610 1362 1672 5“;
1384 1617 1436 1661 et
1467 1628 1479 1661 :
1517 1611 1856 1665 Addurentur
1879 1615 1985 1681 regi

410 1703 636 1772 rirgines
691 1712 804 1769 post
852 1718 965 1755 eam
1017 1702 1083 1753 ".
1136 1701 1201 1754 Et
1244 1716 1373 1755 vero
1419 1703 1664 1771 quisquis
1699 1716 1987 1774 utrumque

409 1808 546 1861 opus
583 1794 862 1857 evolverit,
900 1793 1066 1847 multa
1106 1792 1170 1846 ad
1206 1792 1425 1847 verbum
1459 1804 1551 1847 aut
1589 1810 1617 1849 e
1652 1794 1832 1850 Basilii
1864 1814 1987 1850 ora-

2084 616 2190 668 tur,
2223 605 2305 657 vel
2329 604 2441 658 sola
2476 608 2611 658 satis
2651 606 2889 657 ostendit
2914 620 3037 659 eum
3072 605 3541 668 commentarium,
3564 607 3658 675 qui

2081 696 2299 750 nomine
2346 693 2613 749 Theodori
2671 694 3003 750 Heracleotes
3059 694 3481 760 circumfertur,
3541 696 3661 766 ejus

2081 789 2239 841 unius
2282 785 2449 840 fetum
2505 802 2609 840 non
2664 800 2806 848 esse,
2874 785 2969 839 sed
3024 786 3349 851 multorum;
3390 786 3459 839 ob
3497 785 3661 856 i'dque

2081 894 2186 933 non
2218 886 2545 938 erraturum,
2572 878 2662 946 qui
2693 877 2795 931 hoc
2821 878 3006 946 operis
3041 879 3091 931 in
3130 888 3441 932 catenarum
3472 892 3661 931 nume-

2081 986 2143 1025 ro
2188 977 2430 1038 reponet.
2480 968 2545 1021 Et
2576 982 2705 1022 vero
2747 968 2791 1021 si
2825 982 2911 1021 res
2959 968 3269 1037 diligentius
3299 970 3657 1037 expendatur,

2083 1063 2182 1116 bac
2208 1076 2361 1126 voce,
2410 1080 2428 1112 ι
2453 1061 2613 1122 alius,
2648 1078 2666 1111 ι
2699 1060 2857 1115 modo
2874 1059 3145 1128 designari
3175 1058 3480 1129 Origenem,
3501 1060 3660 1115 modo

2082 1153 2374 1208 Eusebium
2423 1152 2832 1212 Caesariensem,
2890 1152 3049 1204 modo
3089 1152 3465 1218 Athanasium,
3502 1152 3662 1207 modo

2087 1246 2392 1316 Didymum,
2466 1246 2628 1297 modo
2688 1243 3104 1311 Apollinarium,
3165 1244 3323 1296 modo
3381 1242 3659 1311 Basiliam,

2086 1338 2244 1388 modo
2278 1334 2747 1404 Cbrysostumum,
2779 1332 2939 1387 modo
2970 1331 3371 1385 Theodoretutn
3404 1342 3495 1385 aut
3526 1333 3663 1387 alios

2085 1428 2323 1494 quosvis,
2362 1410 2541 1494 negari
2601 1442 2703 1480 non
2747 1425 2962 1494 poterit.
3003 1424 3107 1477 Sed
3146 1423 3394 1490 exempla
3434 1438 3601 1491 pauca
3632 1441 3665 1479 e

2089 1518 2268 1573 inultis
2314 1518 2580 1584 subjicere
2629 1525 2869 1585 praestat,
2905 1517 3099 1584 quibus
3136 1532 3219 1569 res
3268 1518 3339 1569 ita
3373 1516 3664 1571 manifesta

2090 1610 2202 1673 llat,
2235 1609 2491 1663 utnullus
2528 1608 2846 1663 dubitatioui
2877 1609 3024 1663 locus
3064 1608 3419 1675 relinquatur.

2158 1700 2250 1754 44.
2308 1699 2523 1753 Initium
2561 1701 2627 1753 ab
2682 1700 2916 1753 Eusebio
2961 1698 3157 1751 ducere
3184 1700 3357 1751 visqu
3388 1709 3491 1763 est,
3524 1699 3665 1766 quod

2089 1791 2404 1846 Corderiani
2467 1791 2842 1844 commentarii
2893 1806 3019 1858 pars
3065 1806 3169 1843 non
3218 1790 3438 1843 minima
3486 1806 3551 1843 ex
3600 1807 3667 1845 eo

412 1885 560 1940 tione
588 1885 639 1938 in
675 1887 1151 1948 commentarium,
1184 1897 1277 1940 aut
1313 1904 1342 1941 e
1371 1890 1763 1944 commentario
1796 1891 1846 1943 in
1885 1891 1983 1944 Ba-
2018 1899 2060 1953 Β
2090 1894 2302 1952 sumpta
2343 1897 2463 1936 esse
2490 1884 2755 1936 videatur.
2775 1883 2991 1936 Eusebii
3021 1882 3182 1948 igitur
3212 1884 3372 1936 verba
3403 1894 3524 1936 sunt
3553 1886 3667 1938 haec

412 1976 516 2030 silii
564 1977 864 2031 orationem
933 1976 1189 2031 translata
1235 1994 1357 2033 esse
1413 1979 1568 2033 facile
1620 1996 1684 2033 ex
1744 1980 1981 2034 locorum

409 2068 698 2123 collatione
716 2080 1030 2137 cognoscet.
1051 2069 1226 2124 Pauca
1255 2072 1468 2139 quidem
1496 2085 1621 2125 sunt
1652 2074 1703 2125 in
1727 2074 1983 2141 psalmum

412 2162 794 2230 sexagesimum
840 2164 1090 2230 primum,
1146 2179 1265 2232 qua:
1307 2166 1679 2219 commentarii
1737 2166 1985 2234 scriptori

411 2268 534 2307 cum
573 2252 774 2307 Basilio
815 2256 1119 2307 communia
1148 2256 1255 2308 sint
1281 2271 1293 2318 ;
1322 2257 1414 2309 sed
1457 2268 1637 2310 tamen
1670 2259 1984 2323 quantulum

416 2342 466 2393 id
518 2357 727 2411 cunque
766 2355 869 2408 est,
930 2360 1041 2398 rem
1092 2362 1149 2399 se
1204 2347 1273 2398 ita
1331 2347 1567 2412 habere,
1625 2358 1682 2399 ut
1731 2348 1984 2413 diximus,

414 2436 667 2489 ostendit.
705 2435 919 2489 Lectum
949 2438 1111 2506 igitur
1139 2439 1257 2490 volo
1282 2439 1333 2489 in
1368 2447 1595 2507 utroque
1625 2454 1786 2507 opere
1820 2456 1987 2508 expo-

416 2526 661 2580 sitionem
712 2528 867 2597 hujus
906 2529 1174 2593 versiculi,
1204 2528 1324 2582 Non
1360 2532 1600 2583 movebar
1620 2530 1845 2600 amplius
1869 2532 1937 2563 ⁵⁵⁸⁵
1970 2552 1983 2587 :

416 2634 575 2686 quam
625 2621 713 2686 qui
745 2619 952 2688 legerit,
990 2621 1109 2676 falsi
1164 2637 1501 2691 nequaquam
1556 2639 1652 2677 nos
1690 2626 1984 2680 accusabit.

417 2708 567 2773 Quod
598 2709 644 2763 si
677 2711 908 2778 cuipiam
943 2711 1043 2765 hoc
1083 2710 1326 2765 sufficere
1380 2728 1483 2764 non
1518 2713 1746 2775 videtur,
1814 2714 1991 2767 videat

417 2802 846 2867 explanationem
879 2805 1161 2855 verborum
1203 2803 1441 2865 illorum,
1470 2801 1575 2855 Ore
1604 2819 1697 2854 suo
1723 2804 1988 2856 benedice—

420 2892 540 2943 bant
574 2890 643 2943 ⁸⁷.
680 2891 917 2959 Denique
942 2893 1310 2947 commentarii
1350 2902 1538 2947 auctor
1575 2903 1627 2946 et
1663 2893 1889 2948 Basilius
1919 2895 1989 2947 ita

420 2982 846 3050 interpretantur
878 2985 1041 3037 verba
1087 2985 1171 3036 illa
1214 2984 1403 3052 psalmi
1455 2986 1731 3039 centesimi
1762 2988 1937 3055 quarti
1974 3006 1987 3039 :

422 3072 558 3126 Deus
600 3084 773 3126 noster
814 3075 1083 3128 miseretur
1108 3075 1201 3138 ‘7';
1252 3084 1307 3129 ct
1340 3093 1353 3128 :
1398 3074 1710 3129 Custodiens
1749 3077 1989 3143 parvulos

420 3163 675 3218 Dominus
706 3165 773 3230 ",
810 3176 866 3219 ut
910 3167 1195 3235 aliquando
1239 3166 1400 3221 unius
1446 3168 1819 3236 interpretatio
1868 3183 1987 3221 cum

2088 1993 2151 2030 ex
2189 1979 2538 2031 enarratione
2572 1978 2626 2029 in
2654 1976 2910 2043 psalmum
2932 1977 3158 2042 primunt
3188 1990 3206 2027 :
3247 1975 3399 2027 Ἐπεὶ⁵
3426 1973 3667 2042 φυσικῶς

2087 2068 2397 2141 ὀρεγόμεθα
2431 2069 2632 2132 πάντες
2669 2069 2763 2119 τοῦ
2793 2068 3053 2138 μακάριοι
3082 2062 3241 2131 εἶναι,
3280 2068 3431 2129 τέλος
3460 2065 3667 2134 ἀγαθοῦ

2087 2164 2147 2215 τὸ
2209 2162 2476 2232 μακάριον
2536 2158 2859 2230 ὁριζόμενοι,
2940 2158 3370 2227 πεπλανημένως
3436 2166 3499 2226 γε
3563 2156 3669 2227 μὴν

2089 2254 2271 2306 πολλοὶ
2300 2253 2457 2305 τοῦτο
2489 2252 2840 2321 μεταδιώκειν
2869 2253 2925 2303 ὲν
2948 2251 3214 2320 σωμάτων
3242 2250 3455 2319 ἡδοναῖς
3484 2249 3671 2320 ήγοῦνο

2087 2365 2245 2401 ται...
2278 2347 2543 2407 εἰκότωςό
2565 2346 2721 2413 λόγος
2752 2346 2808 2395 ἐν
2836 2343 3046 2407 τούτοις
3078 2342 3197 2395 ὅθεν
3225 2343 3391 2413 ἐχρῆν
3416 2341 3513 2412 τὴν
3534 2360 3670 2395 κατ-

2086 2441 2257 2512 αρχὴν
2290 2440 2581 2509 ἐποιήσατο
2625 2442 2727 2508 τῆς
2768 2438 2906 2490 κατὰ
2931 2437 3062 2491 Θεὸν
3092 2437 3382 2507 ὑμνῳδίας,
3416 2437 3506 2488 τὸν
3541 2435 3673 2507 ἁλη-

2089 2534 2197 2596 θῶς
2235 2534 2501 2603 μακάριον
2518 2533 2611 2583 καὶ
2632 2531 2820 2593 τέλους
2844 2530 3045 2598 ἀγαθοῦ
3074 2531 3163 2583 τὸν
3204 2529 3352 2599 παρά
3373 2529 3490 2600 Θεῷ
3516 2529 3674 2598 ἠξιω-

2094 2626 2255 2695 μένον
2285 2624 2638 2695 ὑπογράφων.
2672 2641 2690 2673 t
2730 2624 3174 2692 Quandoquidem
3199 2624 3283 2676 vel
3321 2625 3436 2691 ipso
3468 2634 3673 2676 natura:

2092 2718 2347 2771 instinctu
2381 2731 2571 2769 ninnes
2594 2716 2982 2768 beatitudinem
3004 2716 3330 2783 appetimus,
3365 2715 3488 2767 boni
3512 2714 3671 2768 linem

2091 2819 2393 2863 statuentes
2420 2809 2757 2870 felicitatem,
2792 2822 3085 2876 crroreque
3123 2808 3317 2862 mentis
3346 2808 3487 2861 ducti
3520 2823 3672 2862 com-

2091 2904 2275 2972 plures
2304 2901 2447 2954 illam
2496 2902 2549 2954 in
2595 2901 2970 2969 voluptatibus
3009 2900 3285 2968 corporeis
3328 2900 3671 2967 qumrendam

2094 3003 2346 3062 putant...
2382 2995 2508 3047 hinc
2539 2993 2662 3061 jure
2706 2995 3029 3064 hymnorum
3059 2993 3125 3044 ad
3154 2992 3319 3045 Deum
3349 2991 3673 3044 laudandum

2094 3087 2372 3141 exordium
2406 3088 2627 3139 ductum
2660 3097 2763 3148 est,
2806 3086 3240 3152 describitttrque
3272 3085 3518 3153 quisnam
3544 3099 3674 3139 vere

2096 3180 2282 3233 beatus
2313 3181 2405 3244 sit,
2441 3190 2603 3249 atque
2634 3180 2828 3234 bonum
2867 3179 3023 3232 finem
3058 3196 3085 3231 a
3118 3180 3224 3232 Deo
3252 3188 3668 3244 consequatur.»

421 3258 643 3314 alterius
703 3261 1145 3329 interpretatione
1218 3259 1348 3328 ipsis
1417 3260 1599 3314 verbis
1659 3260 1987 3330 syllabisque
2018 3243 2059 3301 (ἶ
2096 3270 2186 3323 Sic
2225 3243 2402 3323 autem
2436 3243 2815 3323 commentarii
2850 3280 3040 3322 auctor
3079 3268 3313 3336 loquitur
3354 3243 3677 3337 εΜακαριό-

420 3353 723 3407 conveniat.
762 3351 1065 3423 Intelligere
1102 3353 1229 3406 licet
1278 3367 1401 3406 cum
1432 3367 1495 3405 ex
1542 3353 1608 3405 iis
1641 3368 1759 3421 qua:
1789 3355 1993 3406 exseri-

418 3443 643 3511 psimus,
678 3452 791 3497 tum
847 3444 1083 3498 maxime
1116 3459 1180 3497 ex
1234 3443 1299 3497 iis
1353 3459 1472 3512 quae
1510 3444 1736 3512 quisque
1780 3445 1832 3499 in
1864 3445 1992 3513 ipsis

420 3534 573 3590 libris
606 3535 785 3606 legere
816 3543 1014 3606 potest,
1056 3545 1148 3588 aut
1175 3534 1435 3589 Basiliam
1466 3534 1632 3589 fuisse
1647 3535 1989 3605 plagiarium,

423 3641 527 3680 non
550 3643 713 3680 unum
745 3627 978 3695 aliquem
998 3643 1027 3680 e
1057 3626 1263 3691 multis,
1288 3626 1382 3679 sed
1414 3641 1668 3694 perquam
1691 3626 1951 3694 insignem
1975 3665 1989 3690 ,

424 3730 517 3771 aut
558 3718 745 3772 isthmc
798 3719 1142 3772 librariorum
1202 3733 1366 3786 opera
1419 3718 1473 3771 in
1507 3718 1689 3771 Basilii
1723 3718 1993 3772 oratioaes

426 3811 730 3878 irrepsisse,
790 3820 883 3864 aut
935 3811 1226 3864 maximam
1272 3821 1478 3881 partem
1519 3810 1825 3864 orationum
1876 3824 1996 3878 qua:

426 3899 603 3954 Basilii
637 3901 853 3955 nomine
894 3900 1369 3966 circumferuntur,
1415 3902 1481 3955 ad
1526 3915 1649 3954 eum
1692 3916 1796 3953 non
1830 3901 1995 3970 perti-

425 4007 575 4058 nere,
621 4001 714 4046 aut
766 3991 994 4061 denique
1042 3991 1381 4047 Theodorum
1421 3992 1791 4047 Heracleotem
1847 4008 1996 4047 com-

427 4085 677 4140 mentarii
725 4092 998 4138 auctorem
1057 4099 1163 4138 non
1217 4098 1363 4138 esse.
1415 4084 1521 4138 Sed
1560 4084 1817 4137 Basilium
1858 4084 1997 4139 inter

425 4178 665 4245 insignes
700 4177 989 4246 plagiarios
1036 4179 1327 4243 recenseri,
1361 4178 1483 4246 quis
1528 4179 1707 4231 animo
1742 4192 1895 4245 aequo
1922 4176 1998 4231 fe-

426 4271 542 4322 rat?
571 4269 646 4323 Ex
679 4270 783 4323 alia
817 4280 987 4339 parte,
1020 4271 1104 4323 cui
1150 4271 1445 4324 verisimile
1476 4270 1561 4323 ﬁet
1606 4278 1715 4322 tam
1756 4269 1921 4322 multa
1965 4284 1995 4322 a

427 4358 665 4413 librariis
711 4358 882 4412 fuisse
918 4359 1118 4412 inserta
1164 4359 1349 4413 Basilii
1384 4358 1756 4414 orationibus?
1784 4356 1892 4412 Nec
1915 4357 1995 4411 vi-

428 4451 529 4505 deo
556 4464 794 4520 quoque,
822 4450 1096 4519 quomodo
1136 4451 1407 4504 orationes
1447 4450 1642 4504 Basilio
1672 4459 1747 4504 tot
1778 4449 1997 4505 SthulO-

431 4560 549 4598 rum
604 4545 777 4615 spatio
823 4545 1097 4613 ascriptze,
1150 4543 1204 4597 in
1254 4544 1449 4613 quibus
1502 4544 1697 4612 alioqui
1749 4543 1999 4597 dictionis

426 4636 711 4691 Basilianis
745 4636 942 4690 indicia
976 4652 1080 4689 non
1123 4640 1350 4690 obscura
1387 4644 1619 4700 exstant,
1657 4649 1753 4703 pro
1800 4634 1999 4703 spuriis

430 4728 617 4783 haberi
668 4728 907 4798 possint?
949 4726 1234 4797 Reliquum
1291 4727 1456 4796 igitur
1508 4736 1591 4781 est
1641 4737 1699 4780 ut.
1751 4738 1999 4794 putemus

428 4822 568 4874 hunc
627 4820 1074 4873 commentarium
1126 4818 1396 4872 Theodori
1470 4817 1797 4872 lleraeleota:
1865 4833 2001 4885 opus

430 4925 534 4963 non
574 4924 716 4973 esse,
745 4911 837 4964 sed
862 4908 1143 4978 scriptoris
1178 4908 1427 4975 alicujus,
1467 4908 1558 4976 qui
1584 4924 1705 4959 cum
1743 4922 1773 4960 e
1803 4906 2000 4962 Basilio

430 5001 696 5069 permulta
746 5001 1059 5069 sumpserit,
1100 4998 1294 5054 Basilio
1318 5000 1475 5053 simul
1501 5009 1555 5052 et
1592 4997 1875 5051 Theodoro
1906 5014 2001 5066 po—

429 5093 624 5145 sterior
659 5093 748 5146 sit.
782 5092 887 5147 Sed
914 5092 1091 5145 adhuc
1119 5092 1287 5159 quaeri
1332 5099 1509 5157 potest
1543 5100 1721 5143 utrum
1769 5090 2000 5158 scriptor

430 5179 518 5235 ille
546 5182 814 5250 posterior
834 5182 1078 5250 quisquis
1103 5190 1205 5244 est,
1244 5181 1306 5233 de
1334 5195 1431 5234 suo
1461 5182 1823 5250 composuerit
1854 5195 2000 5235 com-

432 5273 779 5337 mentarium,
816 5288 883 5325 an
910 5272 1086 5341 potius
1113 5270 1360 5325 eumdem
1385 5287 1414 5325 e
1443 5270 1729 5325 multorum
1751 5272 2002 5340 operibus

434 5364 792 5418 concinnarit.
824 5364 904 5417 Ad
932 5378 1091 5433 quam
1123 5365 1476 5432 quaestionem
1504 5364 1810 5419 solvendam
1832 5379 2004 5431 neque

436 5455 649 5524 longum
685 5465 917 5523 tempus,
947 5470 1118 5522 neque
1139 5455 1366 5508 multum
1392 5457 1627 5509 laborem
1662 5457 2001 5509 autstudium

436 5547 635 5615 requiri
667 5547 1012 5601 arbitramur.
1043 5545 1175 5600 Nam
1210 5562 1310 5601 vox
1348 5548 1455 5611 illa,
1480 5565 1499 5597 ‹
1523 5547 1683 5612 alius,
1714 5566 1731 5599 ι
1752 5562 1870 5615 qme
1904 5562 2005 5601 non

505 5760 738 5814 ""Paal.
790 5777 930 5816 κων.
972 5761 1023 5822 4,.

436 5829 482 5861 ¹¹’
508 5833 629 5887 ibid.
657 5835 709 5887 ϋ.

1101 5762 1146 5794 ³⁵
1168 5762 1291 5816 ibid.
1328 5764 1379 5818 9.

787 5832 853 5863 ιδ’
888 5832 1025 5888 Paul.
1065 5849 1097 5897 1,
1127 5832 1178 5884 5.

1453 5765 1518 5794 ’δ’
1547 5761 1671 5815 ibid.
1708 5762 1789 5816 Μ.

1867 5763 1909 5807 ιε
1945 5761 2068 5823 ibid.
2104 5762 2184 5815 l3.

2094 3378 2251 3429 τητος
2295 3361 2393 3431 μὲν
2435 3361 2593 3430 φύσει
2639 3361 2877 3422 ἅπαντες
2918 3360 3242 3430 ὀρεγόμεθα,
3291 3358 3440 3421 τέλος
3471 3356 3675 3427 ἀγαθοῦ

2094 3453 2153 3505 τὸ
2189 3453 2458 3523 μακάριον
2499 3450 2825 3522 ὁριζόμενοι.
2880 3452 3014 3503 Ἀλλ’
3060 3451 3248 3521 ἐπειδή
3294 3467 3440 3513 τινες
3475 3452 3532 3502 ὲν
3567 3465 3675 3502 σωο

2098 3548 2348 3616 ματικοῖς
2374 3544 2599 3613 ἀγαθοῖς
2626 3544 2784 3596 τοῦτο
2824 3540 2962 3597 εἶναι
2995 3544 3275 3613 νομίζουσι
3310 3542 3674 3612 πλανώμενοι,

2096 3638 2319 3699 εἰκότως
2360 3637 2483 3690 ὅθεν
2516 3636 2702 3706 ἐχρῆν,
2753 3637 2850 3706 τὴν
2900 3636 3165 3707 ἁρμονίαν
3197 3637 3225 3687 ό
3264 3634 3419 3702 λόγος
3454 3633 3678 3704 ἐποίησε

2094 3730 2193 3800 τῆς
2229 3728 2371 3782 κατὰ
2403 3728 2534 3782 Θεὸν
2570 3728 2866 3798 ὑμνῳδίας,
2910 3728 3001 3779 τὸν
3041 3726 3256 3796 ἀληθῶς
3288 3726 3557 3797 μακάριον
3582 3725 3679 3779 καὶ

2096 3821 2247 3884 τέλος
2265 3819 2470 3890 ἀγαθοῦ
2498 3820 2648 3891 παρά
2670 3819 2789 3890 Θεῷ
2804 3818 3105 3889 ἠξιωμένον
3129 3818 3481 3887 ὑπογράφων.
3509 3836 3526 3867 ι
3554 3816 3681 3869 Bea-

2100 3912 2383 3965 titudinetn
2418 3911 2636 3979 quidem
2672 3922 2862 3963 natura
2908 3924 3100 3963 outnes
3139 3911 3473 3979 appetimus,
3516 3907 3678 3961 finem

2098 4002 2222 4056 boui
2270 4001 2658 4055 beatitudinem
2710 4009 3028 4054 statuentes.
3063 3996 3256 4051 Verum
3297 4011 3417 4051 eum
3450 4010 3681 4049 erronee

2098 4092 2340 4148 nonnulli
2370 4094 2420 4145 in
2460 4091 2737 4161 corporeis
2774 4090 2929 4144 bonis
2965 4092 3105 4143 banc
3131 4091 3292 4142 sitam
3326 4089 3678 4152 arbitrentur,

2100 4184 2309 4247 merito,
2344 4183 2485 4237 unde
2516 4181 3100 4245 conveniebat,divin:e
3137 4181 3309 4234 laudis
3342 4179 3680 4234 harmoniam

2098 4276 2190 4330 bic
2216 4290 2397 4330 sermo
2429 4275 2792 4337 concinnavit,
2826 4274 2952 4327 dum
2989 4288 3117 4327 vere
3165 4274 3379 4325 beatum
3413 4279 3469 4324 et
3508 4271 3602 4339 qui
3649 4285 3681 4322 ι

2100 4367 2210 4426 Deo
2242 4366 2401 4423 linem
2454 4366 2579 4419 boni
2630 4368 2857 4434 adeptus
2914 4373 3018 4427 est,
3073 4363 3351 4419 describit.
3383 4380 3401 4413 ι
3436 4360 3681 4425 Accedit,

2100 4461 2243 4529 quod
2267 4458 2502 4527 scriptor
2536 4466 2781 4525 uterque,
2814 4456 3076 4509 Eusebius
3103 4464 3155 4507 et
3188 4453 3566 4507 commentarii
3591 4466 3681 4513 au-

2101 4562 2238 4615 ctor,
2299 4548 2734 4619 explanationem
2793 4549 3085 4601 verborum
3136 4546 3401 4599 illorum:
3462 4542 3530 4595 Et
3580 4545 3678 4597 erit

2098 4655 2345 4713 tauquam
2370 4642 2566 4709 lignum
2608 4639 2745 4707 quod
2769 4640 3060 4707 plantatum
3097 4636 3284 4699 e315",
3324 4645 3452 4699 etc.,
3503 4634 3683 4687 verbis

2101 4734 2291 4790 iisdem
2321 4744 2372 4786 et
2406 4732 2628 4801 syllabis
2652 4731 2911 4784 ordiatur.
2944 4730 3155 4781 Etenim
3191 4728 3242 4780 in
3276 4726 3489 4779 Eusebii
3519 4739 3683 4794 opere

2103 4830 2180 4879 sic
2206 4827 2407 4879 editum
2442 4824 2785 4877 invenimus:
2837 4822 2965 4874 Ὀ...
3001 4819 3079 4889 τῷ
3118 4818 3250 4888 θείῳ
3286 4815 3561 4889 σχολάζων
3593 4816 3682 4869 νόσ-

2108 4932 2215 4985 μῳ,
2248 4914 2480 4976 καὶτοῖς
2519 4911 2577 4976 ἐξ
2610 4911 2775 4964 αὐτοῦ
2818 4911 3053 4978 λογικοῖς
3092 4909 3325 4979 νάμασιν
3369 4908 3682 4980 ἀρδόμενος,

2109 5006 2315 5075 σφόδρα
2350 5004 2565 5066 οἰκείως
2584 5002 2733 5073 φυτῷ
2763 5002 2892 5073 παρ’
2920 5001 3108 5055 ὕδασιν
3137 5000 3487 5072 ὲρῤιζωμένῳ
3511 5017 3686 5070 παρα-

2106 5098 2385 5169 ϐέϐληται.
2419 5115 2436 5148 ι
2485 5097 2866 5161 Qui...divina:
2898 5096 2998 5165 legi
3035 5105 3210 5156 vacat,
3247 5105 3299 5148 et
3320 5094 3688 5162 spiritualibus

2109 5190 2239 5243 rivis
2277 5204 2342 5242 ex
2379 5202 2440 5241 ea
2474 5186 2762 5240 ﬂuentibus
2811 5186 3086 5253 irrigatur,
3130 5186 3417 5238 admodum
3447 5186 3691 5252 apposite

2110 5280 2287 5348 ligno,
2332 5279 2483 5345 cujus
2534 5280 2742 5332 radices
2779 5280 3025 5345 proxime
3069 5292 3235 5345 aquas
3283 5276 3467 5345 posita:
3528 5285 3691 5337 sunt,

2112 5378 2475 5436 comparatur.
2518 5387 2535 5417 ι
2587 5366 2641 5419 lu
2697 5367 3089 5419 conm‘ientario
3133 5382 3259 5420 vero
3297 5386 3308 5420 :
3364 5366 3424 5419 '0
3474 5365 3583 5437 γὰρ
3615 5366 3693 5434 τῷ

2112 5459 2240 5526 θείῳ
2271 5458 2544 5527 σχολάζων
2573 5458 2743 5527 νόμῳ,
2774 5458 2867 5510 καὶ
2901 5461 3012 5521 τοῖς
3044 5456 3103 5521 ἐξ
3140 5456 3303 5509 αὐτοῦ
3334 5456 3564 5535 νάμασιν
3598 5457 3683 5527 ἀρ-

2112 5549 2416 5617 δευόμενος,
2447 5547 2521 5617 τῷ
2547 5551 2674 5618 παρ’
2693 5548 2876 5601 ὕδασιν
2899 5548 3092 5602 ἑστῶτι
3115 5548 3313 5618 δένδρῳ
3342 5549 3690 5609 ἀπείκασται.

2802 5765 2843 5794 ⁵⁷
2894 5763 3019 5816 ibid.

2264 5765 2329 5791 δί’
2366 5763 2503 5817 l‘sal.
2536 5779 2641 5830 LXI,
2671 5764 2723 5817 5.
2802 5765 2843 5794 ⁵⁷
2894 5763 3019 5816 ibid.
3200 5763 3262 5792 ⁵⁷⁸
3295 5762 3433 5816 Psal.
3465 5760 3697 5837 cattus-5’.~
