4094 6220
437 348 597 388 CCVI"

1790 335 2321 394 PROLEGOMENA.

446 471 464 501 ‹
512 452 612 518 Qui
675 453 819 507 enim
877 455 1071 507 divina!
1135 454 1235 524 legi
1299 468 1480 523 vacat,
1543 470 1594 513 et
1664 462 1850 515 rivulis
1899 462 2013 529 ejus
2043 458 2353 524 Aquidem,
2405 460 2458 511 in
2488 460 2672 513 decore
2706 462 3054 526 sanctiﬁcata,
3087 461 3291 527 edidit;
3338 460 3692 531 Symmachus

444 543 719 612 irrigatur,
763 545 1089 599 assimilatus
1119 559 1199 601 est
1235 552 1410 602 arbori
1435 551 1586 619 juxta
1615 570 1782 624 aquas
1809 557 2014 609 consti-

445 643 593 687 tutse.
625 652 644 685 ι
685 634 750 687 Ει
783 636 1032 701 quoniam
1082 652 1187 690 non
1244 639 1466 693 multum
1506 644 1668 697 refert
1717 653 1897 697 utrum
1951 659 2013 699 ea

443 741 563 794 quae
614 729 1052 791 transcribimus,
1103 729 1408 786 cohmreaut
1455 735 1593 788 inter
1654 752 1745 800 se,
1821 755 2011 800 necne,

444 815 681 882 psalmos
709 817 947 886 singulos
971 819 1183 874 animus
1206 838 1308 875 non
1333 833 1414 876 est
1442 827 1630 879 ordine
1659 843 2010 893 percurrere:

442 905 536 957 sed
565 905 820 974 quidque,
853 915 909 959 ut
936 923 1206 974 occurret,
1234 915 1495 969 adnotare
1515 919 2010 975 satis-habebimus.

443 994 567 1049 Otio
594 996 685 1064 qui
722 997 958 1052 abundat
990 1004 1278 1068 quominus
1319 1021 1428 1059 Siue
1462 1009 1761 1062 curiositati
1793 1012 2012 1065 satisfa-

442 1101 568 1140 cere
594 1089 787 1156 possit,
827 1089 959 1143 nihil
1000 1102 1164 1146 vetat.
1204 1095 1383 1160 Quare
1430 1099 1494 1149 ad
1539 1101 1801 1166 psalmum
1833 1103 2016 1156 vicesi-

442 1195 589 1234 mum
615 1191 860 1238 octavum
891 1189 1262 1253 transibimus,
1292 1206 1322 1244 e
1355 1207 1462 1259 quo
1494 1195 1745 1248 nonnulla
1784 1200 2012 1268 exempli

441 1271 562 1326 loco
590 1277 954 1341 proferentur,
988 1279 1030 1332 si
1064 1290 1242 1334 tamen
1275 1283 1424 1350 prius
1454 1287 1822 1342 mouuerimus
1849 1289 2016 1343 Euse-

442 1359 653 1416 biumet
676 1372 1048 1423 commentarii
1073 1374 1416 1440 scriptorem,
1439 1378 1561 1430 dum
1588 1371 1802 1434 initium
1825 1383 2011 1450 psalmi

444 1453 637 1508 decimi
667 1460 847 1524 quarti
876 1461 1300 1529 interpretantur
1321 1506 1335 1527 ,
1371 1483 1477 1522 nou
1527 1485 1650 1523 raro
1686 1487 1897 1542 quoque
1924 1491 2015 1528 ea-

443 1544 565 1596 dem
595 1546 783 1601 iisdem
827 1551 1007 1605 verbis
1055 1556 1258 1610 dicere.
1314 1557 1436 1612 I-laec
1479 1561 1642 1627 igitur
1678 1563 1930 1633 leguntur
1961 1569 2011 1621 in

443 1636 786 1691 enarratione
812 1639 1030 1695 Eusebii
1055 1644 1108 1696 in
1130 1644 1390 1711 psalmum
1415 1649 1711 1704 vicesimum
1741 1663 1972 1708 octavum
1994 1671 2012 1708 :

456 1722 544 1774 Ἐν
572 1718 652 1788 οἷς
675 1727 703 1778 ὁ
728 1725 883 1796 λόγος
909 1730 1006 1801 τὴν
1029 1734 1389 1806 εύαγγελικὴν
1422 1739 1578 1807 χάριν
1609 1741 1707 1812 τὴν
1734 1743 1812 1805 είς
1839 1745 2012 1798 πάντα

2114 565 2262 612 vero,
2299 551 2350 602 in
2398 551 2584 604 decore
2623 565 2822 605 sancto.
2864 552 2982 605 Vult
3028 554 3169 605 enim
3205 568 3300 606 nos
3334 569 3454 606 cum
3484 555 3690 608 decenti

2112 654 2306 696 ornatu
2338 653 2389 695 et
2424 644 2593 696 amica
2627 645 2734 698 Deo
2782 645 2990 714 justitia
3024 644 3204 699 facere
3243 647 3636 701 adorationem.
3670 670 3688 700 ι

2115 733 2282 787 Velim
2313 734 2515 804 legatur
2542 736 2592 789 iu
2625 737 2750 805 ipsis
2781 737 2928 790 libris
2959 747 3066 790 tota
3095 738 3252 806 hujus
3285 739 3385 792 loci
3415 740 3678 808 explana-

2114 827 2213 891 tio,
2251 836 2470 896 tumque
2511 845 2613 881 una
2659 845 2778 882 cum
2817 831 2980 882 altera
3017 841 3399 897 comparetur;
3447 847 3552 900 quo
3580 835 3691 887 cla-

2114 919 2226 971 rius
2271 931 2526 988 appareat
2574 923 2946 973 commentarii
3002 933 3278 976 auctorem
3331 924 3466 976 nihil
3521 926 3693 990 magis

2115 1009 2310 1076 lacere,
2329 1026 2489 1078 quam
2509 1012 2797 1065 Eusebium
2823 1014 2995 1080 palam
3022 1013 3334 1083 compilare.
3371 1015 3524 1082 Quod
3548 1018 3690 1070 dixi-

2115 1115 2232 1152 mus
2260 1140 2274 1162 ,
2315 1102 2607 1165 vocabulo,
2660 1119 2679 1151 ι
2710 1102 2910 1164 alius.)
2955 1105 3113 1156 modo
3173 1120 3339 1159 unum
3391 1117 3690 1173 auctorem,

2101 1191 2273 1251 .modo
2301 1193 2526 1244 alterum
2558 1193 2870 1261 significari,
2916 1194 3031 1261 ejus
3064 1197 3367 1263 exemplum
3412 1198 3467 1252 in
3513 1200 3685 1253 inter-

2114 1283 2413 1351 pretatione
2441 1283 2631 1351 pSalmi
2678 1286 2917 1339 vicesimi
2952 1288 3077 1340 noni
3115 1287 3362 1341 habetur.
3415 1289 3546 1342 Nam
3589 1308 3688 1346 vox

2113 1388 2213 1436 ea,
2273 1393 2290 1424 ι
2323 1374 2482 1438 alius,
2512 1393 2530 1426 ι
2590 1386 2648 1428 ιιι
2697 1392 2760 1429 ex
2817 1376 3034 1431 Eusebii
3077 1381 3478 1434 commentariis
3525 1393 3688 1448 patet,

2115 1465 2399 1519 Eusebium
2453 1468 2624 1536 ipsum
2674 1468 2898 1521 iudicat.
2943 1466 3270 1523 Omittemus
3304 1486 3422 1540 quae
3472 1473 3690 1541 utrique

2114 1559 2384 1626 scriptori,
2436 1559 2952 1627 pseudo-Theodoro
3002 1570 3058 1614 et
3088 1562 3342 1623 Eusebio,
3387 1567 3690 1618 communia

2115 1659 2240 1703 sunt
2288 1649 2368 1702 vel
2408 1651 2522 1717 ipso
2567 1651 2718 1703 initio
2750 1651 3110 1706 euarralionis
3139 1653 3197 1705 in
3247 1654 3506 1720 psalmum
3537 1657 3690 1708 trice-

2115 1743 2304 1794 simum
2348 1743 2677 1806 secundum;
2715 1743 2806 1795 sed
2850 1757 2967 1810 quae
3017 1744 3265 1798 tliCUntur
3300 1745 3352 1797 in
3400 1746 3514 1800 haec
3551 1746 3691 1814 ejus-

443 1812 696 1882 χυθεῖσαν
725 1819 792 1871 τὰ
825 1819 945 1872 καθ’
966 1823 1092 1894 ὅλης
1126 1827 1223 1894 τῆς
1253 1828 1577 1898 οἰκουμένης
1603 1831 1726 1903 ἔθνη
1754 1851 2004 1905 προευαγι

2118 1832 2236 1886 dem
2288 1832 2480 1898 psalmi
2521 1832 2681 1884 verba
2733 1849 2746 1885 :
2790 1830 2891 1895 Qui
2924 1832 3079 1898 ﬁnxit
3107 1832 3378 1900 sigillatim
3412 1812 3688 1888 corda—e0-

1537 1875 1545 1897 l

443 1905 795 1977 γελισάμενος
837 1952 850 1964 .
888 1955 899 1966 .
937 1955 948 1968 .
986 1956 1000 1969 .
1043 1916 1213 1970 ταῦτά
1254 1937 1313 1970 τε
1363 1922 1606 1990 κομίζειν
1646 1927 2012 1996 παρακελεύε-

441 2015 564 2064 ται,
600 2002 699 2054 ούκ
743 2005 1015 2071 Ἰουδαίοις
1036 2049 1050 2069 ,
1082 2011 1215 2064 ἀλλὰ
1250 2017 1370 2077 ταῖς
1403 2022 1658 2088 πατριαῖς
1688 2020 1793 2072 τῶν
1821 2023 2010 2088 ἐθνῶν,

439 2092 473 2160 ἢ
509 2094 649 2146 κατὰ
681 2098 808 2160 τοὺς
838 2098 1056 2165 λοιποὺς
1080 2105 1438 2175 έρμηνευτὰς,
1484 2111 1612 2176 ταῖς
1639 2117 2015 2182 συγγενείαις

442 2181 560 2235 τῶν
582 2185 746 2239 λαῶν
780 2226 794 2240 .
833 2227 846 2241 .
887 2230 900 2243 .
941 2231 955 2245 .
993 2193 1084 2246 Διὸ
1112 2197 1207 2248 καὶ
1242 2197 1534 2255 ὼϐέλισται
1563 2205 1711 2274 παρὰ
1738 2207 1862 2269 τοὺς
1897 2208 2015 2260 Ἐϐ-

439 2271 780 2343 δομήκοντα,
811 2279 886 2342 ὡς
923 2281 995 2352 μὴ
1039 2285 1291 2354 κείμενον
1329 2291 1462 2360 μήτε
1500 2294 1556 2345 ἐν
1599 2294 1674 2360 τῷ
1721 2297 2010 2368 Ἐϐραῖκῷ,

445 2363 581 2432 μήτε
610 2366 761 2436 παρὰ
795 2372 905 2432 τοῖς
937 2371 1142 2437 λοιποῖς
1177 2378 1541 2448 ἐρμηνευταῖς
1582 2425 1594 2436 .
1629 2427 1641 2438 .
1677 2426 1689 2438 .
1725 2426 1738 2439 .
1786 2389 1927 2442 ’Λντὶ
1956 2391 2011 2443 δὲ

441 2454 555 2516 τοῦ,
603 2457 674 2510 ἐν
721 2460 884 2529 αὐλῇ
934 2464 1071 2533 ἁγίᾳ
1139 2471 1346 2534 αὑτοῦ,
1396 2475 1423 2526 ὁ
1471 2476 1569 2545 μὲν
1623 2478 1873 2543 Ἀκύλας,
1945 2483 2015 2534 ἑν

439 2545 789 2619 διαπρεπείᾳ
817 2554 1149 2628 ἡγιασμένη
1173 2599 1186 2621 ,
1234 2562 1519 2625 ἐξέδωκεν·
1553 2570 1580 2621 ὁ
1615 2569 1670 2621 δὲ
1700 2571 2010 2643 Σύμμαχος,

438 2636 510 2690 ἐνν
556 2638 908 2730 διαπρεπειῂ
962 2647 1118 2716 ἁγίᾳ.
1161 2651 1417 2705 Βούλεται
1460 2655 1566 2726 γὰρ
1609 2636 1833 2728 ἡμᾶς-ὁ-

442 2729 580 2796 μετὰ
610 2733 701 2785 τοῦ
733 2737 1032 2805 πρέποντος
1057 2741 1259 2812 κόσμου
1297 2745 1386 2797 καὶ
1417 2747 1514 2816 τῆς
1538 2747 1616 2818 τῷ
1639 2751 1755 2821 Θεῴ
1778 2771 2011 2823 προσφι-

438 2819 564 2884 λοῦς
593 2823 934 2898 δικαιοσύνης
979 2832 1077 2900 τὴν
1107 2837 1478 2906 προσκύνησιν
1513 2842 1798 2896 ποιεῖσθαι.
1836 2863 1855 2896 ‹
1885 2846 2013 2911 Qui-

439 2912 540 2966 bus
575 2931 705 2970 sane
739 2922 1104 2989 evangelicam
1142 2929 1367 2994 gratiam
1404 2929 1455 2981 in
1492 2945 1680 2986 omnes
1723 2935 1884 2989 totius
1924 2951 2010 2989 or-

440 3003 521 3057 bis
567 3009 813 3064 nationes
861 3012 1105 3068 dill'usam
1161 3021 1530 3085 prmuuutians
1565 3060 1580 3074 .
1615 3063 1628 3074 .
1660 3059 1675 3075 .
1707 3062 1720 3076 .
1775 3026 1888 3080 haec
1931 3028 2011 3080 af-

440 3091 582 3149 ferre
611 3096 798 3164 jubet,
838 3117 940 3155 non
975 3101 1220 3173 Judzeos,
1259 3110 1352 3162 sed
1409 3110 1639 3166 familias
1671 3116 1908 3182 gentium
1940 3119 1985 3149 ³³

439 3189 848 3244 autsecundum
883 3194 1118 3264 reliquos
1166 3198 1510 3270 interpretes,
1557 3208 1887 3274 cognationes
1916 3226 2010 3277 po-

437 3273 681 3340 pulorum
712 3315 726 3331 .
755 3317 770 3331 .
798 3322 810 3335 .
839 3319 854 3335 .
893 3282 1066 3348 Quare
1102 3290 1214 3343 haac
1241 3291 1291 3343 in
1329 3273 1676 3362 Septuaginta
1707 3273 2011 3365 interpreti-

439 3365 540 3418 bus
567 3368 724 3423 ohelo
768 3382 1040 3443 notantur,
1075 3383 1214 3446 quod
1250 3398 1421 3452 neque
1458 3387 1508 3438 in
1536 3386 1800 3443 lleb‘raico
1827 3407 2010 3445 exem-

439 3461 598 3526 plari,
629 3479 729 3519 nec
781 3471 920 3536 apud
976 3472 1210 3539 reliquos
1265 3477 1590 3546 interpretes
1637 3493 2005 3551 compareant.

436 3555 580 3611 Loco
624 3567 801 3613 autem
851 3561 1026 3629 illius,
1056 3567 1108 3618 in
1151 3567 1274 3620 aula
1311 3582 1490 3622 sancta
1519 3572 1630 3639 ejus
1664 3575 1754 3637 59‘,
1791 3574 2005 3642 Aquila,

437 3651 491 3702 in
520 3650 703 3704 decore
740 3654 1066 3722 sanctiﬁcata
1089 3697 1104 3720 ,
1137 3659 1497 3730 Symmachus
1543 3680 1688 3727 vero,
1735 3669 1787 3720 in
1827 3669 2009 3722 decore

433 3751 636 3808 sancto,
683 3743 868 3797 edidit.
907 3743 1034 3800 Vult
1077 3748 1219 3802 enim
1269 3766 1366 3804 nos
1408 3767 1529 3805 cum
1563 3753 1744 3809 debito
1789 3767 2005 3825 ornatu,

435 3845 499 3902 ac
526 3831 636 3887 Deo
661 3834 852 3890 dilecta
877 3835 1092 3904 justitia
1119 3840 1488 3896 adurationem
1518 3860 1799 3914 peragere.
1828 3867 1846 3898 ι
1882 3849 2005 3903 Haec

434 3939 562 3978 vero
602 3925 653 3978 in
687 3933 1073 3983 commentario
1101 3951 1113 3985 :
1159 3933 1244 3984 Ἐν
1275 3927 1354 3996 οἷς
1397 3936 1425 3986 ὁ
1463 3935 1618 4003 λόγος
1651 3938 1748 4008 τὴν
1776 3942 2004 4009 εὐαγγε-

433 4020 593 4091 λικὴν
639 4023 798 4091 χάριν
831 4024 950 4076 καθ’
981 4025 1110 4095 ὅλης
1143 4027 1474 4097 χυθήσεσθαι
1520 4032 1869 4102 προθεσπίζει
1907 4037 2005 4106 τῆς

431 4112 774 4182 οἰκουμένης.
824 4116 1167 4187 Παραγγέλει
1212 4119 1318 4191 γὰρ
1350 4121 1415 4174 τὰ
1450 4122 1704 4193 λεχθέντα
1736 4128 2002 4197 κομίζειν,

432 4203 530 4254 οὐκ
564 4204 852 4269 Ἰουδαίοις,
883 4208 1018 4260 ἀλλὰ
1042 4213 1160 4272 ταῖς
1181 4216 1432 4282 πατριαῖς
1458 4215 1562 4266 τῶν
1581 4215 1748 4269 ἐθνῶν
1765 4237 1777 4249 ο
1810 4220 1842 4289 ἦ
1866 4221 2003 4274 κατὰ

430 4299 557 4359 τοὺς
595 4298 844 4364 λοιποὺς,
893 4301 1020 4366 ταῖς
1066 4307 1444 4373 συγγενείαις
1481 4307 1597 4359 τῶν
1624 4308 1806 4362 λαῶν.
1854 4312 2001 4364 Ὠϐέ-

430 4387 607 4439 λισται
636 4387 742 4459 γὰρ
779 4391 927 4460 παρὰ
965 4395 1077 4455 τοῖς
1117 4395 1515 4466 Ἐϐδομήκοντα
1543 4398 1622 4461 τὸ,
1671 4400 1789 4453 υἱοὶ
1831 4405 1999 4468 Θεοῦ,

1992 3161 2006 3184 ’
2038 3153 2078 3210 C

2118 1939 2232 1974 rum
2263 1923 2352 1988 σθ’,
2383 1938 2486 1976 non
2525 1923 2727 1992 pigebit
2767 1926 3056 1980 ascribere.
3088 1925 3348 1979 Eusebius
3375 1942 3388 1979 :
3424 1928 3692 1996 Καταμά-

2116 2032 2228 2080 rat;
2255 2014 2312 2067 δὲ
2336 2015 2551 2086 εἴρηται
2579 2015 2699 2068 ἀντὶ
2718 2016 2810 2068 τοῦ
2836 2017 3233 2088 ἀφωρισμένως
3261 2019 3409 2089 παρὰ
3441 2019 3506 2070 τὰ
3531 2019 3690 2072 λοιπὰ

2117 2106 2248 2170 ζῶα.
2281 2107 2526 2178 Καρδίας
2553 2107 2610 2158 δὲ
2638 2107 2834 2175 λέγων,
2873 2109 2999 2171 τοὺς
3026 2109 3315 2179 λογισμοὺς
3353 2109 3562 2180 ἐδήλου,
3598 2111 3689 2162 καὶ

2115 2198 2195 2250 ὅτι
2227 2197 2621 2268 ἀφωρισμένως
2666 2197 2895 2260 ἕκαστος
2936 2198 3220 2270 ἅνθρωπος
3253 2200 3440 2271 ὥσπερ
3471 2203 3689 2268 ταμεῖον

2115 2290 2608 2359 ἀποκεκλεισμένον
2656 2289 2770 2360 ἕχει
2808 2290 2906 2362 τὴν
2943 2292 3135 2344 ἑαυτοῦ
3177 2293 3432 2357 διάνοιαν,
3475 2293 3550 2355 ὡς
3581 2309 3689 2362 μη-

2115 2384 2238 2437 δένα
2270 2383 2528 2437 δύνασθαι
2556 2384 2742 2453 ἐτέρου
2774 2383 3218 2454 καταλαμϐάνειν
3249 2385 3560 2455 λογισμούς.
3593 2386 3687 2438 Οὐτ

2114 2476 2221 2538 δεῖς
2265 2474 2396 2542 γοῦν
2425 2471 2563 2528 οἶδεν
2612 2473 2913 2545 ἀνθρώπων
2942 2474 3012 2526 τὰ
3050 2474 3143 2526 τοῦ
3187 2474 3471 2544 ἀνθρώπου
3517 2512 3531 2526 .
3567 2515 3579 2527 .
3619 2516 3632 2530 .
3670 2514 3685 2529 .

2115 2567 2391 2637 Συνῆπται
2434 2567 2492 2620 τὸ
2515 2607 2528 2631 ,
2586 2568 2639 2618 Ὀ
2673 2567 2908 2632 συνιεὶς
2939 2566 3134 2620 πάντα
3169 2567 3243 2619 τὰ
3283 2567 3426 2635 ἔργα
3469 2565 3683 2620 αὐτῶν.

2115 2661 2288 2723 Μόνος
2335 2660 2442 2731 γὰρ
2479 2661 2639 2723 αὐτὸς
2681 2661 2924 2731 συνίησιν
2979 2659 3037 2726 ἐξ
3079 2660 3270 2723 ὁποίας
3318 2661 3687 2731 προαιρέσεως

2112 2753 2180 2805 τὰ
2211 2753 2317 2804 τῶν
2348 2751 2652 2822 ἀνθρώπων
2685 2752 2820 2824 ἔργα
2866 2752 3191 2805 ἐπιτελεῖται
3214 2770 3227 2782 ο
3283 2752 3505 2822 μηδενὸς
3530 2751 3686 2805 ἄλλου

2111 2843 2409 2915 δυναμένου
2443 2844 2702 2908 συνιέναι,
2742 2844 2870 2914 ποία.
2907 2844 3162 2915 προθέσει
3201 2845 3296 2898 καὶ
3347 2844 3507 2916 ὁποίᾳ
3544 2846 3684 2916 ὁρμῇ

2112 2935 2339 2998 ἕκαστος
2372 2935 2479 2988 τῶν
2519 2934 2818 3006 ἀνθρώπων
2855 2937 3081 3007 πράττει
3121 2936 3156 2990 ἃ
3188 2937 3441 3008 πράττει.
3481 2955 3498 2987 ι
3528 2935 3688 3005 Sigil--

2113 3026 2258 3080 latim
2293 3029 2490 3083 dictqu
2522 3037 2603 3081 est
2632 3029 2785 3096 quasi
2833 3028 3123 3096 separatim
3158 3039 3208 3082 et
3259 3041 3505 3083 seorsum
3537 3041 3564 3080 a
3601 3041 3687 3081 re-

2113 3116 2273 3186 liquis
2319 3117 2660 3171 animalibus.
2711 3117 2846 3170 Dum
2894 3128 3070 3171 autem
3126 3117 3288 3170 corda
3335 3126 3684 3183 memoraret,

2115 3209 2470 3278 cogitationes
2499 3209 2860 3279 signiﬁcavit,
2897 3209 3021 3278 quia
3068 3209 3294 3277 quilibet
3333 3210 3494 3264 homo
3539 3223 3687 3263 seor-

2113 3315 2231 3354 sum
2287 3308 2520 3354 meutem
2585 3315 2736 3353 suam
2792 3316 2890 3354 ceu
2950 3301 3349 3368 receptaculum
3409 3303 3682 3354 occlusum

2113 3393 2293 3453 habet,
2324 3401 2382 3445 ut
2430 3406 2590 3444 nemo
2639 3392 2858 3446 alterius
2902 3393 3254 3461 cogitationes
3285 3392 3687 3461 deprehendere

2112 3482 2302 3535 valeat.
2376 3481 2563 3536 Nullus
2615 3483 2775 3551 igitur
2829 3483 3103 3535 hominum
3171 3482 3322 3536 novit
3381 3498 3499 3551 qua:
3561 3493 3686 3536 sunt

2111 3573 2342 3627 hominis
2363 3573 2404 3603 ⁶¹
2439 3611 2454 3626 .
2487 3609 2504 3626 .
2539 3612 2552 3624 .
2588 3612 2602 3625 .
2648 3573 2876 3626 Additur
2922 3574 3054 3636 hoc,
3104 3573 3208 3638 Qui
3238 3573 3480 3642 intelligit
3507 3575 3683 3626 omnia

2109 3681 2264 3728 opera
2297 3681 2476 3718 eorum
2508 3665 2598 3717 δν.
2632 3663 2749 3733 Ipse
2789 3680 3021 3733 namque
3051 3665 3196 3719 solus
3227 3664 3560 3734 iutclligitex
3588 3680 3682 3718 cu-

2103 3753 2335 3823 jusmodi
2381 3754 2644 3809 electione
2684 3754 2980 3810 voluntatis
3007 3755 3284 3808 hominum
3316 3769 3477 3823 opera
3513 3755 3680 3808 edan-

2111 3856 2217 3910 tur,
2247 3861 2368 3900 cum
2394 3846 2569 3900 nullus
2596 3846 2733 3900 alius
2758 3845 3057 3914 intelligere
3086 3854 3246 3914 queat
3285 3861 3346 3898 ex
3381 3844 3678 3912 cujusmodi

2107 3938 2402 4006 proposito,
2441 3953 2505 3990 ex
2538 3952 2644 4006 quo
2677 3946 2824 3990 motu
2859 3937 3152 3992 voluntatis
3181 3937 3360 4005 quivis
3403 3937 3676 3990 hominum

2106 4038 2232 4096 agat
2263 4042 2382 4097 quae
2415 4027 2541 4093 agit.
2567 4047 2586 4078 ι
2623 4025 3184 4080 Psetnlo-Theodorus
3215 4042 3384 4079 vero:
3415 4025 3678 4092 Κατιιμό-

2106 4136 2215 4183 νας
2246 4120 2322 4182 δὲ,
2350 4119 2470 4172 ἀντὶ
2495 4119 2587 4172 τοῦ
2625 4119 3042 4189 ἁσωρισμένως,
3077 4117 3497 4188 κεχωρισμένως
3527 4115 3677 4184 παρὰ

2104 4209 2171 4261 τὰ
2220 4209 2380 4262 λοιπὰ
2425 4210 2573 4274 ζῶα·
2622 4210 2847 4279 καρδίας
2892 4211 2947 4262 δέ
2990 4209 3137 4276 λέγει
3186 4209 3316 4269 τοὺς
3363 4205 3671 4276 λογισμούς.

2104 4299 2213 4349 Καὶ
2243 4298 2322 4350 ὅτι
2357 4299 2751 4368 ἀφωρισμένως
2780 4299 3010 4361 ἕκαστος
3048 4297 3331 4368 ἄνθρωπος
3365 4296 3549 4366 ὥσπερ
3581 4313 3677 4348 τει-

2108 4392 2256 4458 μεῖον
2301 4390 2793 4459 ἀποκεκλεισμένον
2844 4391 2954 4461 ἕχει
3013 4389 3111 4460 τὴν
3171 4387 3364 4442 ἐαυτοῦ
3415 4387 3672 4449 διάνοιαν,

430 4479 504 4539 ὡς
533 4479 606 4550 μὴ
636 4482 950 4552 ἐγκείμενον
976 4485 1052 4555 τῷ
1085 4486 1375 4558 Ἐϐραῖκῷ,
1416 4491 1549 4560 μηδέ
1590 4492 1738 4563 παρὰ
1767 4497 1878 4557 τοῖς
1904 4495 1998 4548 ἄλ-
2030 4516 2074 4571 D
2103 4480 2177 4543 ὡς
2224 4480 2426 4551 μηδένα
2485 4482 2765 4568 δύνασθαι,
2801 4482 2987 4553 ἑτέρου
3051 4481 3486 4551 καταλαμϐάνειν
3532 4484 3674 4546 λογι-

431 4571 542 4633 λοις
575 4613 587 4623 .
623 4612 635 4625 .
677 4617 689 4629 .
741 4574 882 4627 Ἀντὶ
922 4576 976 4628 δὲ
1017 4577 1134 4641 τοῦ,
1167 4579 1236 4630 ἐν
1267 4579 1430 4647 (ιὶ).ῖῇ
1453 4582 1609 4651 ἀῃίςι,
1645 4585 1673 4636 ὁ
1711 4586 1808 4654 μὲν
1838 4585 1995 4638 Ἀκύ-

429 4663 549 4729 λας,
623 4666 691 4718 ἑν
750 4670 1073 4735 εὐπρεπείᾳ
1123 4671 1476 4742 ἡγιασμένη,
1526 4674 1820 4738 ἐξέδωκεν’
1873 4678 1996 4747 ὁςδέ

429 4755 740 4827 Σύμμαχος,
781 4760 848 4811 ἐν
872 4763 1189 4828 εὐπρεπείᾳ
1231 4765 1387 4832 ἁγίᾳ.
1431 4765 1682 4818 Βούλεται
1712 4767 1820 4837 γὰρ
1851 4770 1997 4838 ἡμᾶς

432 4849 573 4915 μετὰ
600 4850 693 4901 τοῦ
738 4852 1033 4920 πρέποντος
1065 4853 1268 4923 κόσμου
1304 4855 1395 4907 καὶ
1437 4856 1533 4923 τῆς
1563 4857 1890 4926 προσφιλοῦς
1918 4858 1995 4927 τῷ

425 4940 544 5010 Θεῷ
583 4941 922 5013 δικαιοσύνης
974 4943 1073 5014 τὴν
1129 4945 1496 5014 προσκύνησιν
1542 4947 1829 5001 ποιεῖσθαι.
1888 4969 1904 4997 ι
1939 4948 1992 4999 In

426 5032 622 5098 quibus
639 5033 914 5086 oraculum
935 5037 1164 5103 gratiam
1181 5027 1543 5103 evangelii-am
1570 5054 1662 5107 per
1687 5040 1991 5093 universum

425 5123 608 5176 urbem
643 5123 1041 5178 tlilfuntlentlam
1080 5127 1339 5194 [)l‘ll‘tiit'fil.
1377 5127 1534 5181 .luhel
1569 5130 1711 5182 enim
1749 5131 1834 5182 illa
1873 5147 1990 5198 qua:

427 5216 689 5268 recensita
731 5225 852 5269 sunt
881 5217 1092 5277 afferre,
1122 5235 1224 5271 non
1252 5217 1488 5283 Judaeos,
1523 5222 1614 5273 seti
1640 5223 1839 5288 patrias
1863 5237 1988 5288 gen-

426 5308 553 5358 tium
583 5348 597 5371 ,
643 5308 720 5360 vel
759 5311 1047 5361 secundum
1084 5311 1351 5378 reliquos,
1407 5313 1738 5378 cognationes
1769 5310 1987 5378 populo-

423 5412 554 5447 rum.
607 5399 753 5466 Apud
787 5399 1134 5464 Septuaginta
1183 5401 1323 5452 enim
1357 5410 1682 5467 expunctum
1725 5410 1804 5452 est
1834 5400 1981 5463 illud,

419 5485 516 5551 [illi
567 5486 753 5549 Dei“,
798 5489 937 5554 quod
986 5491 1036 5540 iu
1085 5488 1308 5543 Heln-mo
1339 5491 1391 5543 id
1428 5507 1528 5543 non
1579 5492 1858 5554 habeatur,
1890 5505 1985 5542 nec

420 5578 557 5644 apud
601 5579 755 5629 alios.
805 5580 1066 5632 Creterum
1115 5597 1231 5648 pro,
1284 5584 1334 5634 in
1378 5584 1500 5634 aula
1543 5593 1760 5642 sancta,
1796 5582 1981 5648 Aquila

489 5691 534 5722 ε’
569 5691 702 5747 Ilsat.
741 5708 847 5745 ut.
881 5694 970 5745 εδ.
1109 5698 1174 5725 ⁵τ¹⁶
1209 5697 1344 5751 l'sal.
1382 5715 1564 5758 tum,
1601 5699 1665 5762 ‘2;

431 5761 513 5814 Η.
597 5765 660 5788 “¹⁶
692 5760 829 5814 Psal.
867 5779 1036 5825 xuii,
1074 5766 1154 5817 l3.

1711 5713 1822 5756 xcv,
1856 5700 1904 5752 8.

2037 5697 2074 5725 θ’
2115 5695 2250 5750 l'sa'.
2288 5713 2474 5756 XU‘HI,
2510 5700 2556 5748 1.

2105 4570 2292 4638 σμούς.
2324 4570 2510 4633 Οὐδεὶς
2543 4571 2650 4640 γὰρ
2685 4555 2788 4624 οἶδε
2822 4571 2929 4623 τῶν
2953 4571 3272 4643 ἀνθρώπων,
3307 4573 3402 4624 καὶ
3433 4571 3556 4641 ἑξῆς
3576 4612 3587 4621 .
3618 4613 3628 4623 .
3656 4611 3668 4622 .

2103 4663 2374 4732 Συνῆπται
2418 4662 2498 4726 τὸ,
2560 4665 2591 4714 o’
2645 4663 2877 4727 συνιεὶς
2914 4667 3000 4727 εἰς
3045 4664 3266 4724 πάντα,
3321 4663 3396 4725 ὡς
3447 4662 3672 4734 μηδενὸς

2102 4753 2260 4805 ἄλλου
2305 4752 2603 4822 δυναμένου
2642 4754 2900 4816 συνιέναι,
2946 4754 3033 4824 οἵᾳ
3081 4753 3336 4824 προθέσει
3388 4753 3481 4805 καὶ¹
3523 4753 3667 4821 ὁρμῇ

2071 4879 2074 4882 λ
2100 4842 2328 4907 ἕκαστος
2342 4844 2450 4896 τῶν
2479 4842 2798 4913 ἀνθρώπων,
2827 4846 2862 4898 ἃ
2893 4845 3141 4916 πράττει,
3173 4846 3420 4915 πράττει.
3457 4863 3476 4896 ι
3508 4844 3669 4914 Sigil—

2101 4937 2247 4989 latiut
2288 4945 2467 4991 autem
2500 4938 2676 5006 posuit
2711 4953 2808 5004 pro
2836 4940 3096 5002 seorsim,
3145 4938 3434 5005 scparatim
3468 4955 3494 4989 a
3529 4937 3653 4990 reli-

2104 5031 2225 5098 quis
2259 5031 2625 5085 auimantibus
2653 5050 2664 5085 :
2698 5033 2859 5085 corda
2888 5042 3065 5085 autem
3098 5031 3346 5098 intelligit
3373 5029 3660 5095 cogitatio-

2099 5139 2213 5175 nes.
2235 5122 2296 5175 Et
2316 5122 2567 5192 quoniam
2595 5123 2814 5190 quilibet
2840 5122 2997 5176 boum
3022 5121 3338 5191 segregatim
3363 5120 3515 5188 quasi
3539 5136 3664 5171 con-

2098 5216 2300 5269 clusum
2331 5217 2600 5283 quoddam
2638 5232 2774 5284 penu
2810 5225 3040 5269 meutcm
3075 5228 3226 5266 suam
3278 5213 3472 5274 habet,
3504 5213 3573 5262 ita
3608 5221 3664 5262 ut

2097 5324 2254 5361 nemo
2279 5308 2502 5361 alterius
2527 5309 2881 5374 cogitationes
2925 5308 3102 5359 valeat
3148 5305 3444 5373 percipere.
3496 5299 3661 5354 Nemo

2093 5399 2232 5450 enim
2269 5401 2361 5451 scit
2399 5417 2514 5469 qua;
2541 5410 2656 5453 sunt
2689 5400 2931 5460 hominis,
2963 5408 3048 5452 etc
3074 5440 3086 5451 .
3116 5437 3132 5452 .
3164 5436 3179 5451 .
3207 5437 3220 5450 .
3254 5437 3267 5451 .
3304 5396 3656 5465 Adjungitur;

2096 5491 2193 5553 Qui
2240 5491 2488 5558 intelligit
2514 5491 2692 5543 omnia
2722 5533 2733 5554 ,
2769 5507 2832 5543 ac
2863 5492 2904 5542 si
2938 5491 3111 5543 nullus
3142 5489 3277 5542 alius
3307 5487 3475 5556 possit
3507 5483 3659 5536 intel-

2094 5584 2280 5650 ligere,
2324 5599 2552 5650 quanam
2591 5583 2883 5635 iu’lcutioue
2926 5591 2976 5634 et
3002 5598 3107 5648 quo
3137 5581 3394 5635 instinctu
3435 5577 3660 5646 quilibet

2635 5696 2696 5725 θ’*
2735 5695 2873 5749 Psal.
2915 5711 3087 5760 xxx”,
3131 5696 3210 5749 lli.
3315 5695 3350 5725 θ’
3390 5691 3553 5745 lflur.
3591 5705 3651 5752 ιι,
