  <div class='ocr_page' id='page_1' title='image "/cluster/home/n/w/nwhite01/storage/ocr_20150623/29/mdp.39015012934371/218.png"; bbox 0 0 4094 6220; ppageno 0'>
   <div class='ocr_carea' id='block_1_1' title="bbox 1529 271 2571 363">
    <p class='ocr_par' dir='ltr' id='par_1_1' title="bbox 1529 271 2571 363">
     <span class='ocr_line' id='line_1_1' title="bbox 1529 271 2571 363; baseline 0.01 -10"><span class='ocrx_word' id='word_1_1' title='bbox 1529 300 1589 354; x_wconf 84' lang='lat' dir='ltr'><strong>n.</strong></span> <span class='ocrx_word' id='word_1_2' title='bbox 1630 299 1772 357; x_wconf 86' lang='lat' dir='ltr'><strong>JUL.</strong></span> <span class='ocrx_word' id='word_1_3' title='bbox 1815 271 2136 357; x_wconf 63' lang='lat' dir='ltr'><strong>tiARNERIl</strong></span> <span class='ocrx_word' id='word_1_4' title='bbox 2182 301 2571 363; x_wconf 59' lang='lat' dir='ltr'><strong>ranarum.</strong></span> 
     </span>
    </p>
   </div>
   <div class='ocr_carea' id='block_1_2' title="bbox 3541 342 3663 384">
    <p class='ocr_par' dir='ltr' id='par_1_2' title="bbox 3541 342 3663 384">
     <span class='ocr_line' id='line_1_2' title="bbox 3541 342 3663 384; baseline -0.025 0"><span class='ocrx_word' id='word_1_5' title='bbox 3541 342 3663 384; x_wconf 70' lang='lat' dir='ltr'><strong>CCII</strong></span> 
     </span>
    </p>
   </div>
   <div class='ocr_carea' id='block_1_3' title="bbox 419 420 3663 509">
    <p class='ocr_par' dir='ltr' id='par_1_3' title="bbox 419 420 3663 509">
     <span class='ocr_line' id='line_1_3' title="bbox 419 420 3663 509; baseline 0.006 -31"><span class='ocrx_word' id='word_1_6' title='bbox 419 423 696 479; x_wconf 89' lang='lat' dir='ltr'><strong>hominum</strong></span> <span class='ocrx_word' id='word_1_7' title='bbox 727 429 851 492; x_wconf 84' lang='lat' dir='ltr'><strong>agat</strong></span> <span class='ocrx_word' id='word_1_8' title='bbox 892 434 1011 490; x_wconf 75' lang='lat' dir='ltr'><strong>qua:</strong></span> <span class='ocrx_word' id='word_1_9' title='bbox 1040 423 1168 488; x_wconf 71' lang='lat' dir='ltr'><strong>agit.</strong></span> <span class='ocrx_word' id='word_1_10' title='bbox 1211 441 1230 474; x_wconf 74' lang='grc' dir='ltr'><strong>ι</strong></span> <span class='ocrx_word' id='word_1_11' title='bbox 1267 420 1398 488; x_wconf 89' lang='lat' dir='ltr'><strong>Hic,</strong></span> <span class='ocrx_word' id='word_1_12' title='bbox 1431 433 1490 476; x_wconf 91' lang='lat' dir='ltr'><strong>nt</strong></span> <span class='ocrx_word' id='word_1_13' title='bbox 1517 424 1670 489; x_wconf 81' lang='lat' dir='ltr'><strong>alias,</strong></span> <span class='ocrx_word' id='word_1_14' title='bbox 1693 424 1991 487; x_wconf 64' lang='lat' dir='ltr'><strong>Tobscrvari</strong></span> <span class='ocrx_word' id='word_1_15' title='bbox 2024 429 2065 484; x_wconf 85' lang='grc' dir='ltr'><strong>Α</strong></span> <span class='ocrx_word' id='word_1_16' title='bbox 2097 424 2356 481; x_wconf 88' lang='lat' dir='ltr'><strong>adversus</strong></span> <span class='ocrx_word' id='word_1_17' title='bbox 2385 442 2479 482; x_wconf 92' lang='lat' dir='ltr'><strong>cor</strong></span> <span class='ocrx_word' id='word_1_18' title='bbox 2513 430 2850 487; x_wconf 83' lang='lat' dir='ltr'><strong>inimicorum</strong></span> <span class='ocrx_word' id='word_1_19' title='bbox 2892 443 3126 503; x_wconf 91' lang='lat' dir='ltr'><strong>tuorum,</strong></span> <span class='ocrx_word' id='word_1_20' title='bbox 3149 438 3340 494; x_wconf 91' lang='lat' dir='ltr'><strong>deinde</strong></span> <span class='ocrx_word' id='word_1_21' title='bbox 3369 455 3517 509; x_wconf 89' lang='lat' dir='ltr'><strong>vero,</strong></span> <span class='ocrx_word' id='word_1_22' title='bbox 3557 443 3663 498; x_wconf 83' lang='lat' dir='ltr'><strong>Po-</strong></span> 
     </span>
    </p>
   </div>
   <div class='ocr_carea' id='block_1_4' title="bbox 418 512 3662 588">
    <p class='ocr_par' dir='ltr' id='par_1_4' title="bbox 418 512 3662 588">
     <span class='ocr_line' id='line_1_4' title="bbox 418 512 3662 588; baseline 0.007 -22"><span class='ocrx_word' id='word_1_23' title='bbox 418 522 607 584; x_wconf 88' lang='lat' dir='ltr'><strong>potest,</strong></span> <span class='ocrx_word' id='word_1_24' title='bbox 643 513 985 566; x_wconf 88' lang='lat' dir='ltr'><strong>librariorum</strong></span> <span class='ocrx_word' id='word_1_25' title='bbox 1027 513 1236 567; x_wconf 89' lang='lat' dir='ltr'><strong>incuria</strong></span> <span class='ocrx_word' id='word_1_26' title='bbox 1265 512 1465 567; x_wconf 90' lang='lat' dir='ltr'><strong>factum</strong></span> <span class='ocrx_word' id='word_1_27' title='bbox 1512 528 1653 577; x_wconf 89' lang='lat' dir='ltr'><strong>esse,</strong></span> <span class='ocrx_word' id='word_1_28' title='bbox 1710 523 1989 583; x_wconf 81' lang='lat' dir='ltr'><strong>aut-typo-</strong></span> <span class='ocrx_word' id='word_1_29' title='bbox 2089 514 2202 583; x_wconf 85' lang='lat' dir='ltr'><strong>puli</strong></span> <span class='ocrx_word' id='word_1_30' title='bbox 2229 516 2322 568; x_wconf 80' lang='lat' dir='ltr'><strong>sub</strong></span> <span class='ocrx_word' id='word_1_31' title='bbox 2350 525 2398 570; x_wconf 86' lang='lat' dir='ltr'><strong>te</strong></span> <span class='ocrx_word' id='word_1_32' title='bbox 2421 518 2604 571; x_wconf 83' lang='lat' dir='ltr'><strong>cadent</strong></span> <span class='ocrx_word' id='word_1_33' title='bbox 2625 520 2715 581; x_wconf 66' lang='grc' dir='ltr'>δ”,</span> <span class='ocrx_word' id='word_1_34' title='bbox 2735 521 2901 588; x_wconf 87' lang='lat' dir='ltr'><strong>pulsis</strong></span> <span class='ocrx_word' id='word_1_35' title='bbox 2927 525 3259 584; x_wconf 88' lang='lat' dir='ltr'><strong>immissione</strong></span> <span class='ocrx_word' id='word_1_36' title='bbox 3282 531 3510 587; x_wconf 87' lang='lat' dir='ltr'><strong>telorum</strong></span> <span class='ocrx_word' id='word_1_37' title='bbox 3546 542 3662 587; x_wconf 86' lang='lat' dir='ltr'><strong>tuo-</strong></span> 
     </span>
    </p>
   </div>
   <div class='ocr_carea' id='block_1_5' title="bbox 418 602 1986 674">
    <p class='ocr_par' dir='ltr' id='par_1_5' title="bbox 418 602 1986 674">
     <span class='ocr_line' id='line_1_5' title="bbox 418 602 1986 674; baseline 0.001 -17"><span class='ocrx_word' id='word_1_38' title='bbox 418 605 771 674; x_wconf 76' lang='lat' dir='ltr'><strong>grapliorum,</strong></span> <span class='ocrx_word' id='word_1_39' title='bbox 804 611 865 656; x_wconf 93' lang='lat' dir='ltr'><strong>ut</strong></span> <span class='ocrx_word' id='word_1_40' title='bbox 910 602 1037 655; x_wconf 85' lang='lat' dir='ltr'><strong>vitia</strong></span> <span class='ocrx_word' id='word_1_41' title='bbox 1070 602 1314 671; x_wconf 69' lang='lat' dir='ltr'><strong>qnmdam</strong></span> <span class='ocrx_word' id='word_1_42' title='bbox 1346 604 1486 671; x_wconf 89' lang='lat' dir='ltr'><strong>apud</strong></span> <span class='ocrx_word' id='word_1_43' title='bbox 1522 603 1860 659; x_wconf 85' lang='lat' dir='ltr'><strong>Theodorum</strong></span> <span class='ocrx_word' id='word_1_44' title='bbox 1890 606 1986 659; x_wconf 89' lang='lat' dir='ltr'><strong>de-</strong></span> 
     </span>
    </p>
   </div>
   <div class='ocr_carea' id='block_1_6' title="bbox 416 691 1987 764">
    <p class='ocr_par' dir='ltr' id='par_1_6' title="bbox 416 691 1987 764">
     <span class='ocr_line' id='line_1_6' title="bbox 416 691 1987 764; baseline -0.001 -17"><span class='ocrx_word' id='word_1_45' title='bbox 416 693 840 763; x_wconf 79' lang='lat' dir='ltr'><strong>prehendantur.</strong></span> <span class='ocrx_word' id='word_1_46' title='bbox 889 691 1023 745; x_wconf 82' lang='lat' dir='ltr'><strong>Nam</strong></span> <span class='ocrx_word' id='word_1_47' title='bbox 1064 693 1154 747; x_wconf 90' lang='lat' dir='ltr'><strong>ubi</strong></span> <span class='ocrx_word' id='word_1_48' title='bbox 1197 692 1409 763; x_wconf 84' lang='lat' dir='ltr'><strong>legitur,</strong></span> <span class='ocrx_word' id='word_1_49' title='bbox 1442 693 1860 764; x_wconf 74' lang='grc' dir='ltr'><strong>ἀφωρισμένως,</strong></span> <span class='ocrx_word' id='word_1_50' title='bbox 1897 711 1987 748; x_wconf 88' lang='grc' dir='ltr'>κε-</span> 
     </span>
    </p>
   </div>
   <div class='ocr_carea' id='block_1_7' title="bbox 423 783 1983 857">
    <p class='ocr_par' dir='ltr' id='par_1_7' title="bbox 423 783 1983 857">
     <span class='ocr_line' id='line_1_7' title="bbox 423 783 1983 857; baseline 0.001 -19"><span class='ocrx_word' id='word_1_51' title='bbox 423 783 815 857; x_wconf 85' lang='grc' dir='ltr'>χωρισμένως,</span> <span class='ocrx_word' id='word_1_52' title='bbox 860 783 1149 837; x_wconf 88' lang='lat' dir='ltr'><strong>obscurum</strong></span> <span class='ocrx_word' id='word_1_53' title='bbox 1194 799 1299 839; x_wconf 91' lang='lat' dir='ltr'><strong>non</strong></span> <span class='ocrx_word' id='word_1_54' title='bbox 1329 795 1411 837; x_wconf 90' lang='lat' dir='ltr'><strong>est</strong></span> <span class='ocrx_word' id='word_1_55' title='bbox 1457 799 1642 838; x_wconf 87' lang='lat' dir='ltr'><strong>vocem</strong></span> <span class='ocrx_word' id='word_1_56' title='bbox 1673 786 1983 840; x_wconf 70' lang='lat' dir='ltr'><strong>alterutram</strong></span> 
     </span>
    </p>
   </div>
   <div class='ocr_carea' id='block_1_8' title="bbox 414 874 1982 946">
    <p class='ocr_par' dir='ltr' id='par_1_8' title="bbox 414 874 1982 946">
     <span class='ocr_line' id='line_1_8' title="bbox 414 874 1982 946; baseline 0.002 -18"><span class='ocrx_word' id='word_1_57' title='bbox 414 874 741 946; x_wconf 85' lang='grc' dir='ltr'>παρέλκειν;</span> <span class='ocrx_word' id='word_1_58' title='bbox 790 874 951 942; x_wconf 84' lang='lat' dir='ltr'><strong>idque</strong></span> <span class='ocrx_word' id='word_1_59' title='bbox 982 888 1050 928; x_wconf 79' lang='lat' dir='ltr'><strong>ex</strong></span> <span class='ocrx_word' id='word_1_60' title='bbox 1097 888 1162 928; x_wconf 91' lang='lat' dir='ltr'><strong>eo</strong></span> <span class='ocrx_word' id='word_1_61' title='bbox 1200 875 1468 938; x_wconf 80' lang='lat' dir='ltr'><strong>evenisse,</strong></span> <span class='ocrx_word' id='word_1_62' title='bbox 1521 876 1664 943; x_wconf 89' lang='lat' dir='ltr'><strong>quod</strong></span> <span class='ocrx_word' id='word_1_63' title='bbox 1712 890 1831 930; x_wconf 90' lang='lat' dir='ltr'><strong>cum</strong></span> <span class='ocrx_word' id='word_1_64' title='bbox 1880 891 1982 931; x_wconf 84' lang='lat' dir='ltr'><strong>vox</strong></span> 
     </span>
    </p>
   </div>
   <div class='ocr_carea' id='block_1_9' title="bbox 415 964 1978 1033">
    <p class='ocr_par' dir='ltr' id='par_1_9' title="bbox 415 964 1978 1033">
     <span class='ocr_line' id='line_1_9' title="bbox 415 964 1978 1033; baseline 0.003 -17"><span class='ocrx_word' id='word_1_65' title='bbox 415 982 517 1017; x_wconf 87' lang='lat' dir='ltr'><strong>una</strong></span> <span class='ocrx_word' id='word_1_66' title='bbox 555 965 607 1018; x_wconf 91' lang='lat' dir='ltr'><strong>in</strong></span> <span class='ocrx_word' id='word_1_67' title='bbox 637 978 743 1018; x_wconf 93' lang='lat' dir='ltr'><strong>uno</strong></span> <span class='ocrx_word' id='word_1_68' title='bbox 765 965 950 1018; x_wconf 86' lang='lat' dir='ltr'><strong>codice</strong></span> <span class='ocrx_word' id='word_1_69' title='bbox 973 965 1323 1033; x_wconf 76' lang='lat' dir='ltr'><strong>reperiretur,</strong></span> <span class='ocrx_word' id='word_1_70' title='bbox 1354 964 1520 1017; x_wconf 85' lang='lat' dir='ltr'><strong>altera</strong></span> <span class='ocrx_word' id='word_1_71' title='bbox 1548 979 1677 1019; x_wconf 89' lang='lat' dir='ltr'><strong>vero</strong></span> <span class='ocrx_word' id='word_1_72' title='bbox 1706 964 1758 1018; x_wconf 93' lang='lat' dir='ltr'><strong>in</strong></span> <span class='ocrx_word' id='word_1_73' title='bbox 1786 964 1978 1031; x_wconf 89' lang='lat' dir='ltr'><strong>altero,</strong></span> 
     </span>
    </p>
   </div>
   <div class='ocr_carea' id='block_1_10' title="bbox 418 1056 1979 1126">
    <p class='ocr_par' dir='ltr' id='par_1_10' title="bbox 418 1056 1979 1126">
     <span class='ocr_line' id='line_1_10' title="bbox 418 1056 1979 1126; baseline 0.001 -16"><span class='ocrx_word' id='word_1_74' title='bbox 418 1057 668 1111; x_wconf 85' lang='lat' dir='ltr'><strong>librarius</strong></span> <span class='ocrx_word' id='word_1_75' title='bbox 709 1056 978 1126; x_wconf 84' lang='lat' dir='ltr'><strong>quispiam</strong></span> <span class='ocrx_word' id='word_1_76' title='bbox 1030 1064 1316 1123; x_wconf 89' lang='lat' dir='ltr'><strong>utramque</strong></span> <span class='ocrx_word' id='word_1_77' title='bbox 1373 1057 1704 1126; x_wconf 84' lang='lat' dir='ltr'><strong>apposuerit.</strong></span> <span class='ocrx_word' id='word_1_78' title='bbox 1754 1056 1979 1123; x_wconf 85' lang='lat' dir='ltr'><strong>Deinde,</strong></span> 
     </span>
    </p>
   </div>
   <div class='ocr_carea' id='block_1_11' title="bbox 418 1128 1978 1218">
    <p class='ocr_par' dir='ltr' id='par_1_11' title="bbox 418 1128 1978 1218">
     <span class='ocr_line' id='line_1_11' title="bbox 418 1128 1978 1218; baseline 0.002 -18"><span class='ocrx_word' id='word_1_79' title='bbox 418 1148 502 1200; x_wconf 85' lang='lat' dir='ltr'><strong>ubi</strong></span> <span class='ocrx_word' id='word_1_80' title='bbox 548 1144 803 1216; x_wconf 77' lang='lat' dir='ltr'><strong>legimus,</strong></span> <span class='ocrx_word' id='word_1_81' title='bbox 829 1128 1065 1213; x_wconf 75' lang='grc' dir='ltr'>συνιεὶς</span> <span class='ocrx_word' id='word_1_82' title='bbox 1110 1150 1197 1212; x_wconf 82' lang='grc' dir='ltr'>εὶς</span> <span class='ocrx_word' id='word_1_83' title='bbox 1229 1146 1447 1212; x_wconf 76' lang='grc' dir='ltr'>πάντα,</span> <span class='ocrx_word' id='word_1_84' title='bbox 1477 1151 1842 1218; x_wconf 67' lang='lat' dir='ltr'><strong>praepositum,</strong></span> <span class='ocrx_word' id='word_1_85' title='bbox 1877 1152 1978 1213; x_wconf 80' lang='grc' dir='ltr'>εἰς,</span> 
     </span>
    </p>
   </div>
   <div class='ocr_carea' id='block_1_12' title="bbox 416 1238 1982 1309">
    <p class='ocr_par' dir='ltr' id='par_1_12' title="bbox 416 1238 1982 1309">
     <span class='ocr_line' id='line_1_12' title="bbox 416 1238 1982 1309; baseline 0.003 -19"><span class='ocrx_word' id='word_1_86' title='bbox 416 1238 722 1291; x_wconf 82' lang='lat' dir='ltr'><strong>redundare</strong></span> <span class='ocrx_word' id='word_1_87' title='bbox 753 1252 965 1306; x_wconf 89' lang='lat' dir='ltr'><strong>quoque</strong></span> <span class='ocrx_word' id='word_1_88' title='bbox 990 1246 1197 1292; x_wconf 84' lang='lat' dir='ltr'><strong>certum</strong></span> <span class='ocrx_word' id='word_1_89' title='bbox 1225 1249 1341 1302; x_wconf 87' lang='lat' dir='ltr'><strong>est;</strong></span> <span class='ocrx_word' id='word_1_90' title='bbox 1367 1255 1594 1309; x_wconf 80' lang='lat' dir='ltr'><strong>eamque</strong></span> <span class='ocrx_word' id='word_1_91' title='bbox 1623 1242 1824 1295; x_wconf 90' lang='lat' dir='ltr'><strong>erroris</strong></span> <span class='ocrx_word' id='word_1_92' title='bbox 1856 1256 1982 1296; x_wconf 88' lang='lat' dir='ltr'><strong>can-</strong></span> 
     </span>
    </p>
   </div>
   <div class='ocr_carea' id='block_1_13' title="bbox 410 1327 1979 1399">
    <p class='ocr_par' dir='ltr' id='par_1_13' title="bbox 410 1327 1979 1399">
     <span class='ocr_line' id='line_1_13' title="bbox 410 1327 1979 1399; baseline 0.003 -20"><span class='ocrx_word' id='word_1_93' title='bbox 410 1340 524 1379; x_wconf 89' lang='lat' dir='ltr'><strong>sam</strong></span> <span class='ocrx_word' id='word_1_94' title='bbox 559 1340 697 1392; x_wconf 86' lang='lat' dir='ltr'><strong>esse,</strong></span> <span class='ocrx_word' id='word_1_95' title='bbox 725 1328 865 1393; x_wconf 88' lang='lat' dir='ltr'><strong>quod</strong></span> <span class='ocrx_word' id='word_1_96' title='bbox 905 1328 1050 1381; x_wconf 82' lang='lat' dir='ltr'><strong>vocis</strong></span> <span class='ocrx_word' id='word_1_97' title='bbox 1067 1327 1267 1391; x_wconf 72' lang='grc' dir='ltr'>συνιεὶς</span> <span class='ocrx_word' id='word_1_98' title='bbox 1294 1328 1497 1399; x_wconf 81' lang='lat' dir='ltr'><strong>syllaba</strong></span> <span class='ocrx_word' id='word_1_99' title='bbox 1527 1329 1712 1385; x_wconf 88' lang='lat' dir='ltr'><strong>ultima</strong></span> <span class='ocrx_word' id='word_1_100' title='bbox 1740 1332 1979 1385; x_wconf 83' lang='lat' dir='ltr'><strong>oscitan~</strong></span> 
     </span>
    </p>
   </div>
   <div class='ocr_carea' id='block_1_14' title="bbox 414 1417 1975 1495">
    <p class='ocr_par' dir='ltr' id='par_1_14' title="bbox 414 1417 1975 1495">
     <span class='ocr_line' id='line_1_14' title="bbox 414 1417 1975 1495; baseline 0.004 -24"><span class='ocrx_word' id='word_1_101' title='bbox 414 1426 495 1471; x_wconf 89' lang='lat' dir='ltr'><strong>ter</strong></span> <span class='ocrx_word' id='word_1_102' title='bbox 526 1417 607 1472; x_wconf 85' lang='lat' dir='ltr'><strong>bis</strong></span> <span class='ocrx_word' id='word_1_103' title='bbox 638 1418 778 1471; x_wconf 88' lang='lat' dir='ltr'><strong>edita</strong></span> <span class='ocrx_word' id='word_1_104' title='bbox 816 1418 906 1472; x_wconf 84' lang='lat' dir='ltr'><strong>sit.</strong></span> <span class='ocrx_word' id='word_1_105' title='bbox 958 1418 1200 1487; x_wconf 88' lang='lat' dir='ltr'><strong>Denique</strong></span> <span class='ocrx_word' id='word_1_106' title='bbox 1233 1419 1336 1489; x_wconf 87' lang='lat' dir='ltr'><strong>legi</strong></span> <span class='ocrx_word' id='word_1_107' title='bbox 1371 1431 1643 1490; x_wconf 78' lang='lat' dir='ltr'><strong>oportere,</strong></span> <span class='ocrx_word' id='word_1_108' title='bbox 1680 1423 1909 1495; x_wconf 83' lang='grc' dir='ltr'><strong>πράττει</strong></span> <span class='ocrx_word' id='word_1_109' title='bbox 1940 1423 1975 1477; x_wconf 82' lang='grc' dir='ltr'><strong>ἀ</strong></span> 
     </span>
    </p>
   </div>
   <div class='ocr_carea' id='block_1_15' title="bbox 410 1507 1979 1581">
    <p class='ocr_par' dir='ltr' id='par_1_15' title="bbox 410 1507 1979 1581">
     <span class='ocr_line' id='line_1_15' title="bbox 410 1507 1979 1581; baseline 0.006 -22"><span class='ocrx_word' id='word_1_110' title='bbox 410 1507 658 1579; x_wconf 69' lang='grc' dir='ltr'>πράττει,</span> <span class='ocrx_word' id='word_1_111' title='bbox 692 1524 796 1562; x_wconf 89' lang='lat' dir='ltr'><strong>non</strong></span> <span class='ocrx_word' id='word_1_112' title='bbox 829 1508 866 1563; x_wconf 78' lang='grc' dir='ltr'><strong>ἀ</strong></span> <span class='ocrx_word' id='word_1_113' title='bbox 898 1509 1124 1581; x_wconf 81' lang='grc' dir='ltr'>πράττει</span> <span class='ocrx_word' id='word_1_114' title='bbox 1149 1510 1399 1577; x_wconf 82' lang='grc' dir='ltr'><strong>πράττει,</strong></span> <span class='ocrx_word' id='word_1_115' title='bbox 1433 1513 1515 1567; x_wconf 88' lang='lat' dir='ltr'><strong>vel</strong></span> <span class='ocrx_word' id='word_1_116' title='bbox 1546 1516 1750 1568; x_wconf 91' lang='lat' dir='ltr'><strong>tirones</strong></span> <span class='ocrx_word' id='word_1_117' title='bbox 1780 1516 1979 1570; x_wconf 87' lang='lat' dir='ltr'><strong>intelli—</strong></span> 
     </span>
    </p>
   </div>
   <div class='ocr_carea' id='block_1_16' title="bbox 410 1597 1974 1668">
    <p class='ocr_par' dir='ltr' id='par_1_16' title="bbox 410 1597 1974 1668">
     <span class='ocr_line' id='line_1_16' title="bbox 410 1597 1974 1668; baseline 0.008 -20"><span class='ocrx_word' id='word_1_118' title='bbox 410 1605 560 1663; x_wconf 80' lang='lat' dir='ltr'><strong>gunt.</strong></span> <span class='ocrx_word' id='word_1_119' title='bbox 614 1597 721 1652; x_wconf 90' lang='lat' dir='ltr'><strong>Sed</strong></span> <span class='ocrx_word' id='word_1_120' title='bbox 772 1600 839 1653; x_wconf 89' lang='lat' dir='ltr'><strong>ad</strong></span> <span class='ocrx_word' id='word_1_121' title='bbox 889 1599 1226 1668; x_wconf 90' lang='lat' dir='ltr'><strong>propositum</strong></span> <span class='ocrx_word' id='word_1_122' title='bbox 1275 1612 1523 1657; x_wconf 91' lang='lat' dir='ltr'><strong>nostrum</strong></span> <span class='ocrx_word' id='word_1_123' title='bbox 1573 1617 1671 1659; x_wconf 90' lang='lat' dir='ltr'><strong>nos</strong></span> <span class='ocrx_word' id='word_1_124' title='bbox 1720 1602 1974 1661; x_wconf 89' lang='lat' dir='ltr'><strong>feramus.</strong></span> 
     </span>
    </p>
   </div>
   <div class='ocr_carea' id='block_1_17' title="bbox 410 1685 1975 1759">
    <p class='ocr_par' dir='ltr' id='par_1_17' title="bbox 410 1685 1975 1759">
     <span class='ocr_line' id='line_1_17' title="bbox 410 1685 1975 1759; baseline 0.008 -22"><span class='ocrx_word' id='word_1_125' title='bbox 410 1685 498 1738; x_wconf 91' lang='lat' dir='ltr'><strong>llla</strong></span> <span class='ocrx_word' id='word_1_126' title='bbox 528 1686 713 1755; x_wconf 86' lang='lat' dir='ltr'><strong>psalmi</strong></span> <span class='ocrx_word' id='word_1_127' title='bbox 747 1688 1003 1742; x_wconf 90' lang='lat' dir='ltr'><strong>tricesimi</strong></span> <span class='ocrx_word' id='word_1_128' title='bbox 1032 1690 1197 1757; x_wconf 79' lang='lat' dir='ltr'><strong>tertii,</strong></span> <span class='ocrx_word' id='word_1_129' title='bbox 1229 1689 1428 1746; x_wconf 81' lang='lat' dir='ltr'><strong>Timete</strong></span> <span class='ocrx_word' id='word_1_130' title='bbox 1452 1692 1759 1759; x_wconf 83' lang='lat' dir='ltr'><strong>Dominum,</strong></span> <span class='ocrx_word' id='word_1_131' title='bbox 1800 1713 1975 1751; x_wconf 79' lang='lat' dir='ltr'><strong>omnes</strong></span> 
     </span>
    </p>
   </div>
   <div class='ocr_carea' id='block_1_18' title="bbox 406 1770 2048 1852">
    <p class='ocr_par' dir='ltr' id='par_1_18' title="bbox 406 1770 2048 1852">
     <span class='ocr_line' id='line_1_18' title="bbox 406 1770 2048 1852; baseline 0.01 -24"><span class='ocrx_word' id='word_1_132' title='bbox 406 1779 574 1831; x_wconf 73' lang='lat' dir='ltr'><strong>sancti</strong></span> <span class='ocrx_word' id='word_1_133' title='bbox 606 1777 718 1847; x_wconf 79' lang='lat' dir='ltr'><strong>ejus</strong></span> <span class='ocrx_word' id='word_1_134' title='bbox 741 1779 807 1843; x_wconf 80' lang='grc'>³³,</span> <span class='ocrx_word' id='word_1_135' title='bbox 838 1779 1143 1848; x_wconf 80' lang='lat' dir='ltr'><strong>Opinionem</strong></span> <span class='ocrx_word' id='word_1_136' title='bbox 1180 1793 1426 1838; x_wconf 89' lang='lat' dir='ltr'><strong>nostram</strong></span> <span class='ocrx_word' id='word_1_137' title='bbox 1456 1799 1560 1838; x_wconf 92' lang='lat' dir='ltr'><strong>non</strong></span> <span class='ocrx_word' id='word_1_138' title='bbox 1610 1799 1801 1852; x_wconf 88' lang='lat' dir='ltr'><strong>parum</strong></span> <span class='ocrx_word' id='word_1_139' title='bbox 1846 1802 1978 1842; x_wconf 90' lang='lat' dir='ltr'><strong>con-</strong></span> <span class='ocrx_word' id='word_1_140' title='bbox 2006 1770 2048 1825; x_wconf 81' lang='grc' dir='ltr'>Β</span> 
     </span>
    </p>
   </div>
   <div class='ocr_carea' id='block_1_19' title="bbox 409 1868 1975 1932">
    <p class='ocr_par' dir='ltr' id='par_1_19' title="bbox 409 1868 1975 1932">
     <span class='ocr_line' id='line_1_19' title="bbox 409 1868 1975 1932; baseline 0.007 -11"><span class='ocrx_word' id='word_1_141' title='bbox 409 1869 642 1923; x_wconf 82' lang='lat' dir='ltr'><strong>firmant.</strong></span> <span class='ocrx_word' id='word_1_142' title='bbox 694 1868 818 1924; x_wconf 61' lang='lat' dir='ltr'><strong>llaac</strong></span> <span class='ocrx_word' id='word_1_143' title='bbox 870 1869 1087 1926; x_wconf 87' lang='lat' dir='ltr'><strong>Eusebii</strong></span> <span class='ocrx_word' id='word_1_144' title='bbox 1143 1872 1305 1927; x_wconf 65' lang='lat' dir='ltr'><strong>vérba</strong></span> <span class='ocrx_word' id='word_1_145' title='bbox 1355 1884 1532 1929; x_wconf 90' lang='lat' dir='ltr'><strong>sunt:</strong></span> <span class='ocrx_word' id='word_1_146' title='bbox 1572 1877 1760 1931; x_wconf 89' lang='grc' dir='ltr'>Πάντα</span> <span class='ocrx_word' id='word_1_147' title='bbox 1802 1878 1975 1932; x_wconf 83' lang='grc' dir='ltr'>ταῦτα</span> 
     </span>
    </p>
   </div>
   <div class='ocr_carea' id='block_1_20' title="bbox 403 1960 1977 2042">
    <p class='ocr_par' dir='ltr' id='par_1_20' title="bbox 403 1960 1977 2042">
     <span class='ocr_line' id='line_1_20' title="bbox 403 1960 1977 2042; baseline 0.006 -29"><span class='ocrx_word' id='word_1_148' title='bbox 403 1960 694 2031; x_wconf 80' lang='grc' dir='ltr'><strong>γνωμικῶς</strong></span> <span class='ocrx_word' id='word_1_149' title='bbox 723 1962 752 2013; x_wconf 89' lang='grc' dir='ltr'><strong>ὁ</strong></span> <span class='ocrx_word' id='word_1_150' title='bbox 780 1961 943 2015; x_wconf 77' lang='grc' dir='ltr'>Δαϐὶδ</span> <span class='ocrx_word' id='word_1_151' title='bbox 966 1964 1046 2026; x_wconf 86' lang='grc' dir='ltr'><strong>είς</strong></span> <span class='ocrx_word' id='word_1_152' title='bbox 1063 1962 1162 2035; x_wconf 83' lang='grc' dir='ltr'>τὴν</span> <span class='ocrx_word' id='word_1_153' title='bbox 1187 1964 1389 2037; x_wconf 83' lang='grc' dir='ltr'>ἐτέρων</span> <span class='ocrx_word' id='word_1_154' title='bbox 1414 1966 1680 2036; x_wconf 86' lang='grc' dir='ltr'>ὠφέλειαν</span> <span class='ocrx_word' id='word_1_155' title='bbox 1709 1970 1977 2042; x_wconf 80' lang='grc' dir='ltr'>προφέρε-</span> 
     </span>
    </p>
   </div>
   <div class='ocr_carea' id='block_1_21' title="bbox 402 2052 1974 2133">
    <p class='ocr_par' dir='ltr' id='par_1_21' title="bbox 402 2052 1974 2133">
     <span class='ocr_line' id='line_1_21' title="bbox 402 2052 1974 2133; baseline 0.008 -30"><span class='ocrx_word' id='word_1_156' title='bbox 402 2068 512 2114; x_wconf 87' lang='grc' dir='ltr'>ται,</span> <span class='ocrx_word' id='word_1_157' title='bbox 548 2052 708 2116; x_wconf 81' lang='grc' dir='ltr'>αὐτὸς</span> <span class='ocrx_word' id='word_1_158' title='bbox 737 2053 1002 2125; x_wconf 79' lang='grc' dir='ltr'>πρότερον</span> <span class='ocrx_word' id='word_1_159' title='bbox 1034 2054 1349 2119; x_wconf 83' lang='grc' dir='ltr'>ἀπολαύσας</span> <span class='ocrx_word' id='word_1_160' title='bbox 1395 2057 1575 2112; x_wconf 77' lang='grc' dir='ltr'>αὐτῶν</span> <span class='ocrx_word' id='word_1_161' title='bbox 1614 2101 1626 2112; x_wconf 95' lang='grc'><strong>.</strong></span> <span class='ocrx_word' id='word_1_162' title='bbox 1655 2100 1667 2113; x_wconf 91' lang='grc'><strong>.</strong></span> <span class='ocrx_word' id='word_1_163' title='bbox 1696 2101 1709 2114; x_wconf 93' lang='grc'><strong>.</strong></span> <span class='ocrx_word' id='word_1_164' title='bbox 1735 2101 1749 2114; x_wconf 95' lang='grc'><strong>.</strong></span> <span class='ocrx_word' id='word_1_165' title='bbox 1789 2062 1974 2133; x_wconf 83' lang='grc' dir='ltr'>Παρα-</span> 
     </span>
    </p>
   </div>
   <div class='ocr_carea' id='block_1_22' title="bbox 404 2141 1976 2222">
    <p class='ocr_par' dir='ltr' id='par_1_22' title="bbox 404 2141 1976 2222">
     <span class='ocr_line' id='line_1_22' title="bbox 404 2141 1976 2222; baseline 0.008 -28"><span class='ocrx_word' id='word_1_166' title='bbox 404 2141 681 2197; x_wconf 84' lang='grc' dir='ltr'>κελεύεται</span> <span class='ocrx_word' id='word_1_167' title='bbox 711 2144 889 2199; x_wconf 78' lang='grc' dir='ltr'>τοίνυν</span> <span class='ocrx_word' id='word_1_168' title='bbox 938 2146 1027 2199; x_wconf 75' lang='grc' dir='ltr'><strong>τὸν</strong></span> <span class='ocrx_word' id='word_1_169' title='bbox 1075 2146 1239 2216; x_wconf 86' lang='grc' dir='ltr'>φόϐον</span> <span class='ocrx_word' id='word_1_170' title='bbox 1266 2147 1359 2201; x_wconf 82' lang='grc' dir='ltr'>τοῦ</span> <span class='ocrx_word' id='word_1_171' title='bbox 1393 2148 1597 2220; x_wconf 83' lang='grc' dir='ltr'>Κυρίου</span> <span class='ocrx_word' id='word_1_172' title='bbox 1628 2151 1735 2222; x_wconf 82' lang='grc' dir='ltr'><strong>πρὸ</strong></span> <span class='ocrx_word' id='word_1_173' title='bbox 1777 2152 1976 2222; x_wconf 81' lang='grc' dir='ltr'>ὀφθαλ-</span> 
     </span>
    </p>
   </div>
   <div class='ocr_carea' id='block_1_23' title="bbox 406 2232 1973 2314">
    <p class='ocr_par' dir='ltr' id='par_1_23' title="bbox 406 2232 1973 2314">
     <span class='ocr_line' id='line_1_23' title="bbox 406 2232 1973 2314; baseline 0.009 -30"><span class='ocrx_word' id='word_1_174' title='bbox 406 2232 520 2303; x_wconf 78' lang='grc' dir='ltr'><strong>μῶν</strong></span> <span class='ocrx_word' id='word_1_175' title='bbox 549 2233 789 2289; x_wconf 82' lang='grc' dir='ltr'>τίθεσθαι</span> <span class='ocrx_word' id='word_1_176' title='bbox 813 2236 941 2301; x_wconf 79' lang='grc' dir='ltr'>τοὺς</span> <span class='ocrx_word' id='word_1_177' title='bbox 972 2236 1160 2306; x_wconf 84' lang='grc' dir='ltr'>ἁγίους</span> <span class='ocrx_word' id='word_1_178' title='bbox 1189 2240 1355 2294; x_wconf 79' lang='grc' dir='ltr'>αὑτοῦ</span> <span class='ocrx_word' id='word_1_179' title='bbox 1382 2258 1396 2272; x_wconf 72' lang='grc'><strong>⁸</strong></span> <span class='ocrx_word' id='word_1_180' title='bbox 1425 2241 1530 2295; x_wconf 80' lang='grc' dir='ltr'>ὑπὸ</span> <span class='ocrx_word' id='word_1_181' title='bbox 1556 2243 1662 2314; x_wconf 63' lang='grc' dir='ltr'><strong>γὰρ</strong></span> <span class='ocrx_word' id='word_1_182' title='bbox 1693 2244 1857 2297; x_wconf 82' lang='grc' dir='ltr'>αὑτοῦ</span> <span class='ocrx_word' id='word_1_183' title='bbox 1878 2244 1973 2297; x_wconf 79' lang='grc' dir='ltr'>τοῦ</span> 
     </span>
    </p>
   </div>
   <div class='ocr_carea' id='block_1_24' title="bbox 401 2323 1974 2404">
    <p class='ocr_par' dir='ltr' id='par_1_24' title="bbox 401 2323 1974 2404">
     <span class='ocr_line' id='line_1_24' title="bbox 401 2323 1974 2404; baseline 0.01 -28"><span class='ocrx_word' id='word_1_184' title='bbox 401 2323 566 2392; x_wconf 86' lang='grc' dir='ltr'>φόϐου</span> <span class='ocrx_word' id='word_1_185' title='bbox 619 2324 761 2394; x_wconf 79' lang='grc' dir='ltr'>ἅγιοι</span> <span class='ocrx_word' id='word_1_186' title='bbox 802 2327 1182 2382; x_wconf 82' lang='grc' dir='ltr'>ἀνατελοῦνται</span> <span class='ocrx_word' id='word_1_187' title='bbox 1229 2371 1244 2384; x_wconf 95' lang='grc'><strong>.</strong></span> <span class='ocrx_word' id='word_1_188' title='bbox 1276 2371 1289 2384; x_wconf 95' lang='grc'><strong>.</strong></span> <span class='ocrx_word' id='word_1_189' title='bbox 1318 2371 1332 2385; x_wconf 94' lang='grc'><strong>.</strong></span> <span class='ocrx_word' id='word_1_190' title='bbox 1362 2372 1375 2385; x_wconf 96' lang='grc'><strong>.</strong></span> <span class='ocrx_word' id='word_1_191' title='bbox 1432 2334 1493 2386; x_wconf 89' lang='grc' dir='ltr'><strong><em>Ὁ</em></strong></span> <span class='ocrx_word' id='word_1_192' title='bbox 1536 2336 1720 2403; x_wconf 70' lang='grc' dir='ltr'>φόϐος</span> <span class='ocrx_word' id='word_1_193' title='bbox 1751 2337 1974 2404; x_wconf 80' lang='grc' dir='ltr'>Κυρίου</span> 
     </span>
    </p>
   </div>
   <div class='ocr_carea' id='block_1_25' title="bbox 398 2414 1974 2498">
    <p class='ocr_par' dir='ltr' id='par_1_25' title="bbox 398 2414 1974 2498">
     <span class='ocr_line' id='line_1_25' title="bbox 398 2414 1974 2498; baseline 0.01 -30"><span class='ocrx_word' id='word_1_194' title='bbox 398 2414 750 2486; x_wconf 44' lang='lat' dir='ltr'><strong>apag-advel</strong></span> <span class='ocrx_word' id='word_1_195' title='bbox 775 2418 889 2483; x_wconf 73' lang='grc' dir='ltr'>τοῦ,</span> <span class='ocrx_word' id='word_1_196' title='bbox 922 2421 1211 2490; x_wconf 83' lang='grc' dir='ltr'>ἀγνοποιός</span> <span class='ocrx_word' id='word_1_197' title='bbox 1238 2463 1252 2478; x_wconf 94' lang='grc'><strong>.</strong></span> <span class='ocrx_word' id='word_1_198' title='bbox 1286 2466 1300 2478; x_wconf 94' lang='grc'><strong>.</strong></span> <span class='ocrx_word' id='word_1_199' title='bbox 1329 2465 1343 2478; x_wconf 95' lang='grc'><strong>.</strong></span> <span class='ocrx_word' id='word_1_200' title='bbox 1375 2426 1485 2479; x_wconf 76' lang='grc' dir='ltr'><strong>Καὶ</strong></span> <span class='ocrx_word' id='word_1_201' title='bbox 1507 2430 1731 2498; x_wconf 88' lang='grc' dir='ltr'>σημεῖον</span> <span class='ocrx_word' id='word_1_202' title='bbox 1759 2428 1855 2483; x_wconf 83' lang='grc' dir='ltr'>τοῦ</span> <span class='ocrx_word' id='word_1_203' title='bbox 1879 2447 1974 2498; x_wconf 90' lang='grc' dir='ltr'>φο-</span> 
     </span>
    </p>
   </div>
   <div class='ocr_carea' id='block_1_26' title="bbox 399 2503 1972 2591">
    <p class='ocr_par' dir='ltr' id='par_1_26' title="bbox 399 2503 1972 2591">
     <span class='ocr_line' id='line_1_26' title="bbox 399 2503 1972 2591; baseline 0.011 -34"><span class='ocrx_word' id='word_1_204' title='bbox 399 2503 609 2560; x_wconf 83' lang='grc' dir='ltr'>ϐεῖσθαι</span> <span class='ocrx_word' id='word_1_205' title='bbox 640 2507 731 2561; x_wconf 83' lang='grc' dir='ltr'><strong>τὸν</strong></span> <span class='ocrx_word' id='word_1_206' title='bbox 762 2509 966 2581; x_wconf 79' lang='grc' dir='ltr'>Κύριον</span> <span class='ocrx_word' id='word_1_207' title='bbox 998 2512 1141 2565; x_wconf 82' lang='grc' dir='ltr'>τοῦτ’</span> <span class='ocrx_word' id='word_1_208' title='bbox 1171 2513 1237 2567; x_wconf 85' lang='grc' dir='ltr'><strong>ἂν</strong></span> <span class='ocrx_word' id='word_1_209' title='bbox 1279 2514 1492 2583; x_wconf 87' lang='grc' dir='ltr'>γένοιτο</span> <span class='ocrx_word' id='word_1_210' title='bbox 1511 2558 1526 2583; x_wconf 97' lang='grc'><strong>,</strong></span> <span class='ocrx_word' id='word_1_211' title='bbox 1557 2518 1618 2571; x_wconf 82' lang='grc' dir='ltr'>τὸ</span> <span class='ocrx_word' id='word_1_212' title='bbox 1651 2519 1972 2591; x_wconf 81' lang='grc' dir='ltr'>καθαρεύειν</span> 
     </span>
    </p>
   </div>
   <div class='ocr_carea' id='block_1_27' title="bbox 402 2597 1973 2681">
    <p class='ocr_par' dir='ltr' id='par_1_27' title="bbox 402 2597 1973 2681">
     <span class='ocr_line' id='line_1_27' title="bbox 402 2597 1973 2681; baseline 0.012 -31"><span class='ocrx_word' id='word_1_213' title='bbox 402 2597 499 2666; x_wconf 85' lang='grc' dir='ltr'><strong>μὲν</strong></span> <span class='ocrx_word' id='word_1_214' title='bbox 552 2598 733 2671; x_wconf 84' lang='grc' dir='ltr'>πάσης</span> <span class='ocrx_word' id='word_1_215' title='bbox 779 2603 1051 2675; x_wconf 80' lang='grc' dir='ltr'>ρυπαρίας</span> <span class='ocrx_word' id='word_1_216' title='bbox 1100 2607 1334 2678; x_wconf 73' lang='grc' dir='ltr'>αἰσχρᾶς</span> <span class='ocrx_word' id='word_1_217' title='bbox 1375 2609 1643 2680; x_wconf 81' lang='grc' dir='ltr'>πράξεως,</span> <span class='ocrx_word' id='word_1_218' title='bbox 1686 2613 1973 2681; x_wconf 87' lang='grc' dir='ltr'>φυλάττειν</span> 
     </span>
    </p>
   </div>
   <div class='ocr_carea' id='block_1_28' title="bbox 396 2689 1969 2777">
    <p class='ocr_par' dir='ltr' id='par_1_28' title="bbox 396 2689 1969 2777">
     <span class='ocr_line' id='line_1_28' title="bbox 396 2689 1969 2777; baseline 0.011 -33"><span class='ocrx_word' id='word_1_219' title='bbox 396 2689 454 2744; x_wconf 74' lang='grc' dir='ltr'><strong>δὲ</strong></span> <span class='ocrx_word' id='word_1_220' title='bbox 501 2693 697 2757; x_wconf 77' lang='grc' dir='ltr'>αὐτοὺς</span> <span class='ocrx_word' id='word_1_221' title='bbox 742 2695 929 2764; x_wconf 78' lang='grc' dir='ltr'>ἁγίους</span> <span class='ocrx_word' id='word_1_222' title='bbox 981 2699 1076 2752; x_wconf 72' lang='grc' dir='ltr'>καὶ</span> <span class='ocrx_word' id='word_1_223' title='bbox 1117 2699 1331 2772; x_wconf 83' lang='grc' dir='ltr'>σώματι</span> <span class='ocrx_word' id='word_1_224' title='bbox 1380 2704 1475 2757; x_wconf 74' lang='grc' dir='ltr'><strong>καὶ</strong></span> <span class='ocrx_word' id='word_1_225' title='bbox 1518 2704 1818 2777; x_wconf 89' lang='grc' dir='ltr'>πνεύματι,</span> <span class='ocrx_word' id='word_1_226' title='bbox 1862 2719 1969 2762; x_wconf 69' lang='lat' dir='ltr'><strong>et&#39;c.</strong></span> 
     </span>
    </p>
   </div>
   <div class='ocr_carea' id='block_1_29' title="bbox 402 2779 1970 2854">
    <p class='ocr_par' dir='ltr' id='par_1_29' title="bbox 402 2779 1970 2854">
     <span class='ocr_line' id='line_1_29' title="bbox 402 2779 1970 2854; baseline 0.014 -21"><span class='ocrx_word' id='word_1_227' title='bbox 402 2796 425 2831; x_wconf 72' lang='grc' dir='ltr'><strong>ι</strong></span> <span class='ocrx_word' id='word_1_228' title='bbox 445 2779 575 2838; x_wconf 60' lang='lat' dir='ltr'><strong>Hec</strong></span> <span class='ocrx_word' id='word_1_229' title='bbox 596 2788 776 2840; x_wconf 89' lang='lat' dir='ltr'><strong>omnia</strong></span> <span class='ocrx_word' id='word_1_230' title='bbox 806 2788 974 2843; x_wconf 86' lang='lat' dir='ltr'><strong>David</strong></span> <span class='ocrx_word' id='word_1_231' title='bbox 1001 2790 1068 2844; x_wconf 91' lang='lat' dir='ltr'><strong>ad</strong></span> <span class='ocrx_word' id='word_1_232' title='bbox 1097 2791 1326 2847; x_wconf 89' lang='lat' dir='ltr'><strong>aliorum</strong></span> <span class='ocrx_word' id='word_1_233' title='bbox 1352 2795 1636 2850; x_wconf 86' lang='lat' dir='ltr'><strong>utilitatem</strong></span> <span class='ocrx_word' id='word_1_234' title='bbox 1671 2800 1970 2854; x_wconf 90' lang='lat' dir='ltr'><strong>sententia-</strong></span> 
     </span>
    </p>
   </div>
   <div class='ocr_carea' id='block_1_30' title="bbox 399 2880 1968 2959">
    <p class='ocr_par' dir='ltr' id='par_1_30' title="bbox 399 2880 1968 2959">
     <span class='ocr_line' id='line_1_30' title="bbox 399 2880 1968 2959; baseline 0.014 -32"><span class='ocrx_word' id='word_1_235' title='bbox 399 2887 521 2927; x_wconf 85' lang='lat' dir='ltr'><strong>rum</strong></span> <span class='ocrx_word' id='word_1_236' title='bbox 550 2890 700 2931; x_wconf 87' lang='lat' dir='ltr'><strong>more</strong></span> <span class='ocrx_word' id='word_1_237' title='bbox 721 2880 951 2949; x_wconf 84' lang='lat' dir='ltr'><strong>profert,</strong></span> <span class='ocrx_word' id='word_1_238' title='bbox 974 2897 1203 2951; x_wconf 88' lang='lat' dir='ltr'><strong>quorum</strong></span> <span class='ocrx_word' id='word_1_239' title='bbox 1228 2886 1377 2953; x_wconf 92' lang='lat' dir='ltr'><strong>prior</strong></span> <span class='ocrx_word' id='word_1_240' title='bbox 1395 2887 1508 2956; x_wconf 88' lang='lat' dir='ltr'><strong>ipse</strong></span> <span class='ocrx_word' id='word_1_241' title='bbox 1529 2891 1731 2959; x_wconf 87' lang='lat' dir='ltr'><strong>potitus</strong></span> <span class='ocrx_word' id='word_1_242' title='bbox 1751 2902 1968 2949; x_wconf 90' lang='lat' dir='ltr'><strong>erat....</strong></span> 
     </span>
    </p>
   </div>
   <div class='ocr_carea' id='block_1_31' title="bbox 395 2964 1971 3061">
    <p class='ocr_par' dir='ltr' id='par_1_31' title="bbox 395 2964 1971 3061">
     <span class='ocr_line' id='line_1_31' title="bbox 395 2964 1971 3061; baseline 0.013 -42"><span class='ocrx_word' id='word_1_243' title='bbox 395 2964 646 3038; x_wconf 70' lang='lat' dir='ltr'><strong>Praecipit</strong></span> <span class='ocrx_word' id='word_1_244' title='bbox 682 2971 862 3049; x_wconf 81' lang='lat' dir='ltr'><strong>itaque</strong></span> <span class='ocrx_word' id='word_1_245' title='bbox 910 2976 1113 3030; x_wconf 88' lang='lat' dir='ltr'><strong>sanctis</strong></span> <span class='ocrx_word' id='word_1_246' title='bbox 1144 2976 1276 3043; x_wconf 91' lang='lat' dir='ltr'><strong>Dei,</strong></span> <span class='ocrx_word' id='word_1_247' title='bbox 1327 2987 1386 3032; x_wconf 91' lang='lat' dir='ltr'><strong>ut</strong></span> <span class='ocrx_word' id='word_1_248' title='bbox 1423 2984 1674 3061; x_wconf 83' lang='lat' dir='ltr'><strong>timorem</strong></span> <span class='ocrx_word' id='word_1_249' title='bbox 1699 2983 1820 3054; x_wconf 84' lang='lat' dir='ltr'><strong>ejus</strong></span> <span class='ocrx_word' id='word_1_250' title='bbox 1860 3000 1971 3054; x_wconf 68' lang='lat' dir='ltr'><strong>prae</strong></span> 
     </span>
    </p>
   </div>
   <div class='ocr_carea' id='block_1_32' title="bbox 394 3053 2040 3159">
    <p class='ocr_par' dir='ltr' id='par_1_32' title="bbox 394 3053 2040 3159">
     <span class='ocr_line' id='line_1_32' title="bbox 394 3053 2040 3159; baseline 0.01 -48"><span class='ocrx_word' id='word_1_251' title='bbox 394 3058 566 3114; x_wconf 87' lang='lat' dir='ltr'><strong>oculis</strong></span> <span class='ocrx_word' id='word_1_252' title='bbox 600 3053 833 3117; x_wconf 84' lang='lat' dir='ltr'><strong>habeant</strong></span> <span class='ocrx_word' id='word_1_253' title='bbox 865 3083 879 3118; x_wconf 91' lang='lat'>:</span> <span class='ocrx_word' id='word_1_254' title='bbox 926 3066 993 3119; x_wconf 90' lang='lat' dir='ltr'><strong>ab</strong></span> <span class='ocrx_word' id='word_1_255' title='bbox 1036 3065 1132 3120; x_wconf 88' lang='lat' dir='ltr'><strong>illo</strong></span> <span class='ocrx_word' id='word_1_256' title='bbox 1166 3068 1364 3136; x_wconf 89' lang='lat' dir='ltr'><strong>quippe</strong></span> <span class='ocrx_word' id='word_1_257' title='bbox 1386 3068 1604 3137; x_wconf 58' lang='lat' dir='ltr'><strong>;timore</strong></span> <span class='ocrx_word' id='word_1_258' title='bbox 1638 3053 1812 3127; x_wconf 32' lang='lat' dir='ltr'><strong>[sancti</strong></span> <span class='ocrx_word' id='word_1_259' title='bbox 1851 3066 1965 3127; x_wconf 55' lang='lat' dir='ltr'><strong>cili?</strong></span> <span class='ocrx_word' id='word_1_260' title='bbox 1992 3097 2040 3159; x_wconf 70' lang='grc' dir='ltr'>ο</span> 
     </span>
    </p>
   </div>
   <div class='ocr_carea' id='block_1_33' title="bbox 396 3151 1965 3229">
    <p class='ocr_par' dir='ltr' id='par_1_33' title="bbox 396 3151 1965 3229">
     <span class='ocr_line' id='line_1_33' title="bbox 396 3151 1965 3229; baseline 0.008 -25"><span class='ocrx_word' id='word_1_261' title='bbox 396 3151 639 3208; x_wconf 86' lang='lat' dir='ltr'><strong>ciuntur.</strong></span> <span class='ocrx_word' id='word_1_262' title='bbox 671 3189 686 3206; x_wconf 93' lang='lat'><strong>.</strong></span> <span class='ocrx_word' id='word_1_263' title='bbox 715 3194 731 3209; x_wconf 94' lang='lat'><strong>.</strong></span> <span class='ocrx_word' id='word_1_264' title='bbox 763 3192 780 3208; x_wconf 96' lang='lat'><strong>.</strong></span> <span class='ocrx_word' id='word_1_265' title='bbox 811 3153 989 3210; x_wconf 85' lang='lat' dir='ltr'><strong>Timor</strong></span> <span class='ocrx_word' id='word_1_266' title='bbox 1008 3156 1221 3212; x_wconf 82' lang='lat' dir='ltr'><strong>Domini</strong></span> <span class='ocrx_word' id='word_1_267' title='bbox 1248 3168 1424 3214; x_wconf 78' lang='lat' dir='ltr'><strong>castus</strong></span> <span class='ocrx_word' id='word_1_268' title='bbox 1451 3160 1540 3225; x_wconf 78' lang='lat'><strong>“&#39;,</strong></span> <span class='ocrx_word' id='word_1_269' title='bbox 1577 3162 1844 3229; x_wconf 81' lang='lat' dir='ltr'><strong>videlicet,</strong></span> <span class='ocrx_word' id='word_1_270' title='bbox 1871 3179 1965 3221; x_wconf 85' lang='lat' dir='ltr'><strong>ca-</strong></span> 
     </span>
    </p>
   </div>
   <div class='ocr_carea' id='block_1_34' title="bbox 393 3242 1967 3322">
    <p class='ocr_par' dir='ltr' id='par_1_34' title="bbox 393 3242 1967 3322">
     <span class='ocr_line' id='line_1_34' title="bbox 393 3242 1967 3322; baseline 0.011 -25"><span class='ocrx_word' id='word_1_271' title='bbox 393 3247 508 3298; x_wconf 74' lang='lat' dir='ltr'><strong>stos</strong></span> <span class='ocrx_word' id='word_1_272' title='bbox 556 3242 792 3301; x_wconf 83' lang='lat' dir='ltr'><strong>efﬁciens</strong></span> <span class='ocrx_word' id='word_1_273' title='bbox 841 3285 857 3300; x_wconf 94' lang='lat'><strong>.</strong></span> <span class='ocrx_word' id='word_1_274' title='bbox 893 3289 909 3303; x_wconf 94' lang='lat'><strong>.</strong></span> <span class='ocrx_word' id='word_1_275' title='bbox 948 3287 963 3302; x_wconf 94' lang='lat'><strong>.</strong></span> <span class='ocrx_word' id='word_1_276' title='bbox 1001 3288 1014 3302; x_wconf 95' lang='lat'><strong>.</strong></span> <span class='ocrx_word' id='word_1_277' title='bbox 1063 3251 1241 3319; x_wconf 84' lang='lat' dir='ltr'><strong>Atque</strong></span> <span class='ocrx_word' id='word_1_278' title='bbox 1290 3252 1505 3322; x_wconf 84' lang='lat' dir='ltr'><strong>signum</strong></span> <span class='ocrx_word' id='word_1_279' title='bbox 1562 3253 1691 3309; x_wconf 87' lang='lat' dir='ltr'><strong>illud</strong></span> <span class='ocrx_word' id='word_1_280' title='bbox 1744 3256 1967 3314; x_wconf 84' lang='lat' dir='ltr'><strong>evidens</strong></span> 
     </span>
    </p>
   </div>
   <div class='ocr_carea' id='block_1_35' title="bbox 397 3332 1968 3419">
    <p class='ocr_par' dir='ltr' id='par_1_35' title="bbox 397 3332 1968 3419">
     <span class='ocr_line' id='line_1_35' title="bbox 397 3332 1968 3419; baseline 0.012 -32"><span class='ocrx_word' id='word_1_281' title='bbox 397 3332 563 3388; x_wconf 87' lang='lat' dir='ltr'><strong>fuerit</strong></span> <span class='ocrx_word' id='word_1_282' title='bbox 597 3336 806 3391; x_wconf 88' lang='lat' dir='ltr'><strong>timoris</strong></span> <span class='ocrx_word' id='word_1_283' title='bbox 839 3338 1076 3404; x_wconf 89' lang='lat' dir='ltr'><strong>Domini,</strong></span> <span class='ocrx_word' id='word_1_284' title='bbox 1108 3343 1152 3395; x_wconf 91' lang='lat' dir='ltr'><strong>si</strong></span> <span class='ocrx_word' id='word_1_285' title='bbox 1180 3342 1303 3411; x_wconf 91' lang='lat' dir='ltr'><strong>quis</strong></span> <span class='ocrx_word' id='word_1_286' title='bbox 1335 3360 1365 3398; x_wconf 91' lang='lat' dir='ltr'><strong>a</strong></span> <span class='ocrx_word' id='word_1_287' title='bbox 1409 3346 1663 3403; x_wconf 90' lang='lat' dir='ltr'><strong>sordibus</strong></span> <span class='ocrx_word' id='word_1_288' title='bbox 1696 3360 1749 3404; x_wconf 90' lang='lat' dir='ltr'><strong>et</strong></span> <span class='ocrx_word' id='word_1_289' title='bbox 1786 3351 1968 3419; x_wconf 86' lang='lat' dir='ltr'><strong>pravis</strong></span> 
     </span>
    </p>
   </div>
   <div class='ocr_carea' id='block_1_36' title="bbox 392 3427 1965 3511">
    <p class='ocr_par' dir='ltr' id='par_1_36' title="bbox 392 3427 1965 3511">
     <span class='ocr_line' id='line_1_36' title="bbox 392 3427 1965 3511; baseline 0.012 -32"><span class='ocrx_word' id='word_1_290' title='bbox 392 3427 650 3496; x_wconf 87' lang='lat' dir='ltr'><strong>operibus</strong></span> <span class='ocrx_word' id='word_1_291' title='bbox 684 3444 851 3498; x_wconf 88' lang='lat' dir='ltr'><strong>purus</strong></span> <span class='ocrx_word' id='word_1_292' title='bbox 904 3441 960 3486; x_wconf 90' lang='lat' dir='ltr'><strong>et</strong></span> <span class='ocrx_word' id='word_1_293' title='bbox 990 3447 1194 3489; x_wconf 84' lang='lat' dir='ltr'><strong>vacuus</strong></span> <span class='ocrx_word' id='word_1_294' title='bbox 1232 3434 1397 3490; x_wconf 89' lang='lat' dir='ltr'><strong>fuerit</strong></span> <span class='ocrx_word' id='word_1_295' title='bbox 1418 3476 1433 3499; x_wconf 90' lang='lat'><strong>.</strong></span> <span class='ocrx_word' id='word_1_296' title='bbox 1467 3452 1696 3511; x_wconf 88' lang='lat' dir='ltr'><strong>seseque</strong></span> <span class='ocrx_word' id='word_1_297' title='bbox 1721 3451 1965 3498; x_wconf 89' lang='lat' dir='ltr'><strong>sanctum</strong></span> 
     </span>
    </p>
   </div>
   <div class='ocr_carea' id='block_1_37' title="bbox 393 3522 1970 3605">
    <p class='ocr_par' dir='ltr' id='par_1_37' title="bbox 393 3522 1970 3605">
     <span class='ocr_line' id='line_1_37' title="bbox 393 3522 1970 3605; baseline 0.011 -34"><span class='ocrx_word' id='word_1_298' title='bbox 393 3532 622 3587; x_wconf 88' lang='lat' dir='ltr'><strong>corpore</strong></span> <span class='ocrx_word' id='word_1_299' title='bbox 647 3528 703 3575; x_wconf 91' lang='lat' dir='ltr'><strong>et</strong></span> <span class='ocrx_word' id='word_1_300' title='bbox 731 3522 925 3590; x_wconf 88' lang='lat' dir='ltr'><strong>spiritu</strong></span> <span class='ocrx_word' id='word_1_301' title='bbox 957 3526 1278 3589; x_wconf 74' lang='lat' dir='ltr'><strong>servaverit,</strong></span> <span class='ocrx_word' id='word_1_302' title='bbox 1310 3546 1329 3580; x_wconf 67' lang='grc' dir='ltr'><strong>ι</strong></span> <span class='ocrx_word' id='word_1_303' title='bbox 1367 3539 1476 3584; x_wconf 85' lang='lat' dir='ltr'><strong>etc.</strong></span> <span class='ocrx_word' id='word_1_304' title='bbox 1518 3529 1609 3585; x_wconf 90' lang='lat' dir='ltr'><strong>Sic</strong></span> <span class='ocrx_word' id='word_1_305' title='bbox 1640 3547 1766 3586; x_wconf 87' lang='lat' dir='ltr'><strong>vere</strong></span> <span class='ocrx_word' id='word_1_306' title='bbox 1797 3534 1970 3605; x_wconf 86' lang='lat' dir='ltr'><strong>loqui-</strong></span> 
     </span>
    </p>
   </div>
   <div class='ocr_carea' id='block_1_38' title="bbox 396 3613 1968 3697">
    <p class='ocr_par' dir='ltr' id='par_1_38' title="bbox 396 3613 1968 3697">
     <span class='ocr_line' id='line_1_38' title="bbox 396 3613 1968 3697; baseline 0.011 -36"><span class='ocrx_word' id='word_1_307' title='bbox 396 3617 484 3662; x_wconf 90' lang='lat' dir='ltr'><strong>tur</strong></span> <span class='ocrx_word' id='word_1_308' title='bbox 518 3613 894 3667; x_wconf 86' lang='lat' dir='ltr'><strong>commentarii</strong></span> <span class='ocrx_word' id='word_1_309' title='bbox 942 3625 1132 3670; x_wconf 86' lang='lat' dir='ltr'><strong>auctor</strong></span> <span class='ocrx_word' id='word_1_310' title='bbox 1160 3633 1172 3670; x_wconf 92' lang='lat'><strong>:</strong></span> <span class='ocrx_word' id='word_1_311' title='bbox 1208 3617 1393 3672; x_wconf 89' lang='grc' dir='ltr'>Πάντα</span> <span class='ocrx_word' id='word_1_312' title='bbox 1424 3621 1721 3692; x_wconf 83' lang='grc' dir='ltr'>γνωμικῶς</span> <span class='ocrx_word' id='word_1_313' title='bbox 1754 3626 1835 3689; x_wconf 80' lang='grc' dir='ltr'><strong>εἰς</strong></span> <span class='ocrx_word' id='word_1_314' title='bbox 1869 3625 1968 3697; x_wconf 85' lang='grc' dir='ltr'>τὴν</span> 
     </span>
    </p>
   </div>
   <div class='ocr_carea' id='block_1_39' title="bbox 391 3698 1969 3784">
    <p class='ocr_par' dir='ltr' id='par_1_39' title="bbox 391 3698 1969 3784">
     <span class='ocr_line' id='line_1_39' title="bbox 391 3698 1969 3784; baseline 0.011 -32"><span class='ocrx_word' id='word_1_315' title='bbox 391 3698 594 3772; x_wconf 64' lang='grc' dir='ltr'>ἑτέρων</span> <span class='ocrx_word' id='word_1_316' title='bbox 637 3701 786 3770; x_wconf 80' lang='grc' dir='ltr'>λέγει</span> <span class='ocrx_word' id='word_1_317' title='bbox 829 3705 1127 3774; x_wconf 86' lang='grc' dir='ltr'>ὠφέλειαν,</span> <span class='ocrx_word' id='word_1_318' title='bbox 1170 3709 1332 3775; x_wconf 83' lang='grc' dir='ltr'>αὐτὸς</span> <span class='ocrx_word' id='word_1_319' title='bbox 1370 3712 1634 3784; x_wconf 84' lang='grc' dir='ltr'>πρότερον</span> <span class='ocrx_word' id='word_1_320' title='bbox 1657 3715 1969 3780; x_wconf 84' lang='grc' dir='ltr'>ἀπολαύσας</span> 
     </span>
    </p>
   </div>
   <div class='ocr_carea' id='block_1_40' title="bbox 390 3792 1968 3879">
    <p class='ocr_par' dir='ltr' id='par_1_40' title="bbox 390 3792 1968 3879">
     <span class='ocr_line' id='line_1_40' title="bbox 390 3792 1968 3879; baseline 0.011 -34"><span class='ocrx_word' id='word_1_321' title='bbox 390 3792 588 3847; x_wconf 72' lang='grc' dir='ltr'>αὐτῶν.</span> <span class='ocrx_word' id='word_1_322' title='bbox 644 3795 754 3848; x_wconf 74' lang='grc' dir='ltr'>Καὶ</span> <span class='ocrx_word' id='word_1_323' title='bbox 801 3799 1239 3868; x_wconf 85' lang='grc' dir='ltr'>παρακελεύεται</span> <span class='ocrx_word' id='word_1_324' title='bbox 1286 3803 1378 3857; x_wconf 78' lang='grc' dir='ltr'>τὸν</span> <span class='ocrx_word' id='word_1_325' title='bbox 1420 3805 1516 3858; x_wconf 84' lang='grc' dir='ltr'>τοῦ</span> <span class='ocrx_word' id='word_1_326' title='bbox 1560 3806 1764 3878; x_wconf 78' lang='grc' dir='ltr'>Κυρίου</span> <span class='ocrx_word' id='word_1_327' title='bbox 1805 3808 1968 3879; x_wconf 83' lang='grc' dir='ltr'>φόϐον</span> 
     </span>
    </p>
   </div>
   <div class='ocr_carea' id='block_1_41' title="bbox 391 3883 1969 3968">
    <p class='ocr_par' dir='ltr' id='par_1_41' title="bbox 391 3883 1969 3968">
     <span class='ocr_line' id='line_1_41' title="bbox 391 3883 1969 3968; baseline 0.011 -31"><span class='ocrx_word' id='word_1_328' title='bbox 391 3883 498 3955; x_wconf 79' lang='grc' dir='ltr'><strong>πρὸ</strong></span> <span class='ocrx_word' id='word_1_329' title='bbox 523 3885 816 3958; x_wconf 81' lang='grc' dir='ltr'>ὀφθαλμῶν</span> <span class='ocrx_word' id='word_1_330' title='bbox 841 3889 1085 3946; x_wconf 88' lang='grc' dir='ltr'>τίθεσθαι</span> <span class='ocrx_word' id='word_1_331' title='bbox 1113 3895 1240 3959; x_wconf 73' lang='grc' dir='ltr'>τοὺς</span> <span class='ocrx_word' id='word_1_332' title='bbox 1264 3896 1475 3964; x_wconf 83' lang='grc' dir='ltr'>ἁγίους,</span> <span class='ocrx_word' id='word_1_333' title='bbox 1509 3899 1598 3967; x_wconf 78' lang='grc' dir='ltr'>ὑφ’</span> <span class='ocrx_word' id='word_1_334' title='bbox 1621 3892 1681 3952; x_wconf 77' lang='grc' dir='ltr'>οὗ</span> <span class='ocrx_word' id='word_1_335' title='bbox 1710 3901 1855 3968; x_wconf 77' lang='grc' dir='ltr'>ἅγιοι</span> <span class='ocrx_word' id='word_1_336' title='bbox 1883 3918 1969 3955; x_wconf 82' lang='grc' dir='ltr'>τε·</span> 
     </span>
    </p>
   </div>
   <div class='ocr_carea' id='block_1_42' title="bbox 391 3977 1968 4062">
    <p class='ocr_par' dir='ltr' id='par_1_42' title="bbox 391 3977 1968 4062">
     <span class='ocr_line' id='line_1_42' title="bbox 391 3977 1968 4062; baseline 0.01 -32"><span class='ocrx_word' id='word_1_337' title='bbox 391 3977 624 4034; x_wconf 80' lang='grc' dir='ltr'>λοῦνται.</span> <span class='ocrx_word' id='word_1_338' title='bbox 642 3981 694 4032; x_wconf 91' lang='lat'><strong>&#39;0</strong></span> <span class='ocrx_word' id='word_1_339' title='bbox 724 3982 1036 4054; x_wconf 56' lang='grc' dir='ltr'>γάρῖςσόϐος</span> <span class='ocrx_word' id='word_1_340' title='bbox 1054 3987 1275 4056; x_wconf 81' lang='lat' dir='ltr'><strong>Kvplov</strong></span> <span class='ocrx_word' id='word_1_341' title='bbox 1292 3989 1496 4058; x_wconf 76' lang='grc' dir='ltr'>ἁγνὸς,</span> <span class='ocrx_word' id='word_1_342' title='bbox 1523 3992 1643 4044; x_wconf 72' lang='grc' dir='ltr'>ἀντὶ</span> <span class='ocrx_word' id='word_1_343' title='bbox 1664 3992 1778 4056; x_wconf 77' lang='grc' dir='ltr'>τοῦ,</span> <span class='ocrx_word' id='word_1_344' title='bbox 1810 3994 1968 4062; x_wconf 75' lang='grc' dir='ltr'>ἁγνο-</span> 
     </span>
    </p>
   </div>
   <div class='ocr_carea' id='block_1_43' title="bbox 391 4069 1969 4153">
    <p class='ocr_par' dir='ltr' id='par_1_43' title="bbox 391 4069 1969 4153">
     <span class='ocr_line' id='line_1_43' title="bbox 391 4069 1969 4153; baseline 0.011 -33"><span class='ocrx_word' id='word_1_345' title='bbox 391 4069 565 4133; x_wconf 84' lang='grc' dir='ltr'>ποιός.</span> <span class='ocrx_word' id='word_1_346' title='bbox 604 4070 717 4124; x_wconf 72' lang='grc' dir='ltr'><strong>Καὶ</strong></span> <span class='ocrx_word' id='word_1_347' title='bbox 754 4078 983 4145; x_wconf 81' lang='grc' dir='ltr'>σημεῖον</span> <span class='ocrx_word' id='word_1_348' title='bbox 1010 4076 1105 4130; x_wconf 83' lang='grc' dir='ltr'>τοῦ</span> <span class='ocrx_word' id='word_1_349' title='bbox 1136 4078 1420 4147; x_wconf 86' lang='grc' dir='ltr'>φοϐεῖσθαι</span> <span class='ocrx_word' id='word_1_350' title='bbox 1462 4081 1552 4134; x_wconf 78' lang='grc' dir='ltr'>τὸν</span> <span class='ocrx_word' id='word_1_351' title='bbox 1582 4082 1785 4153; x_wconf 83' lang='grc' dir='ltr'>Κύριον</span> <span class='ocrx_word' id='word_1_352' title='bbox 1814 4084 1969 4138; x_wconf 81' lang='grc' dir='ltr'>τοῦτο</span> 
     </span>
    </p>
   </div>
   <div class='ocr_carea' id='block_1_44' title="bbox 389 4155 1969 4243">
    <p class='ocr_par' dir='ltr' id='par_1_44' title="bbox 389 4155 1969 4243">
     <span class='ocr_line' id='line_1_44' title="bbox 389 4155 1969 4243; baseline 0.013 -35"><span class='ocrx_word' id='word_1_353' title='bbox 389 4155 455 4210; x_wconf 78' lang='grc' dir='ltr'>ἂν</span> <span class='ocrx_word' id='word_1_354' title='bbox 485 4158 712 4226; x_wconf 84' lang='grc' dir='ltr'>γένοιτο,</span> <span class='ocrx_word' id='word_1_355' title='bbox 765 4163 826 4215; x_wconf 87' lang='grc' dir='ltr'><strong>τὸ</strong></span> <span class='ocrx_word' id='word_1_356' title='bbox 878 4164 1210 4237; x_wconf 88' lang='grc' dir='ltr'>καθαρεύειν</span> <span class='ocrx_word' id='word_1_357' title='bbox 1244 4169 1428 4240; x_wconf 86' lang='grc' dir='ltr'>πάσης</span> <span class='ocrx_word' id='word_1_358' title='bbox 1470 4172 1831 4243; x_wconf 85' lang='grc' dir='ltr'>αίσχρότητος</span> <span class='ocrx_word' id='word_1_359' title='bbox 1875 4176 1969 4229; x_wconf 71' lang='grc' dir='ltr'><strong>καὶ</strong></span> 
     </span>
    </p>
   </div>
   <div class='ocr_carea' id='block_1_45' title="bbox 392 4248 1969 4327">
    <p class='ocr_par' dir='ltr' id='par_1_45' title="bbox 392 4248 1969 4327">
     <span class='ocr_line' id='line_1_45' title="bbox 392 4248 1969 4327; baseline 0.014 -27"><span class='ocrx_word' id='word_1_360' title='bbox 392 4248 604 4320; x_wconf 83' lang='grc' dir='ltr'>σῶματι</span> <span class='ocrx_word' id='word_1_361' title='bbox 637 4254 732 4306; x_wconf 79' lang='grc' dir='ltr'><strong>καὶ</strong></span> <span class='ocrx_word' id='word_1_362' title='bbox 758 4255 1060 4327; x_wconf 75' lang='grc' dir='ltr'>πνεύματι,</span> <span class='ocrx_word' id='word_1_363' title='bbox 1090 4269 1198 4314; x_wconf 85' lang='lat' dir='ltr'><strong>etc.</strong></span> <span class='ocrx_word' id='word_1_364' title='bbox 1238 4278 1257 4312; x_wconf 73' lang='grc' dir='ltr'><strong>ι</strong></span> <span class='ocrx_word' id='word_1_365' title='bbox 1283 4259 1478 4317; x_wconf 88' lang='lat' dir='ltr'><strong>Omnia</strong></span> <span class='ocrx_word' id='word_1_366' title='bbox 1521 4266 1858 4322; x_wconf 84' lang='lat' dir='ltr'><strong>sententiose</strong></span> <span class='ocrx_word' id='word_1_367' title='bbox 1900 4269 1969 4322; x_wconf 86' lang='lat' dir='ltr'><strong>ad</strong></span> 
     </span>
    </p>
   </div>
   <div class='ocr_carea' id='block_1_46' title="bbox 391 4339 1968 4426">
    <p class='ocr_par' dir='ltr' id='par_1_46' title="bbox 391 4339 1968 4426">
     <span class='ocr_line' id='line_1_46' title="bbox 391 4339 1968 4426; baseline 0.015 -36"><span class='ocrx_word' id='word_1_368' title='bbox 391 4339 617 4397; x_wconf 89' lang='lat' dir='ltr'><strong>aliorum</strong></span> <span class='ocrx_word' id='word_1_369' title='bbox 651 4346 860 4413; x_wconf 88' lang='lat' dir='ltr'><strong>profert</strong></span> <span class='ocrx_word' id='word_1_370' title='bbox 893 4349 1181 4406; x_wconf 89' lang='lat' dir='ltr'><strong>utilitatem</strong></span> <span class='ocrx_word' id='word_1_371' title='bbox 1206 4392 1220 4416; x_wconf 95' lang='lat'><strong>,</strong></span> <span class='ocrx_word' id='word_1_372' title='bbox 1272 4368 1392 4407; x_wconf 91' lang='lat' dir='ltr'><strong>cum</strong></span> <span class='ocrx_word' id='word_1_373' title='bbox 1425 4354 1657 4424; x_wconf 89' lang='lat' dir='ltr'><strong>ipsemet</strong></span> <span class='ocrx_word' id='word_1_374' title='bbox 1706 4357 1857 4426; x_wconf 85' lang='lat' dir='ltr'><strong>prius</strong></span> <span class='ocrx_word' id='word_1_375' title='bbox 1902 4359 1968 4413; x_wconf 89' lang='lat' dir='ltr'><strong>iis</strong></span> 
     </span>
    </p>
   </div>
   <div class='ocr_carea' id='block_1_47' title="bbox 390 4428 1964 4511">
    <p class='ocr_par' dir='ltr' id='par_1_47' title="bbox 390 4428 1964 4511">
     <span class='ocr_line' id='line_1_47' title="bbox 390 4428 1964 4511; baseline 0.013 -29"><span class='ocrx_word' id='word_1_376' title='bbox 390 4428 583 4487; x_wconf 86' lang='lat' dir='ltr'><strong>fruitus</strong></span> <span class='ocrx_word' id='word_1_377' title='bbox 630 4446 794 4492; x_wconf 90' lang='lat' dir='ltr'><strong>esset.</strong></span> <span class='ocrx_word' id='word_1_378' title='bbox 864 4430 930 4493; x_wconf 84' lang='lat' dir='ltr'><strong>Et</strong></span> <span class='ocrx_word' id='word_1_379' title='bbox 983 4439 1137 4511; x_wconf 84' lang='lat' dir='ltr'><strong>jubet</strong></span> <span class='ocrx_word' id='word_1_380' title='bbox 1185 4454 1410 4499; x_wconf 86' lang='lat' dir='ltr'><strong>sanctos</strong></span> <span class='ocrx_word' id='word_1_381' title='bbox 1459 4446 1708 4501; x_wconf 91' lang='lat' dir='ltr'><strong>timorem</strong></span> <span class='ocrx_word' id='word_1_382' title='bbox 1755 4448 1964 4503; x_wconf 90' lang='lat' dir='ltr'><strong>Domini</strong></span> 
     </span>
    </p>
   </div>
   <div class='ocr_carea' id='block_1_48' title="bbox 390 4526 1962 4609">
    <p class='ocr_par' dir='ltr' id='par_1_48' title="bbox 390 4526 1962 4609">
     <span class='ocr_line' id='line_1_48' title="bbox 390 4526 1962 4609; baseline 0.015 -34"><span class='ocrx_word' id='word_1_383' title='bbox 390 4530 516 4577; x_wconf 80' lang='lat' dir='ltr'><strong>ante</strong></span> <span class='ocrx_word' id='word_1_384' title='bbox 560 4526 748 4584; x_wconf 90' lang='lat' dir='ltr'><strong>oculos</strong></span> <span class='ocrx_word' id='word_1_385' title='bbox 779 4529 1085 4598; x_wconf 88' lang='lat' dir='ltr'><strong>collocare,</strong></span> <span class='ocrx_word' id='word_1_386' title='bbox 1132 4547 1164 4588; x_wconf 90' lang='lat' dir='ltr'><strong>a</strong></span> <span class='ocrx_word' id='word_1_387' title='bbox 1212 4548 1321 4604; x_wconf 88' lang='lat' dir='ltr'><strong>quo</strong></span> <span class='ocrx_word' id='word_1_388' title='bbox 1364 4538 1540 4593; x_wconf 86' lang='lat' dir='ltr'><strong>sancti</strong></span> <span class='ocrx_word' id='word_1_389' title='bbox 1584 4539 1962 4609; x_wconf 84' lang='lat' dir='ltr'><strong>perficiuntur.</strong></span> 
     </span>
    </p>
   </div>
   <div class='ocr_carea' id='block_1_49' title="bbox 390 4612 1964 4692">
    <p class='ocr_par' dir='ltr' id='par_1_49' title="bbox 390 4612 1964 4692">
     <span class='ocr_line' id='line_1_49' title="bbox 390 4612 1964 4692; baseline 0.012 -25"><span class='ocrx_word' id='word_1_390' title='bbox 390 4612 521 4669; x_wconf 83' lang='lat' dir='ltr'><strong>Nam</strong></span> <span class='ocrx_word' id='word_1_391' title='bbox 547 4617 705 4672; x_wconf 84' lang='lat' dir='ltr'><strong>timor</strong></span> <span class='ocrx_word' id='word_1_392' title='bbox 730 4620 942 4678; x_wconf 82' lang='lat' dir='ltr'><strong>Domini</strong></span> <span class='ocrx_word' id='word_1_393' title='bbox 966 4638 1207 4692; x_wconf 78' lang='lat' dir='ltr'><strong>sanctus,</strong></span> <span class='ocrx_word' id='word_1_394' title='bbox 1242 4629 1293 4682; x_wconf 93' lang='lat' dir='ltr'><strong>id</strong></span> <span class='ocrx_word' id='word_1_395' title='bbox 1325 4638 1428 4692; x_wconf 89' lang='lat' dir='ltr'><strong>est,</strong></span> <span class='ocrx_word' id='word_1_396' title='bbox 1468 4630 1833 4686; x_wconf 82' lang='lat' dir='ltr'><strong>sanctiﬁcans.</strong></span> <span class='ocrx_word' id='word_1_397' title='bbox 1867 4632 1964 4686; x_wconf 85' lang='lat' dir='ltr'><strong>At-</strong></span> 
     </span>
    </p>
   </div>
   <div class='ocr_carea' id='block_1_50' title="bbox 390 4708 1961 4793">
    <p class='ocr_par' dir='ltr' id='par_1_50' title="bbox 390 4708 1961 4793">
     <span class='ocr_line' id='line_1_50' title="bbox 390 4708 1961 4793; baseline 0.012 -34"><span class='ocrx_word' id='word_1_398' title='bbox 390 4720 499 4771; x_wconf 88' lang='lat' dir='ltr'><strong>que</strong></span> <span class='ocrx_word' id='word_1_399' title='bbox 519 4708 622 4764; x_wconf 88' lang='lat' dir='ltr'><strong>hoe</strong></span> <span class='ocrx_word' id='word_1_400' title='bbox 658 4711 869 4769; x_wconf 90' lang='lat' dir='ltr'><strong>timoris</strong></span> <span class='ocrx_word' id='word_1_401' title='bbox 902 4715 1112 4773; x_wconf 87' lang='lat' dir='ltr'><strong>Domini</strong></span> <span class='ocrx_word' id='word_1_402' title='bbox 1143 4719 1356 4790; x_wconf 85' lang='lat' dir='ltr'><strong>signum</strong></span> <span class='ocrx_word' id='word_1_403' title='bbox 1391 4735 1513 4776; x_wconf 90' lang='lat' dir='ltr'><strong>esse</strong></span> <span class='ocrx_word' id='word_1_404' title='bbox 1541 4723 1731 4791; x_wconf 89' lang='lat' dir='ltr'><strong>possit,</strong></span> <span class='ocrx_word' id='word_1_405' title='bbox 1761 4723 1805 4778; x_wconf 91' lang='lat' dir='ltr'><strong>si</strong></span> <span class='ocrx_word' id='word_1_406' title='bbox 1838 4725 1961 4793; x_wconf 88' lang='lat' dir='ltr'><strong>quis</strong></span> 
     </span>
    </p>
   </div>
   <div class='ocr_carea' id='block_1_51' title="bbox 391 4800 1958 4883">
    <p class='ocr_par' dir='ltr' id='par_1_51' title="bbox 391 4800 1958 4883">
     <span class='ocr_line' id='line_1_51' title="bbox 391 4800 1958 4883; baseline 0.013 -35"><span class='ocrx_word' id='word_1_407' title='bbox 391 4807 557 4863; x_wconf 86' lang='lat' dir='ltr'><strong>purus</strong></span> <span class='ocrx_word' id='word_1_408' title='bbox 584 4800 657 4854; x_wconf 90' lang='lat' dir='ltr'><strong>sit</strong></span> <span class='ocrx_word' id='word_1_409' title='bbox 700 4802 767 4858; x_wconf 89' lang='lat' dir='ltr'><strong>ab</strong></span> <span class='ocrx_word' id='word_1_410' title='bbox 801 4807 948 4860; x_wconf 88' lang='lat' dir='ltr'><strong>omni</strong></span> <span class='ocrx_word' id='word_1_411' title='bbox 986 4809 1322 4879; x_wconf 88' lang='lat' dir='ltr'><strong>turpitudine</strong></span> <span class='ocrx_word' id='word_1_412' title='bbox 1346 4852 1361 4878; x_wconf 94' lang='lat'><strong>,</strong></span> <span class='ocrx_word' id='word_1_413' title='bbox 1395 4820 1501 4867; x_wconf 88' lang='lat' dir='ltr'><strong>tam</strong></span> <span class='ocrx_word' id='word_1_414' title='bbox 1529 4814 1772 4883; x_wconf 85' lang='lat' dir='ltr'><strong>corporis</strong></span> <span class='ocrx_word' id='word_1_415' title='bbox 1799 4828 1958 4883; x_wconf 89' lang='lat' dir='ltr'><strong>quam</strong></span> 
     </span>
    </p>
   </div>
   <div class='ocr_carea' id='block_1_52' title="bbox 390 4886 1962 4975">
    <p class='ocr_par' dir='ltr' id='par_1_52' title="bbox 390 4886 1962 4975">
     <span class='ocr_line' id='line_1_52' title="bbox 390 4886 1962 4975; baseline 0.015 -37"><span class='ocrx_word' id='word_1_416' title='bbox 390 4886 631 4955; x_wconf 79' lang='lat' dir='ltr'><strong>spiritus,</strong></span> <span class='ocrx_word' id='word_1_417' title='bbox 655 4909 676 4944; x_wconf 78' lang='grc' dir='ltr'><strong>ι</strong></span> <span class='ocrx_word' id='word_1_418' title='bbox 714 4904 818 4949; x_wconf 89' lang='lat' dir='ltr'><strong>etc.</strong></span> <span class='ocrx_word' id='word_1_419' title='bbox 871 4895 1046 4953; x_wconf 89' lang='lat' dir='ltr'><strong>Pauca</strong></span> <span class='ocrx_word' id='word_1_420' title='bbox 1095 4911 1151 4956; x_wconf 90' lang='lat' dir='ltr'><strong>et</strong></span> <span class='ocrx_word' id='word_1_421' title='bbox 1188 4916 1256 4957; x_wconf 79' lang='lat' dir='ltr'><strong>ex</strong></span> <span class='ocrx_word' id='word_1_422' title='bbox 1303 4902 1513 4968; x_wconf 85' lang='lat' dir='ltr'><strong>psalmo</strong></span> <span class='ocrx_word' id='word_1_423' title='bbox 1550 4905 1962 4975; x_wconf 82' lang='lat' dir='ltr'><strong>quadragesimo</strong></span> 
     </span>
    </p>
   </div>
   <div class='ocr_carea' id='block_1_53' title="bbox 389 4982 1961 5066">
    <p class='ocr_par' dir='ltr' id='par_1_53' title="bbox 389 4982 1961 5066">
     <span class='ocr_line' id='line_1_53' title="bbox 389 4982 1961 5066; baseline 0.013 -34"><span class='ocrx_word' id='word_1_424' title='bbox 389 4992 582 5045; x_wconf 88' lang='lat' dir='ltr'><strong>quarto</strong></span> <span class='ocrx_word' id='word_1_425' title='bbox 610 4982 739 5040; x_wconf 88' lang='lat' dir='ltr'><strong>libet</strong></span> <span class='ocrx_word' id='word_1_426' title='bbox 790 4990 1046 5058; x_wconf 84' lang='lat' dir='ltr'><strong>adjicere.</strong></span> <span class='ocrx_word' id='word_1_427' title='bbox 1088 4992 1212 5049; x_wconf 83' lang='lat' dir='ltr'><strong>llaec</strong></span> <span class='ocrx_word' id='word_1_428' title='bbox 1242 5004 1423 5050; x_wconf 90' lang='lat' dir='ltr'><strong>autem</strong></span> <span class='ocrx_word' id='word_1_429' title='bbox 1454 5006 1579 5050; x_wconf 89' lang='lat' dir='ltr'><strong>sunt</strong></span> <span class='ocrx_word' id='word_1_430' title='bbox 1607 5011 1673 5051; x_wconf 81' lang='lat' dir='ltr'><strong>ex</strong></span> <span class='ocrx_word' id='word_1_431' title='bbox 1701 4997 1961 5066; x_wconf 80' lang='lat' dir='ltr'><strong>explana-</strong></span> 
     </span>
    </p>
   </div>
   <div class='ocr_carea' id='block_1_54' title="bbox 392 5075 1959 5162">
    <p class='ocr_par' dir='ltr' id='par_1_54' title="bbox 392 5075 1959 5162">
     <span class='ocr_line' id='line_1_54' title="bbox 392 5075 1959 5162; baseline 0.019 -37"><span class='ocrx_word' id='word_1_432' title='bbox 392 5075 537 5130; x_wconf 90' lang='lat' dir='ltr'><strong>tione</strong></span> <span class='ocrx_word' id='word_1_433' title='bbox 565 5081 814 5137; x_wconf 83' lang='lat' dir='ltr'><strong>versiculi</strong></span> <span class='ocrx_word' id='word_1_434' title='bbox 855 5086 999 5143; x_wconf 91' lang='lat' dir='ltr'><strong>illius</strong></span> <span class='ocrx_word' id='word_1_435' title='bbox 1031 5108 1045 5144; x_wconf 86' lang='lat'><strong>:</strong></span> <span class='ocrx_word' id='word_1_436' title='bbox 1081 5089 1303 5159; x_wconf 80' lang='lat' dir='ltr'><strong>Sagimc</strong></span> <span class='ocrx_word' id='word_1_437' title='bbox 1336 5102 1442 5146; x_wconf 65' lang='lat' dir='ltr'><strong>tua</strong></span> <span class='ocrx_word' id='word_1_438' title='bbox 1492 5103 1661 5146; x_wconf 68' lang='lat' dir='ltr'><strong>acutae</strong></span> <span class='ocrx_word' id='word_1_439' title='bbox 1684 5091 1750 5156; x_wconf 78' lang='lat'><strong>&quot;,</strong></span> <span class='ocrx_word' id='word_1_440' title='bbox 1801 5108 1959 5162; x_wconf 81' lang='lat' dir='ltr'><strong>quem</strong></span> 
     </span>
    </p>
   </div>
   <div class='ocr_carea' id='block_1_55' title="bbox 391 5167 1960 5255">
    <p class='ocr_par' dir='ltr' id='par_1_55' title="bbox 391 5167 1960 5255">
     <span class='ocr_line' id='line_1_55' title="bbox 391 5167 1960 5255; baseline 0.015 -36"><span class='ocrx_word' id='word_1_441' title='bbox 391 5167 493 5221; x_wconf 87' lang='lat' dir='ltr'><strong>hoc</strong></span> <span class='ocrx_word' id='word_1_442' title='bbox 528 5172 685 5226; x_wconf 90' lang='lat' dir='ltr'><strong>modo</strong></span> <span class='ocrx_word' id='word_1_443' title='bbox 727 5174 1109 5247; x_wconf 86' lang='lat' dir='ltr'><strong>interpretatur</strong></span> <span class='ocrx_word' id='word_1_444' title='bbox 1132 5182 1395 5238; x_wconf 82' lang='lat' dir='ltr'><strong>Eusebius</strong></span> <span class='ocrx_word' id='word_1_445' title='bbox 1421 5202 1434 5236; x_wconf 89' lang='lat'>:</span> <span class='ocrx_word' id='word_1_446' title='bbox 1470 5183 1694 5254; x_wconf 89' lang='grc' dir='ltr'>Πρῶτον</span> <span class='ocrx_word' id='word_1_447' title='bbox 1726 5184 1823 5255; x_wconf 84' lang='grc' dir='ltr'>μὲν</span> <span class='ocrx_word' id='word_1_448' title='bbox 1852 5183 1960 5255; x_wconf 83' lang='grc' dir='ltr'><strong>γάρ</strong></span> 
     </span>
    </p>
   </div>
   <div class='ocr_carea' id='block_1_56' title="bbox 390 5261 1961 5345">
    <p class='ocr_par' dir='ltr' id='par_1_56' title="bbox 390 5261 1961 5345">
     <span class='ocr_line' id='line_1_56' title="bbox 390 5261 1961 5345; baseline 0.015 -38"><span class='ocrx_word' id='word_1_449' title='bbox 390 5272 549 5326; x_wconf 81' lang='grc' dir='ltr'>φησι·</span> <span class='ocrx_word' id='word_1_450' title='bbox 586 5261 666 5315; x_wconf 84' lang='grc' dir='ltr'><strong>Τὰ</strong></span> <span class='ocrx_word' id='word_1_451' title='bbox 697 5263 824 5336; x_wconf 84' lang='grc' dir='ltr'>βέλη</span> <span class='ocrx_word' id='word_1_452' title='bbox 857 5285 948 5321; x_wconf 87' lang='grc' dir='ltr'><strong>σου</strong></span> <span class='ocrx_word' id='word_1_453' title='bbox 981 5271 1293 5343; x_wconf 79' lang='grc' dir='ltr'>ἠκονημένα</span> <span class='ocrx_word' id='word_1_454' title='bbox 1341 5274 1627 5345; x_wconf 77' lang='grc' dir='ltr'>γενήσεται</span> <span class='ocrx_word' id='word_1_455' title='bbox 1679 5273 1824 5326; x_wconf 87' lang='grc' dir='ltr'><strong>κατά</strong></span> <span class='ocrx_word' id='word_1_456' title='bbox 1864 5275 1961 5343; x_wconf 80' lang='grc' dir='ltr'>τῆς</span> 
     </span>
    </p>
   </div>
   <div class='ocr_carea' id='block_1_57' title="bbox 390 5347 1961 5433">
    <p class='ocr_par' dir='ltr' id='par_1_57' title="bbox 390 5347 1961 5433">
     <span class='ocr_line' id='line_1_57' title="bbox 390 5347 1961 5433; baseline 0.004 -20"><span class='ocrx_word' id='word_1_457' title='bbox 390 5347 613 5419; x_wconf 77' lang='grc' dir='ltr'><strong>καρδίας</strong></span> <span class='ocrx_word' id='word_1_458' title='bbox 650 5355 760 5412; x_wconf 82' lang='grc' dir='ltr'><strong>τῶν</strong></span> <span class='ocrx_word' id='word_1_459' title='bbox 791 5358 899 5411; x_wconf 86' lang='grc' dir='ltr'><strong>σῶν</strong></span> <span class='ocrx_word' id='word_1_460' title='bbox 933 5362 1141 5433; x_wconf 78' lang='grc' dir='ltr'>ἐχθρῶν</span> <span class='ocrx_word' id='word_1_461' title='bbox 1168 5379 1182 5393; x_wconf 83' lang='grc'><em>’</em></span> <span class='ocrx_word' id='word_1_462' title='bbox 1234 5364 1424 5419; x_wconf 76' lang='grc' dir='ltr'>ἔπειτα</span> <span class='ocrx_word' id='word_1_463' title='bbox 1450 5382 1465 5397; x_wconf 78' lang='grc'><strong><em>⁸</em></strong></span> <span class='ocrx_word' id='word_1_464' title='bbox 1500 5367 1643 5420; x_wconf 80' lang='grc' dir='ltr'>Λαοὶ</span> <span class='ocrx_word' id='word_1_465' title='bbox 1682 5365 1961 5420; x_wconf 77' lang='grc' dir='ltr'>ὑποκάτω</span> 
     </span>
    </p>
   </div>
   <div class='ocr_carea' id='block_1_58' title="bbox 390 5448 1959 5529">
    <p class='ocr_par' dir='ltr' id='par_1_58' title="bbox 390 5448 1959 5529">
     <span class='ocr_line' id='line_1_58' title="bbox 390 5448 1959 5529; baseline 0.009 -32"><span class='ocrx_word' id='word_1_466' title='bbox 390 5455 507 5497; x_wconf 88' lang='grc' dir='ltr'>σου</span> <span class='ocrx_word' id='word_1_467' title='bbox 530 5448 875 5517; x_wconf 79' lang='grc' dir='ltr'>πεσοῦνται,</span> <span class='ocrx_word' id='word_1_468' title='bbox 923 5453 1258 5510; x_wconf 80' lang='grc' dir='ltr'>ἐλασθέντων</span> <span class='ocrx_word' id='word_1_469' title='bbox 1295 5460 1410 5522; x_wconf 86' lang='grc' dir='ltr'>τοῖς</span> <span class='ocrx_word' id='word_1_470' title='bbox 1460 5462 1571 5522; x_wconf 79' lang='grc' dir='ltr'>σοῖς</span> <span class='ocrx_word' id='word_1_471' title='bbox 1629 5458 1806 5529; x_wconf 77' lang='grc' dir='ltr'>βέλεσι</span> <span class='ocrx_word' id='word_1_472' title='bbox 1849 5458 1959 5511; x_wconf 90' lang='grc' dir='ltr'><strong>τῶν</strong></span> 
     </span>
    </p>
   </div>
   <div class='ocr_carea' id='block_1_59' title="bbox 390 5531 1963 5619">
    <p class='ocr_par' dir='ltr' id='par_1_59' title="bbox 390 5531 1963 5619">
     <span class='ocr_line' id='line_1_59' title="bbox 390 5531 1963 5619; baseline 0.005 -24"><span class='ocrx_word' id='word_1_473' title='bbox 390 5531 618 5606; x_wconf 70' lang='grc' dir='ltr'>ἐχθρῶν.</span> <span class='ocrx_word' id='word_1_474' title='bbox 656 5558 676 5590; x_wconf 74' lang='grc' dir='ltr'><strong>ι</strong></span> <span class='ocrx_word' id='word_1_475' title='bbox 700 5540 834 5597; x_wconf 74' lang='lat' dir='ltr'><strong>Nam</strong></span> <span class='ocrx_word' id='word_1_476' title='bbox 863 5546 1037 5612; x_wconf 90' lang='lat' dir='ltr'><strong>primo</strong></span> <span class='ocrx_word' id='word_1_477' title='bbox 1074 5547 1169 5607; x_wconf 87' lang='lat' dir='ltr'><strong>ait,</strong></span> <span class='ocrx_word' id='word_1_478' title='bbox 1233 5547 1454 5619; x_wconf 62' lang='lat' dir='ltr'><strong>Sagitta:</strong></span> <span class='ocrx_word' id='word_1_479' title='bbox 1485 5559 1587 5604; x_wconf 68' lang='lat' dir='ltr'><strong>tua:</strong></span> <span class='ocrx_word' id='word_1_480' title='bbox 1618 5560 1787 5605; x_wconf 67' lang='lat' dir='ltr'><strong>acutae</strong></span> <span class='ocrx_word' id='word_1_481' title='bbox 1836 5550 1963 5603; x_wconf 82' lang='lat' dir='ltr'><strong>fient</strong></span> 
     </span>
    </p>
   </div>
   <div class='ocr_carea' id='block_1_60' title="bbox 459 5756 1973 5848">
    <p class='ocr_par' dir='ltr' id='par_1_60' title="bbox 459 5756 1946 5835">
     <span class='ocr_line' id='line_1_60' title="bbox 459 5756 1946 5835; baseline 0.009 -23"><span class='ocrx_word' id='word_1_482' title='bbox 459 5756 507 5791; x_wconf 80' lang='grc'>⁸³</span> <span class='ocrx_word' id='word_1_483' title='bbox 542 5757 682 5817; x_wconf 86' lang='lat' dir='ltr'><strong>Psal.</strong></span> <span class='ocrx_word' id='word_1_484' title='bbox 716 5777 927 5829; x_wconf 65' lang='lat' dir='ltr'><strong>nam,</strong></span> <span class='ocrx_word' id='word_1_485' title='bbox 950 5764 1036 5820; x_wconf 87' lang='lat' dir='ltr'><strong>l0.</strong></span> <span class='ocrx_word' id='word_1_486' title='bbox 1113 5769 1178 5800; x_wconf 70' lang='grc' dir='ltr'><strong>δι’</strong></span> <span class='ocrx_word' id='word_1_487' title='bbox 1208 5768 1349 5823; x_wconf 87' lang='lat' dir='ltr'><strong>Psal.</strong></span> <span class='ocrx_word' id='word_1_488' title='bbox 1380 5783 1530 5835; x_wconf 87' lang='lat' dir='ltr'><strong>xvm,</strong></span> <span class='ocrx_word' id='word_1_489' title='bbox 1570 5769 1654 5823; x_wconf 88' lang='lat' dir='ltr'><strong>lO.</strong></span> <span class='ocrx_word' id='word_1_490' title='bbox 1730 5770 1773 5801; x_wconf 75' lang='grc'><strong>⁸³</strong></span> <span class='ocrx_word' id='word_1_491' title='bbox 1807 5769 1946 5826; x_wconf 87' lang='lat' dir='ltr'><strong>Psal.</strong></span> 
     </span>
    </p>
   </div>
   <div class='ocr_carea' id='block_1_61' title="bbox 2071 5756 3142 5848">
    <p class='ocr_par' dir='ltr' id='par_1_61' title="bbox 2075 5770 3142 5848">
     <span class='ocr_line' id='line_1_61' title="bbox 2075 5770 3142 5848; baseline 0.007 -24"><span class='ocrx_word' id='word_1_492' title='bbox 2075 5786 2126 5837; x_wconf 84' lang='lat' dir='ltr'><strong>v,</strong></span> <span class='ocrx_word' id='word_1_493' title='bbox 2165 5770 2216 5825; x_wconf 85' lang='grc' dir='ltr'><strong>ϐ.</strong></span> <span class='ocrx_word' id='word_1_494' title='bbox 2287 5772 2352 5804; x_wconf 80' lang='grc'><strong>⁸³·</strong></span> <span class='ocrx_word' id='word_1_495' title='bbox 2388 5772 2537 5848; x_wconf 54' lang='lat' dir='ltr'><strong>ibid.</strong></span> <span class='ocrx_word' id='word_1_496' title='bbox 2578 5774 2622 5807; x_wconf 73' lang='lat'><strong>“</strong></span> <span class='ocrx_word' id='word_1_497' title='bbox 2652 5774 2795 5832; x_wconf 86' lang='lat' dir='ltr'><strong>Psal.</strong></span> <span class='ocrx_word' id='word_1_498' title='bbox 2835 5790 3021 5845; x_wconf 73' lang='lat' dir='ltr'><strong>XLVIII,</strong></span> <span class='ocrx_word' id='word_1_499' title='bbox 3056 5774 3142 5831; x_wconf 83' lang='grc'><strong>15.</strong></span> 
     </span>
    </p>
   </div>
   <div class='ocr_carea' id='block_1_62' title="bbox 2088 606 3660 689">
    <p class='ocr_par' dir='ltr' id='par_1_62' title="bbox 2088 606 3660 689">
     <span class='ocr_line' id='line_1_62' title="bbox 2088 606 3660 689; baseline 0.014 -32"><span class='ocrx_word' id='word_1_500' title='bbox 2088 619 2208 658; x_wconf 89' lang='lat' dir='ltr'><strong>rum</strong></span> <span class='ocrx_word' id='word_1_501' title='bbox 2242 606 2499 661; x_wconf 90' lang='lat' dir='ltr'><strong>inimicis.</strong></span> <span class='ocrx_word' id='word_1_502' title='bbox 2535 626 2555 659; x_wconf 72' lang='grc' dir='ltr'><strong>ι</strong></span> <span class='ocrx_word' id='word_1_503' title='bbox 2617 609 3196 673; x_wconf 83' lang='lat' dir='ltr'><strong>Pseudo-Theodorum</strong></span> <span class='ocrx_word' id='word_1_504' title='bbox 3236 623 3541 689; x_wconf 84' lang='lat' dir='ltr'><strong>audiamus,</strong></span> <span class='ocrx_word' id='word_1_505' title='bbox 3579 627 3660 679; x_wconf 91' lang='lat' dir='ltr'><strong>sic</strong></span> 
     </span>
    </p>
   </div>
   <div class='ocr_carea' id='block_1_63' title="bbox 2086 694 3659 785">
    <p class='ocr_par' dir='ltr' id='par_1_63' title="bbox 2086 694 3659 785">
     <span class='ocr_line' id='line_1_63' title="bbox 2086 694 3659 785; baseline 0.013 -38"><span class='ocrx_word' id='word_1_506' title='bbox 2086 694 2391 763; x_wconf 88' lang='lat' dir='ltr'><strong>loquentem</strong></span> <span class='ocrx_word' id='word_1_507' title='bbox 2432 715 2445 749; x_wconf 90' lang='lat'><strong>:</strong></span> <span class='ocrx_word' id='word_1_508' title='bbox 2490 698 2715 767; x_wconf 86' lang='grc' dir='ltr'>Πρῶτον</span> <span class='ocrx_word' id='word_1_509' title='bbox 2742 700 2850 772; x_wconf 78' lang='grc' dir='ltr'>γὰρ</span> <span class='ocrx_word' id='word_1_510' title='bbox 2882 704 2952 756; x_wconf 86' lang='grc' dir='ltr'>τὰ</span> <span class='ocrx_word' id='word_1_511' title='bbox 2979 706 3296 779; x_wconf 80' lang='grc' dir='ltr'>ἠκονημένα</span> <span class='ocrx_word' id='word_1_512' title='bbox 3331 710 3459 783; x_wconf 85' lang='grc' dir='ltr'>βέλη</span> <span class='ocrx_word' id='word_1_513' title='bbox 3490 716 3659 785; x_wconf 80' lang='grc' dir='ltr'>γενή-</span> 
     </span>
    </p>
   </div>
   <div class='ocr_carea' id='block_1_64' title="bbox 2086 786 3659 869">
    <p class='ocr_par' dir='ltr' id='par_1_64' title="bbox 2086 786 3659 869">
     <span class='ocr_line' id='line_1_64' title="bbox 2086 786 3659 869; baseline 0.013 -32"><span class='ocrx_word' id='word_1_514' title='bbox 2086 801 2236 839; x_wconf 86' lang='grc' dir='ltr'>σεται</span> <span class='ocrx_word' id='word_1_515' title='bbox 2283 786 2425 839; x_wconf 85' lang='grc' dir='ltr'>κατὰ</span> <span class='ocrx_word' id='word_1_516' title='bbox 2455 787 2557 858; x_wconf 81' lang='grc' dir='ltr'><strong>τῆς</strong></span> <span class='ocrx_word' id='word_1_517' title='bbox 2598 790 2824 861; x_wconf 83' lang='grc' dir='ltr'>καρδίας</span> <span class='ocrx_word' id='word_1_518' title='bbox 2866 793 2975 848; x_wconf 89' lang='grc' dir='ltr'><strong>τῶν</strong></span> <span class='ocrx_word' id='word_1_519' title='bbox 3023 796 3258 869; x_wconf 79' lang='grc' dir='ltr'>ἐχθρῶν,</span> <span class='ocrx_word' id='word_1_520' title='bbox 3312 800 3501 856; x_wconf 77' lang='grc' dir='ltr'>ἔπειτα</span> <span class='ocrx_word' id='word_1_521' title='bbox 3541 804 3659 858; x_wconf 79' lang='grc' dir='ltr'>λαοὶ</span> 
     </span>
    </p>
   </div>
   <div class='ocr_carea' id='block_1_65' title="bbox 2084 877 3659 963">
    <p class='ocr_par' dir='ltr' id='par_1_65' title="bbox 2084 877 3659 963">
     <span class='ocr_line' id='line_1_65' title="bbox 2084 877 3659 963; baseline 0.014 -35"><span class='ocrx_word' id='word_1_522' title='bbox 2084 877 2340 931; x_wconf 82' lang='grc' dir='ltr'>ὑποκάτω</span> <span class='ocrx_word' id='word_1_523' title='bbox 2367 895 2460 932; x_wconf 91' lang='grc' dir='ltr'><strong>σου</strong></span> <span class='ocrx_word' id='word_1_524' title='bbox 2484 879 2805 947; x_wconf 81' lang='grc' dir='ltr'>πεσοῦνται,</span> <span class='ocrx_word' id='word_1_525' title='bbox 2843 884 3176 943; x_wconf 81' lang='grc' dir='ltr'>ὲλασθέντων</span> <span class='ocrx_word' id='word_1_526' title='bbox 3197 894 3312 956; x_wconf 86' lang='grc' dir='ltr'>τοῖς</span> <span class='ocrx_word' id='word_1_527' title='bbox 3345 892 3523 963; x_wconf 88' lang='grc' dir='ltr'>βέλεσι</span> <span class='ocrx_word' id='word_1_528' title='bbox 3550 896 3659 951; x_wconf 88' lang='grc' dir='ltr'><strong>τῶν</strong></span> 
     </span>
    </p>
   </div>
   <div class='ocr_carea' id='block_1_66' title="bbox 2082 968 3655 1047">
    <p class='ocr_par' dir='ltr' id='par_1_66' title="bbox 2082 968 3655 1047">
     <span class='ocr_line' id='line_1_66' title="bbox 2082 968 3655 1047; baseline 0.013 -27"><span class='ocrx_word' id='word_1_529' title='bbox 2082 968 2313 1037; x_wconf 81' lang='grc' dir='ltr'>ἐχθρῶν.</span> <span class='ocrx_word' id='word_1_530' title='bbox 2369 988 2389 1020; x_wconf 72' lang='lat' dir='ltr'><strong>c</strong></span> <span class='ocrx_word' id='word_1_531' title='bbox 2420 969 2658 1026; x_wconf 89' lang='lat' dir='ltr'><strong>Primum</strong></span> <span class='ocrx_word' id='word_1_532' title='bbox 2711 974 2856 1027; x_wconf 89' lang='lat' dir='ltr'><strong>enim</strong></span> <span class='ocrx_word' id='word_1_533' title='bbox 2908 979 3118 1047; x_wconf 67' lang='lat' dir='ltr'><strong>sagitta:</strong></span> <span class='ocrx_word' id='word_1_534' title='bbox 3175 979 3309 1038; x_wconf 86' lang='lat' dir='ltr'><strong>fient</strong></span> <span class='ocrx_word' id='word_1_535' title='bbox 3371 994 3545 1041; x_wconf 71' lang='lat' dir='ltr'><strong>acuta:</strong></span> <span class='ocrx_word' id='word_1_536' title='bbox 3599 987 3655 1040; x_wconf 92' lang='lat' dir='ltr'><strong>in</strong></span> 
     </span>
    </p>
   </div>
   <div class='ocr_carea' id='block_1_67' title="bbox 2082 1059 3652 1140">
    <p class='ocr_par' dir='ltr' id='par_1_67' title="bbox 2082 1059 3652 1140">
     <span class='ocr_line' id='line_1_67' title="bbox 2082 1059 3652 1140; baseline 0.013 -29"><span class='ocrx_word' id='word_1_537' title='bbox 2082 1059 2244 1112; x_wconf 89' lang='lat' dir='ltr'><strong>corde</strong></span> <span class='ocrx_word' id='word_1_538' title='bbox 2291 1059 2670 1127; x_wconf 90' lang='lat' dir='ltr'><strong>inimicorum,</strong></span> <span class='ocrx_word' id='word_1_539' title='bbox 2722 1064 2916 1120; x_wconf 87' lang='lat' dir='ltr'><strong>deinde</strong></span> <span class='ocrx_word' id='word_1_540' title='bbox 2963 1070 3142 1136; x_wconf 87' lang='lat' dir='ltr'><strong>populi</strong></span> <span class='ocrx_word' id='word_1_541' title='bbox 3187 1072 3288 1127; x_wconf 89' lang='lat' dir='ltr'><strong>sub</strong></span> <span class='ocrx_word' id='word_1_542' title='bbox 3334 1082 3385 1127; x_wconf 93' lang='lat' dir='ltr'><strong>te</strong></span> <span class='ocrx_word' id='word_1_543' title='bbox 3429 1076 3652 1140; x_wconf 83' lang='lat' dir='ltr'><strong>cadent,</strong></span> 
     </span>
    </p>
   </div>
   <div class='ocr_carea' id='block_1_68' title="bbox 2080 1150 3654 1221">
    <p class='ocr_par' dir='ltr' id='par_1_68' title="bbox 2080 1150 3654 1221">
     <span class='ocr_line' id='line_1_68' title="bbox 2080 1150 3654 1221; baseline 0.013 -19"><span class='ocrx_word' id='word_1_544' title='bbox 2080 1159 2364 1219; x_wconf 89' lang='lat' dir='ltr'><strong>postquam</strong></span> <span class='ocrx_word' id='word_1_545' title='bbox 2412 1150 2625 1220; x_wconf 88' lang='lat' dir='ltr'><strong>sagittis</strong></span> <span class='ocrx_word' id='word_1_546' title='bbox 2673 1153 2883 1209; x_wconf 88' lang='lat' dir='ltr'><strong>subacti</strong></span> <span class='ocrx_word' id='word_1_547' title='bbox 2934 1157 3138 1214; x_wconf 81' lang='lat' dir='ltr'><strong>fuerint</strong></span> <span class='ocrx_word' id='word_1_548' title='bbox 3177 1161 3401 1218; x_wconf 91' lang='lat' dir='ltr'><strong>inimici.</strong></span> <span class='ocrx_word' id='word_1_549' title='bbox 3430 1183 3451 1218; x_wconf 75' lang='grc' dir='ltr'><strong>ι</strong></span> <span class='ocrx_word' id='word_1_550' title='bbox 3491 1165 3654 1221; x_wconf 85' lang='lat' dir='ltr'><strong>Plura</strong></span> 
     </span>
    </p>
   </div>
   <div class='ocr_carea' id='block_1_69' title="bbox 2080 1241 3654 1322">
    <p class='ocr_par' dir='ltr' id='par_1_69' title="bbox 2080 1241 3654 1322">
     <span class='ocr_line' id='line_1_69' title="bbox 2080 1241 3654 1322; baseline 0.012 -28"><span class='ocrx_word' id='word_1_551' title='bbox 2080 1241 2519 1297; x_wconf 88' lang='lat' dir='ltr'><strong>subministrabit</strong></span> <span class='ocrx_word' id='word_1_552' title='bbox 2544 1245 2782 1309; x_wconf 87' lang='lat' dir='ltr'><strong>psalmus</strong></span> <span class='ocrx_word' id='word_1_553' title='bbox 2806 1252 3259 1320; x_wconf 82' lang='lat' dir='ltr'><strong>quadragesimus</strong></span> <span class='ocrx_word' id='word_1_554' title='bbox 3283 1264 3532 1322; x_wconf 90' lang='lat' dir='ltr'><strong>octavus,</strong></span> <span class='ocrx_word' id='word_1_555' title='bbox 3562 1259 3654 1312; x_wconf 90' lang='lat' dir='ltr'><strong>ubi</strong></span> 
     </span>
    </p>
   </div>
   <div class='ocr_carea' id='block_1_70' title="bbox 2079 1332 3656 1416">
    <p class='ocr_par' dir='ltr' id='par_1_70' title="bbox 2079 1332 3656 1416">
     <span class='ocr_line' id='line_1_70' title="bbox 2079 1332 3656 1416; baseline 0.01 -30"><span class='ocrx_word' id='word_1_556' title='bbox 2079 1332 2167 1386; x_wconf 91' lang='lat' dir='ltr'><strong>illa</strong></span> <span class='ocrx_word' id='word_1_557' title='bbox 2207 1348 2222 1386; x_wconf 90' lang='lat'><strong>:</strong></span> <span class='ocrx_word' id='word_1_558' title='bbox 2280 1333 2347 1386; x_wconf 79' lang='lat' dir='ltr'><strong>Et</strong></span> <span class='ocrx_word' id='word_1_559' title='bbox 2396 1336 2657 1388; x_wconf 73' lang='lat' dir='ltr'><strong>auxilium</strong></span> <span class='ocrx_word' id='word_1_560' title='bbox 2708 1353 2890 1392; x_wconf 84' lang='lat' dir='ltr'><strong>eorum</strong></span> <span class='ocrx_word' id='word_1_561' title='bbox 2930 1353 3212 1398; x_wconf 76' lang='lat' dir='ltr'><strong>velerascet</strong></span> <span class='ocrx_word' id='word_1_562' title='bbox 3265 1347 3319 1399; x_wconf 88' lang='lat' dir='ltr'><strong>in</strong></span> <span class='ocrx_word' id='word_1_563' title='bbox 3364 1347 3571 1416; x_wconf 76' lang='lat' dir='ltr'><strong>inferno</strong></span> <span class='ocrx_word' id='word_1_564' title='bbox 3621 1368 3656 1402; x_wconf 90' lang='lat' dir='ltr'><strong>a</strong></span> 
     </span>
    </p>
   </div>
   <div class='ocr_carea' id='block_1_71' title="bbox 2078 1422 3651 1507">
    <p class='ocr_par' dir='ltr' id='par_1_71' title="bbox 2078 1422 3651 1507">
     <span class='ocr_line' id='line_1_71' title="bbox 2078 1422 3651 1507; baseline 0.014 -34"><span class='ocrx_word' id='word_1_565' title='bbox 2078 1422 2246 1493; x_wconf 84' lang='lat' dir='ltr'><strong>gloria</strong></span> <span class='ocrx_word' id='word_1_566' title='bbox 2272 1440 2452 1478; x_wconf 85' lang='lat' dir='ltr'><strong>eorum</strong></span> <span class='ocrx_word' id='word_1_567' title='bbox 2478 1425 2545 1490; x_wconf 75' lang='lat'><strong>“,</strong></span> <span class='ocrx_word' id='word_1_568' title='bbox 2600 1429 2880 1496; x_wconf 80' lang='lat' dir='ltr'><strong>explicans</strong></span> <span class='ocrx_word' id='word_1_569' title='bbox 2911 1432 3205 1502; x_wconf 83' lang='lat' dir='ltr'><strong>Eusebius,</strong></span> <span class='ocrx_word' id='word_1_570' title='bbox 3254 1440 3334 1493; x_wconf 92' lang='lat' dir='ltr'><strong>sic</strong></span> <span class='ocrx_word' id='word_1_571' title='bbox 3375 1438 3609 1507; x_wconf 77' lang='lat' dir='ltr'><strong>loquitur</strong></span> <span class='ocrx_word' id='word_1_572' title='bbox 3638 1461 3651 1495; x_wconf 93' lang='lat'>:</span> 
     </span>
    </p>
   </div>
   <div class='ocr_carea' id='block_1_72' title="bbox 2091 1515 3651 1599">
    <p class='ocr_par' dir='ltr' id='par_1_72' title="bbox 2091 1515 3651 1599">
     <span class='ocr_line' id='line_1_72' title="bbox 2091 1515 3651 1599; baseline 0.012 -33"><span class='ocrx_word' id='word_1_573' title='bbox 2091 1515 2236 1568; x_wconf 73' lang='grc' dir='ltr'>Ἀντὶ</span> <span class='ocrx_word' id='word_1_574' title='bbox 2266 1516 2323 1569; x_wconf 86' lang='grc' dir='ltr'><strong>δὲ</strong></span> <span class='ocrx_word' id='word_1_575' title='bbox 2359 1516 2486 1581; x_wconf 80' lang='grc' dir='ltr'>τοῦ,</span> <span class='ocrx_word' id='word_1_576' title='bbox 2533 1521 2632 1573; x_wconf 79' lang='grc' dir='ltr'>καὶ</span> <span class='ocrx_word' id='word_1_577' title='bbox 2662 1520 2700 1588; x_wconf 77' lang='grc' dir='ltr'><strong><em>ἠ</em></strong></span> <span class='ocrx_word' id='word_1_578' title='bbox 2741 1521 2994 1588; x_wconf 80' lang='grc' dir='ltr'>,ϐοήθεια</span> <span class='ocrx_word' id='word_1_579' title='bbox 3018 1566 3031 1580; x_wconf 94' lang='grc'><strong>.</strong></span> <span class='ocrx_word' id='word_1_580' title='bbox 3064 1565 3078 1579; x_wconf 95' lang='grc'><strong>.</strong></span> <span class='ocrx_word' id='word_1_581' title='bbox 3112 1566 3126 1579; x_wconf 94' lang='grc'><strong>.</strong></span> <span class='ocrx_word' id='word_1_582' title='bbox 3156 1568 3173 1586; x_wconf 93' lang='grc'><strong>.</strong></span> <span class='ocrx_word' id='word_1_583' title='bbox 3205 1531 3233 1581; x_wconf 84' lang='grc' dir='ltr'>ὁ</span> <span class='ocrx_word' id='word_1_584' title='bbox 3269 1530 3366 1599; x_wconf 83' lang='grc' dir='ltr'><strong>μὲν</strong></span> <span class='ocrx_word' id='word_1_585' title='bbox 3403 1530 3651 1596; x_wconf 85' lang='grc' dir='ltr'>Ἀκύλας,</span> 
     </span>
    </p>
   </div>
   <div class='ocr_carea' id='block_1_73' title="bbox 2076 1606 3653 1686">
    <p class='ocr_par' dir='ltr' id='par_1_73' title="bbox 2076 1606 3653 1686">
     <span class='ocr_line' id='line_1_73' title="bbox 2076 1606 3653 1686; baseline 0.012 -27"><span class='ocrx_word' id='word_1_586' title='bbox 2076 1606 2175 1660; x_wconf 77' lang='grc' dir='ltr'>καὶ</span> <span class='ocrx_word' id='word_1_587' title='bbox 2213 1609 2520 1678; x_wconf 76' lang='grc' dir='ltr'>χαρακτὴρ</span> <span class='ocrx_word' id='word_1_588' title='bbox 2547 1610 2747 1665; x_wconf 77' lang='grc' dir='ltr'>αὐτῶν</span> <span class='ocrx_word' id='word_1_589' title='bbox 2777 1616 3131 1685; x_wconf 71' lang='grc' dir='ltr'>κατατρῖψαι</span> <span class='ocrx_word' id='word_1_590' title='bbox 3166 1618 3319 1686; x_wconf 77' lang='grc' dir='ltr'><strong>ᾅδην</strong></span> <span class='ocrx_word' id='word_1_591' title='bbox 3351 1621 3420 1675; x_wconf 83' lang='grc' dir='ltr'>ἐκ</span> <span class='ocrx_word' id='word_1_592' title='bbox 3457 1638 3653 1677; x_wconf 78' lang='grc' dir='ltr'>κατοι-</span> 
     </span>
    </p>
   </div>
   <div class='ocr_carea' id='block_1_74' title="bbox 2076 1700 3655 1781">
    <p class='ocr_par' dir='ltr' id='par_1_74' title="bbox 2076 1700 3655 1781">
     <span class='ocr_line' id='line_1_74' title="bbox 2076 1700 3655 1781; baseline 0.011 -31"><span class='ocrx_word' id='word_1_593' title='bbox 2076 1700 2362 1767; x_wconf 78' lang='grc' dir='ltr'>κητηρὶου</span> <span class='ocrx_word' id='word_1_594' title='bbox 2389 1700 2601 1755; x_wconf 82' lang='grc' dir='ltr'>αὐτῶν.</span> <span class='ocrx_word' id='word_1_595' title='bbox 2648 1704 2706 1757; x_wconf 83' lang='grc' dir='ltr'>Ὀ</span> <span class='ocrx_word' id='word_1_596' title='bbox 2738 1704 2847 1776; x_wconf 83' lang='grc' dir='ltr'><strong>γὰρ</strong></span> <span class='ocrx_word' id='word_1_597' title='bbox 2880 1715 3163 1781; x_wconf 75' lang='grc' dir='ltr'>χαρακτὴρ</span> <span class='ocrx_word' id='word_1_598' title='bbox 3192 1711 3370 1766; x_wconf 79' lang='grc' dir='ltr'>αὐτῶν</span> <span class='ocrx_word' id='word_1_599' title='bbox 3395 1753 3409 1777; x_wconf 89' lang='grc'><strong>,</strong></span> <span class='ocrx_word' id='word_1_600' title='bbox 3439 1713 3496 1766; x_wconf 88' lang='grc' dir='ltr'>ὃν</span> <span class='ocrx_word' id='word_1_601' title='bbox 3526 1715 3655 1767; x_wconf 80' lang='grc' dir='ltr'>ἐαυ-</span> 
     </span>
    </p>
   </div>
   <div class='ocr_carea' id='block_1_75' title="bbox 2077 1791 3652 1876">
    <p class='ocr_par' dir='ltr' id='par_1_75' title="bbox 2077 1791 3652 1876">
     <span class='ocr_line' id='line_1_75' title="bbox 2077 1791 3652 1876; baseline 0.012 -34"><span class='ocrx_word' id='word_1_602' title='bbox 2077 1793 2189 1854; x_wconf 89' lang='grc' dir='ltr'>τοῖς</span> <span class='ocrx_word' id='word_1_603' title='bbox 2219 1791 2596 1858; x_wconf 79' lang='grc' dir='ltr'>ὲξετύπωσαν,</span> <span class='ocrx_word' id='word_1_604' title='bbox 2646 1793 2709 1847; x_wconf 84' lang='grc' dir='ltr'><strong>τὸ</strong></span> <span class='ocrx_word' id='word_1_605' title='bbox 2747 1797 2847 1866; x_wconf 84' lang='grc' dir='ltr'>μὲν</span> <span class='ocrx_word' id='word_1_606' title='bbox 2893 1800 3014 1852; x_wconf 82' lang='grc' dir='ltr'>κατ’</span> <span class='ocrx_word' id='word_1_607' title='bbox 3055 1801 3238 1854; x_wconf 79' lang='grc' dir='ltr'>εἰκόνα</span> <span class='ocrx_word' id='word_1_608' title='bbox 3276 1803 3369 1856; x_wconf 75' lang='grc' dir='ltr'>καὶ</span> <span class='ocrx_word' id='word_1_609' title='bbox 3395 1806 3652 1876; x_wconf 87' lang='grc' dir='ltr'>ὁμοίωσιν</span> 
     </span>
    </p>
   </div>
   <div class='ocr_carea' id='block_1_76' title="bbox 2076 1879 3649 1967">
    <p class='ocr_par' dir='ltr' id='par_1_76' title="bbox 2076 1879 3649 1967">
     <span class='ocr_line' id='line_1_76' title="bbox 2076 1879 3649 1967; baseline 0.011 -36"><span class='ocrx_word' id='word_1_610' title='bbox 2076 1879 2169 1932; x_wconf 79' lang='grc' dir='ltr'><strong>τοῦ</strong></span> <span class='ocrx_word' id='word_1_611' title='bbox 2194 1880 2329 1934; x_wconf 85' lang='grc' dir='ltr'><strong>Θεοῦ</strong></span> <span class='ocrx_word' id='word_1_612' title='bbox 2372 1880 2432 1946; x_wconf 78' lang='grc' dir='ltr'>ἐξ</span> <span class='ocrx_word' id='word_1_613' title='bbox 2460 1883 2637 1937; x_wconf 76' lang='grc' dir='ltr'>αὐτῶν</span> <span class='ocrx_word' id='word_1_614' title='bbox 2660 1885 3040 1953; x_wconf 85' lang='grc' dir='ltr'>ἀφανίσαντες,</span> <span class='ocrx_word' id='word_1_615' title='bbox 3075 1890 3187 1962; x_wconf 82' lang='grc' dir='ltr'>εἴδη</span> <span class='ocrx_word' id='word_1_616' title='bbox 3216 1890 3274 1944; x_wconf 85' lang='grc' dir='ltr'><strong>δὲ</strong></span> <span class='ocrx_word' id='word_1_617' title='bbox 3303 1893 3396 1946; x_wconf 75' lang='grc' dir='ltr'><strong>καὶ</strong></span> <span class='ocrx_word' id='word_1_618' title='bbox 3433 1894 3649 1967; x_wconf 81' lang='grc' dir='ltr'>μορφὰς</span> 
     </span>
    </p>
   </div>
   <div class='ocr_carea' id='block_1_77' title="bbox 2075 1968 3648 2058">
    <p class='ocr_par' dir='ltr' id='par_1_77' title="bbox 2075 1968 3648 2058">
     <span class='ocr_line' id='line_1_77' title="bbox 2075 1968 3648 2058; baseline 0.011 -37"><span class='ocrx_word' id='word_1_619' title='bbox 2075 1969 2283 2039; x_wconf 81' lang='grc' dir='ltr'>ἀλόγων</span> <span class='ocrx_word' id='word_1_620' title='bbox 2310 1971 2463 2036; x_wconf 81' lang='grc' dir='ltr'>ζώων</span> <span class='ocrx_word' id='word_1_621' title='bbox 2486 1976 2580 2029; x_wconf 75' lang='grc' dir='ltr'><strong>καὶ</strong></span> <span class='ocrx_word' id='word_1_622' title='bbox 2616 1978 2862 2049; x_wconf 83' lang='grc' dir='ltr'>ἑρπετῶν</span> <span class='ocrx_word' id='word_1_623' title='bbox 2891 1979 2978 2032; x_wconf 71' lang='grc' dir='ltr'>διὰ</span> <span class='ocrx_word' id='word_1_624' title='bbox 3002 1982 3220 2051; x_wconf 85' lang='grc' dir='ltr'>τρόπων</span> <span class='ocrx_word' id='word_1_625' title='bbox 3248 1968 3550 2057; x_wconf 78' lang='grc' dir='ltr'>μοχθηρίας</span> <span class='ocrx_word' id='word_1_626' title='bbox 3582 1989 3648 2058; x_wconf 79' lang='grc' dir='ltr'>τῇ</span> 
     </span>
    </p>
   </div>
   <div class='ocr_carea' id='block_1_78' title="bbox 2074 2064 3652 2142">
    <p class='ocr_par' dir='ltr' id='par_1_78' title="bbox 2074 2064 3652 2142">
     <span class='ocr_line' id='line_1_78' title="bbox 2074 2064 3652 2142; baseline 0.01 -26"><span class='ocrx_word' id='word_1_627' title='bbox 2074 2064 2217 2135; x_wconf 80' lang='grc' dir='ltr'>ψυχῇ</span> <span class='ocrx_word' id='word_1_628' title='bbox 2249 2066 2614 2136; x_wconf 78' lang='grc' dir='ltr'>περιθέμενοι,</span> <span class='ocrx_word' id='word_1_629' title='bbox 2650 2071 3109 2142; x_wconf 80' lang='grc' dir='ltr'>κατατριϐήσεται</span> <span class='ocrx_word' id='word_1_630' title='bbox 3141 2115 3155 2127; x_wconf 94' lang='grc'><strong>.</strong></span> <span class='ocrx_word' id='word_1_631' title='bbox 3191 2112 3205 2126; x_wconf 94' lang='grc'><strong>.</strong></span> <span class='ocrx_word' id='word_1_632' title='bbox 3246 2114 3260 2127; x_wconf 95' lang='grc'><strong>.</strong></span> <span class='ocrx_word' id='word_1_633' title='bbox 3300 2115 3314 2128; x_wconf 94' lang='grc'><strong>.</strong></span> <span class='ocrx_word' id='word_1_634' title='bbox 3357 2078 3466 2129; x_wconf 73' lang='grc' dir='ltr'>Καὶ</span> <span class='ocrx_word' id='word_1_635' title='bbox 3492 2077 3652 2130; x_wconf 79' lang='grc' dir='ltr'>τοῦτο</span> 
     </span>
    </p>
   </div>
   <div class='ocr_carea' id='block_1_79' title="bbox 2077 2153 3650 2226">
    <p class='ocr_par' dir='ltr' id='par_1_79' title="bbox 2077 2153 3650 2226">
     <span class='ocr_line' id='line_1_79' title="bbox 2077 2153 3650 2226; baseline 0.008 -20"><span class='ocrx_word' id='word_1_636' title='bbox 2077 2153 2177 2224; x_wconf 82' lang='grc' dir='ltr'>μὲν</span> <span class='ocrx_word' id='word_1_637' title='bbox 2208 2154 2315 2208; x_wconf 84' lang='grc' dir='ltr'><strong>τῶν</strong></span> <span class='ocrx_word' id='word_1_638' title='bbox 2340 2156 2554 2210; x_wconf 89' lang='grc' dir='ltr'>ἀσεϐῶν</span> <span class='ocrx_word' id='word_1_639' title='bbox 2582 2158 2644 2209; x_wconf 89' lang='grc' dir='ltr'><strong>τὸ</strong></span> <span class='ocrx_word' id='word_1_640' title='bbox 2666 2158 2837 2223; x_wconf 79' lang='grc' dir='ltr'>τέλος.</span> <span class='ocrx_word' id='word_1_641' title='bbox 2887 2158 2953 2213; x_wconf 75' lang='grc' dir='ltr'><strong>Οἱ</strong></span> <span class='ocrx_word' id='word_1_642' title='bbox 2981 2161 3036 2214; x_wconf 80' lang='grc' dir='ltr'><strong>δὲ</strong></span> <span class='ocrx_word' id='word_1_643' title='bbox 3064 2161 3305 2226; x_wconf 78' lang='grc' dir='ltr'>εὐσεϐεῖς</span> <span class='ocrx_word' id='word_1_644' title='bbox 3330 2164 3448 2216; x_wconf 77' lang='grc' dir='ltr'>κατ’</span> <span class='ocrx_word' id='word_1_645' title='bbox 3475 2166 3650 2219; x_wconf 78' lang='grc' dir='ltr'>ἐκεῖνο</span> 
     </span>
    </p>
   </div>
   <div class='ocr_carea' id='block_1_80' title="bbox 2074 2243 3649 2324">
    <p class='ocr_par' dir='ltr' id='par_1_80' title="bbox 2074 2243 3649 2324">
     <span class='ocr_line' id='line_1_80' title="bbox 2074 2243 3649 2324; baseline 0.006 -28"><span class='ocrx_word' id='word_1_646' title='bbox 2074 2243 2267 2316; x_wconf 80' lang='grc' dir='ltr'>καιροῦ</span> <span class='ocrx_word' id='word_1_647' title='bbox 2300 2247 2513 2317; x_wconf 87' lang='grc' dir='ltr'>πρωίας</span> <span class='ocrx_word' id='word_1_648' title='bbox 2540 2246 2861 2311; x_wconf 77' lang='grc' dir='ltr'>ἀξιωθέντες</span> <span class='ocrx_word' id='word_1_649' title='bbox 2890 2249 2982 2301; x_wconf 76' lang='grc' dir='ltr'>καὶ</span> <span class='ocrx_word' id='word_1_650' title='bbox 3015 2250 3135 2302; x_wconf 84' lang='grc' dir='ltr'>νέου</span> <span class='ocrx_word' id='word_1_651' title='bbox 3165 2251 3360 2318; x_wconf 83' lang='grc' dir='ltr'>φωτὸς,</span> <span class='ocrx_word' id='word_1_652' title='bbox 3385 2252 3649 2324; x_wconf 78' lang='grc' dir='ltr'>ἀνατολῆς</span> 
     </span>
    </p>
   </div>
   <div class='ocr_carea' id='block_1_81' title="bbox 2072 2334 3650 2413">
    <p class='ocr_par' dir='ltr' id='par_1_81' title="bbox 2072 2334 3650 2413">
     <span class='ocr_line' id='line_1_81' title="bbox 2072 2334 3650 2413; baseline 0.007 -26"><span class='ocrx_word' id='word_1_653' title='bbox 2072 2334 2171 2404; x_wconf 78' lang='grc' dir='ltr'>τῆς</span> <span class='ocrx_word' id='word_1_654' title='bbox 2225 2335 2334 2389; x_wconf 87' lang='grc' dir='ltr'><strong>τῶν</strong></span> <span class='ocrx_word' id='word_1_655' title='bbox 2380 2337 2590 2389; x_wconf 84' lang='grc' dir='ltr'>ἀσεϐῶν</span> <span class='ocrx_word' id='word_1_656' title='bbox 2641 2341 3249 2407; x_wconf 79' lang='grc' dir='ltr'>κατακυριεύσουσιν,</span> <span class='ocrx_word' id='word_1_657' title='bbox 3285 2342 3318 2413; x_wconf 85' lang='grc' dir='ltr'>ἢ</span> <span class='ocrx_word' id='word_1_658' title='bbox 3369 2344 3510 2398; x_wconf 88' lang='grc' dir='ltr'><strong>κατά</strong></span> <span class='ocrx_word' id='word_1_659' title='bbox 3554 2343 3650 2397; x_wconf 83' lang='grc' dir='ltr'><strong>τὸν</strong></span> 
     </span>
    </p>
   </div>
   <div class='ocr_carea' id='block_1_82' title="bbox 2087 2426 3652 2507">
    <p class='ocr_par' dir='ltr' id='par_1_82' title="bbox 2087 2426 3652 2507">
     <span class='ocr_line' id='line_1_82' title="bbox 2087 2426 3652 2507; baseline 0.008 -28"><span class='ocrx_word' id='word_1_660' title='bbox 2087 2426 2337 2493; x_wconf 80' lang='grc' dir='ltr'>Ἀκύλαν,</span> <span class='ocrx_word' id='word_1_661' title='bbox 2391 2429 2481 2482; x_wconf 79' lang='grc' dir='ltr'><strong>ἐνὶ</strong></span> <span class='ocrx_word' id='word_1_662' title='bbox 2532 2430 2981 2499; x_wconf 73' lang='grc' dir='ltr'>κρατήσουσιν,</span> <span class='ocrx_word' id='word_1_663' title='bbox 3033 2433 3065 2503; x_wconf 80' lang='grc' dir='ltr'>ἢ</span> <span class='ocrx_word' id='word_1_664' title='bbox 3105 2432 3248 2487; x_wconf 80' lang='grc' dir='ltr'>κατὰ</span> <span class='ocrx_word' id='word_1_665' title='bbox 3293 2434 3386 2489; x_wconf 82' lang='grc' dir='ltr'><strong>τὸν</strong></span> <span class='ocrx_word' id='word_1_666' title='bbox 3420 2434 3652 2507; x_wconf 83' lang='grc' dir='ltr'>Σύμμα-</span> 
     </span>
    </p>
   </div>
   <div class='ocr_carea' id='block_1_83' title="bbox 2072 2520 3653 2597">
    <p class='ocr_par' dir='ltr' id='par_1_83' title="bbox 2072 2520 3653 2597">
     <span class='ocr_line' id='line_1_83' title="bbox 2072 2520 3653 2597; baseline 0.006 -25"><span class='ocrx_word' id='word_1_667' title='bbox 2072 2537 2198 2590; x_wconf 82' lang='grc' dir='ltr'>χον,</span> <span class='ocrx_word' id='word_1_668' title='bbox 2242 2520 2657 2585; x_wconf 78' lang='grc' dir='ltr'>ὺποτάξουσιν</span> <span class='ocrx_word' id='word_1_669' title='bbox 2695 2524 2916 2589; x_wconf 80' lang='grc' dir='ltr'>αὐτοῖς.</span> <span class='ocrx_word' id='word_1_670' title='bbox 2975 2525 3095 2579; x_wconf 85' lang='grc' dir='ltr'>Τῶν</span> <span class='ocrx_word' id='word_1_671' title='bbox 3133 2526 3243 2597; x_wconf 79' lang='grc' dir='ltr'>γὰρ</span> <span class='ocrx_word' id='word_1_672' title='bbox 3275 2526 3507 2582; x_wconf 74' lang='grc' dir='ltr'>ἐνταῦθα</span> <span class='ocrx_word' id='word_1_673' title='bbox 3553 2545 3653 2582; x_wconf 85' lang='grc' dir='ltr'>τα-</span> 
     </span>
    </p>
   </div>
   <div class='ocr_carea' id='block_1_84' title="bbox 2073 2615 3650 2693">
    <p class='ocr_par' dir='ltr' id='par_1_84' title="bbox 2073 2615 3650 2693">
     <span class='ocr_line' id='line_1_84' title="bbox 2073 2615 3650 2693; baseline 0.005 -27"><span class='ocrx_word' id='word_1_674' title='bbox 2073 2615 2452 2668; x_wconf 86' lang='grc' dir='ltr'>πεινωσάντων</span> <span class='ocrx_word' id='word_1_675' title='bbox 2488 2616 2614 2677; x_wconf 83' lang='grc' dir='ltr'>τοὺς</span> <span class='ocrx_word' id='word_1_676' title='bbox 2646 2615 2821 2680; x_wconf 86' lang='grc' dir='ltr'>εὐθεῖς</span> <span class='ocrx_word' id='word_1_677' title='bbox 2854 2617 3088 2681; x_wconf 83' lang='grc' dir='ltr'>ἀσεϐῶν,</span> <span class='ocrx_word' id='word_1_678' title='bbox 3122 2619 3240 2673; x_wconf 74' lang='grc' dir='ltr'>ἐκεῖ</span> <span class='ocrx_word' id='word_1_679' title='bbox 3294 2621 3515 2692; x_wconf 81' lang='grc' dir='ltr'>ῥύσεται</span> <span class='ocrx_word' id='word_1_680' title='bbox 3548 2622 3650 2693; x_wconf 77' lang='grc' dir='ltr'>τὴν</span> 
     </span>
    </p>
   </div>
   <div class='ocr_carea' id='block_1_85' title="bbox 2070 2704 3651 2778">
    <p class='ocr_par' dir='ltr' id='par_1_85' title="bbox 2070 2704 3651 2778">
     <span class='ocr_line' id='line_1_85' title="bbox 2070 2704 3651 2778; baseline 0.006 -21"><span class='ocrx_word' id='word_1_681' title='bbox 2070 2704 2249 2776; x_wconf 75' lang='grc' dir='ltr'>ψυχὴν</span> <span class='ocrx_word' id='word_1_682' title='bbox 2277 2706 2411 2774; x_wconf 74' lang='grc' dir='ltr'>πρὸς</span> <span class='ocrx_word' id='word_1_683' title='bbox 2445 2706 2507 2759; x_wconf 81' lang='grc' dir='ltr'>τὺ</span> <span class='ocrx_word' id='word_1_684' title='bbox 2543 2707 2618 2778; x_wconf 86' lang='grc' dir='ltr'>μὴ</span> <span class='ocrx_word' id='word_1_685' title='bbox 2643 2708 3053 2778; x_wconf 81' lang='grc' dir='ltr'>συναπαχθῆναι</span> <span class='ocrx_word' id='word_1_686' title='bbox 3077 2713 3191 2774; x_wconf 86' lang='grc' dir='ltr'>τοῖς</span> <span class='ocrx_word' id='word_1_687' title='bbox 3221 2712 3496 2778; x_wconf 86' lang='grc' dir='ltr'>ἀσεϐέσιν,</span> <span class='ocrx_word' id='word_1_688' title='bbox 3531 2712 3651 2767; x_wconf 81' lang='grc' dir='ltr'>ἀλλ’</span> 
     </span>
    </p>
   </div>
   <div class='ocr_carea' id='block_1_86' title="bbox 2071 2793 3651 2871">
    <p class='ocr_par' dir='ltr' id='par_1_86' title="bbox 2071 2793 3651 2871">
     <span class='ocr_line' id='line_1_86' title="bbox 2071 2793 3651 2871; baseline 0.004 -20"><span class='ocrx_word' id='word_1_689' title='bbox 2071 2798 2129 2851; x_wconf 81' lang='grc' dir='ltr'>ὲν</span> <span class='ocrx_word' id='word_1_690' title='bbox 2168 2799 2376 2868; x_wconf 80' lang='grc' dir='ltr'>ἑτέροις</span> <span class='ocrx_word' id='word_1_691' title='bbox 2398 2793 2537 2851; x_wconf 81' lang='grc' dir='ltr'>εἶναι</span> <span class='ocrx_word' id='word_1_692' title='bbox 2559 2798 2778 2870; x_wconf 85' lang='grc' dir='ltr'>χωρίοις</span> <span class='ocrx_word' id='word_1_693' title='bbox 2807 2816 2864 2851; x_wconf 90' lang='grc' dir='ltr'><strong>τε</strong></span> <span class='ocrx_word' id='word_1_694' title='bbox 2889 2799 2983 2853; x_wconf 77' lang='grc' dir='ltr'><strong>καὶ</strong></span> <span class='ocrx_word' id='word_1_695' title='bbox 3030 2801 3320 2871; x_wconf 87' lang='grc' dir='ltr'>ποιμνίοις.</span> <span class='ocrx_word' id='word_1_696' title='bbox 3358 2821 3380 2852; x_wconf 74' lang='grc' dir='ltr'><strong>ι</strong></span> <span class='ocrx_word' id='word_1_697' title='bbox 3413 2803 3516 2858; x_wconf 89' lang='lat' dir='ltr'><strong>Pro</strong></span> <span class='ocrx_word' id='word_1_698' title='bbox 3555 2805 3651 2858; x_wconf 83' lang='lat' dir='ltr'><strong>illo</strong></span> 
     </span>
    </p>
   </div>
   <div class='ocr_carea' id='block_1_87' title="bbox 2072 2889 3646 2959">
    <p class='ocr_par' dir='ltr' id='par_1_87' title="bbox 2072 2889 3646 2959">
     <span class='ocr_line' id='line_1_87' title="bbox 2072 2889 3646 2959; baseline 0.004 -18"><span class='ocrx_word' id='word_1_699' title='bbox 2072 2899 2276 2952; x_wconf 89' lang='lat' dir='ltr'><strong>autem,</strong></span> <span class='ocrx_word' id='word_1_700' title='bbox 2324 2897 2375 2942; x_wconf 79' lang='lat' dir='ltr'><strong>et</strong></span> <span class='ocrx_word' id='word_1_701' title='bbox 2417 2889 2773 2944; x_wconf 64' lang='lat' dir='ltr'><strong>auxilium...</strong></span> <span class='ocrx_word' id='word_1_702' title='bbox 2810 2889 3027 2959; x_wconf 87' lang='lat' dir='ltr'><strong>Aquila,</strong></span> <span class='ocrx_word' id='word_1_703' title='bbox 3080 2902 3128 2944; x_wconf 83' lang='lat' dir='ltr'><strong>et</strong></span> <span class='ocrx_word' id='word_1_704' title='bbox 3165 2892 3437 2947; x_wconf 82' lang='lat' dir='ltr'><strong>character</strong></span> <span class='ocrx_word' id='word_1_705' title='bbox 3464 2910 3646 2948; x_wconf 84' lang='lat' dir='ltr'><strong>eorum</strong></span> 
     </span>
    </p>
   </div>
   <div class='ocr_carea' id='block_1_88' title="bbox 2072 2979 3644 3048">
    <p class='ocr_par' dir='ltr' id='par_1_88' title="bbox 2072 2979 3644 3048">
     <span class='ocr_line' id='line_1_88' title="bbox 2072 2979 3644 3048; baseline 0.003 -14"><span class='ocrx_word' id='word_1_706' title='bbox 2072 2989 2337 3034; x_wconf 84' lang='lat' dir='ltr'><strong>conterere</strong></span> <span class='ocrx_word' id='word_1_707' title='bbox 2355 2979 2618 3048; x_wconf 79' lang='lat' dir='ltr'><strong>infernum</strong></span> <span class='ocrx_word' id='word_1_708' title='bbox 2647 2995 2711 3033; x_wconf 78' lang='lat' dir='ltr'><strong>ex</strong></span> <span class='ocrx_word' id='word_1_709' title='bbox 2736 2980 3038 3035; x_wconf 83' lang='lat' dir='ltr'><strong>habitacula</strong></span> <span class='ocrx_word' id='word_1_710' title='bbox 3062 2997 3264 3037; x_wconf 85' lang='lat' dir='ltr'><strong>eorum.</strong></span> <span class='ocrx_word' id='word_1_711' title='bbox 3285 2981 3418 3038; x_wconf 88' lang='lat' dir='ltr'><strong>Nam</strong></span> <span class='ocrx_word' id='word_1_712' title='bbox 3448 2985 3644 3039; x_wconf 86' lang='lat' dir='ltr'><strong>chara-</strong></span> 
     </span>
    </p>
   </div>
   <div class='ocr_carea' id='block_1_89' title="bbox 2072 3066 3642 3141">
    <p class='ocr_par' dir='ltr' id='par_1_89' title="bbox 2072 3066 3642 3141">
     <span class='ocr_line' id='line_1_89' title="bbox 2072 3066 3642 3141; baseline 0.004 -19"><span class='ocrx_word' id='word_1_713' title='bbox 2072 3076 2187 3123; x_wconf 89' lang='lat' dir='ltr'><strong>cter</strong></span> <span class='ocrx_word' id='word_1_714' title='bbox 2208 3082 2368 3136; x_wconf 90' lang='lat' dir='ltr'><strong>quem</strong></span> <span class='ocrx_word' id='word_1_715' title='bbox 2404 3068 2506 3122; x_wconf 90' lang='lat' dir='ltr'><strong>sibi</strong></span> <span class='ocrx_word' id='word_1_716' title='bbox 2540 3066 2887 3133; x_wconf 77' lang='lat' dir='ltr'><strong>eliinxerunt,</strong></span> <span class='ocrx_word' id='word_1_717' title='bbox 2915 3069 3195 3125; x_wconf 88' lang='lat' dir='ltr'><strong>eliminata</strong></span> <span class='ocrx_word' id='word_1_718' title='bbox 3222 3085 3290 3127; x_wconf 82' lang='lat' dir='ltr'><strong>ex</strong></span> <span class='ocrx_word' id='word_1_719' title='bbox 3324 3073 3517 3141; x_wconf 89' lang='lat' dir='ltr'><strong>seipsis</strong></span> <span class='ocrx_word' id='word_1_720' title='bbox 3543 3072 3642 3129; x_wconf 83' lang='lat' dir='ltr'><strong>Dei</strong></span> 
     </span>
    </p>
   </div>
   <div class='ocr_carea' id='block_1_90' title="bbox 2070 3156 3646 3237">
    <p class='ocr_par' dir='ltr' id='par_1_90' title="bbox 2070 3156 3646 3237">
     <span class='ocr_line' id='line_1_90' title="bbox 2070 3156 3646 3237; baseline 0.004 -22"><span class='ocrx_word' id='word_1_721' title='bbox 2070 3160 2304 3231; x_wconf 83' lang='lat' dir='ltr'><strong>imagine</strong></span> <span class='ocrx_word' id='word_1_722' title='bbox 2344 3156 2408 3215; x_wconf 87' lang='lat' dir='ltr'><strong>ac</strong></span> <span class='ocrx_word' id='word_1_723' title='bbox 2440 3160 2809 3228; x_wconf 86' lang='lat' dir='ltr'><strong>similitudine,</strong></span> <span class='ocrx_word' id='word_1_724' title='bbox 2858 3172 3020 3231; x_wconf 88' lang='lat' dir='ltr'><strong>atque</strong></span> <span class='ocrx_word' id='word_1_725' title='bbox 3046 3163 3495 3237; x_wconf 86' lang='lat' dir='ltr'><strong>irrationabilium</strong></span> <span class='ocrx_word' id='word_1_726' title='bbox 3525 3166 3646 3221; x_wconf 86' lang='lat' dir='ltr'><strong>ani-</strong></span> 
     </span>
    </p>
   </div>
   <div class='ocr_carea' id='block_1_91' title="bbox 2069 3252 3639 3325">
    <p class='ocr_par' dir='ltr' id='par_1_91' title="bbox 2069 3252 3639 3325">
     <span class='ocr_line' id='line_1_91' title="bbox 2069 3252 3639 3325; baseline 0.001 -16"><span class='ocrx_word' id='word_1_727' title='bbox 2069 3254 2289 3309; x_wconf 91' lang='lat' dir='ltr'><strong>malium</strong></span> <span class='ocrx_word' id='word_1_728' title='bbox 2317 3253 2701 3323; x_wconf 87' lang='lat' dir='ltr'><strong>reptiliumque</strong></span> <span class='ocrx_word' id='word_1_729' title='bbox 2734 3252 2926 3308; x_wconf 87' lang='lat' dir='ltr'><strong>formis</strong></span> <span class='ocrx_word' id='word_1_730' title='bbox 2949 3270 3044 3324; x_wconf 87' lang='lat' dir='ltr'><strong>per</strong></span> <span class='ocrx_word' id='word_1_731' title='bbox 3071 3255 3255 3310; x_wconf 89' lang='lat' dir='ltr'><strong>varios</strong></span> <span class='ocrx_word' id='word_1_732' title='bbox 3274 3258 3639 3325; x_wconf 86' lang='lat' dir='ltr'><strong>improbitatis</strong></span> 
     </span>
    </p>
   </div>
   <div class='ocr_carea' id='block_1_92' title="bbox 2068 3346 3645 3408">
    <p class='ocr_par' dir='ltr' id='par_1_92' title="bbox 2068 3346 3645 3408">
     <span class='ocr_line' id='line_1_92' title="bbox 2068 3346 3645 3408; baseline 0.003 -7"><span class='ocrx_word' id='word_1_733' title='bbox 2068 3346 2259 3401; x_wconf 88' lang='lat' dir='ltr'><strong>modos</strong></span> <span class='ocrx_word' id='word_1_734' title='bbox 2293 3346 2488 3400; x_wconf 72' lang='lat' dir='ltr'><strong>animm</strong></span> <span class='ocrx_word' id='word_1_735' title='bbox 2523 3360 2637 3399; x_wconf 75' lang='lat' dir='ltr'><strong>sua:</strong></span> <span class='ocrx_word' id='word_1_736' title='bbox 2684 3346 2924 3408; x_wconf 89' lang='lat' dir='ltr'><strong>adscitis,</strong></span> <span class='ocrx_word' id='word_1_737' title='bbox 2982 3349 3035 3400; x_wconf 90' lang='lat' dir='ltr'><strong>in</strong></span> <span class='ocrx_word' id='word_1_738' title='bbox 3096 3347 3409 3403; x_wconf 85' lang='lat' dir='ltr'><strong>babitaculo</strong></span> <span class='ocrx_word' id='word_1_739' title='bbox 3446 3348 3645 3405; x_wconf 89' lang='lat' dir='ltr'><strong>inferni</strong></span> 
     </span>
    </p>
   </div>
   <div class='ocr_carea' id='block_1_93' title="bbox 2067 3436 3646 3509">
    <p class='ocr_par' dir='ltr' id='par_1_93' title="bbox 2067 3436 3646 3509">
     <span class='ocr_line' id='line_1_93' title="bbox 2067 3436 3646 3509; baseline 0.002 -16"><span class='ocrx_word' id='word_1_740' title='bbox 2067 3445 2444 3493; x_wconf 89' lang='lat' dir='ltr'><strong>conteretur...</strong></span> <span class='ocrx_word' id='word_1_741' title='bbox 2503 3436 2569 3490; x_wconf 88' lang='lat' dir='ltr'><strong>Et</strong></span> <span class='ocrx_word' id='word_1_742' title='bbox 2623 3437 2709 3491; x_wconf 85' lang='lat' dir='ltr'><strong>hic</strong></span> <span class='ocrx_word' id='word_1_743' title='bbox 2754 3439 2974 3506; x_wconf 89' lang='lat' dir='ltr'><strong>quidem</strong></span> <span class='ocrx_word' id='word_1_744' title='bbox 3032 3439 3321 3509; x_wconf 89' lang='lat' dir='ltr'><strong>impiorum</strong></span> <span class='ocrx_word' id='word_1_745' title='bbox 3361 3440 3507 3496; x_wconf 83' lang='lat' dir='ltr'><strong>linis.</strong></span> <span class='ocrx_word' id='word_1_746' title='bbox 3561 3441 3646 3496; x_wconf 88' lang='lat' dir='ltr'><strong>Pii</strong></span> 
     </span>
    </p>
   </div>
   <div class='ocr_carea' id='block_1_94' title="bbox 2068 3541 3635 3610">
    <p class='ocr_par' dir='ltr' id='par_1_94' title="bbox 2068 3541 3635 3610">
     <span class='ocr_line' id='line_1_94' title="bbox 2068 3541 3635 3610; baseline 0.002 -14"><span class='ocrx_word' id='word_1_747' title='bbox 2068 3553 2246 3597; x_wconf 87' lang='lat' dir='ltr'><strong>autem</strong></span> <span class='ocrx_word' id='word_1_748' title='bbox 2281 3541 2371 3596; x_wconf 93' lang='lat' dir='ltr'><strong>illo</strong></span> <span class='ocrx_word' id='word_1_749' title='bbox 2417 3551 2682 3610; x_wconf 86' lang='lat' dir='ltr'><strong>tempore,</strong></span> <span class='ocrx_word' id='word_1_750' title='bbox 2712 3542 2974 3596; x_wconf 82' lang='lat' dir='ltr'><strong>matutina</strong></span> <span class='ocrx_word' id='word_1_751' title='bbox 3008 3552 3063 3596; x_wconf 91' lang='lat' dir='ltr'><strong>et</strong></span> <span class='ocrx_word' id='word_1_752' title='bbox 3095 3558 3231 3598; x_wconf 88' lang='lat' dir='ltr'><strong>nova</strong></span> <span class='ocrx_word' id='word_1_753' title='bbox 3279 3542 3399 3599; x_wconf 90' lang='lat' dir='ltr'><strong>luce</strong></span> <span class='ocrx_word' id='word_1_754' title='bbox 3429 3545 3635 3610; x_wconf 89' lang='lat' dir='ltr'><strong>donati,</strong></span> 
     </span>
    </p>
   </div>
   <div class='ocr_carea' id='block_1_95' title="bbox 2068 3632 3644 3700">
    <p class='ocr_par' dir='ltr' id='par_1_95' title="bbox 2068 3632 3644 3700">
     <span class='ocr_line' id='line_1_95' title="bbox 2068 3632 3644 3700; baseline 0.001 -12"><span class='ocrx_word' id='word_1_755' title='bbox 2068 3634 2266 3689; x_wconf 87' lang='lat' dir='ltr'><strong>orienti</strong></span> <span class='ocrx_word' id='word_1_756' title='bbox 2304 3632 2590 3700; x_wconf 89' lang='lat' dir='ltr'><strong>impiorum</strong></span> <span class='ocrx_word' id='word_1_757' title='bbox 2625 3634 3037 3687; x_wconf 84' lang='lat' dir='ltr'><strong>dominabuntur</strong></span> <span class='ocrx_word' id='word_1_758' title='bbox 3062 3633 3169 3700; x_wconf 50' lang='lat' dir='ltr'><strong>‘l‘;</strong></span> <span class='ocrx_word' id='word_1_759' title='bbox 3205 3635 3317 3690; x_wconf 75' lang='lat' dir='ltr'><strong>sive</strong></span> <span class='ocrx_word' id='word_1_760' title='bbox 3348 3639 3644 3691; x_wconf 88' lang='lat' dir='ltr'><strong>secundum</strong></span> 
     </span>
    </p>
   </div>
   <div class='ocr_carea' id='block_1_96' title="bbox 2066 3723 3642 3797">
    <p class='ocr_par' dir='ltr' id='par_1_96' title="bbox 2066 3723 3642 3797">
     <span class='ocr_line' id='line_1_96' title="bbox 2066 3723 3642 3797; baseline 0.001 -18"><span class='ocrx_word' id='word_1_761' title='bbox 2066 3725 2341 3795; x_wconf 83' lang='lat' dir='ltr'><strong>Aquilam,</strong></span> <span class='ocrx_word' id='word_1_762' title='bbox 2374 3723 2743 3793; x_wconf 73' lang='lat' dir='ltr'><strong>imperabunt;</strong></span> <span class='ocrx_word' id='word_1_763' title='bbox 2776 3727 2891 3781; x_wconf 87' lang='lat' dir='ltr'><strong>sive</strong></span> <span class='ocrx_word' id='word_1_764' title='bbox 2920 3725 3212 3780; x_wconf 87' lang='lat' dir='ltr'><strong>secundum</strong></span> <span class='ocrx_word' id='word_1_765' title='bbox 3233 3725 3642 3797; x_wconf 84' lang='lat' dir='ltr'><strong>Symmachum,</strong></span> 
     </span>
    </p>
   </div>
   <div class='ocr_carea' id='block_1_97' title="bbox 2068 3813 3643 3886">
    <p class='ocr_par' dir='ltr' id='par_1_97' title="bbox 2068 3813 3643 3886">
     <span class='ocr_line' id='line_1_97' title="bbox 2068 3813 3643 3886; baseline -0.001 -16"><span class='ocrx_word' id='word_1_766' title='bbox 2068 3816 2344 3886; x_wconf 76' lang='lat' dir='ltr'><strong>subjiciam</strong></span> <span class='ocrx_word' id='word_1_767' title='bbox 2375 3815 2494 3869; x_wconf 83' lang='lat' dir='ltr'><strong>sibi.</strong></span> <span class='ocrx_word' id='word_1_768' title='bbox 2541 3813 2675 3869; x_wconf 83' lang='lat' dir='ltr'><strong>Nam</strong></span> <span class='ocrx_word' id='word_1_769' title='bbox 2707 3830 2831 3869; x_wconf 89' lang='lat' dir='ltr'><strong>cum</strong></span> <span class='ocrx_word' id='word_1_770' title='bbox 2866 3814 3020 3884; x_wconf 88' lang='lat' dir='ltr'><strong>impii</strong></span> <span class='ocrx_word' id='word_1_771' title='bbox 3049 3816 3138 3869; x_wconf 75' lang='lat' dir='ltr'><strong>llic</strong></span> <span class='ocrx_word' id='word_1_772' title='bbox 3188 3818 3476 3884; x_wconf 87' lang='lat' dir='ltr'><strong>proborum</strong></span> <span class='ocrx_word' id='word_1_773' title='bbox 3524 3817 3643 3869; x_wconf 83' lang='lat' dir='ltr'><strong>ani-</strong></span> 
     </span>
    </p>
   </div>
   <div class='ocr_carea' id='block_1_98' title="bbox 2067 3903 3640 3976">
    <p class='ocr_par' dir='ltr' id='par_1_98' title="bbox 2067 3903 3640 3976">
     <span class='ocr_line' id='line_1_98' title="bbox 2067 3903 3640 3976; baseline 0 -18"><span class='ocrx_word' id='word_1_774' title='bbox 2067 3921 2185 3961; x_wconf 88' lang='lat' dir='ltr'><strong>mas</strong></span> <span class='ocrx_word' id='word_1_775' title='bbox 2221 3904 2609 3976; x_wconf 82' lang='lat' dir='ltr'><strong>depresserint,</strong></span> <span class='ocrx_word' id='word_1_776' title='bbox 2665 3904 2776 3959; x_wconf 92' lang='lat' dir='ltr'><strong>illic</strong></span> <span class='ocrx_word' id='word_1_777' title='bbox 2820 3907 3060 3958; x_wconf 88' lang='lat' dir='ltr'><strong>animam</strong></span> <span class='ocrx_word' id='word_1_778' title='bbox 3098 3904 3311 3973; x_wconf 89' lang='lat' dir='ltr'><strong>piorum</strong></span> <span class='ocrx_word' id='word_1_779' title='bbox 3370 3903 3640 3966; x_wconf 86' lang='lat' dir='ltr'><strong>liberabit.</strong></span> 
     </span>
    </p>
   </div>
   <div class='ocr_carea' id='block_1_99' title="bbox 2066 3995 3648 4066">
    <p class='ocr_par' dir='ltr' id='par_1_99' title="bbox 2066 3995 3648 4066">
     <span class='ocr_line' id='line_1_99' title="bbox 2066 3995 3648 4066; baseline 0.001 -14"><span class='ocrx_word' id='word_1_780' title='bbox 2066 4007 2127 4054; x_wconf 85' lang='lat' dir='ltr'><strong>ut</strong></span> <span class='ocrx_word' id='word_1_781' title='bbox 2162 4013 2230 4054; x_wconf 90' lang='lat' dir='ltr'><strong>ne</strong></span> <span class='ocrx_word' id='word_1_782' title='bbox 2261 4013 2366 4053; x_wconf 89' lang='lat' dir='ltr'><strong>una</strong></span> <span class='ocrx_word' id='word_1_783' title='bbox 2384 4013 2506 4053; x_wconf 90' lang='lat' dir='ltr'><strong>cum</strong></span> <span class='ocrx_word' id='word_1_784' title='bbox 2542 3996 2723 4066; x_wconf 91' lang='lat' dir='ltr'><strong>impiis</strong></span> <span class='ocrx_word' id='word_1_785' title='bbox 2749 3997 3122 4064; x_wconf 89' lang='lat' dir='ltr'><strong>abducantur;</strong></span> <span class='ocrx_word' id='word_1_786' title='bbox 3159 3997 3254 4053; x_wconf 87' lang='lat' dir='ltr'><strong>sed</strong></span> <span class='ocrx_word' id='word_1_787' title='bbox 3286 3996 3338 4051; x_wconf 91' lang='lat' dir='ltr'><strong>in</strong></span> <span class='ocrx_word' id='word_1_788' title='bbox 3363 3995 3486 4053; x_wconf 88' lang='lat' dir='ltr'><strong>aliis</strong></span> <span class='ocrx_word' id='word_1_789' title='bbox 3510 3997 3648 4053; x_wconf 80' lang='lat' dir='ltr'><strong>locis</strong></span> 
     </span>
    </p>
   </div>
   <div class='ocr_carea' id='block_1_100' title="bbox 2067 4097 3647 4169">
    <p class='ocr_par' dir='ltr' id='par_1_100' title="bbox 2067 4097 3647 4169">
     <span class='ocr_line' id='line_1_100' title="bbox 2067 4097 3647 4169; baseline -0.003 -15"><span class='ocrx_word' id='word_1_790' title='bbox 2067 4109 2124 4155; x_wconf 89' lang='lat' dir='ltr'><strong>et</strong></span> <span class='ocrx_word' id='word_1_791' title='bbox 2157 4099 2390 4153; x_wconf 84' lang='lat' dir='ltr'><strong>ovilibus</strong></span> <span class='ocrx_word' id='word_1_792' title='bbox 2444 4100 2661 4169; x_wconf 86' lang='lat' dir='ltr'><strong>degant.</strong></span> <span class='ocrx_word' id='word_1_793' title='bbox 2707 4115 2726 4148; x_wconf 69' lang='grc' dir='ltr'><strong>ι</strong></span> <span class='ocrx_word' id='word_1_794' title='bbox 2762 4098 2853 4152; x_wconf 92' lang='lat' dir='ltr'><strong>Sic</strong></span> <span class='ocrx_word' id='word_1_795' title='bbox 2893 4106 3072 4151; x_wconf 88' lang='lat' dir='ltr'><strong>autem</strong></span> <span class='ocrx_word' id='word_1_796' title='bbox 3109 4097 3251 4151; x_wconf 84' lang='lat' dir='ltr'><strong>hunc</strong></span> <span class='ocrx_word' id='word_1_797' title='bbox 3284 4099 3532 4152; x_wconf 88' lang='lat' dir='ltr'><strong>eumdem</strong></span> <span class='ocrx_word' id='word_1_798' title='bbox 3567 4099 3647 4150; x_wconf 81' lang='lat' dir='ltr'><strong>lo-</strong></span> 
     </span>
    </p>
   </div>
   <div class='ocr_carea' id='block_1_101' title="bbox 2069 4187 3647 4260">
    <p class='ocr_par' dir='ltr' id='par_1_101' title="bbox 2069 4187 3647 4260">
     <span class='ocr_line' id='line_1_101' title="bbox 2069 4187 3647 4260; baseline 0 -15"><span class='ocrx_word' id='word_1_799' title='bbox 2069 4205 2190 4245; x_wconf 93' lang='lat' dir='ltr'><strong>cum</strong></span> <span class='ocrx_word' id='word_1_800' title='bbox 2237 4190 2625 4260; x_wconf 87' lang='lat' dir='ltr'><strong>interpretatur</strong></span> <span class='ocrx_word' id='word_1_801' title='bbox 2671 4187 3231 4258; x_wconf 86' lang='lat' dir='ltr'><strong>psendo-Theodorus</strong></span> <span class='ocrx_word' id='word_1_802' title='bbox 3283 4204 3297 4241; x_wconf 89' lang='lat'><strong>:</strong></span> <span class='ocrx_word' id='word_1_803' title='bbox 3343 4188 3506 4244; x_wconf 83' lang='grc' dir='ltr'>Ἀλλά</span> <span class='ocrx_word' id='word_1_804' title='bbox 3536 4189 3647 4245; x_wconf 88' lang='grc' dir='ltr'><strong>τῶν</strong></span> 
     </span>
    </p>
   </div>
   <div class='ocr_carea' id='block_1_102' title="bbox 2071 4281 3644 4354">
    <p class='ocr_par' dir='ltr' id='par_1_102' title="bbox 2071 4281 3644 4354">
     <span class='ocr_line' id='line_1_102' title="bbox 2071 4281 3644 4354; baseline -0.001 -18"><span class='ocrx_word' id='word_1_805' title='bbox 2071 4284 2168 4354; x_wconf 78' lang='grc' dir='ltr'><strong>μὲν</strong></span> <span class='ocrx_word' id='word_1_806' title='bbox 2199 4282 2412 4337; x_wconf 76' lang='grc' dir='ltr'>ἀσεϐῶν</span> <span class='ocrx_word' id='word_1_807' title='bbox 2458 4281 2669 4336; x_wconf 75' lang='grc' dir='ltr'>τοιοῦτο</span> <span class='ocrx_word' id='word_1_808' title='bbox 2705 4282 2764 4335; x_wconf 78' lang='grc' dir='ltr'>τὸ</span> <span class='ocrx_word' id='word_1_809' title='bbox 2798 4281 2971 4345; x_wconf 88' lang='grc' dir='ltr'>τέλος.</span> <span class='ocrx_word' id='word_1_810' title='bbox 3026 4282 3087 4334; x_wconf 82' lang='lat' dir='ltr'><strong>Ol</strong></span> <span class='ocrx_word' id='word_1_811' title='bbox 3129 4281 3186 4333; x_wconf 77' lang='grc' dir='ltr'><strong>δὲ</strong></span> <span class='ocrx_word' id='word_1_812' title='bbox 3234 4281 3479 4345; x_wconf 75' lang='grc' dir='ltr'>εὐσεϐεῖς</span> <span class='ocrx_word' id='word_1_813' title='bbox 3523 4282 3644 4335; x_wconf 82' lang='grc' dir='ltr'>κατ’</span> 
     </span>
    </p>
   </div>
   <div class='ocr_carea' id='block_1_103' title="bbox 2069 4372 3646 4446">
    <p class='ocr_par' dir='ltr' id='par_1_103' title="bbox 2069 4372 3646 4446">
     <span class='ocr_line' id='line_1_103' title="bbox 2069 4372 3646 4446; baseline -0.001 -18"><span class='ocrx_word' id='word_1_814' title='bbox 2069 4377 2245 4428; x_wconf 79' lang='grc' dir='ltr'>ἐκεῖνο</span> <span class='ocrx_word' id='word_1_815' title='bbox 2272 4374 2466 4446; x_wconf 75' lang='grc' dir='ltr'>καιροῦ</span> <span class='ocrx_word' id='word_1_816' title='bbox 2496 4374 2707 4444; x_wconf 81' lang='grc' dir='ltr'>πρωίας</span> <span class='ocrx_word' id='word_1_817' title='bbox 2732 4372 3075 4437; x_wconf 76' lang='grc' dir='ltr'>ἀξιωθέντες,</span> <span class='ocrx_word' id='word_1_818' title='bbox 3104 4373 3198 4426; x_wconf 74' lang='grc' dir='ltr'><strong>καὶ</strong></span> <span class='ocrx_word' id='word_1_819' title='bbox 3232 4372 3495 4444; x_wconf 78' lang='grc' dir='ltr'>ἀνατολῆς</span> <span class='ocrx_word' id='word_1_820' title='bbox 3522 4373 3646 4427; x_wconf 83' lang='grc' dir='ltr'>νέου</span> 
     </span>
    </p>
   </div>
   <div class='ocr_carea' id='block_1_104' title="bbox 1999 4450 3645 4534">
    <p class='ocr_par' dir='ltr' id='par_1_104' title="bbox 1999 4450 3645 4534">
     <span class='ocr_line' id='line_1_104' title="bbox 1999 4450 3645 4534; baseline -0.001 -16"><span class='ocrx_word' id='word_1_821' title='bbox 1999 4450 2043 4503; x_wconf 60' lang='grc' dir='ltr'>Ῐδ</span> <span class='ocrx_word' id='word_1_822' title='bbox 2073 4464 2270 4534; x_wconf 84' lang='grc' dir='ltr'>φωτὸς,</span> <span class='ocrx_word' id='word_1_823' title='bbox 2294 4464 2401 4518; x_wconf 88' lang='grc' dir='ltr'><strong>τῶν</strong></span> <span class='ocrx_word' id='word_1_824' title='bbox 2424 4463 2635 4518; x_wconf 86' lang='grc' dir='ltr'>ἀσεϐῶν</span> <span class='ocrx_word' id='word_1_825' title='bbox 2663 4463 3246 4530; x_wconf 81' lang='grc' dir='ltr'>κατακυριεύσουσιν</span> <span class='ocrx_word' id='word_1_826' title='bbox 3265 4478 3277 4492; x_wconf 90' lang='grc'><strong>·</strong></span> <span class='ocrx_word' id='word_1_827' title='bbox 3313 4462 3345 4532; x_wconf 78' lang='grc' dir='ltr'>ἢ</span> <span class='ocrx_word' id='word_1_828' title='bbox 3380 4461 3523 4514; x_wconf 84' lang='grc' dir='ltr'><strong>κατά</strong></span> <span class='ocrx_word' id='word_1_829' title='bbox 3553 4462 3645 4516; x_wconf 87' lang='grc' dir='ltr'><strong>τὸν</strong></span> 
     </span>
    </p>
   </div>
   <div class='ocr_carea' id='block_1_105' title="bbox 2078 4552 3644 4624">
    <p class='ocr_par' dir='ltr' id='par_1_105' title="bbox 2078 4552 3644 4624">
     <span class='ocr_line' id='line_1_105' title="bbox 2078 4552 3644 4624; baseline 0.001 -19"><span class='ocrx_word' id='word_1_830' title='bbox 2078 4552 2326 4617; x_wconf 68' lang='grc' dir='ltr'>Ἀκύλαν,</span> <span class='ocrx_word' id='word_1_831' title='bbox 2354 4552 2766 4622; x_wconf 77' lang='grc' dir='ltr'>κρατήσουσιν</span> <span class='ocrx_word' id='word_1_832' title='bbox 2788 4569 2803 4583; x_wconf 88' lang='grc'><strong>·</strong></span> <span class='ocrx_word' id='word_1_833' title='bbox 2826 4552 2859 4624; x_wconf 82' lang='grc' dir='ltr'>ἢ</span> <span class='ocrx_word' id='word_1_834' title='bbox 2880 4552 3020 4606; x_wconf 78' lang='grc' dir='ltr'>κατὰ</span> <span class='ocrx_word' id='word_1_835' title='bbox 3042 4552 3130 4605; x_wconf 80' lang='grc' dir='ltr'>τὸν</span> <span class='ocrx_word' id='word_1_836' title='bbox 3149 4552 3461 4623; x_wconf 85' lang='grc' dir='ltr'>Σύμμαχον,</span> <span class='ocrx_word' id='word_1_837' title='bbox 3496 4554 3644 4607; x_wconf 84' lang='grc' dir='ltr'>ὐπο-</span> 
     </span>
    </p>
   </div>
   <div class='ocr_carea' id='block_1_106' title="bbox 2068 4643 3646 4716">
    <p class='ocr_par' dir='ltr' id='par_1_106' title="bbox 2068 4643 3646 4716">
     <span class='ocr_line' id='line_1_106' title="bbox 2068 4643 3646 4716; baseline 0 -18"><span class='ocrx_word' id='word_1_838' title='bbox 2068 4644 2360 4709; x_wconf 75' lang='grc' dir='ltr'>τάξοιισιν</span> <span class='ocrx_word' id='word_1_839' title='bbox 2382 4646 2623 4711; x_wconf 83' lang='grc' dir='ltr'>αὐτούς.</span> <span class='ocrx_word' id='word_1_840' title='bbox 2649 4645 2768 4697; x_wconf 90' lang='grc' dir='ltr'>Τῶν</span> <span class='ocrx_word' id='word_1_841' title='bbox 2792 4645 2901 4716; x_wconf 85' lang='grc' dir='ltr'><strong>γάρ</strong></span> <span class='ocrx_word' id='word_1_842' title='bbox 2933 4644 3164 4698; x_wconf 76' lang='grc' dir='ltr'>ἐνταῦθα</span> <span class='ocrx_word' id='word_1_843' title='bbox 3193 4643 3646 4698; x_wconf 86' lang='grc' dir='ltr'>ταπεινωσάντων</span> 
     </span>
    </p>
   </div>
   <div class='ocr_carea' id='block_1_107' title="bbox 2063 4734 3641 4806">
    <p class='ocr_par' dir='ltr' id='par_1_107' title="bbox 2063 4734 3641 4806">
     <span class='ocr_line' id='line_1_107' title="bbox 2063 4734 3641 4806; baseline 0.001 -19"><span class='ocrx_word' id='word_1_844' title='bbox 2063 4737 2190 4799; x_wconf 79' lang='grc' dir='ltr'>τοὺς</span> <span class='ocrx_word' id='word_1_845' title='bbox 2220 4736 2395 4799; x_wconf 85' lang='grc' dir='ltr'>εὐθεῖς</span> <span class='ocrx_word' id='word_1_846' title='bbox 2409 4736 2644 4803; x_wconf 86' lang='grc' dir='ltr'>ἀσεϐῶν,</span> <span class='ocrx_word' id='word_1_847' title='bbox 2677 4739 2794 4789; x_wconf 75' lang='grc' dir='ltr'>ἐκεῖ</span> <span class='ocrx_word' id='word_1_848' title='bbox 2824 4737 3175 4806; x_wconf 84' lang='grc' dir='ltr'>κρατήσουσι,</span> <span class='ocrx_word' id='word_1_849' title='bbox 3211 4734 3404 4805; x_wconf 75' lang='grc' dir='ltr'>Κάμοῦ</span> <span class='ocrx_word' id='word_1_850' title='bbox 3456 4734 3513 4787; x_wconf 85' lang='grc' dir='ltr'><strong>δὲ</strong></span> <span class='ocrx_word' id='word_1_851' title='bbox 3547 4735 3641 4788; x_wconf 82' lang='grc' dir='ltr'>τοῦ</span> 
     </span>
    </p>
   </div>
   <div class='ocr_carea' id='block_1_108' title="bbox 2062 4826 3644 4899">
    <p class='ocr_par' dir='ltr' id='par_1_108' title="bbox 2062 4826 3644 4899">
     <span class='ocr_line' id='line_1_108' title="bbox 2062 4826 3644 4899; baseline 0 -19"><span class='ocrx_word' id='word_1_852' title='bbox 2062 4827 2235 4883; x_wconf 75' lang='grc' dir='ltr'>ταῦτα</span> <span class='ocrx_word' id='word_1_853' title='bbox 2258 4828 2510 4897; x_wconf 87' lang='grc' dir='ltr'>λέγοντος</span> <span class='ocrx_word' id='word_1_854' title='bbox 2530 4828 2752 4899; x_wconf 75' lang='grc' dir='ltr'>ῥύσεται</span> <span class='ocrx_word' id='word_1_855' title='bbox 2780 4828 2879 4899; x_wconf 84' lang='grc' dir='ltr'>τὴν</span> <span class='ocrx_word' id='word_1_856' title='bbox 2899 4828 3098 4899; x_wconf 70' lang='grc' dir='ltr'>ψυχὴν,</span> <span class='ocrx_word' id='word_1_857' title='bbox 3131 4827 3266 4899; x_wconf 83' lang='grc' dir='ltr'>πρὸς</span> <span class='ocrx_word' id='word_1_858' title='bbox 3286 4826 3346 4879; x_wconf 82' lang='grc' dir='ltr'>τὸ</span> <span class='ocrx_word' id='word_1_859' title='bbox 3387 4826 3462 4898; x_wconf 84' lang='grc' dir='ltr'>μὴ</span> <span class='ocrx_word' id='word_1_860' title='bbox 3518 4843 3644 4881; x_wconf 86' lang='grc' dir='ltr'>συν-</span> 
     </span>
    </p>
   </div>
   <div class='ocr_carea' id='block_1_109' title="bbox 2066 4914 3647 4990">
    <p class='ocr_par' dir='ltr' id='par_1_109' title="bbox 2066 4914 3647 4990">
     <span class='ocr_line' id='line_1_109' title="bbox 2066 4914 3647 4990; baseline 0.001 -19"><span class='ocrx_word' id='word_1_861' title='bbox 2066 4917 2376 4989; x_wconf 77' lang='grc' dir='ltr'>ἀπαχθῆναι</span> <span class='ocrx_word' id='word_1_862' title='bbox 2393 4922 2506 4984; x_wconf 88' lang='grc' dir='ltr'>τοῖς</span> <span class='ocrx_word' id='word_1_863' title='bbox 2531 4919 2804 4985; x_wconf 88' lang='grc' dir='ltr'>ἀσεϐέσιν,</span> <span class='ocrx_word' id='word_1_864' title='bbox 2829 4918 2942 4972; x_wconf 87' lang='grc' dir='ltr'>ἀλλ’</span> <span class='ocrx_word' id='word_1_865' title='bbox 2960 4920 3016 4971; x_wconf 84' lang='grc' dir='ltr'><strong>ὲν</strong></span> <span class='ocrx_word' id='word_1_866' title='bbox 3033 4918 3236 4989; x_wconf 77' lang='grc' dir='ltr'>ἑτέροις</span> <span class='ocrx_word' id='word_1_867' title='bbox 3266 4914 3404 4972; x_wconf 80' lang='grc' dir='ltr'>εἶναι</span> <span class='ocrx_word' id='word_1_868' title='bbox 3424 4917 3647 4990; x_wconf 78' lang='grc' dir='ltr'>χωρίοις</span> 
     </span>
    </p>
   </div>
   <div class='ocr_carea' id='block_1_110' title="bbox 2065 5007 3640 5077">
    <p class='ocr_par' dir='ltr' id='par_1_110' title="bbox 2065 5007 3640 5077">
     <span class='ocr_line' id='line_1_110' title="bbox 2065 5007 3640 5077; baseline 0.003 -19"><span class='ocrx_word' id='word_1_869' title='bbox 2065 5023 2125 5059; x_wconf 89' lang='grc' dir='ltr'><strong>τε</strong></span> <span class='ocrx_word' id='word_1_870' title='bbox 2149 5008 2239 5059; x_wconf 77' lang='grc' dir='ltr'>καὶ</span> <span class='ocrx_word' id='word_1_871' title='bbox 2270 5007 2608 5077; x_wconf 83' lang='grc' dir='ltr'>ποιμνίοις...</span> <span class='ocrx_word' id='word_1_872' title='bbox 2640 5010 2698 5061; x_wconf 86' lang='grc' dir='ltr'><strong>Ὀ</strong></span> <span class='ocrx_word' id='word_1_873' title='bbox 2732 5008 2788 5061; x_wconf 85' lang='grc' dir='ltr'><strong>δὲ</strong></span> <span class='ocrx_word' id='word_1_874' title='bbox 2827 5007 3058 5071; x_wconf 84' lang='grc' dir='ltr'>Ἀκύλας</span> <span class='ocrx_word' id='word_1_875' title='bbox 3081 5009 3202 5061; x_wconf 76' lang='grc' dir='ltr'>ἀντὶ</span> <span class='ocrx_word' id='word_1_876' title='bbox 3230 5007 3347 5073; x_wconf 81' lang='grc' dir='ltr'>τοῦ,</span> <span class='ocrx_word' id='word_1_877' title='bbox 3367 5007 3640 5075; x_wconf 79' lang='grc' dir='ltr'>Βοήθεια,</span> 
     </span>
    </p>
   </div>
   <div class='ocr_carea' id='block_1_111' title="bbox 2069 5096 3643 5167">
    <p class='ocr_par' dir='ltr' id='par_1_111' title="bbox 2069 5096 3643 5167">
     <span class='ocr_line' id='line_1_111' title="bbox 2069 5096 3643 5167; baseline 0.004 -20"><span class='ocrx_word' id='word_1_878' title='bbox 2069 5096 2383 5164; x_wconf 77' lang='grc' dir='ltr'>Χαρακτὴρ</span> <span class='ocrx_word' id='word_1_879' title='bbox 2410 5098 2609 5152; x_wconf 77' lang='grc' dir='ltr'>αὐτῶν</span> <span class='ocrx_word' id='word_1_880' title='bbox 2641 5100 2989 5167; x_wconf 72' lang='grc' dir='ltr'>κατατρίψει</span> <span class='ocrx_word' id='word_1_881' title='bbox 3014 5098 3169 5167; x_wconf 76' lang='grc' dir='ltr'><strong>ᾅδην</strong></span> <span class='ocrx_word' id='word_1_882' title='bbox 3194 5101 3261 5153; x_wconf 76' lang='grc' dir='ltr'>ἐκ</span> <span class='ocrx_word' id='word_1_883' title='bbox 3297 5116 3643 5167; x_wconf 79' lang='grc' dir='ltr'>κατοικητη-</span> 
     </span>
    </p>
   </div>
   <div class='ocr_carea' id='block_1_112' title="bbox 2059 5187 3642 5261">
    <p class='ocr_par' dir='ltr' id='par_1_112' title="bbox 2059 5187 3642 5261">
     <span class='ocr_line' id='line_1_112' title="bbox 2059 5187 3642 5261; baseline 0.001 -21"><span class='ocrx_word' id='word_1_884' title='bbox 2059 5187 2197 5254; x_wconf 85' lang='grc' dir='ltr'>ρίου</span> <span class='ocrx_word' id='word_1_885' title='bbox 2222 5189 2439 5243; x_wconf 81' lang='grc' dir='ltr'>αὐτῶν.</span> <span class='ocrx_word' id='word_1_886' title='bbox 2476 5190 2533 5242; x_wconf 89' lang='lat'><strong>&#39;0</strong></span> <span class='ocrx_word' id='word_1_887' title='bbox 2570 5189 2855 5261; x_wconf 80' lang='grc' dir='ltr'>χαρακτὴρ</span> <span class='ocrx_word' id='word_1_888' title='bbox 2886 5191 3088 5255; x_wconf 76' lang='grc' dir='ltr'>αὐτῶν,</span> <span class='ocrx_word' id='word_1_889' title='bbox 3136 5191 3195 5244; x_wconf 82' lang='grc' dir='ltr'>ὃν</span> <span class='ocrx_word' id='word_1_890' title='bbox 3224 5193 3281 5244; x_wconf 84' lang='grc' dir='ltr'>ὲν</span> <span class='ocrx_word' id='word_1_891' title='bbox 3310 5192 3523 5254; x_wconf 79' lang='grc' dir='ltr'>ἑαυτοῖς</span> <span class='ocrx_word' id='word_1_892' title='bbox 3553 5189 3642 5257; x_wconf 75' lang='grc' dir='ltr'><strong>ἐξ-</strong></span> 
     </span>
    </p>
   </div>
   <div class='ocr_carea' id='block_1_113' title="bbox 2068 5280 3643 5353">
    <p class='ocr_par' dir='ltr' id='par_1_113' title="bbox 2068 5280 3643 5353">
     <span class='ocr_line' id='line_1_113' title="bbox 2068 5280 3643 5353; baseline 0.002 -21"><span class='ocrx_word' id='word_1_893' title='bbox 2068 5280 2372 5344; x_wconf 84' lang='grc' dir='ltr'>ετύπωσαν,</span> <span class='ocrx_word' id='word_1_894' title='bbox 2406 5282 2466 5334; x_wconf 85' lang='grc' dir='ltr'>τὺ</span> <span class='ocrx_word' id='word_1_895' title='bbox 2501 5285 2618 5336; x_wconf 78' lang='grc' dir='ltr'>κατ’</span> <span class='ocrx_word' id='word_1_896' title='bbox 2643 5283 2825 5336; x_wconf 79' lang='grc' dir='ltr'>εἰκόνα</span> <span class='ocrx_word' id='word_1_897' title='bbox 2874 5284 3259 5353; x_wconf 76' lang='grc' dir='ltr'>ἀφανίσαντες,</span> <span class='ocrx_word' id='word_1_898' title='bbox 3306 5282 3403 5336; x_wconf 75' lang='grc' dir='ltr'><strong>καὶ</strong></span> <span class='ocrx_word' id='word_1_899' title='bbox 3431 5281 3643 5350; x_wconf 78' lang='grc' dir='ltr'>ἀλόγων</span> 
     </span>
    </p>
   </div>
   <div class='ocr_carea' id='block_1_114' title="bbox 2074 5372 3644 5448">
    <p class='ocr_par' dir='ltr' id='par_1_114' title="bbox 2074 5372 3644 5448">
     <span class='ocr_line' id='line_1_114' title="bbox 2074 5372 3644 5448; baseline -0.004 -17"><span class='ocrx_word' id='word_1_900' title='bbox 2074 5372 2372 5444; x_wconf 78' lang='grc' dir='ltr'>μοχθηρίαν</span> <span class='ocrx_word' id='word_1_901' title='bbox 2439 5375 2851 5446; x_wconf 82' lang='grc' dir='ltr'>μιμησάμενοι,</span> <span class='ocrx_word' id='word_1_902' title='bbox 2911 5377 3351 5448; x_wconf 80' lang='grc' dir='ltr'>συντριϐήσεται.</span> <span class='ocrx_word' id='word_1_903' title='bbox 3403 5392 3423 5426; x_wconf 73' lang='grc' dir='ltr'><strong>ι</strong></span> <span class='ocrx_word' id='word_1_904' title='bbox 3479 5373 3644 5441; x_wconf 82' lang='lat' dir='ltr'><strong>Atqui</strong></span> 
     </span>
    </p>
   </div>
   <div class='ocr_carea' id='block_1_115' title="bbox 2070 5462 3639 5534">
    <p class='ocr_par' dir='ltr' id='par_1_115' title="bbox 2070 5462 3639 5534">
     <span class='ocr_line' id='line_1_115' title="bbox 2070 5462 3639 5534; baseline 0.001 -18"><span class='ocrx_word' id='word_1_905' title='bbox 2070 5464 2359 5533; x_wconf 90' lang='lat' dir='ltr'><strong>impiorum</strong></span> <span class='ocrx_word' id='word_1_906' title='bbox 2389 5466 2604 5534; x_wconf 89' lang='lat' dir='ltr'><strong>quidem</strong></span> <span class='ocrx_word' id='word_1_907' title='bbox 2649 5467 2771 5520; x_wconf 87' lang='lat' dir='ltr'><strong>talis</strong></span> <span class='ocrx_word' id='word_1_908' title='bbox 2797 5476 2884 5521; x_wconf 89' lang='lat' dir='ltr'><strong>est</strong></span> <span class='ocrx_word' id='word_1_909' title='bbox 2922 5467 3066 5523; x_wconf 83' lang='lat' dir='ltr'><strong>ﬁnis.</strong></span> <span class='ocrx_word' id='word_1_910' title='bbox 3101 5467 3370 5521; x_wconf 54' lang='lat' dir='ltr'><strong>Caeterum</strong></span> <span class='ocrx_word' id='word_1_911' title='bbox 3421 5462 3522 5518; x_wconf 87' lang='lat' dir='ltr'><strong>viri</strong></span> <span class='ocrx_word' id='word_1_912' title='bbox 3562 5462 3639 5532; x_wconf 85' lang='lat' dir='ltr'><strong>pii</strong></span> 
     </span>
    </p>
   </div>
   <div class='ocr_carea' id='block_1_116' title="bbox 2071 5550 3641 5623">
    <p class='ocr_par' dir='ltr' id='par_1_116' title="bbox 2071 5550 3641 5623">
     <span class='ocr_line' id='line_1_116' title="bbox 2071 5550 3641 5623; baseline -0.002 -16"><span class='ocrx_word' id='word_1_913' title='bbox 2071 5554 2174 5608; x_wconf 91' lang='lat' dir='ltr'><strong>isto</strong></span> <span class='ocrx_word' id='word_1_914' title='bbox 2222 5565 2467 5623; x_wconf 80' lang='lat' dir='ltr'><strong>tempore</strong></span> <span class='ocrx_word' id='word_1_915' title='bbox 2519 5556 2784 5610; x_wconf 89' lang='lat' dir='ltr'><strong>matutino</strong></span> <span class='ocrx_word' id='word_1_916' title='bbox 2828 5566 2883 5609; x_wconf 89' lang='lat' dir='ltr'><strong>ct</strong></span> <span class='ocrx_word' id='word_1_917' title='bbox 2928 5570 3080 5610; x_wconf 71' lang='lat' dir='ltr'><strong>nova:</strong></span> <span class='ocrx_word' id='word_1_918' title='bbox 3134 5555 3270 5610; x_wconf 90' lang='lat' dir='ltr'><strong>lucis</strong></span> <span class='ocrx_word' id='word_1_919' title='bbox 3313 5561 3438 5609; x_wconf 86' lang='lat' dir='ltr'><strong>ortu</strong></span> <span class='ocrx_word' id='word_1_920' title='bbox 3492 5550 3641 5621; x_wconf 78' lang='lat' dir='ltr'><strong>digni</strong></span> 
     </span>
    </p>
   </div>
   <div class='ocr_carea' id='block_1_117' title="bbox 3241 5776 3468 5832">
    <p class='ocr_par' dir='ltr' id='par_1_117' title="bbox 3241 5776 3468 5832">
     <span class='ocr_line' id='line_1_117' title="bbox 3241 5776 3468 5832; baseline 0 -1"><span class='ocrx_word' id='word_1_921' title='bbox 3241 5777 3309 5809; x_wconf 64' lang='grc' dir='ltr'><strong>δ’δ’</strong></span> <span class='ocrx_word' id='word_1_922' title='bbox 3340 5776 3468 5832; x_wconf 59' lang='lat' dir='ltr'><strong>ibid.</strong></span> 
     </span>
    </p>
   </div>
  </div>
