4094 6220
441 282 540 323 εει

1782 255 2314 315 ΡιιοιεοοιιεΝΑ.

434 387 626 450 habiti,
689 340 1098 441 dominabuntur
1149 384 1346 453 impiis,
1397 382 1476 438 vel
1525 383 1679 452 juxta
1735 383 2003 451 Aquilam,
2035 388 2080 442 Α
2110 380 2309 434 suntin
2344 377 2428 432 illa
2456 378 2643 448 psalmi
2665 377 2803 432 sexti
2833 375 3123 431 πιαίνοναυί
3157 378 3211 431 in
3245 377 3441 447 gemitu
3462 393 3574 430 meo
3593 377 3670 432 “z

433 476 788 544 imperabunt;
825 475 902 529 vel
934 475 1084 542 juxta
1111 472 1520 542 Symmachum,
1565 470 1838 540 sulrjicient
1864 471 2004 524 illos.

434 566 635 636 lmpios
661 567 803 620 enim
835 566 925 635 qui
953 566 1042 620 hic
1065 575 1243 620 rectos
1266 563 1646 625 bumiliarnnt,
1676 563 1748 616 ibi
1791 576 2012 629 supera-

436 657 590 712 bunt.
617 657 682 711 Et
711 672 885 710 meam
917 672 1131 726 quoque
1163 657 1272 710 haec
1301 655 1530 708 dicentis
1553 653 1787 708 animam
1815 652 2011 706 libera—

439 751 536 818 bit,
573 766 643 805 ne
660 749 818 804 sinml
848 765 970 803 cum
998 748 1176 817 impiis
1204 748 1472 808 abducar;
1507 747 1597 800 sed
1629 745 1682 798 in
1719 744 1842 797 aliis
1877 744 2008 798 locis

437 859 501 897 ac
535 843 789 912 gregibus
836 856 1090 895 verser...
1133 839 1322 907 Aquila
1376 852 1507 891 vero
1554 852 1672 904 pro,
1725 837 2007 899 auxilium,

439 934 586 1004 legit,
609 933 897 987 Character
923 933 1137 984 illorum
1161 939 1295 983 teret
1327 929 1591 998 infernum
1611 930 1674 980 de
1705 928 2008 981 habitacula

435 1040 640 1078 eorum.
671 1022 964 1078 Character
991 1023 1225 1085 illorum,
1275 1035 1434 1089 quem
1477 1021 1528 1073 in
1574 1020 1882 1088 semetipsis
1913 1035 2010 1074 ex-

437 1123 775 1182 presserunt,
803 1113 930 1167 illud
974 1113 1117 1180 quod
1151 1112 1216 1164 ad
1248 1109 1659 1165 similitudinem
1712 1121 1831 1163 erat
1875 1111 2008 1164 abo-

439 1203 634 1267 lentes,
663 1212 717 1256 et
741 1203 1022 1256 brutorum
1050 1202 1374 1270 pravitatem
1431 1202 1727 1265 imitantes,
1756 1212 2004 1256 contere~

440 1303 550 1350 tur.
572 1314 593 1348 ι
622 1295 886 1364 Quidquid
924 1304 1101 1348 autem
1127 1293 1180 1347 in
1220 1293 1306 1347 his
1331 1294 1747 1362 deprehenditur
1776 1295 2006 1348 varieta-

439 1389 532 1452 tis,
561 1389 818 1442 tributum
874 1387 1004 1456 ipsis
1049 1387 1362 1440 auctoribus
1418 1386 1606 1450 nolim,
1670 1386 1902 1440 Eusebio
1955 1397 2010 1444 et

437 1477 990 1549 pseudo-Theodoro;
1033 1493 1154 1532 cum
1203 1495 1307 1532 non
1351 1478 1576 1533 minima
1634 1494 1760 1547 pars
1791 1489 1847 1532 ut
1898 1481 2004 1540 hic,

438 1573 514 1626 ita
546 1571 696 1637 alibi,
725 1571 905 1640 potius
927 1569 1166 1623 librariis
1196 1571 1514 1624 ascribenda
1559 1571 1651 1624 sit.
1687 1569 1874 1639 itaque
1919 1571 2008 1624 ubi

440 1662 666 1732 legimus
704 1663 756 1715 in
786 1662 1035 1724 Eusebio,
1067 1661 1298 1724 ἀσεϐῶν,
1332 1664 1448 1715 ἐκεῖ
1481 1662 1725 1734 ῥύσεται,
1751 1675 1883 1727 etc.,
1903 1679 2007 1718 non

2122 470 2468 541 Ἀκούσωμεν
2493 470 2612 524 οταν
2649 471 2678 523 ὁ
2714 469 2964 540 βασιλεὺς
3013 469 3299 540 μετάνοιαν
3347 469 3676 533 ἐπεδείξατο.

2109 565 2220 634 Ούχ
2255 563 2439 626 ἁπλῶς
2483 563 2709 633 ἔκαμεν,
2755 562 2867 616 ἀλλ’
2919 562 3210 615 ἐκοπίασεν
3252 561 3550 627 στενάζωνο
3583 562 3680 631 οὐχ

2109 656 2296 719 ἁπλῶς
2329 655 2645 727 ἐδάκρυσεν,
2679 655 2814 708 ἀλλὰ
2839 655 2939 725 τὴν
2956 655 3143 725 κλίνην
3177 654 3414 717 ἔλουσεν,
3442 656 3536 708 καὶ
3558 654 3679 707 καθ’

2109 748 2344 818 ἑκάστην
2374 747 2561 800 νύκτα.
2595 748 2705 801 Καὶ
2746 747 2806 800 ού
2854 749 2914 800 τὸ
2968 749 3237 819 παρελθὸν
3282 751 3492 811 σκοπεῖ,
3545 749 3682 802 ἀλλὰ

2108 841 2203 892 καὶ
2226 839 2618 907 ἐπαγγέλλεται
2647 842 2759 905 τοῖς
2781 843 2901 910 (sic)
2927 841 3062 912 πρὸς
3077 843 3137 894 τὸ
3171 841 3363 911 μέλλον
3388 824 3475 894 διὰ
3501 843 3681 913 πάσης

2108 927 2208 998 τῆς
2238 926 2382 997 ζωῆς
2405 945 2417 956 ’
2473 928 2565 980 καὶ
2599 928 2656 980 ὃν
2678 929 2728 981 oi
2749 929 2932 982 πολλοὶ
2963 928 3240 983 ποιοῦνται
3265 929 3524 994 αἰνέσεως
3558 930 3680 1000 (sic)

2108 1021 2317 1092 καιρὸν,
2347 1020 2535 1074 τοῦτον
2573 1023 2779 1085 ἐκεῖνος
2821 1020 3278 1093 ὲξομολογήσεως.
3321 1041 3340 1073 ι
3385 1021 3684 1077 Audiamus

2110 1115 2250 1182 regis
2280 1112 2422 1166 illius
2453 1113 2848 1180 paenitentiam,
2880 1112 2971 1180 qui
3017 1127 3122 1166 non
3171 1113 3344 1165 solum
3395 1111 3680 1176 laboravit,

2109 1208 2201 1260 sed
2229 1208 2391 1259 etiam
2430 1207 2832 1276 ingemiscenda
2861 1219 3055 1275 magno
3097 1202 3322 1259 all'ectus
3353 1215 3437 1258 est
3461 1205 3680 1265 dolore;

2113 1315 2221 1353 non
2262 1299 2433 1354 solum
2463 1299 2878 1370 collacrymatus
2905 1305 3009 1363 est,
3043 1297 3135 1352 sed
3165 1297 3294 1352 lavit
3326 1313 3421 1367 per
3444 1296 3683 1367 singulas

2110 1401 2300 1446 noctes
2330 1392 2528 1446 lectum
2565 1406 2744 1445 suum.
2782 1389 2968 1460 Neque
3015 1399 3194 1444 tamen
3242 1390 3295 1443 id
3331 1389 3419 1444 ille
3460 1390 3684 1458 respicit

2108 1485 2250 1553 quod
2273 1483 2380 1550 jam
2411 1484 2694 1554 praeteriit,
2732 1483 2825 1539 sed
2869 1482 3065 1537 similia
3114 1483 3386 1537 facturum
3433 1498 3493 1536 se
3525 1482 3682 1551 polli-

2110 1586 2264 1630 cetur
2291 1590 2385 1644 per
2420 1583 2588 1628 totum
2620 1575 2745 1628 vitae
2778 1583 2989 1642 tempus
3013 1573 3085 1605 “'
3119 1589 3132 1625 :
3163 1583 3217 1627 et
3242 1574 3386 1642 quod
3428 1573 3517 1629 alii
3547 1583 3683 1629 tem-

2110 1683 2210 1735 pus
2239 1667 2484 1721 laudibus
2506 1667 2803 1732 insumunt,
2829 1666 2881 1720 id
2909 1665 3000 1721 ille
3024 1665 3354 1732 confessioni
3386 1667 3622 1736 deputat.
3656 1683 3677 1718 ν

436 1753 596 1808 valde
620 1753 906 1805 admodum
938 1753 1144 1816 dubito,
1192 1754 1322 1821 quin
1367 1754 1439 1807 ibi
1490 1755 1692 1823 aliquid
1721 1754 2004 1808 omiserint
2038 1753 2079 1806 Β
2109 1758 2306 1812 Eadem
2342 1758 2561 1812 omnino
2592 1759 2844 1827 leguntur
2889 1758 2943 1811 in
2989 1756 3550 1827 pseudo-Theodoro;
3605 1760 3682 1814 uti

439 1844 663 1899 librarii.
699 1843 834 1898 Puto
879 1845 1054 1914 igitur
1105 1847 1282 1914 potius
1332 1845 1614 1914 legendum
1666 1862 1788 1901 esse
1830 1847 1904 1899 uti
1954 1847 2006 1900 in

441 1935 958 2006 pseudo-Theodoro
997 1952 1010 1988 :
1048 1937 1242 2007 Κάμοῦ
1285 1937 1342 1990 δὲ
1379 1938 1472 1991 τοῦ
1499 1937 1692 2006 ταῦτα,
1729 1950 1833 1992 etc.
1871 1936 2006 1993 Nam

440 2025 543 2082 hoc
569 2035 725 2096 pacto
760 2027 1057 2082 orationem
1094 2028 1250 2097 plane
1278 2029 1552 2086 cohaerere
1578 2039 1792 2085 constat
1827 2048 1841 2084 :
1875 2046 2008 2084 con-

439 2129 545 2184 tra,
581 2119 782 2189 aliquid
809 2121 1118 2176 necessario
1147 2121 1198 2175 in
1231 2121 1464 2177 Eusebio
1513 2123 1868 2193 supplendum
1903 2132 2007 2188 est,

439 2223 561 2261 ctuu
591 2209 794 2263 incerte
820 2210 1019 2264 dictum
1051 2212 1122 2265 sit
1160 2211 1380 2279 ῥύσεται
1413 2213 1512 2282 τὴν
1542 2213 1742 2288 ψυχήν,
1777 2229 1875 2269 nec
1909 2215 2007 2268 ad-

441 2303 612 2355 ditum
667 2303 758 2367 sit,
793 2303 944 2370 cujus
973 2304 1207 2358 animam
1253 2307 1583 2360 liberaturus
1623 2311 1695 2360 sit
1732 2307 1891 2361 Deus.
1937 2308 2004 2361 Et

442 2393 640 2462 alioqui
671 2393 756 2447 illa
788 2395 980 2462 psalmi
1007 2410 1073 2448 ex
1101 2396 1286 2449 eodem
1320 2396 1458 2459 loco,
1481 2394 1847 2450 Verumtamen
1873 2397 2009 2451 Deus

443 2486 656 2539 redimet
688 2487 922 2539 animant
952 2503 1120 2540 meam
1153 2488 1220 2552 ",
1251 2497 1384 2552 etc.,
1411 2487 1493 2542 vel
1517 2487 1628 2542 sola
1657 2497 1842 2556 aperte
1874 2488 2012 2540 indi-

441 2586 568 2630 cant
598 2577 883 2633 Eusebium
916 2593 1019 2632 non
1068 2579 1242 2640 aliter,
1295 2589 1459 2648 atque
1503 2579 1557 2634 in
1602 2577 2012 2650 pseudo-Theo-

441 2669 576 2722 doro
607 2668 809 2750 editum
837 2678 939 2735 est,
975 2669 1116 2738 loqui
1151 2669 1425 2724 debuisse.
1464 2669 1687 2724 Dixerat
1715 2671 1860 2724 enim
1909 2671 2013 2725 Da-

442 2761 551 2824 vid,
578 2761 714 2821 fore.
747 2770 803 2814 ut
825 2776 919 2815 sua
959 2761 1122 2829 ipsius
1143 2760 1344 2823 anima,
1377 2777 1481 2814 non
1516 2760 1737 2815 alterius
1767 2762 2000 2815 redime-

446 2855 610 2898 retur.
647 2844 712 2899 Et
757 2847 882 2914 quia
915 2846 1094 2900 Basilii
1125 2863 1284 2902 causa
1311 2849 1515 2902 critica:
1547 2849 1627 2902 lue
1658 2859 1795 2903 nota:
1826 2864 2014 2904 susce-

443 2944 549 3002 pta:
604 2945 748 3001 sunt,
808 2936 924 3004 ejus
982 2938 1039 2989 in
1091 2936 1337 2992 Psalmos
1394 2940 1698 2992 orationum
1763 2939 2008 2993 ordinem

443 3029 636 3094 secuti,
685 3029 945 3082 nonnulla
977 3044 1190 3097 quoque
1236 3045 1266 3084 e
1313 3029 1518 3098 psalmo
1566 3031 2010 3100 quinquagesimo

445 3133 590 3172 nono
626 3121 677 3173 in
709 3123 942 3174 medium
978 3120 1284 3174 aderamus.
1325 3121 1447 3176 llaec
1480 3123 1640 3189 igitur
1671 3125 1872 3191 scripta
1889 3137 2013 3178 sunt
2039 3110 2084 3169 (ἶ

443 3209 512 3263 ab
548 3209 781 3265 Eusebio
817 3212 868 3265 in
906 3211 993 3264 illa
1039 3211 1197 3279 hujus
1228 3213 1425 3282 psalmi
1457 3231 1471 3267 :
1512 3213 1642 3278 Quis
1681 3215 1902 3270 abducet
1934 3233 2014 3270 me

442 3301 498 3352 in
527 3301 788 3354 civitatem
831 3303 1092 3354 munitam
1115 3303 1204 3366 δ”,
1245 3313 1349 3358 etc.
1389 3319 1404 3355 :
1442 3305 1770 3376 Ἐπιστήσας
1811 3309 1875 3378 τῇ
1905 3307 2013 3361 τῶν

442 3390 849 3461 προλεχθὼτων
889 3392 1098 3464 διανοίᾳ
1155 3396 1183 3446 ὁ
1233 3395 1528 3467 Προφήτης
1577 3397 2016 3469 ὑπερεκπλήττε-

443 3501 600 3539 ται...
631 3484 722 3537 Διὸ
757 3485 1051 3556 μακαρίζει
1093 3487 1192 3556 μὲν
1241 3487 1485 3554 τούτους,
1540 3487 1620 3552 οἷς
1653 3492 2014 3564 ἐπιδημήσειν

442 3577 672 3647 ἦμελλεν
703 3578 731 3630 ὁ
763 3578 921 3641 Θεός·
955 3579 1121 3649 εὐχὴν
1141 3579 1197 3632 δὲ
1224 3579 1430 3634 τίθεται
1459 3581 1856 3654 καταξιωθῆναί
1884 3601 2013 3637 ποτε

441 3667 537 3721 καὶ
585 3668 745 3722 αὐτὸν
787 3669 885 3740 τῆς
935 3669 1140 3723 τούτων
1173 3670 1321 3736 θέας,
1377 3684 1483 3728 etc.
1513 3693 1531 3726 ι
1571 3674 2012 3744 Supradictornm

442 3759 722 3813 sententia:
756 3757 1015 3814 insistens
1063 3759 1355 3830 Propheta,
1387 3777 1550 3833 supra
1589 3765 1806 3818 modum
1843 3767 2013 3820 mira-

443 3859 599 3904 tur...
618 3849 797 3916 Quare
823 3852 1009 3906 beatos
1033 3844 1152 3906 illos
1188 3854 1464 3921 praedicat,
1490 3853 1558 3907 ad
1584 3871 1720 3924 quos
1757 3871 2012 3911 accessu-

443 3957 536 3998 rus
563 3953 682 3998 erat
707 3933 867 4009 Deus,
894 3946 1307 4014 orationemque
1338 3947 1558 4013 emittit,
1605 3957 1664 4000 ut
1724 3949 1840 4018 ipse
1879 3967 2015 4021 quo-

441 4049 550 4102 que
590 4035 707 4088 haec
754 4035 941 4089 videre
996 4036 1191 4106 dignus
1230 4036 1517 4101 habeatur,
1547 4057 1565 4088 ι
1604 4049 1709 4094 etc.
1772 4041 2011 4096 Pseudo-

443 4125 762 4182 Theodorus
811 4142 918 4180 non
968 4141 1146 4181 secus.
1184 4125 1314 4194 Ejus
1347 4129 1459 4182 hcec
1487 4140 1610 4183 sunt
1647 4133 1804 4184 verba
1839 4148 1851 4185 :
1880 4130 2013 4189 Εἶτα

442 4211 742 4287 ἐπιστήσας
775 4219 840 4288 τῇ
871 4217 980 4271 τῶν
1019 4205 1322 4288 λεχθέντων
1379 4216 1587 4290 διανοίᾳ
1633 4221 1662 4272 ὁ
1719 4222 2014 4295 Προφήτης

441 4307 868 4378 ἐκπλήττεται...
913 4310 1023 4363 Kal.
1054 4309 1343 4381 μακαρίζει
1389 4311 1629 4375 τούτους,
1667 4307 1746 4375 οἷς
1787 4315 2015 4388 ἐνδημῆ-

443 4415 558 4452 σειν
590 4399 812 4470 ἔμελλεν
843 4403 872 4454 ὁ
915 4401 1079 4464 Θεός·
1123 4402 1216 4454 καὶ
1264 4402 1430 4472 εὐχὴν
1468 4403 1698 4468 τίθεται,
1741 4407 2010 4471 καταξιω-

2110 1864 2175 1903 ex
2202 1847 2345 1902 illius
2376 1848 2574 1911 verbis,
2607 1863 2730 1917 qua:
2753 1847 3024 1916 subjicere
3054 1863 3156 1902 non
3183 1847 3548 1916 gravabimur,
3585 1863 3685 1916 pa-

2112 1941 2263 1994 tebit.
2297 1939 2388 1994 Sic
2420 1953 2549 2010 ergo
2598 1939 2841 2007 loquitur
2892 1957 2906 1993 :
2953 1938 3303 2008 Ἀκούσωμεν
3328 1938 3446 1991 οἵαν
3479 1939 3508 1990 ὁ
3539 1937 3688 2006 βασι-

2108 2028 2556 2100 λέὺς⁹μετάνοιαν
2585 2027 2922 2092 ἐπεδείξατο.
2954 2029 3066 2099 Οὐχ
3094 2027 3282 2092 ἁπλῶς
3309 2027 3536 2098 ἔκαμεν,
3568 2025 3683 2082 ἀλλ’

2109 2117 2370 2172 ἐκοπίασε
2402 2117 2672 2182 στενάζων
2691 2135 2704 2148 ο
2727 2118 2823 2187 οὐχ
2852 2117 3039 2182 ἁπλῶς
3064 2118 3383 2190 ἐδάκρυσεν,
3414 2117 3551 2172 ἀλλὰ
3587 2117 3688 2190 τὴν

2109 2213 2296 2283 κλίνην
2327 2211 2534 2276 ἔλουσε,
2578 2211 2672 2264 καὶ
2708 2210 2829 2264 καθ’
2871 2209 3110 2281 ἑκάστην
3161 2208 3350 2262 νύκτα.
3384 2209 3496 2262 Καὶ
3527 2210 3587 2262 ού
3625 2209 3687 2261 τδ

2111 2303 2378 2375 παρελθὸν
2406 2305 2619 2365 σκοπεῖ,
2653 2302 2787 2356 ἀλλὰ
2831 2304 2927 2356 καὶ
2971 2300 3366 2370 ἐπαγγέλλεται
3396 2299 3553 2354 τοῦτο
3591 2301 3684 2354 καὶ

2110 2395 2249 2467 πρὸς
2279 2396 2340 2448 τὸ
2366 2395 2555 2466 μέλλον
2587 2394 2673 2448 διὰ
2697 2393 2877 2463 πάσης
2910 2394 3008 2465 τῆς
3046 2393 3214 2462 ζωῆς.
3246 2393 3356 2445 Καὶ
3386 2391 3446 2445 ὃν
3478 2393 3526 2466 qi
3557 2391 3686 2444 πολ-

2112 2486 2193 2540 λοὶ
2218 2488 2455 2550 ἀνέσεως
2481 2486 2757 2540 ποιοῦνται
2797 2486 3012 2556 καιρὸν,
3045 2485 3236 2537 τοῦτον
3258 2485 3463 2547 ἐκεῖνος
3493 2483 3684 2554 ὲξομου

2113 2581 2411 2653 λογήσεως.
2443 2599 2461 2630 ι
2491 2581 2792 2635 Audiamus
2825 2579 3037 2648 qualem
3059 2594 3154 2632 rex
3187 2577 3274 2631 hic
3304 2577 3680 2645 paenitentiam

2058 2730 2066 2738 ,
2113 2671 2586 2728 demonstraverit.
2626 2668 2778 2724 llaud
2809 2670 3036 2737 simplici
3080 2668 3239 2721 modo
3269 2668 3556 2730 laboravit,
3589 2669 3683 2721 sed

2112 2763 2377 2819 laboravit
2407 2778 2666 2832 gemens;
2706 2763 2846 2816 haud
2874 2761 3078 2828 vulgari
3125 2751 3332 2814 ratione
3360 2761 3684 2829 lacrymatus

2114 2855 2238 2918 fuit,
2274 2854 2367 2907 sed
2393 2853 2590 2907 lectum
2621 2867 2773 2905 suum
2802 2852 2952 2915 lavit,
2987 2849 3148 2919 idque
3177 2865 3275 2919 per
3300 2849 3545 2920 singulas
3584 2864 3683 2903 llu-

2115 2957 2248 3001 ctes.
2287 2931 2471 3014 Neque
2511 2944 2840 3013 praeteritum
2890 2942 3156 2997 duntaxat
3203 2951 3412 3009 tempus
3450 2949 3683 3008 spectat,

2117 3053 2304 3094 verum
2332 3037 2494 3091 etiam
2529 3035 2581 3088 in
2621 3036 2858 3088 futurum
2891 3049 2950 3089 se
2994 3049 3105 3104 per,
3130 3041 3296 3087 totam
3331 3033 3496 3086 vitam
3530 3031 3580 3084 id
3606 3031 3689 3085 fa-

2115 3139 2326 3184 cturum
2350 3129 2598 3196 spondet.
2631 3127 2807 3194 Atque
2846 3135 3056 3194 tempus
3081 3124 3226 3193 quod
3273 3123 3362 3176 alii
3414 3123 3688 3176 destinant

2115 3219 2306 3288 quieti,
2351 3220 2453 3272 hoc
2504 3219 2617 3286 ipse
2668 3218 2930 3285 impendit
2963 3216 3316 3293 confessioni.
3361 3233 3381 3267 ι
3428 3214 3597 3269 Recte
3630 3226 3688 3267 et

2115 3313 2399 3366 emendate
2453 3311 2506 3364 in
2559 3308 3085 3378 pseudo-Theodoro
3153 3308 3354 3361 editum
3419 3314 3503 3360 est
3557 3303 3684 3358 ἀνέ-

2117 3423 2273 3469 σεως,
2310 3403 2402 3460 ubi
2436 3403 2490 3456 in
2537 3402 2834 3456 Athanasio
2873 3402 3052 3469 inepte
3095 3410 3149 3455 et
3179 3399 3433 3452 mendose
3462 3413 3492 3450 a
3525 3396 3689 3450 libra-

2115 3498 2211 3553 riis
2243 3499 2500 3566 scriptum
2525 3505 2609 3550 est
2635 3493 2914 3556 αἰνέσεως.
2942 3494 3074 3547 Nam
3108 3493 3224 3563 ipsa
3265 3490 3523 3558 temporis
3550 3488 3688 3542 ratio

2114 3605 2300 3644 vocem
2342 3589 2576 3652 ἀνέσεως
2613 3588 2922 3642 necessario
2962 3586 3165 3654 exigit;
3195 3599 3317 3638 cum
3364 3592 3683 3636 nocturnum

2114 3685 2326 3743 tempus
2353 3677 2418 3729 de
2445 3690 2552 3744 quo
2587 3675 2672 3728 hic
2704 3675 2903 3744 agitur,
2938 3673 3096 3742 vulgo
3135 3689 3242 3726 non
3285 3673 3560 3736 laudibus,
3591 3671 3685 3724 sed

2114 3784 2304 3822 somno
2331 3783 2395 3822 ac
2419 3764 2586 3837 quieti
2627 3766 2861 3832 impendi
2912 3765 3103 3820 soleat.
3163 3764 3407 3818 Vidimus
3455 3762 3684 3831 pseudo-

2120 3855 2487 3923 Theodorum,
2513 3873 2632 3911 cum
2671 3858 3118 3925 interpretaretur
3151 3854 3301 3918 illud,
3329 3851 3588 3906 Laboravi
3629 3853 3686 3904 in

2113 3951 2308 4018 gemitu
2336 3965 2472 4012 meo,
2491 3949 2773 4003 Athanasii
2793 3946 3293 4014 interpretationem
3318 3943 3637 4012 compilasse
3665 3961 3681 3994 :

2115 4041 2397 4094 videamus
2417 4056 2559 4095 nunc
2586 4041 2835 4094 eumdem
2856 4039 2958 4093 hoc
2989 4039 3126 4092 idem
3153 4051 3343 4091 rursus
3371 4035 3684 4101 praestitisse

2115 4131 2167 4184 in
2200 4129 2680 4198 explanandisillis
2700 4128 2938 4198 ejusdem
2967 4127 3161 4198 psalmi
3194 4128 3392 4192 verbis,
3419 4125 3683 4180 Discedite

2114 4235 2146 4271 a
2178 4236 2276 4280 me,
2309 4236 2483 4273 omnes
2520 4220 2588 4283 ⁸⁷,
2626 4231 2732 4274 etc.
2763 4219 3041 4272 Athanasii
3090 4218 3253 4285 igitur
3277 4226 3405 4271 sunt
3445 4217 3531 4271 illa
3563 4216 3682 4270 τοι»

2117 4312 2289 4384 μικρὰ
2310 4313 2366 4366 δὲ
2391 4313 2484 4366 καὶ
2507 4311 2646 4383 αὕτη
2677 4312 2814 4382 πρὸς
2843 4312 3041 4385 ἀρετὴν
3080 4311 3219 4376 ὁδὸς,
3248 4311 3310 4364 τὸ
3341 4309 3562 4381 φεύγειν
3589 4309 3687 4364 καὶ

2114 4405 2494 4476 διακρούεσθαι
2514 4404 2612 4467 τὰς
2639 4404 2747 4457 τῶν
2768 4403 3020 4476 πονηρῶν
3048 4403 3357 4467 συνουσίας.
3385 4397 3551 4466 Οὗτος
3577 4403 3686 4475 γὰρ

442 4485 601 4565 θῆνᾶι
665 4494 760 4548 καὶ
813 4493 976 4548 αὑτὸν
1025 4493 1124 4563 τῆς
1175 4493 1285 4546 τῶν
1339 4492 1641 4563 εἰρημένων
1697 4494 1844 4560 θέας,
1902 4508 2009 4552 etc.
2041 4491 2086 4546 D
2114 4495 2213 4566 τῆς
2249 4495 2840 4577 μετανοίαςὸκαρπὸς,
2873 4495 2968 4546 καὶ
2990 4493 3098 4548 τῶν
3114 4493 3364 4563 δακρύων
3385 4495 3446 4547 τὸ
3475 4493 3686 4564 κέρδος.

449 4604 470 4636 e
504 4587 708 4642 Deinde
757 4587 1012 4642 insistens
1061 4587 1242 4640 sensui
1278 4601 1464 4640 eorum
1505 4601 1626 4655 qua:
1675 4588 1818 4642 dicta
1865 4599 2014 4654 sunt,

442 4671 778 4749 obstupescit
803 4677 1146 4746 Propheta...
1175 4677 1252 4744 [Et
1283 4677 1468 4730 beatos
1501 4675 1758 4744 praedicat
1793 4679 1932 4744 illos,
1958 4682 2012 4735 in

450 4774 640 4842 quibus
654 4771 794 4827 Deus
817 4783 1252 4826 commoraturus
1275 4780 1386 4836 est;
1425 4779 1480 4824 et
1508 4771 1810 4824 orationem
1838 4775 2010 4842 ponit,

449 4881 547 4934 qua
575 4874 720 4936 rogat
763 4867 958 4936 dignus
985 4863 1171 4919 haberi
1211 4863 1416 4918 visione
1471 4873 1656 4916 eorum
1707 4879 1826 4932 quae
1867 4867 2012 4920 dicta

447 4966 587 5024 sunt,
620 4977 640 5010 ι
673 4968 778 5016 etc.
839 4957 952 5014 Nec
1007 4973 1067 5013 se
1120 4956 1204 5012 sui
1257 4948 1573 5011 dissimilem
1629 4958 1878 5025 praestitit
1925 4960 2014 5014 hic

444 5049 1010 5121 pseudo-Theodorus.
1065 5038 1223 5115 Nam,
1278 5038 1367 5117 qui
1411 5046 1526 5115 ejus
1573 5063 1689 5102 mos
1721 5060 1826 5113 est,
1887 5050 2012 5105 hinc

443 5142 570 5198 inde
618 5142 686 5196 ab
733 5142 963 5197 Eusebio
1004 5157 1168 5196 voces
1215 5141 1481 5211 quasdam
1545 5149 1841 5194 mutuatur.
1903 5142 2008 5197 Sed

443 5233 731 5287 Eusebium
755 5233 1114 5298 dimittamus,
1141 5243 1201 5288 ut
1233 5234 1414 5304 aliqua
1439 5232 1602 5285 etiam
1625 5244 1690 5284 ex
1731 5231 1852 5285 aliis
1875 5233 2010 5287 scri-

444 5325 686 5389 ptoribus
711 5325 872 5379 liceat
909 5326 1203 5380 ascribere.
1246 5324 1410 5380 Plura
1436 5323 1528 5392 qui
1558 5323 1805 5390 cupiunt,
1839 5323 2008 5378 libros

444 5412 588 5481 ipsos
619 5413 838 5477 adeant,
865 5416 1089 5468 suadeo.
1533 5474 1551 5488 η

509 5503 602 5561 45.
659 5507 922 5562 Succedat
968 5506 1080 5575 jam
1130 5508 1484 5574 Athanasius,
1513 5509 1667 5577 cujus
1698 5509 1812 5564 haec
1844 5505 2010 5561 verba

509 5686 556 5720 ⁸³
585 5685 726 5742 Psal.
766 5703 948 5754 sum,
976 5690 1060 5744 l6.
1139 5691 1206 5722 ⁶¹¹⁶
1248 5690 1385 5746 Ρετηι.
1425 5707 1532 5756 va,
1575 5692 1659 5747 lt.

1737 5694 1781 5725 “
1830 5693 2051 5761 Psal.vr,
2084 5693 2139 5746 ’1.
2209 5694 2284 5727 ⁴⁶⁹
2319 5693 2448 5749 ibid.

2119 4587 2188 4638 Ἦ
2219 4586 2450 4652 ἐλλιπῶς
2475 4587 2653 4646 τοῦτο,
2679 4586 2797 4640 ἀντὶ
2829 4585 2943 4648 τοῦ,
2973 4584 3061 4648 δὸς
3087 4587 3260 4638 εἰπεῖν
3288 4589 3400 4650 τοῖς
3424 4585 3687 4657 ἐπεμϐαί-

2114 4695 2296 4732 νουσιν
2330 4679 2576 4750 ἑχθροίςο
2610 4679 2882 4750 ἀπόστητε
2896 4678 2978 4730 ὅτι
3009 4676 3484 4747 εἰσηκούσθην,ὃτι
3513 4695 3685 4750 προσσ-

2110 4771 2352 4842 εδέχθην,
2388 4774 2417 4825 ὁ
2435 4771 2525 4824 διὰ
2552 4770 2652 4840 τῆς
2677 4770 2953 4841 ἁμαρτίας
2978 4768 3275 4833 ἀπωσθείς.
3297 4791 3314 4821 ι
3337 4768 3447 4824 Nec
3465 4773 3686 4825 minima

2115 4867 2206 4922 illa
2236 4875 2320 4922 est
2355 4869 2421 4921 ad
2451 4867 2704 4920 virtutem
2730 4867 2839 4930 via,
2869 4867 3053 4937 lugere
3070 4876 3127 4922 et
3155 4868 3388 4934 abjicere
3416 4867 3688 4936 improbo-

2115 4975 2235 5012 rum
2263 4960 2613 5013 consortinm.
2640 4957 2738 5012 Hic
2764 4959 2907 5012 enim
2939 4969 3023 5014 est
3047 4959 3379 5029 poenitentiae
3405 4957 3614 5014 fructus
3630 4968 3689 5014 et

2114 5050 2478 5120 lacrymarum
2511 5049 2745 5104 lucrum.
2780 5049 2887 5103 Aut
2911 5050 3141 5104 fortasse
3179 5049 3309 5104 illud
3342 5063 3436 5119 per
3455 5049 3686 5118 ellipsim

2115 5142 2318 5194 dictum
2349 5150 2453 5206 est,
2483 5148 2543 5194 ut
2577 5140 2912 5209 intelligatur
2938 5157 2951 5193 :
2983 5141 3233 5196 Concede
3257 5140 3412 5196 nobis
3450 5149 3510 5194 ut
3535 5140 3685 5193 dicao

2116 5245 2238 5285 mus
2267 5230 2335 5285 iis
2354 5231 2447 5300 qui
2482 5231 2534 5284 in
2587 5246 2686 5285 nos
2724 5231 2936 5285 irruunt
2983 5231 3307 5286 adversariis
3347 5247 3362 5284 :
3398 5230 3689 5284 Abscedite

2113 5323 2366 5392 quoniam
2397 5323 2674 5378 exaudivit
2702 5337 2806 5387 me,
2839 5322 3091 5390 quoniam
3118 5323 3232 5391 ipse
3251 5330 3686 5386 susceptnssum.

2117 5417 2210 5482 qui
2243 5416 2452 5483 peccati
2481 5430 2644 5470 causa
2675 5414 2930 5482 expulsus
2955 5413 3182 5468 fueram.
3213 5432 3231 5466 ι
3262 5412 3686 5468 Pseudo-Theo-

2113 5506 2228 5561 dori
2269 5512 2448 5562 autem
2479 5507 2629 5562 haec:
2672 5505 2745 5559 Οὐ
2783 5506 2954 5578 μικρὰ
2988 5507 3082 5562 καὶ
3121 5504 3259 5578 α’ύτη
3299 5491 3434 5576 προς
3487 5501 3692 5576 ἀρετὴν

2529 5690 2720 5746 "ibid.
2747 5689 2799 5744 9.
