4094 6220
1500 253 1556 306 D.
1603 253 1747 309 IUL.
1790 254 2115 309 GARNERII
2152 254 2543 313 ΡΒΛΕΡΑΤΙΟ.

3504 282 3625 328 06!!

387 376 523 438 ὁδὸς.
554 373 615 428 τὸ
631 374 849 442 φεύγειν
872 372 977 426 ’καὶ
1016 372 1518 443 διακρούεσθαιτῶν
1544 375 1796 445 πονηρῶν
1826 392 1954 428 συν-

2059 392 2180 445 μιον
2228 377 2376 431 deest
2416 378 2470 431 in
2504 380 2912 446 commentario,
2960 378 3052 434 sed
3089 378 3159 435 ita
3190 380 3384 451 legisse
3420 381 3625 439 Corde-

387 466 592 520 ουσίαν.
625 459 791 527 Οὗτος
818 464 926 533 γὰρ
961 463 1061 533 τῆς
1097 462 1381 533 μετανοίας
1406 466 1434 517 ὁ
1473 464 1705 536 καρπὸς,
1731 466 1952 519 καὶτῶν

388 554 637 627 δακρύων
671 554 732 607 τὸ
752 554 963 624 κέρδος.
994 556 1064 606 Ἦ
1093 552 1324 617 ἐλλιπῶς
1356 554 1533 620 τοῦτο,
1567 555 1687 607 ἀντὶ
1716 554 1832 620 τοῦ,
1864 556 1954 620 δὸς

398 648 570 700 εἰπεῖν
601 648 712 707 τοῖς
746 644 1112 696 ὲπιδαίνουσιν
1162 642 1404 713 ἐχθροῖς·
1467 645 1807 711 Ἀπόστητε,
1851 644 1950 715 ἤδη

397 754 421 790 ε
434 737 622 807 ίσηκού
632 735 782 806 σθην,
802 737 881 789 ὃτι
902 735 1283 808 προσεδέχθην,
1303 736 1331 787 ὁ
1349 734 1547 807 διὰςτὴν
1563 737 1833 808 ἁμαρτίαν
1851 738 1954 790 ἀπ-

396 829 615 893 ωσθείς.
652 846 671 879 ι
709 828 858 881 llaud
904 844 1065 896 parva
1095 842 1308 896 quoque
1340 830 1404 882 ad
1454 828 1709 882 virtutem
1737 829 1820 881 via
1848 837 1952 892 est,

391 918 578 988 fugere
615 934 680 973 ac
704 919 961 986 repellere
988 920 1315 972 consortium
1364 920 1650 973 malorum.
1686 920 1783 974 llic
1808 921 1951 974 enim

393 1010 598 1065 fructus
623 1018 704 1063 est
730 1012 1077 1077 poenitentia),
1106 1025 1169 1065 ac
1193 1011 1401 1063 lucrum
1441 1012 1824 1081 lacrymarum.
1855 1011 1955 1065 Vel

395 1098 552 1151 etiam
584 1107 667 1151 est
712 1100 826 1152 haec
869 1098 1117 1167 loquendi
1171 1098 1401 1152 formula
1437 1114 1534 1167 per
1580 1101 1953 1163 omissionem,

396 1188 549 1255 quasi
578 1188 781 1241 diceret
817 1206 830 1241 :
861 1188 935 1240 Da
967 1199 1025 1239 nt
1058 1187 1230 1240 dicam
1278 1188 1659 1243 insultantibus
1707 1190 1837 1243 mihi
1860 1189 1957 1242 ini-

394 1280 551 1333 micis
590 1279 743 1341 meis,
774 1279 1033 1331 Discedite
1056 1292 1075 1330 :
1094 1279 1201 1346 jam
1229 1280 1511 1333 exauditus
1535 1296 1671 1343 sum,
1700 1281 1953 1349 quoniam

396 1369 661 1422 admissus
682 1385 818 1431 sum,
844 1370 933 1438 qui
960 1370 1029 1423 ob
1064 1379 1343 1437 peccatum
1389 1370 1595 1423 fueram
1634 1370 1895 1438 repulsus.
1932 1386 1950 1418 ι

401 1459 736 1514 Insutueram
763 1459 914 1527 plura
942 1474 1008 1513 ex
1038 1460 1317 1513 Athanasii
1359 1461 1415 1513 in
1450 1459 1698 1514 Psalmos
1731 1458 1957 1528 Exposi-

400 1553 930 1623 tionibus'colligere,
976 1552 1125 1607 verbi
1170 1553 1365 1621 gratia.
1395 1568 1461 1607 ex
1507 1552 1715 1620 psalmo
1748 1551 1957 1605 decimo

402 1646 589 1714 quinto
614 1646 666 1698 in
714 1645 826 1709 illa,
875 1643 1218 1721 Providebam
1260 1643 1545 1697 Dominum
1595 1644 1650 1697 in
1682 1654 1955 1711 conspectu

401 1753 513 1793 meo
550 1754 751 1806 semper
780 1737 874 1803 "',
904 1720 1076 1805 exque
1126 1735 1343 1789 Psalmo
1393 1734 1651 1789 vicesimo
1679 1734 1853 1803 primo
1903 1734 1957 1787 in
1988 1720 2031 1775 Β

398 1829 503 1895 illa,
544 1829 683 1883 Deus
715 1827 855 1882 Deus
886 1842 1050 1891 meus,
1083 1827 1279 1894 respice
1308 1826 1361 1879 in
1409 1841 1555 1879 me...
1608 1823 1784 1893 Longe
1808 1842 1839 1884 α
1868 1841 1957 1879 sa-

396 1922 502 1974 lute
528 1937 641 1974 mea
674 1920 829 1974 verba
853 1919 1157 1972 delictorum
1189 1933 1420 1970 meorum
1457 1916 1525 1981 ⁸⁸,
1564 1926 1618 1970 et
1644 1930 1707 1969 ex
1744 1916 1861 1970 aliis
1888 1917 1960 1969 si-

396 2013 592 2067 militer
617 2010 834 2080 psalmis
860 2026 966 2064 non
1006 2008 1231 2079 paucis;
1266 2008 1360 2063 sed
1401 2016 1480 2061 est
1524 2022 1707 2074 causa,
1748 2024 1846 2062 cur
1878 2008 1961 2062 in-

396 2112 570 2169 cteplo
591 2101 950 2161 desistendum
979 2110 1180 2168 putem.

465 2191 551 2249 46.
602 2193 837 2248 Accedat
886 2206 1016 2259 ergo
1044 2191 1482 2262 Chrysostomus.
1528 2189 1635 2245 Sed
1669 2200 1957 2259 antequam

396 2286 635 2354 exetupla
687 2284 883 2353 quibus
949 2294 1134 2339 nostra
1189 2285 1370 2352 opinio
1403 2284 1711 2338 confirmari
1756 2284 1949 2352 possit,

397 2378 769 2448 subjiciamus,
827 2390 1048 2431 monere
1097 2376 1314 2445 expedit
1371 2390 1533 2443 grave
1599 2375 1850 2429 mendum
1902 2375 1955 2428 in

398 2469 783 2526 commentario
808 2468 1008 2530 inesse,
1041 2468 1129 2521 ubi
1168 2465 1374 2520 librarii
1418 2466 1758 2534 impudenter
1798 2463 1960 2533 Ἐδὲμ

399 2578 496 2633 pro
535 2562 707 2633 Ἀδὰμ
734 2560 1084 2629 scripserunt.
1126 2556 1298 2627 Legas
1327 2557 1486 2611 velim
1511 2554 1955 2611 commentarium

402 2653 457 2707 in
489 2653 596 2716 illa,
626 2652 778 2713 Deus,
808 2652 941 2705 Deus
967 2667 1128 2714 meus,
1165 2650 1358 2718 respice
1378 2649 1433 2702 in
1461 2665 1562 2702 me.
1589 2648 1957 2718 Cbrysostomi

403 2755 580 2799 autem
621 2753 746 2797 sunt
789 2744 901 2796 haec
950 2742 1003 2795 in
1044 2742 1214 2811 prima
1255 2740 1445 2808 psalmi
1492 2740 1708 2808 septimi
1746 2741 1907 2793 verba
1942 2757 1955 2793 :

398 2836 511 2889 Οὐκ
538 2830 656 2886 εἷπε
683 2848 697 2862 ο
738 2831 945 2895 Κόλαςε
972 2832 1064 2884 τὸν
1110 2830 1389 2899 πολέμιον,
1425 2827 1580 2882 ἄνελε
1626 2828 1715 2881 τὸν
1745 2827 1955 2900 ἐχθρόν.

410 2924 569 2979 Ἀλλά
594 2925 648 2979 τί
668 2942 682 2989 ;
724 2924 794 2977 Τὸ
818 2922 1009 2977 ἑαυτοῦ
1034 2921 1185 2994 ζητεί
1213 2923 1391 2991 μόνον,
1423 2922 1516 2974 καὶ
1543 2921 1690 2989 λέγει
1711 2936 1725 2950 ⁸
1750 2919 1959 2974 Σῶσόν

2056 466 2218 531 rium,
2253 481 2319 520 ex
2351 467 2793 534 interpretatione
2832 479 2997 538 patet.
3028 468 3174 525 Idem
3201 470 3628 542 Cbrysostomns

2054 555 2141 609 illa
2190 555 2307 623 ejus
2364 557 2556 626 psalmi
2594 560 2776 624 verba,
2842 560 3096 615 Dominus
3147 563 3406 631 judicabit
3462 582 3629 636 popu-

2054 647 2132 701 los
2171 648 2236 713 °’,
2296 648 2681 717 interpretatur
2738 652 2838 705 hoc
2898 655 3055 705 modo
3123 669 3138 707 :
3197 654 3445 708 Διδάσκει
3501 658 3627 719 τοὺς

2053 738 2237 803 ἁπλῶς
2288 739 2381 792 καὶ
2413 740 2487 802 ὡς
2534 739 2689 810 ἔτυχε
2725 741 3041 810 νομίζοντας
3085 745 3297 799 ἃπαντα
3342 746 3625 817 φέρεσθαι,

2053 831 2133 883 ὅτι
2168 831 2390 902 πρόνοιά
2415 848 2498 893 τις
2529 830 2795 902 ἐφέστηκε
2817 835 2931 895 τοῖς
2957 836 3294 905 πράγμασιν,
3320 836 3627 891 ἀπαιτοῦσα

2054 923 2151 985 τὰς
2184 923 2411 987 εὐθύνας
2437 922 2546 976 τῶν
2578 923 2895 993 γινομένων.
2938 942 2955 974 ι
2979 926 3142 980 Docet
3172 942 3283 991 eos,
3317 928 3406 995 qui
3446 930 3626 983 omnia

2055 1030 2181 1068 casu
2213 1024 2268 1068 et
2300 1024 2497 1067 temere
2519 1014 2632 1066 ﬁeri
2659 1021 2867 1081 putant,
2892 1014 3051 1068 rebus
3077 1017 3362 1083 quamdam
3398 1031 3628 1085 prmesse

2054 1105 2467 1175 providentiam,
2502 1119 2623 1173 quae
2657 1120 2841 1158 eorum
2887 1118 3005 1173 qua:
3048 1106 3179 1159 ﬁunt
3216 1106 3478 1162 rationem
3510 1108 3627 1162 exi-

2056 1198 2151 1265 git.
2178 1216 2196 1247 ι
2236 1195 2389 1250 Haud
2433 1196 2767 1251 dissimiliter
2798 1195 3369 1266 pseudo-Theodorus,
3421 1200 3511 1269 qui
3547 1200 3626 1254 sic

2056 1288 2271 1357 scripsit
2303 1306 2317 1341 :
2350 1287 2599 1341 Διδάσκει
2647 1289 2773 1351 τοὺς
2827 1287 3144 1358 νομίζοντας
3182 1290 3368 1352 ἁπλῶς
3418 1291 3511 1345 καὶ
3551 1291 3627 1354 ὡς

2056 1375 2244 1445 ἔτυχεν
2272 1375 2483 1429 ἅπαντα
2517 1376 2799 1447 φέρεσθαι,
2833 1378 2915 1430 ὅτι
2950 1378 3171 1449 πρόνοιά
3197 1396 3279 1442 τις
3307 1380 3625 1453 ἐφέστηκεν,

2057 1469 2359 1524 ἀπαιτοῦσα
2386 1469 2614 1533 εὐθύνας
2644 1469 2752 1523 τῶν
2778 1471 3101 1541 γινομένων.
3142 1490 3161 1523 ‹
3192 1473 3358 1527 Docet
3389 1488 3503 1538 eos,
3535 1475 3627 1543 qui

2056 1570 2251 1630 putant
2287 1562 2469 1614 omnia
2498 1570 2701 1615 temere
2728 1569 2781 1616 et
2806 1562 3027 1616 fortuito
3052 1563 3191 1628 ﬁeri,
3224 1564 3507 1620 imminere
3540 1580 3627 1620 re-

2058 1653 2156 1706 bus
2181 1652 2431 1707 humanis
2456 1653 2841 1721 providentiam
2870 1656 3179 1722 quamdam,
3210 1672 3328 1723 qua:
3359 1655 3623 1712 factorum

2060 1754 2249 1810 pmnas
2281 1750 2599 1810 exposcat.)
2652 1740 3230 1797 Pseudo-Theodorum
3282 1745 3366 1799 vel
3406 1746 3458 1798 in
3511 1746 3627 1815 ipso

2061 1830 2258 1898 psalmi
2306 1831 2458 1883 initio
2486 1831 2851 1903 Chrysostomi
2884 1832 3043 1887 verba
3090 1832 3411 1901 compilasse
3444 1843 3629 1888 osten-

2059 1921 2235 1976 dimus
2263 1940 2276 1976 :
2306 1938 2446 1977 nunc
2483 1925 2729 1978 eumdem
2776 1937 2807 1977 e
2841 1923 2947 1978 [ine
2979 1938 3192 1993 quoque
3235 1924 3489 1979 nonnulla
3524 1926 3628 1980 sibi

2060 2013 2371 2082 sumpsisse,
2401 2029 2521 2083 quae
2551 2024 2848 2083 sequuntur
2892 2015 3218 2083 probabunt.
3251 2015 3628 2087 Chrysostomi

2059 2104 2223 2171 igitur
2269 2106 2429 2159 verba
2491 2116 2616 2158 sunt
2650 2106 2699 2159 in
2754 2105 2869 2168 illa,
2919 2102 3220 2173 (ἴσηρίεὸοΡ
3265 2106 3489 2159 Domino
3522 2106 3629 2160 “':

2060 2195 2573 2266 Εὑχαριστήσωμεν,
2592 2197 2774 2266 φησιν,
2799 2197 2861 2250 οὐ
2889 2199 3010 2260 ταῖς
3038 2197 3238 2267 ἐτέρων
3264 2196 3468 2267 χαίρων
3493 2214 3630 2265 σφα-

2059 2287 2203 2352 γαῑς,
2234 2284 2367 2338 ἀλλὰ
2408 2286 2500 2339 τοῦ
2548 2286 2682 2339 Θεοῦ
2711 2288 2809 2358 τὴν
2837 2286 3015 2356 ψῆφον
3052 2286 3541 2357 ἀποδεχόμενος....
3566 2283 3631 2339 Τί

2059 2375 2192 2439 ἐστι,
2219 2376 2377 2430 Κατὰ
2402 2376 2514 2446 τὴν
2535 2377 2929 2445 δικαιοσύνην
2958 2376 3142 2431 αὐτοῦ
3158 2392 3178 2440 ;
3224 2377 3367 2429 Ἀντὶ
3394 2376 3510 2442 τοῦ,
3539 2377 3631 2429 ἐπὶ

2059 2471 2123 2539 τῇ
2166 2468 2476 2540 δικαιοσύνῃ
2519 2468 2701 2522 αὑτοῦ.
2740 2468 2990 2524 «Gratias
3017 2484 3255 2536 agamus,
3296 2468 3488 2537 inquit,
3524 2483 3631 2523 non

2058 2560 2280 2612 aliorum
2315 2561 2551 2628 gaudens
2595 2560 2861 2621 caedibus,
2898 2561 2991 2613 sed
3026 2562 3117 2614 Dei
3163 2561 3482 2614 sententiam
3511 2562 3633 2614 sus;

2058 2651 2402 2719 cipiens......
2448 2650 2587 2717 Quid
2621 2659 2721 2717 est,
2770 2648 3067 2704 Secundum
3111 2651 3379 2719 justitiam
3423 2650 3632 2721 ejus"?

2060 2738 2164 2793 Pro
2195 2755 2258 2811 eo
2287 2740 2426 2809 quod
2456 2751 2558 2806 est,
2605 2740 2832 2811 Propter
2862 2740 3125 2809 justitiam
3155 2742 3289 2809 ejus.
3315 2761 3333 2793 ›
3368 2741 3426 2795 lu
3457 2743 3624 2797 Com-

2061 2836 2319 2887 mentario
2345 2844 2522 2888 autem
2552 2836 2631 2889 sic
2661 2836 2862 2889 editum
2894 2834 3201 2889 invenimus
3229 2853 3242 2889 :
3270 2834 3384 2887 Οὐκ
3407 2832 3629 2907 ἐπιχαί-

2062 2941 2166 2994 ρων
2210 2926 2327 2989 ταῖς
2388 2926 2587 2996 ἐτέρων
2635 2928 2958 2993 σφαγαῖς....
3004 2927 3418 2997 Εὐχαριστήσω,
3472 2927 3629 2998 φησι,

392 3035 490 3087 με,
517 3016 779 3079 τουτέστι,
806 3016 878 3087 μὴ
907 3016 1049 3085 ἀφῇς
1080 3031 1146 3085 με
1173 3013 1356 3076 κακῶς
1382 3011 1594 3071 παθεῖν,
1622 3012 1689 3063 ἐκ
1719 3010 1958 3064 πάντων
1983 3054 2023 3110 C
2057 3014 2450 3084 ἀποδεχόμενος
2493 3016 2589 3085 τὴν
2635 3016 2848 3069 δικαίαν
2897 3016 3058 3069 αὐτοῦ
3110 3017 3308 3086 ψῆφον.
3366 3016 3438 3070 Τὸ
3494 3018 3627 3091 γὰρ,

396 3106 516 3163 τῶν
540 3109 873 3161 διωκόντων
895 3123 989 3176 με,
1033 3106 1128 3158 καὶ
1154 3103 1343 3172 ῥῦσαί
1382 3119 1479 3172 με.
1501 3102 1641 3171 Ὅρα
1682 3100 1802 3163 πῶς
1838 3100 1957 3153 οὐδὲ

400 3201 620 3271 πάσχων
660 3199 862 3263 κακῶς,
904 3199 1163 3269 ὀνομαστὶ
1204 3191 1588 3267 μέμνηταιτοῦ
1612 3193 1957 3265 πατραλοίου,

397 3294 491 3347 καὶ
520 3297 576 3346 ὲν
610 3296 672 3364 τῇ
700 3294 947 3363 συμφορᾷ
960 3292 1059 3363 τὴν
1084 3290 1241 3359 φύσιν
1270 3287 1662 3358 ἐπιγινώσκων,
1691 3286 1783 3339 καὶ
1807 3287 1863 3338 ὲν
1883 3285 1960 3355 τῷ

397 3386 617 3455 πολέμῳ
660 3384 751 3437 τὸν
798 3383 910 3436 υἱὸν
944 3382 1103 3453 ὁρῶν,
1158 3381 1251 3434 καὶ
1283 3382 1340 3433 ὲν
1384 3384 1498 3443 τοῖς
1551 3379 1816 3442 κινδύνοις
1852 3378 1959 3430 τῶν

402 3475 717 3545 σπλάγχνων
742 3475 842 3527 οὐκ
864 3473 1367 3543 ἐπιλανθανόμενος.
1405 3492 1423 3524 ι
1456 3472 1570 3527 Νοιι
1601 3474 1732 3527 dixit
1761 3492 1773 3526 :
1828 3472 1958 3525 Puni

401 3569 631 3633 hostem,
664 3567 784 3621 tolle
812 3566 877 3619 de
932 3566 1105 3619 medio
1150 3565 1426 3618 inimicum
1463 3583 1476 3619 :
1511 3565 1606 3618 sed
1633 3565 1772 3633 quod
1801 3580 1957 3617 suum

400 3669 483 3714 est
510 3670 712 3712 tantum
761 3658 971 3727 quaerit,
1005 3666 1059 3710 et
1106 3657 1281 3710 dicit:
1334 3654 1548 3710 Salvum
1583 3672 1663 3709 me
1703 3655 1809 3721 fac,
1857 3656 1960 3709 hoc

399 3761 479 3805 est
508 3768 572 3805 ne.
604 3752 887 3819 permittas
930 3759 989 3802 ut
1039 3749 1181 3803 male
1218 3748 1412 3818 patiar,
1466 3749 1529 3800 ab
1563 3749 1796 3800 omnibus
1839 3764 1958 3816 per-

399 3840 731 3910 sequentibus
790 3857 873 3893 me
936 3849 985 3893 et
1038 3839 1201 3893 libera
1259 3855 1338 3891 me
1378 3840 1465 3891 ‘8'.
1516 3836 1645 3892 Vide
1693 3838 1958 3906 quomodo

398 3947 466 3987 ne
498 3930 636 3985 male
668 3931 881 4001 quidem
915 3932 1145 3999 patiens,
1182 3930 1496 3983 nominatim
1546 3928 1790 3981 meminit
1834 3942 1959 3996 par—

398 4027 598 4091 ricidae,
651 4035 705 4079 et
753 4035 999 4078 naturam
1048 4024 1099 4077 in
1136 4023 1440 4076 calamitate
1470 4035 1787 4091 agnoscens,
1816 4026 1869 4073 et
1903 4020 1955 4073 in

394 4117 537 4171 bello
585 4117 877 4185 respiciens
920 4114 1105 4177 ﬁlium,
1144 4114 1280 4167 etin
1328 4113 1585 4181 periculis
1617 4128 1721 4164 non
1763 4110 1958 4165 oblivi-

396 4225 557 4266 sceus
586 4211 876 4265 viscerum.
898 4227 916 4260 ι
960 4208 1225 4276 Loquitur
1250 4220 1379 4260 vero
1406 4202 1957 4273 pseudo-Theodorus

392 4302 496 4356 hoc
526 4301 681 4354 modo
713 4320 724 4353 :
754 4300 867 4352 Οὐκ
899 4293 1050 4349 εἴπεο
1094 4294 1358 4358 Κόλασον,
1408 4292 1560 4346 ἄνελε
1605 4291 1694 4343 τὸν
1739 4291 1950 4361 ἐχθρόν.

2060 3107 2207 3161 κατὰ
2249 3107 2364 3173 τὴν
2399 3107 2813 3175 δικαιοσύνην,
2863 3110 2983 3162 ἀντὶ
3030 3108 3146 3174 τοῦ,
3187 3111 3277 3163 ἐπὶ
3317 3109 3631 3183 δικαιοσύνῃ

2066 3216 2161 3250 σου
2190 3198 2365 3267 ψαλῶ.
2400 3216 2417 3250 ί
2442 3200 2556 3252 Νοιι
2583 3202 2723 3269 quod
2747 3200 2972 3253 aliorum
3004 3214 3123 3253 eum
3148 3205 3322 3255 caedes
3344 3203 3630 3256 delectent.

2059 3290 2296 3354 Gratias,
2358 3292 2550 3360 inquit,
2597 3307 2771 3362 agam,
2803 3292 2919 3361 ejus
2946 3293 3143 3362 justam
3185 3295 3502 3347 sententiam
3538 3308 3631 3363 ap-

2058 3382 2348 3448 probando.
2377 3383 2530 3447 Quod
2560 3384 2701 3437 euim
2733 3383 2829 3445 ait,
2852 3382 3150 3437 Secundum
3180 3383 3460 3449 iustitiam,
3486 3385 3631 3439 idem

2058 3481 2139 3527 est
2168 3489 2231 3527 ac
2258 3474 2301 3527 si
2336 3474 2480 3527 dicat
2518 3490 2533 3527 :
2573 3483 2794 3543 propter
2837 3474 3099 3542 justitiam
3151 3483 3294 3527 tuam
3337 3477 3581 3530 cantabo.
3606 3490 3626 3528 ι

2058 3565 2263 3619 Possim
2309 3575 2364 3620 et
2405 3580 2471 3619 ex
2506 3566 2709 3634 psalmo
2738 3574 2930 3619 octavo
2964 3566 3133 3619 multa
3173 3568 3488 3633 corradere;
3535 3569 3630 3622 sed

2060 3658 2109 3711 id
2140 3672 2355 3712 necesse
2380 3673 2481 3711 non
2513 3672 2629 3711 esse
2656 3657 2779 3720 rati,
2805 3658 3211 3712 admonebimus
3239 3657 3408 3711 solum
3438 3659 3629 3711 eadem

2060 3749 2110 3801 in
2162 3759 2388 3817 utroque
2433 3752 2696 3816 scriptore
2748 3750 3037 3803 identidem
3090 3750 3339 3817 reperiri,
3378 3750 3630 3804 videlicet

2059 3840 2111 3893 in
2130 3841 2215 3893 illa
2235 3858 2247 3892 :
2268 3841 2484 3893 Domine
2501 3839 2755 3893 Dominus
2771 3850 2960 3905 noster,
2977 3856 3130 3908 quam
3150 3841 3476 3905 admirabile,
3498 3851 3627 3905 etc.;

2060 3941 2168 3983 tum
2208 3934 2259 3984 in
2295 3932 2416 3984 illa:
2453 3931 2713 3995 Quoniam
2740 3931 2932 3984 derata
2971 3943 3042 3984 est
3072 3930 3463 4000 magniﬁcentia
3494 3942 3625 3997 tua;

2056 4025 2183 4075 item
2215 4023 2265 4076 in
2304 4022 2392 4075 illa
2422 4041 2435 4076 :
2472 4022 2555 4075 Ea:
2589 4040 2677 4076 ore
2718 4024 3000 4091 infantium
3034 4031 3080 4075 et
3116 4022 3419 4076 lactentium
3461 4024 3629 4095 perfe-

2057 4114 2173 4166 cisti
2202 4113 2408 4166 laudem
2435 4125 2645 4182 promer
2668 4116 2909 4167 inimicos
2938 4124 3076 4178 tuos,
3113 4124 3167 4167 ut
3202 4116 3465 4181 destrua‘s,
3492 4127 3623 4182 elc.;

2057 4203 2183 4257 item
2214 4204 2264 4256 in
2296 4202 2381 4255 illa
2413 4220 2426 4257 :
2459 4204 2719 4268 Quoniam
2750 4204 2925 4257 videbo
2960 4204 3111 4257 caelos
3142 4221 3297 4273 opera
3323 4206 3615 4275 digitorum

2058 4297 2369 4348 tuorum"°'.
2403 4295 2514 4349 Hoc
2556 4296 2696 4350 idem
2725 4297 2923 4350 dictum
2955 4297 3074 4350 volo
3112 4299 3177 4350 de
3212 4296 3419 4365 psalmo
3458 4313 3622 4361 nono,

406 4390 565 4445 Ἀλλὰ
597 4391 681 4455 τί;
718 4389 925 4443 Σῶσόν
957 4404 1052 4456 με.
1104 4386 1176 4439 Τὸ
1216 4384 1324 4456 γὰρ
1372 4383 1561 4436 ἑαυτοῦ
1618 4382 1786 4452 ζητεῖ,
1821 4378 1951 4447 οἷον,

2057 4386 2210 4456 cujus
2238 4389 2288 4441 in
2317 4388 2695 4456 explanatione
2730 4390 2916 4442 eadem
2949 4389 3238 4457 aliquando
3273 4389 3525 4443 dicuntur
3557 4391 3626 4445 ab

397 4481 472 4553 μὴ
500 4481 633 4549 ἄφες
676 4496 741 4549 με
770 4478 955 4541 κακῶς
995 4476 1204 4530 παθεῖν.
1250 4478 1356 4528 Καὶ
1390 4476 1451 4527 τὸ
1478 4475 1545 4528 ὲκ
1594 4473 1836 4527 πάντων
1874 4474 1952 4538 δὲ,

396 4570 535 4641 μετὰ
563 4570 795 4638 φειδοῦς.
822 4570 895 4623 Ού
912 4568 1020 4640 γὰρ
1041 4569 1296 4637 ὀνομαστὶ
1320 4568 1589 4639 μέμνηται
1618 4566 1712 4620 τοῦ
1744 4584 1955 4638 πατρα-

390 4663 555 4727 λοίου,
582 4662 715 4715 ἀλλὰ
740 4662 844 4714 κᾶν
870 4664 937 4732 τῇ
978 4661 1229 4730 συμφορᾷ
1261 4659 1359 4729 τὴν
1385 4679 1391 4686 ·
1416 4658 1576 4726 φύσιν
1606 4657 1970 4725 ἐπιγινώσκεις

390 4755 487 4808 καὶ
512 4752 617 4806 τῶν
645 4751 923 4822 πατρικῶν
957 4751 1277 4821 σπλάγχνων
1309 4750 1408 4803 οὐκ
1444 4748 1753 4803 ἐπελάθετο.
1792 4768 1810 4799 ι
1834 4748 1951 4803 Νοη

391 4846 563 4900 dixit:
594 4841 727 4898 Puni
777 4844 1008 4909 hostem,
1044 4844 1289 4899 interﬁce
1321 4842 1618 4896 inimicum.
1654 4841 1759 4896 Sed
1789 4841 1954 4910 quid?

390 4936 604 4992 Saluum
631 4952 710 4989 me
760 4936 864 5003 fac.
902 4934 1054 5000 Quod
1097 4934 1239 4988 enim
1289 4948 1347 4989 se
1395 4932 1778 4997 concernebat,
1824 4932 1952 4986 illud

387 5026 601 5097 quierit,
625 5027 778 5097 quasi
802 5026 949 5080 dicat
967 5038 981 5077 :
998 5023 1073 5078 Ne
1098 5024 1244 5078 sinas
1267 5038 1354 5077 me
1375 5021 1555 5093 amigi.
1589 5023 1717 5077 lllud
1745 5032 1949 5087 autem,

388 5118 477 5173 Ea:
503 5119 759 5181 omnibus,
787 5132 912 5173 cum
943 5116 1312 5171 moderatione
1350 5116 1659 5183 adjunctum
1694 5125 1797 5170 est.
1836 5116 1950 5169 Νοο

388 5210 630 5265 minatim
659 5211 801 5264 enim
836 5208 1116 5280 parricida:
1148 5210 1472 5262 mentionem
1499 5223 1605 5262 non
1639 5207 1788 5271 facit,
1819 5209 1948 5277 quin

386 5303 551 5356 etiam
583 5302 639 5356 in
679 5301 987 5356 calamitate
1019 5308 1266 5355 naturam
1298 5300 1567 5371 agnoscit,
1606 5309 1659 5354 et
1693 5310 1948 5369 paterno-

386 5406 509 5447 rum
535 5394 799 5448 viscerum
817 5409 939 5450 .non
967 5393 1319 5450 obliviscitur.
1347 5412 1363 5443 δ
1406 5393 1518 5447 Vox
1549 5393 1763 5463 quidem
1792 5391 1947 5446 πολέ-

456 5573 523 5606 ⁸¹¹⁴
547 5573 686 5628 Psal.
716 5590 804 5637 xv,
830 5578 881 5631 8.
958 5578 1003 5608 "
1025 5577 1285 5639 Psal.ut,
1317 5577 1371 5631 ‘2.
1449 5575 1514 5607 ⁸⁸⁸
1544 5575 1685 5631 Psal.
1726 5589 1823 5640 vn,
1857 5575 1912 5629 ‘2.
1990 5575 2035 5607 “
2068 5574 2197 5631 ibid.
2240 5575 2293 5632 9.
2372 5578 2439 5609 ⁸³⁸
2471 5574 2600 5633 ibid.
2648 5576 2733 5632 18.
2810 5577 2858 5609 "°
2889 5575 3015 5632 ibid.

385 5644 595 5700 "Psal.
649 5661 722 5711 Ix,
771 5646 823 5713 1,
868 5646 921 5712 8,
970 5650 1051 5702 10.
1127 5648 1350 5721 “ﬂibid.
1387 5647 1470 5700 16.

2058 4487 2287 4547 utroque
2332 4478 2652 4548 interprete,
2689 4480 2742 4531 in
2778 4478 2863 4531 illa
2906 4478 3111 4533 scilicet
3140 4497 3153 4532 :
3182 4479 3481 4547 Conﬁtebor
3508 4478 3623 4547 tibi,

2062 4567 2310 4635 Domine;
2343 4579 2397 4623 et
2426 4569 2479 4622 in
2508 4569 2623 4622 illa:
2648 4567 2861 4623 Paravit
2884 4570 3151 4637 injudicio
3175 4571 3419 4622 thronum
3444 4586 3624 4633 suum;

2059 4659 2111 4714 in
2152 4660 2239 4713 illa
2273 4675 2485 4730 quoque
2511 4677 2526 4713 :
2553 4659 2752 4714 Factus
2784 4672 2858 4716 est
2894 4661 3147 4714 Dominus
3192 4660 3454 4729 refugium
3499 4678 3627 4728 pau-

2059 4751 2205 4816 peri;
2238 4751 2451 4819 adjutor
2488 4753 2545 4804 in
2573 4753 3065 4820 opportunitatibus,
3105 4753 3157 4805 in
3203 4751 3621 4807 tribulatione".

2058 4840 2232 4909 Atque
2260 4851 2317 4894 ut
2359 4844 2425 4895 de
2455 4828 2577 4897 aliis
2623 4843 2755 4897 locis
2784 4842 3095 4909 conjectura
3128 4843 3244 4897 fieri
3284 4844 3473 4913 possit,
3503 4859 3627 4899 ver-

2058 4928 2247 4984 borum
2280 4930 2512 4994 illorum,
2542 4930 2734 5000 Inﬁmap
2763 4943 2883 4985 sunt
2911 4933 3188 5003 gentes’",
3221 4934 3624 5003 interpretatio-

2058 5037 2179 5077 nem
2230 5023 2326 5089 ita,
2374 5034 2432 5078 ut
2467 5026 2520 5078 in
2568 5034 2795 5094 utroque
2858 5040 3020 5095 Opere
3090 5025 3303 5094 legitur,
3353 5027 3626 5079 ascribere

2050 5115 2259 5170 libitum
2292 5126 2395 5170 est.
2439 5116 2808 5187 Chrysostomi
2837 5117 2999 5186 igitur
3037 5118 3150 5171 hanc
3187 5126 3313 5170 sunt
3341 5134 3354 5169 :
3386 5116 3623 5184 Διαφθο·

2054 5207 2152 5279 ραν
2193 5208 2289 5278 τὴν
2329 5207 2527 5260 κακίαν
2578 5208 2747 5278 λέγει.
2784 5209 2948 5263 Οὐδὲν
2978 5209 3086 5280 γὰρ
3116 5208 3257 5262 οὕτω
3300 5207 3623 5277 διαφθείρει.

2049 5298 2127 5362 ὡς
2157 5300 2340 5353 κακία.
2363 5300 2527 5353 Οὐδὲν
2554 5300 2661 5373 γὰρ
2686 5300 3070 5373 ἀσθενέστερον
3096 5301 3191 5355 τοῦ
3220 5299 3622 5371 πονηροῦ.Τοῖς

2050 5390 2268 5455 οἰκείοις
2296 5391 2478 5455 ὅπλοις
2524 5393 2894 5449 ἁλίσκεται....
2940 5395 3050 5447 Καὶ
3102 5395 3203 5465 ὅρα
3254 5393 3370 5456 πῶς
3419 5390 3621 5463 κυρίως

3099 5576 3170 5611 ⁷⁰⁸
3200 5571 3341 5630 Psal.
3374 5570 3618 5640 vm,2—4.
