4094 6220
469 294 609 339 CCXII

1823 256 2334 316 PROLEGOMENA
2345 297 2357 310 .

472 395 733 467 κέχρηται
774 394 892 455 ταῖς
937 388 1161 454 λέξεσιν.
1222 384 1535 454 Ἑνεπάγνη,
1574 384 1729 455 φησὶ,
1770 381 2034 442 τουτέστι,
2066 386 2109 442 Α
2140 377 2354 448 νητικὸν
2400 373 2743 467 παραστῆσαι
2784 371 3121 444 βουλόμενος.
3148 371 3219 467 :l‘l
3271 320 3479 439 ἐστινῖιὶ
3507 374 3708 442 μερίς;

472 485 613 543 κατὰ
656 484 854 556 κράτος
888 479 1212 550 κατεσχέθη,
1248 477 1515 546 ἆφευκτος
1559 474 1705 546 αὐτῷ
1746 475 1966 543 γέγονεν
2005 474 2038 544 ἡ

471 576 747 647 ἐπιϐουλή.
778 576 888 628 Καὶ
924 572 1085 626 πάλιν
1108 588 1123 600 ·
1172 571 1274 622 Ἐν·
1319 568 1522 636 παγίδι
1567 568 1774 634 ταύτῃ,
1800 561 1840 636 ᾖ
1866 564 2041 632 ἐκρυ-

470 670 620 735 ψαν,
655 663 1007 733 συνελήφθη
1054 665 1086 715 ὁ
1114 660 1268 726 ποῦς
1296 658 1513 713 αὐτῶν.
1541 658 1769 728 Δεσμοῖς
1799 654 2037 718 ἀλύτοις,

474 758 656 828 φησὶν,
706 758 754 809 οἱ
807 756 1030 827 πονηροὶ
1085 752 1513 826 περιπείρονται.
1558 770 1577 801 ι
1610 750 1886 804 lutcritum
1931 749 2043 801 sive

473 846 869 915 corruptionem
915 845 1045 898 dicit
1077 843 1286 896 vitium.
1348 839 1494 920 Nihil
1540 840 1684 894 enim
1723 854 1876 907 aeque
1919 851 2041 890 cor-

477 937 677 1005 rumpit
727 947 785 990 ut
820 934 1031 989 vitium.
1065 932 1315 1003 lmprobo
1344 932 1490 986 enim
1527 931 1743 985 homine
1789 928 1921 982 nihil
1960 936 2044 983 est

475 1026 816 1083 imbecillius.
852 1025 1094 1094 Pr0priis
1138 1025 1305 1079 armis
1353 1022 1653 1091 capitur...
1697 1018 1828 1074 Vide
1864 1029 2042 1072 autem

475 1134 635 1190 quam
680 1119 894 1188 proprie
924 1126 1105 1171 utatur
1149 1115 1497 1171 dictionibus.
1533 1111 1730 1180 Iuliane
1763 1121 1906 1176 sunt,
1940 1111 2044 1166 hoc

474 1223 579 1275 est,
605 1226 700 1281 per
720 1213 825 1265 vim
848 1220 1070 1266 retentae
1091 1216 1237 1272 sunt,
1262 1216 1385 1262 sunt
1407 1207 1454 1259 ei
1484 1205 1820 1260 inevitabiles
1846 1214 2044 1273 paratae

478 1305 700 1358 insidiae.
749 1302 816 1356 Et
862 1316 1090 1356 rursus:
1123 1300 1189 1353 In
1234 1299 1417 1366 laqueo
1448 1299 1545 1351 ista
1574 1312 1726 1359 quem
1762 1295 2046 1348 absconde—

477 1404 620 1460 runl,
644 1395 1038 1462 comprehensus
1062 1402 1139 1447 est
1160 1408 1250 1461 pes
1275 1406 1453 1444 eorum
1478 1391 1545 1443 ⁷².
1567 1387 1825 1450 Vinculis,
1850 1387 2043 1455 inquit,

477 1501 596 1556 quae
644 1485 779 1540 solvi
830 1493 1119 1554 nequeunt,
1180 1482 1552 1551 astringunt'ur
1602 1478 1893 1548 improbi.»
1953 1478 2046 1531 Sic

475 1591 605 1631 vero
660 1575 894 1643 loquitur
944 1573 1491 1643 pseudo-Theodorus
1529 1588 1542 1625 :
1576 1570 1887 1642 Διαφθορὰν
1940 1570 2043 1641 τὴν

476 1668 669 1719 κακίαν
693 1664 857 1733 λέγει.
883 1664 1047 1717 Οὐδὲν
1062 1662 1169 1736 γὰρ
1188 1662 1329 1717 οὕτω
1345 1654 1664 1733 διαφθείρει,
1682 1661 1758 1724 ὡς
1787 1660 2039 1715 κακία....

476 1758 540 1809 Τί
568 1757 676 1827 γὰρ
705 1720 798 1808 τού
827 1720 1494 1827 πονηροῦ1ἀσθενέστερον,
1521 1720 1751 1816 olxsl'omv
1765 1752 1951 1815 ὅπλοις
1978 1755 2042 1824 τῇ
2076 1720 2120 1779 Β

477 1848 643 1919 κακίᾳ
670 1846 1059 1918 ἀλισκομένου;
1095 1847 1203 1899 Καὶ
1235 1846 1338 1917 ὅρα
1376 1845 1493 1908 πῶς
1518 1844 1723 1916 κυρίως
1749 1846 1869 1908 ταῖς
1900 1842 2047 1907 λέξε-

478 1955 559 1993 σιν
592 1939 879 2010 έχρήσατο.
926 1934 1357 2006 Ἐνεπάπνησαν,
1389 1933 1530 1987 κατὰ
1558 1932 1759 2004 κράτος
1789 1932 2047 2002 κατεσχέ-

477 2026 668 2099 θησαν,
723 2027 961 2095 ἄφυκτος
1010 2026 1191 2089 αὐτοῖς
1245 2024 1467 2093 γέγονεν
1518 2026 1551 2094 ὴ
1600 2024 1879 2096 ἐπιϐουλή.
1938 2022 2048 2076 Καὶ

477 2118 656 2172 πάλιν
712 2115 815 2171 Ἐν
853 2114 1076 2184 παγίδι,
1117 2108 1157 2185 ᾖ
1193 2112 1486 2181 ἔκρυψαν,
1529 2110 2042 2180 συνελήφθησαν·

479 2207 776 2269 τουτέστιν,
807 2204 1024 2274 δεσμοῖς
1069 2203 1283 2265 ἀλύτοις
1322 2200 1703 2271 περιπάρησαν
1735 2200 1878 2273 (sic).
1915 2218 1934 2252 ι
1962 2200 2046 2253 ln-

479 2299 696 2353 teritum
723 2295 981 2350 malitiam
1011 2302 1184 2348 vocat.
1218 2290 1363 2346 Nihil
1395 2293 1539 2348 enim
1573 2293 1651 2347 sic
1678 2292 1960 2356 interimit,
1992 2298 2051 2343 ut

480 2388 802 2443 malitia.....
829 2385 970 2453 Quid
1009 2386 1153 2440 enim
1202 2384 1519 2439 imbecillius
1546 2394 1630 2439 est
1658 2384 1924 2452 improbo,
1957 2382 2045 2451 qui

480 2480 711 2551 propriis
757 2477 943 2545 armis,
988 2475 1193 2531 scilicet
1226 2474 1513 2543 iniquitate
1556 2473 1804 2542 capitur?
1835 2473 1901 2526 Et
1929 2471 2050 2526 vide

479 2586 637 2640 quam
666 2569 883 2641 proprie
905 2566 1127 2623 vocibus
1151 2565 1237 2619 his
1262 2580 1391 2619 usus
1422 2564 1514 2632 sit,
1548 2563 1740 2633 Inﬁma
1761 2572 1903 2628 sunt,
1935 2563 2048 2617 vio-

479 2662 652 2718 lenter
681 2661 905 2716 detenta:
944 2668 1087 2723 sunt,
1122 2657 1524 2713 inextricabiles
1561 2657 1691 2725 ipsis
1737 2655 1892 2710 factae
1921 2665 2048 2710 sunt

482 2754 708 2809 insidiae.
756 2753 822 2807 Et
859 2766 1083 2806 rursus:
1113 2747 1181 2803 In
1225 2748 1409 2820 laqueo
1458 2765 1608 2818 quem
1653 2749 2047 2812 absconderant,

480 2844 835 2915 comprehensi
865 2850 1006 2907 sunt,
1041 2842 1092 2895 id
1124 2849 1207 2902 est
1236 2841 1462 2895 vinculis
1498 2838 1874 2893 insolubilibus
1908 2835 2050 2892 alIixi

481 2948 625 2991 sunt.
649 2954 667 2987 ι
703 2934 903 3003 Reperi
933 2932 1129 2988 similia
1162 2932 1215 2985 in
1259 2931 1393 2986 alios
1421 2928 1579 2998 hujus
1610 2929 1803 3000 psalmi
1827 2943 2046 2994 versus;

482 3028 577 3082 sed
614 3025 918 3094 ne‘longior
942 3024 1068 3090 sim,
1087 3037 1151 3077 ea
1181 3021 1491 3078 exscribere
1522 3034 1628 3074 non
1657 3034 1899 3088 pergam.
1924 3018 2050 3074 Haec

483 3118 598 3174 loca
622 3118 823 3182 videre,
844 3124 898 3169 et
923 3117 1062 3170 inter
1087 3128 1206 3169 sese
1231 3127 1545 3182 comparare
1572 3113 1660 3181 qui
1691 3111 1853 3176 volet,
1882 3110 2047 3166 libros

485 3209 630 3278 ipsos
657 3207 832 3277 legere
859 3207 1077 3276 poterit.
1109 3206 1355 3275 Scriptor
1384 3207 1455 3258 ita
1484 3205 1875 3275 interpretatur
1905 3204 2049 3272 psal-

485 3314 631 3352 mum
665 3296 953 3362 decimum,
982 3305 1040 3348 ut
1081 3295 1249 3348 multa
1295 3308 1361 3348 ex
1403 3293 1776 3365 Chrysostomi
1807 3294 2055 3349 oratione

484 3389 537 3443 in
563 3388 1009 3442 commentarium
1046 3384 1304 3439 translata
1342 3399 1462 3440 esse
1496 3393 1729 3439 constet.
1779 3384 1834 3438 ld
1874 3392 2055 3437 autem

472 3488 631 3550 patet
657 3477 742 3533 vel
775 3493 841 3532 ex
878 3476 1067 3546 primis
1095 3474 1283 3545 psalmi
1331 3474 1538 3541 verbis,
1584 3490 1705 3543 quae
1753 3475 1855 3529 hoc
1899 3473 2057 3526 modo

485 3569 901 3640 Chrysostomus
932 3568 1216 3638 explanat:
1239 3566 1465 3637 Μεγάλη
1493 3566 1593 3637 τῆς
1616 3566 1709 3633 ἐπὶ
1740 3564 1830 3618 τὸν
1853 3562 2057 3635 Κύριον

484 3660 694 3723 ἐλπίδος
743 3661 777 3731 ὴ
818 3658 1065 3730 δύναμις,
1108 3656 1363 3729 φρούριον
1406 3656 1722 3728 ἀχείρωτον,
1775 3653 2058 3724 συμμαχία

484 3749 943 3820 ἀκαταγώνιστος.
998 3767 1017 3799 ι
1047 3748 1249 3820 Magnae
1279 3758 1406 3803 sunt
1443 3748 1585 3801 vires
1632 3744 1744 3816 spei
1786 3747 1836 3799 in
1880 3745 2058 3799 Domi-

486 3856 635 3906 num,
661 3841 967 3909 praesidium
995 3839 1140 3908 quod
1168 3854 1273 3892 non
1302 3846 1480 3907 potest
1501 3836 1771 3905 superari,
1796 3834 2055 3888 auxilium

488 3931 867 4001 insuperabile.
896 3948 913 3981 ι
946 3927 1097 3982 Haud
1125 3928 1281 3984 aliter
1312 3926 1885 3999 pseudo-Theodorus,
1908 3924 2059 3993 cujus

490 4023 604 4077 haec
648 4031 772 4075 sunt
802 4039 816 4073 :
846 4019 1073 4090 Μεγάλη
1114 4020 1211 4090 τῆς
1259 4019 1352 4071 ἐπὶ
1397 4017 1486 4071 τὸν
1529 4016 1733 4088 Κύριον
1777 4015 1986 4079 ἐλπίδος
2024 4016 2058 4087 ή

486 4112 731 4182 δύναμις,
775 4110 1031 4182 φρούριον
1074 4110 1393 4181 ἀχείρωτον,
1443 4108 1726 4179 συμμαχία
1775 4104 2059 4173 ἀκαταγώ-

488 4221 686 4267 νιστος.
730 4222 749 4254 ι
775 4203 963 4273 Magna
1013 4203 1093 4257 vis
1135 4204 1248 4271 spei
1304 4203 1355 4256 in
1393 4201 2057 4270 Dominumzpraesidium

490 4304 574 4350 est
599 4292 1031 4364 inexpugnabile,
1075 4292 1336 4347 auxilium
1374 4290 1760 4362 insuperabile.
1786 4309 1805 4342 ι
1857 4288 2059 4346 Omitto

2141 467 2310 521 Τοῦτο
2360 465 2541 529 αὐτοῖς
2584 464 2819 534 κλῆρος,
2867 465 3035 534 φησὶ,
3082 462 3243 538 τοῦτο
3286 463 3494 534 κτῆμα,
3537 463 3711 535 τούτῳ

2140 557 2589 631 ἐνδιατρίψωσιν,
2625 554 2689 609 ἐν
2709 555 2916 618 τούτοις
2947 554 3434 626 δαπανηθήσονται.
3463 550 3596 608 Εἶτα.
3619 556 3713 608 καὶ

2141 652 2174 721 ἡ
2223 649 2398 704 αίτία·
2431 649 2514 701 ὅτι
2560 647 2589 699 ὁ
2634 645 2810 699 πάντα
2845 645 3078 718 ἐφορῶν,
3122 646 3223 699 οὐκ
3259 644 3503 708 ἀνέξεται
3539 644 3713 698 ταῦτα

2142 741 2451 813 ἁτιμωρητὶ
2489 739 2888 811 παραδραμεῖν.
2948 738 3278 807 «Postquam
3324 739 3461 791 dixit
3511 739 3714 806 suppli—

2143 836 2283 888 cium
2312 833 2452 902 quod
2478 846 2544 885 ex
2573 831 2700 884 vitio
2720 830 2913 897 oritur,
2939 829 3191 898 quoniam
3217 827 3369 881 multi
3396 827 3447 882 id
3469 838 3711 881 contem-

2145 933 2298 991 nunt,
2342 934 2576 979 mentem
2628 924 2882 992 deinceps
2935 921 3301 993 improborum
3354 920 3618 985 concutit,
3657 928 3714 974 et

2146 1016 2253 1071 ictu
2282 1014 2373 1085 qui
2408 1027 2642 1083 superne
2678 1010 2927 1073 infertur,
2954 1011 3260 1079 emphatica
3304 1018 3359 1064 et
3390 1024 3499 1063 rem
3530 1009 3713 1077 expri-

2146 1115 2326 1159 mente
2352 1103 2596 1161 oratione
2629 1112 2806 1164 utens,
2837 1114 2891 1156 et
2917 1116 3012 1171 per
3043 1100 3259 1156 nomina
3294 1101 3553 1156 terribilia
3579 1115 3713 1170 pro-

2146 1196 2361 1252 cedens.
2389 1194 2569 1265 ignem
2605 1195 2749 1248 enim
2773 1203 2826 1247 et
2848 1193 3072 1264 sulphur
3097 1200 3152 1248 et
3173 1193 3419 1261 spiritum
3447 1192 3714 1261 procella-

2147 1302 2265 1341 rum
2289 1297 2342 1341 et
2371 1286 2637 1341 carbones
2662 1284 2794 1339 dicit
2816 1284 2895 1340 eis
2921 1297 3155 1353 superne
3179 1283 3496 1352 pluiturum,
3521 1282 3714 1337 dictio-

2148 1394 2274 1432 num
2336 1378 2686 1432 translatione
2737 1390 2956 1446 ptenam
3014 1373 3421 1438 inevitabilem,
3467 1376 3712 1444 supplicii

2147 1468 2535 1538 profusionem,
2578 1465 2801 1521 feriendi
2831 1464 3142 1519 facilitatem
3172 1473 3229 1519 et
3258 1465 3711 1534 consumptrieem

2150 1554 2256 1607 vim
2287 1554 2469 1609 volens
2503 1554 2808 1609 ostendere.
2837 1552 2976 1618 Quid
3003 1561 3106 1616 est,
3139 1570 3261 1621 pars
3285 1554 3464 1608 calicis
3495 1556 3715 1609 eorum?

2150 1644 2293 1713 llazc,
2326 1646 2519 1715 inquit,
2550 1656 2635 1700 est
2669 1660 2789 1701 sors
2820 1660 3006 1700 eorum
3035 1663 3050 1700 :
3076 1647 3189 1700 hzec
3216 1646 3485 1717 possessio
3513 1665 3527 1701 :
3566 1647 3619 1700 in
3649 1662 3715 1701 eo

2150 1736 2526 1800 versabuntur,
2567 1736 2622 1790 in
2671 1751 2736 1790 eo
2778 1720 3182 1793 consumehtur.
3239 1736 3442 1792 Deinde
3491 1751 3712 1792 causam

2150 1840 2362 1915 quoque
2391 1824 2569 1891 affert,
2621 1825 2764 1896 quod
2798 1826 2890 1894 qui
2936 1826 3114 1880 omnia
3161 1827 3405 1908 respicit,
3449 1843 3553 1882 non
3596 1843 3718 1897 per-

2152 1920 2319 1974 mittit
2346 1928 2405 1982 ut
2434 1919 2549 1995 haec
2586 1919 2805 1987 impune
2835 1918 3051 1973 abeant.
3074 1936 3093 1970 ι
3123 1918 3435 1973 Audiendus
3464 1934 3606 1972 nunc
3636 1930 3718 1973 est

2150 2009 2710 2081 pseudo-Theodorus.
2743 2010 2837 2078 qui
2864 2010 2942 2063 sic
2968 2009 3205 2078 loquitur
3234 2027 3248 2063 :
3280 2008 3465 2063 Εἰπὼν
3490 2010 3589 2082 τὴν
3611 2011 3720 2064 ἀπὸ

2148 2100 2248 2171 τῆς
2276 2100 2473 2162 κακίας
2505 2099 2682 2167 δίκην,
2707 2099 2829 2151 ἐπεὶ
2859 2098 3043 2150 πολλοὶ
3070 2097 3273 2169 ταύτης
3296 2098 3717 2170 καταφρονοῦσι,

2149 2191 2424 2246 κατασείει
2455 2190 2552 2260 τὴν
2596 2189 2830 2243 διάνοιαν
2869 2189 2975 2243 τῶν
3004 2188 3277 2260 πονηρῶν,
3304 2190 3623 2261 ἐμφαντικῷ
3645 2190 3721 2260 τῷ

2148 2284 2290 2355 λόγῳ
2321 2280 2621 2354 χρώμενος,
2656 2282 2750 2336 καὶ
2790 2281 2878 2334 διὰ
2905 2282 3149 2353 φοϐερῶν
3186 2283 3463 2353 ὀνομάτων
3494 2283 3720 2355 προῖὼν,

2149 2378 2245 2432 καὶ
2286 2376 2426 2431 ὑλῶν
2468 2378 2665 2450 πολλὴν
2713 2377 2950 2448 ἐχουσῶν
2992 2376 3089 2449 τὴν
3135 2379 3424 2449 τιμωρίαν,
3459 2379 3590 2451 πῦρ,
3630 2382 3720 2435 καὶ

2151 2468 2313 2533 θεῖον,
2358 2469 2451 2523 καὶ
2480 2467 2694 2540 πνεῦμα
2723 2468 3056 2536 καταιγίδος,
3087 2468 3181 2521 καὶ
3212 2467 3487 2539 ἄνθρακας
3519 2470 3721 2524 ἄνωθεν

2150 2561 2323 2631 λέγων
2352 2561 2515 2615 αὐτὸν
2545 2560 2771 2617 ὓσεσθαι
2800 2562 2942 2632 (sic),
2973 2563 3039 2632 τῇ
3076 2562 3357 2632 μεταφορᾷ
3390 2562 3489 2631 τῆς
3530 2562 3722 2629 λέξεως

2151 2653 2211 2707 τὸ
2239 2654 2479 2722 ἄφυκτον
2502 2653 2601 2725 τῆς
2623 2654 2911 2726 τιμωρίας,
2944 2653 3006 2708 τὸ
3029 2653 3246 2721 δαψιλὲς
3279 2655 3368 2707 καὶ
3403 2654 3463 2708 τὸ
3504 2654 3722 2709 εὔκολον

2151 2744 2249 2817 τῆς
2270 2743 2503 2816 πληγῆς,
2529 2746 2589 2798 τὸ
2611 2744 2977 2816 δαπανητικὸν
3001 2746 3351 2817 παραστῆσαι
3378 2746 3721 2818 βουλόμενος.

2154 2837 2332 2906 Μερίς
2356 2838 2413 2891 δὲ
2442 2838 2561 2892 ἀντὶ
2602 2837 2696 2892 τοῦ
2734 2838 2952 2909 κλῆρος,
2984 2840 3077 2892 καὶ
3107 2839 3263 2892 τοῦτο
3289 2841 3469 2903 αὐτοῖς
3503 2841 3724 2911 κλῆρος,

2152 2930 2210 2983 ἐν
2249 2928 2459 2994 τούτοις
2493 2930 2985 3001 δαπανηθήσονται.
3019 2927 3155 2984 Εἶτα
3183 2932 3276 2985 καὶ
3313 2935 3347 3003 ἡ
3375 2931 3523 2985 αἰτία
3544 2950 3557 2962 ·
3597 2933 3724 2985 Ὅτι

2152 3024 2380 3090 δίκαιος
2397 3025 2611 3093 Κύριος
2629 3042 2644 3055 °
2673 3023 2793 3077 ἀντὶ
2817 3024 2908 3077 τοῦ
2933 3041 2946 3055 ο
2986 3025 3043 3078 '0
3074 3029 3183 3096 γὰρ
3200 3026 3375 3079 πάντα
3398 3024 3606 3096 ἐφορῶν
3627 3026 3726 3079 οὐκ

2159 3114 2406 3181 ἀνέξεται
2470 3114 2643 3168 ταῦτα
2703 3115 3013 3186 ἁτιμωρητὶ
3085 3117 3483 3188 παραδραμεῖν.
3543 3134 3562 3167 ι
3592 3116 3725 3170 Cum

2161 3207 2351 3275 ipsam,
2377 3221 2494 3275 quae
2516 3220 2583 3259 ex
2605 3206 2807 3260 malitia
2835 3207 3102 3275 provenit,
3128 3221 3342 3277 pernam
3367 3209 3728 3262 recensuisset

2161 3296 2308 3366 (quia
2360 3295 2514 3349 mtilti
2564 3296 2705 3351 hanc
2753 3296 3148 3365 contemnunt),
3207 3297 3447 3367 percellit
3487 3298 3728 3351 animum

2161 3388 2540 3458 malignorum,
2564 3388 2871 3442 vehementi
2895 3404 3147 3445 sermone
3171 3397 3350 3455 utens,
3380 3397 3436 3443 et
3467 3387 3730 3444 territilia

2162 3480 2375 3534 nomina
2404 3478 2708 3549 proferens,
2736 3496 2800 3535 ac
2829 3483 3087 3537 materias
3116 3498 3237 3553 quae
3267 3497 3521 3553 magnum
3554 3480 3728 3537 inclu-

2162 3570 2295 3625 dunt
2338 3571 2659 3639 cruciatum,
2704 3581 2764 3627 ut
2795 3573 2921 3628 dum
2954 3574 3029 3628 ait
3064 3574 3263 3645 ignem,
3299 3583 3356 3629 et
3399 3574 3644 3643 sulphur,
3675 3582 3731 3627 et

2159 3662 2409 3731 spiritum
2459 3663 2726 3732 procellm,
2762 3664 3138 3734 carbonesque
3170 3664 3366 3733 ignitos
3395 3679 3557 3732 super
3587 3667 3731 3732 ipsos

2162 3750 2480 3823 pluiturum,
2531 3753 2904 3822 metaphorico
2942 3768 3192 3809 sermone
3237 3754 3578 3811 intolerabile
3608 3770 3730 3823 sup-

2160 3842 2404 3912 plicium,
2433 3842 2491 3896 et'
2521 3842 2744 3897 uberem
2794 3842 3119 3913 facilemque
3144 3842 3354 3913 plagam
3392 3860 3456 3899 ac
3484 3845 3732 3900 devasta-

2161 3933 2363 3989 tionem
2406 3946 2711 4003 proponere
2740 3934 2949 3989 volens.
2994 3934 3132 3989 Pars
3169 3944 3346 3990 autem
3390 3936 3475 3990 hic
3514 3936 3732 4006 ponitur

2158 4038 2260 4094 pro
2292 4032 2468 4088 sorte,
2502 4024 2659 4092 quasi
2686 4023 2827 4079 dicat
2852 4041 2865 4077 :
2891 4024 3252 4089 liaecjllorum
3277 4038 3395 4080 sors
3422 4034 3523 4089 est,
3553 4026 3605 4079 in
3646 4025 3732 4080 his

2160 4123 2566 4170 consumentur.
2587 4114 2789 4169 Deinde
2819 4115 2983 4169 etiam
3017 4130 3178 4169 causa
3209 4114 3551 4184 adjungitur:
3581 4114 3727 4180 Quo-

2162 4207 2302 4262 niam
2345 4206 2527 4275 justus
2583 4204 2884 4270 Dominus,
2945 4207 3098 4274 quasi
3155 4205 3530 4272 diceretzQui
3581 4205 3729 4261 enim

2159 4299 2340 4352 omnia
2370 4297 2536 4363 videt,
2570 4311 2676 4351 non
2709 4298 2850 4351 sinet
2875 4297 2987 4351 haec
3018 4298 3234 4365 impune
3266 4296 3615 4365 pertransire.
3656 4316 3676 4348 ι

490 4402 595 4440 non
626 4401 813 4455 pauca,
844 4400 961 4453 quae
992 4384 1057 4438 ad
1096 4384 1318 4439 verbum
1363 4398 1429 4437 ex
1472 4383 1660 4438 eodem
1693 4383 1841 4437 fonte
1870 4382 1922 4435 in
1957 4382 2052 4437 hoc

2231 4390 2321 4442 Π.
2352 4387 2811 4443 Commentarium
2842 4388 3172 4471 dumtlegere
3200 4403 3387 4457 pergo,
3412 4389 3539 4442 mihi
3571 4388 3730 4444 facile

489 4477 827 4548 explananda
856 4475 1062 4546 psalmo
1106 4476 1235 4531 hinc
1279 4475 1405 4529 inde
1436 4472 1623 4528 hausit
1655 4473 2056 4543 pseudo-Theo-

491 4572 689 4636 dorus;
724 4570 816 4625 sed
849 4579 1024 4624 tamen
1055 4584 1118 4625 ea
1153 4583 1273 4638 quae
1303 4569 1370 4622 ab
1397 4577 1625 4637 utroque
1655 4568 1950 4637 interprete
1981 4568 2060 4622 di-

490 4673 687 4718 cuntur
705 4663 759 4718 iu
786 4661 872 4715 illa
892 4680 905 4714 :
929 4661 1079 4715 l’luet
1096 4676 1249 4729 super
1272 4670 1565 4729 peccatores
1594 4659 1803 4731 laqueos
1822 4660 1912 4725 τυ,
1929 4670 2059 4723 etc.,

490 4754 765 4823 praaterire
795 4769 901 4808 non
935 4767 1092 4822 queo.
1130 4751 1500 4821 Chrysostomi
1553 4752 1713 4820 igitur
1746 4752 1857 4806 haec
1889 4760 2014 4805 sunt
2043 4765 2057 4803 :

489 4839 672 4894 Εἰπὼν
699 4841 797 4913 τὴν
822 4840 928 4894 ἀπὸ
948 4841 1047 4911 τῆς
1073 4839 1269 4903 κακίας
1294 4838 1470 4911 δίκην,
1492 4839 1677 4912 ἐπειδὴ
1701 4840 1904 4912 ταύτης
1932 4839 2060 4894 πολ-

489 4930 570 4983 λοὶ
597 4930 1016 5002 καταφρονοῦσι,
1046 4931 1229 4984 λοιπὸν
1256 4931 1532 4984 κατασείει
1556 4932 1653 5003 τὴν
1677 4931 1786 4987 τῶν
1812 4932 2063 5005 πονηρῶν

489 5022 724 5076 διάνοιαν
760 5025 867 5076 ἀπὺ
899 5025 995 5094 τῆς
1023 5024 1226 5079 ἄνωθεν
1256 5024 1560 5094 φερομένης
1590 5024 1821 5094 πληγῆς,
1851 5025 2059 5095 ἐμφαν-

490 5114 652 5177 τικῶς
673 5112 750 5183 τῷ
775 5113 915 5184 λόγῳ
937 5113 1236 5186 χρώμενος,
1264 5116 1358 5168 καὶ
1385 5114 1471 5168 διὰ
1495 5114 1738 5185 φοϐερῶν
1785 5116 2061 5185 ὀνομάτων

492 5203 715 5276 προϊών.
749 5205 867 5275 Πῦρ
895 5206 1001 5272 γὰρ
1035 5207 1127 5260 καὶ
1169 5205 1331 5271 θεῖον,
1356 5206 1450 5259 καὶ
1486 5204 1700 5274 πνεῦμα
1724 5206 2054 5275 καταιγίδος,

493 5295 586 5348 καὶ
620 5294 889 5366 ἄνθρακας
920 5297 1101 5360 αὐτοῖς
1145 5297 1345 5351 ἄνωθεν
1377 5297 1523 5364 λέγει
1552 5296 1766 5349 ὕεσθαι·
1795 5300 1859 5367 τῇ
1899 5314 2060 5367 μετα-

495 5389 635 5457 φορᾷ
663 5387 770 5441 τῶν
794 5387 989 5452 λέξεων
1022 5389 1082 5441 τὸ
1107 5390 1345 5458 ἄφυκτον
1369 5391 1468 5460 τῆς
1496 5389 1783 5461 τιμωρίας,
1813 5389 1874 5441 τὸ
1906 5389 2062 5458 δαψι-

493 5475 582 5539 λὲς
609 5477 706 5547 τῆς
734 5478 1022 5545 κολάσεως,
1055 5482 1116 5533 τὸ
1156 5481 1373 5537 εὔκολον
1405 5483 1503 5553 τῆς
1532 5481 1767 5552 πληγῆς,
1799 5480 1859 5534 τὸ
1886 5480 2060 5535 δαπα-

566 5655 613 5686 "'
644 5653 784 5709 Psal.
817 5655 1009 5719 13,16.
1068 5660 1137 5690 ⁷³⁸
1171 5659 1311 5716 Psal.
1342 5677 1397 5725 κ,
1438 5660 1489 5714 7.

2166 4481 2466 4551 persuadeo
2493 4494 2615 4533 eum
2648 4495 2754 4536 non
2802 4479 3020 4535 aliunde
3058 4480 3225 4549 magis
3252 4495 3411 4549 quam
3440 4496 3471 4534 e
3493 4481 3732 4552 Chryso-

2164 4569 2323 4623 stomi
2337 4569 2670 4624 orationibus
2691 4578 3003 4638 excerptum
3022 4584 3162 4625 esse.
3187 4569 3395 4623 Etenim
3412 4570 3481 4624 ita
3499 4571 3731 4640 pseudo-

2167 4661 2481 4717 Theodorus
2528 4661 2792 4729 psalmum
2835 4662 3180 4717 undecimum
3220 4664 3625 4734 interpretatur,
3673 4673 3731 4718 ut

2166 4769 2289 4808 eum
2335 4753 2459 4808 inde
2506 4753 2797 4808 maximam
2851 4768 2961 4809 sua:
3010 4755 3469 4823 interpretationis
3521 4764 3730 4825 partem

2168 4853 2468 4899 mutuatum
2490 4859 2615 4900 esse
2633 4853 2864 4900 constet.
2884 4846 2951 4900 Et
2972 4862 3041 4901 ne
3063 4847 3204 4901 hunc
3226 4846 3489 4917 psalmum
3511 4847 3734 4903 omnino

2168 4935 2446 5005 praeterire
2486 4936 2790 4997 videamur.
2831 4936 3041 4991 initium
3097 4939 3468 4994 commentarii
3512 4954 3616 4993 non
3652 4939 3735 5007 pi-

2169 5023 2313 5091 gebit
2366 5023 2657 5077 ascribere.
2723 5024 2801 5081 Eo
2859 5026 3017 5096 igitur
3085 5027 3185 5083 loci
3252 5029 3363 5083 haec
3426 5030 3729 5084 habentur:

2168 5108 2333 5177 Οὗτος
2389 5116 2417 5167 ὁ
2478 5116 2742 5188 μακάριος
2806 5119 2963 5189 μόνος
3021 5120 3464 5192 ἀπειλημμένος,
3518 5122 3733 5174 πάντων

2162 5207 2258 5277 τὴν
2284 5210 2528 5262 ἐναντίαν
2559 5208 2897 5280 βαδιζόντων,
2928 5214 3020 5267 ἐπὶ
3047 5214 3145 5286 τὴν
3177 5214 3271 5267 τοῦ
3303 5214 3436 5268 Θεοῦ
3479 5215 3735 5285 πρόνοιαν

2166 5299 2515 5368 καταφεύγει.
2557 5305 2665 5357 Καὶ
2696 5306 2795 5358 οὐκ
2820 5302 2991 5371 εἶπεν,
3025 5308 3106 5359 ὅτι
3150 5307 3371 5375 γέγονεν
3411 5308 3578 5372 ὅσιος,
3618 5306 3733 5360 ἀλλ’

2166 5392 2248 5444 ὅτι
2276 5391 2370 5444 καὶ
2397 5393 2445 5444 οἱ
2471 5392 2620 5457 ὄντες
2640 5395 2933 5463 ἀπώλοντο,
2961 5399 3082 5451 ἐπεὶ
3111 5400 3409 5470 ἐκράτησεν
3434 5400 3468 5470 ἡ
3496 5399 3733 5454 κακία...

2168 5483 2378 5555 Ὥσπερ
2422 5484 2527 5540 τῶν
2560 5487 2861 5558 χρωμάτων
2917 5489 2986 5543 τὰ
3033 5493 3131 5561 μὲν
3177 5490 3350 5562 ἀληθῆ
3395 5493 3522 5556 εἰσι,
3562 5491 3634 5555 τὰ
3677 5491 3735 5545 δὲ
