4094 6220
1536 319 1595 372 D.
1639 319 1784 374 JUL.
1826 320 2156 376 GARNEBII
2197 321 2586 376 ΡΒᾸΞΕΑΤΙΟ.

3493 331 3664 381 cerni“

402 437 569 509 ψευδῆ
595 456 606 468 ·
648 437 788 491 οὕτω
823 438 913 489 καὶ
948 437 1133 489 πολλαί
1166 439 1301 490 εἰσιν
1327 438 1597 510 ἀλήθειαι,
1625 441 1757 493 ἀλλὰ
1782 440 1978 511 κυρίως

2090 443 2279 509 gesitni
2337 445 2478 497 tertii
2527 444 2691 497 verba
2745 439 3185 512 interpretantis:
3235 443 3657 512 Ἀνακτωμένων

403 529 628 597 ἀλήθεια
653 529 716 582 τὸ
743 530 910 592 ὄντως
943 529 1021 583 ὅν.
1070 531 1220 582 Ἐπεὶ
1251 531 1307 582 δέ
1345 531 1631 586 καὶταῦτα
1658 533 1982 604 διέστραπτο

405 624 496 675 καὶ
521 621 870 692 ἡμαύρωντο,
903 622 964 674 οὐ
999 623 1096 692 τὴν
1126 623 1426 676 ἀπόστασιν
1465 625 1825 689 ἀπολέσαντα,
1867 627 1981 680 ἀλλ’

403 709 510 762 ἀπὸ
545 709 652 761 τῶν
679 707 979 780 ἀνθρώπων
1012 709 1431 776 φυγαδευθέντα.
1465 731 1480 761 ι
1523 712 1619 766 llic
1641 724 1863 768 sanctus
1893 729 1981 767 so-

403 803 487 855 ius
510 799 823 862 derelictus,
848 799 1100 853 omnibus
1127 801 1457 854 contrariam
1483 803 1625 856 viam
1653 804 1978 868 ineuntibus,

406 892 470 943 ad
502 889 598 943 Dei
631 888 1026 959 providentiam
1061 888 1321 957 confugit.
1364 891 1431 943 Et
1478 906 1583 946 non
1621 892 1758 945 dixit
1789 909 1802 943 :
1835 891 1982 957 Quo-

405 979 548 1034 niam
570 986 792 1033 sanctus
816 977 936 1045 fuit,
957 979 1051 1033 sed
1080 980 1221 1046 quod
1252 981 1306 1033 hi
1334 983 1497 1034 etiam
1521 981 1612 1048 qui
1635 984 1806 1036 sancti
1832 994 1976 1044 sunt,

401 1071 685 1142 perierint,
719 1083 784 1125 eo
824 1071 963 1138 quod
1005 1070 1350 1140 prmvaluerit
1395 1072 1670 1130 malitia...
1711 1075 1980 1139 Quemad-

406 1162 622 1217 modum
675 1163 882 1219 colores
929 1163 1090 1232 aliqui
1125 1165 1340 1234 quidem
1381 1177 1505 1220 sunt
1539 1167 1675 1229 veri,
1727 1167 1817 1220 alii
1853 1182 1979 1222 vero

406 1255 524 1309 latsi
553 1273 565 1307 :
599 1254 787 1309 eodem
816 1255 975 1310 modo
1007 1255 1188 1310 multa:
1216 1257 1379 1310 etiam
1410 1267 1532 1310 sunt
1573 1258 1848 1325 veritates,
1884 1261 1977 1313 sed

403 1347 617 1414 proprie
643 1346 844 1402 veritas
867 1355 950 1402 est
973 1347 1026 1400 id
1055 1347 1197 1417 quod
1224 1363 1349 1401 vere
1377 1357 1476 1402 est.
1503 1347 1638 1414 Quia
1663 1363 1791 1403 vero
1813 1351 1977 1404 etiam

405 1438 520 1492 haec
568 1450 824 1505 perversa
870 1445 1047 1502 erant,
1099 1447 1150 1491 et
1200 1435 1492 1502 oﬂ‘uscata;
1542 1453 1647 1493 non
1680 1440 1822 1508 quod
1851 1441 1978 1493 sub-

403 1529 655 1583 stantiam
689 1528 1072 1597 perdidissent,
1105 1529 1198 1583 sed
1230 1531 1373 1598 quod
1403 1530 1470 1582 ab
1496 1531 1802 1585 hominibus
1834 1532 1974 1584 rele-

402 1629 526 1688 gata
560 1628 763 1683 essent,
797 1638 815 1670 »
845 1627 949 1673 etc.
996 1618 1092 1673 His
1134 1620 1398 1674 absimilia
1439 1635 1542 1674 non
1579 1633 1704 1676 sunt
1738 1638 1856 1690 qua:
1895 1623 1972 1676 le-

404 1721 600 1780 guntur
629 1713 768 1781 apud
803 1711 1269 1781 Chrysostomum,
1304 1713 1406 1766 hoc
1442 1716 1597 1767 modo
1628 1731 1641 1766 :
1678 1709 1845 1778 Οὗτος
1879 1716 1972 1768 ἆτε

401 1805 466 1877 δὴ
505 1807 664 1876 μόνος
697 1807 865 1877 αὐτῆς
891 1807 1306 1878 ἐπειλημμένος,
1350 1809 1565 1863 πάντων
1603 1809 1701 1881 τὴν
1733 1812 1978 1864 ἐναντίαν
2012 1787 2052 1840 Β

405 1898 747 1969 βαδιζόντων,
770 1900 862 1951 ἐπὶ
887 1899 986 1971 τὴν
1017 1899 1111 1952 τοῦ
1135 1900 1268 1953 Θεοῦ
1293 1901 1547 1972 πρόνοιαν
1575 1903 1974 1971 καταφεύγει...

405 1992 516 2043 Καὶ
535 1992 634 2043 οὐκ
662 1987 800 2058 εἷπε,
835 1988 1046 2045 Σῶσόν
1071 2009 1168 2061 με,
1197 1992 1278 2045 ὅτι
1305 1994 1365 2045 οὐ
1396 1993 1616 2062 γέγονεν
1644 1995 1808 2058 ὅσιος,
1842 1995 1974 2060 ἀλλ’,

404 2081 525 2135 Ὅτι
555 2083 908 2136 ἐκλέλοιπεν
937 2084 1105 2148 ὅσιος
1122 2101 1135 2113 ’
1159 2084 1372 2146 δεικνὺς
1403 2085 1483 2138 ὅτι
1515 2085 1606 2138 καὶ
1627 2087 1674 2137 οἱ
1701 2085 1851 2158 δντες
1877 2089 1980 2140 ἁπ-

403 2173 618 2236 ὡλοντο,
653 2175 838 2245 ἐπειδὴ
868 2177 1166 2246 ἐκράτησεν
1211 2177 1243 2245 ἡ
1289 2174 1526 2231 κακία...
1579 2177 1846 2248 Καθάπερ
1888 2181 1979 2231 ἐπὶ

404 2261 510 2315 τῶν
534 2265 858 2334 χρωμάτων,
906 2265 998 2318 καὶ
1038 2265 1146 2318 τῶν
1175 2266 1348 2320 ἄλλων
1377 2266 1564 2334 ξείδῶν,
1602 2267 1667 2320 τὰ
1705 2268 1801 2338 μέν
1831 2271 1978 2323 ἐστιν

403 2354 598 2425 ἀληθῆ,
632 2355 699 2408 τὰ
725 2356 782 2407 δὲ
806 2356 1038 2427 ψευδῆ...
1078 2357 1219 2410 οὕτω
1258 2357 1315 2410 δὲ
1358 2359 1450 2410 καὶ
1486 2359 1579 2410 ἐπὶ
1607 2358 1713 2412 τῶν
1746 2360 1975 2431 ἀρετῶν.

416 2445 667 2516 Ἀλήθεια
688 2447 795 2516 γὰρ
825 2448 886 2499 τὸ
916 2448 1082 2512 ὅντως
1108 2448 1185 2511 ὃν,
1217 2449 1409 2518 ψεῦδος
1443 2451 1500 2503 δὲ
1530 2450 1589 2503 τὸ
1619 2451 1692 2521 μὴ
1717 2451 1793 2503 δν.
1831 2453 1980 2504 Ἐπεὶ

401 2533 494 2589 οῦν
525 2537 695 2591 ταῦτα
737 2539 1062 2610 διέστραπτο
1098 2542 1189 2593 καὶ
1231 2541 1574 2612 ἠμαύρωντο,
1614 2544 1674 2596 οὐ
1710 2543 1806 2615 τὴν
1851 2545 1980 2596 ὑπό-

406 2647 590 2682 στασιν
625 2631 963 2686 ἀπολέσαντα
1006 2633 1064 2700 ἐξ
1098 2635 1325 2698 ἑαυτῶν,
1358 2634 1472 2687 ἀλλ’
1506 2636 1610 2688 ὑπὸ
1644 2637 1748 2688 τῶν
1774 2635 1982 2707 ἀνθρώ-

406 2739 521 2774 πων
555 2723 976 2791 φυγαδευθέντα,
1007 2737 1114 2780 etc.
1160 2745 1179 2776 ‹
1214 2726 1310 2781 Hic
1338 2743 1551 2798 quoque
1577 2729 1778 2798 justus,
1810 2740 1866 2783 ut
1888 2730 1977 2798 qui

405 2812 552 2868 solus
593 2829 710 2867 eam
741 2816 1204 2884 apprehendisset,
1250 2819 1463 2872 caneris
1495 2829 1684 2873 contra
1716 2821 1981 2874 tendenti-

399 2906 527 2966 bus,
555 2905 799 2974 confugit
824 2909 887 2958 ad
921 2907 1010 2960 Dei
1043 2909 1506 2976 providentiam...
1553 2911 1618 2964 Et
1657 2926 1758 2964 non
1801 2912 1977 2966 dixit:

406 2993 617 3048 Saluum
649 3013 728 3049 me
761 2997 866 3066 fac,
898 2999 1151 3066 quoniam
1187 3014 1293 3052 non
1317 3011 1400 3052 est
1433 3011 1674 3066 sanctus,
1708 3005 1799 3056 sed
1834 3002 1978 3067 Quo-

405 3089 547 3140 niam
592 3088 778 3156 defecit
831 3091 1110 3143 sanctus”
1135 3132 1150 3158 ,
1201 3093 1490 3146 ostendens
1533 3109 1626 3148 eos
1666 3096 1851 3160 etiam,
1888 3096 1976 3164 qui
2006 3131 2047 3187 α

408 3194 585 3249 erant,
627 3183 873 3252 periisse,
907 3197 1192 3254 postquam
1234 3188 1455 3242 invaluit
1489 3189 1742 3243 vitium...
1790 3191 1979 3256 Quem-

409 3277 694 3331 admodum
725 3280 775 3330 in
803 3278 1074 3333 coloribus
1099 3289 1153 3332 et
1177 3279 1297 3334 aliis
1319 3282 1606 3350 generibus
1633 3282 1736 3334 alia
1762 3283 1976 3351 quidem

408 3377 533 3423 sunt
562 3385 710 3432 vera,
745 3369 846 3423 alia
879 3368 1078 3426 falsa...
1108 3371 1178 3423 ita
1212 3371 1374 3424 etiam
1401 3371 1453 3424 in
1476 3371 1786 3426 virtutibus.
1823 3373 1976 3427 Veri-

411 3471 492 3517 tas
513 3462 654 3516 enim
679 3472 761 3516 est
787 3463 929 3530 quod
953 3477 1077 3517 vere
1104 3473 1186 3517 est
1214 3479 1227 3515 :
1260 3463 1599 3517 mendacium
1629 3476 1806 3518 autem
1834 3468 1977 3534 quod

409 3566 512 3603 non
546 3561 644 3604 est.
694 3550 958 3616 Quoniam
997 3567 1127 3620 ergo
1155 3552 1269 3606 haec
1313 3552 1546 3616 inversa,
1589 3561 1644 3607 et
1688 3554 1976 3607 obscurata

409 3640 638 3708 fuerant,
688 3658 791 3695 non
838 3645 979 3710 quod
1013 3657 1163 3696 suam
1199 3643 1548 3712 perdiderant
1594 3645 1972 3710 substantiam,

407 3734 499 3788 sed
531 3734 670 3801 quod
701 3733 768 3787 ab
804 3733 1110 3788 hominibus
1143 3733 1320 3804 fugata
1355 3735 1589 3798 fuerant,
1631 3756 1647 3786 ι
1687 3748 1796 3791 etc.
1841 3737 1975 3790 Cum

407 3835 514 3877 tam
543 3825 706 3878 multa
731 3826 988 3880 hactenus
1017 3827 1305 3895 sumpserit
1337 3829 1886 3895 pseudo/Theodorus
1909 3845 1975 3884 ex

405 3918 735 3972 orationibus
765 3919 1155 3988 Chrysostonti,
1188 3920 1381 3973 mirum
1425 3922 1594 3976 videri
1641 3938 1750 3977 non
1793 3923 1973 3990 debet,

407 4010 451 4064 si
475 4011 542 4063 ab
573 4011 662 4063 illo
686 4012 914 4080 plurima
947 4026 1160 4080 quoque
1202 4013 1254 4066 in
1294 4013 1632 4080 explananda
1657 4016 1976 4070 duodecimo

411 4101 612 4170 psalmo
644 4111 916 4156 mutuatus
940 4103 1030 4154 sit.
1066 4102 1132 4155 Et
1163 4110 1308 4156 certe
1339 4117 1466 4170 pars
1505 4104 1742 4157 maiima
1787 4119 1972 4158 eorum

409 4210 528 4263 qua:
556 4210 583 4247 a
611 4194 1125 4263 pseudo-Theodoro
1159 4195 1430 4256 dicuntur,
1485 4195 1621 4248 nihil
1670 4196 1815 4250 aliud
1850 4205 1976 4250 sunt

406 4301 564 4354 quam
603 4287 754 4338 varia
799 4285 1058 4339 orationis
1100 4285 1472 4355 Cbrysostomi
1520 4287 1842 4357 fragmenta,
1884 4303 1975 4341 ea-

406 4392 510 4446 que
537 4379 674 4431 male
703 4387 907 4432 assuta.
955 4377 1085 4446 Ejus
1118 4379 1193 4431 rei
1232 4386 1444 4432 exstant
1473 4379 1718 4446 exempla
1769 4380 1820 4432 in
1859 4379 1974 4448 ipso

2085 535 2132 585 οἱ
2173 533 2316 601 λόγοι
2349 535 2472 597 τοὺς
2610 535 2800 605 πλήθει
2844 538 2937 589 καὶ
2975 539 3040 606 τῇ
3075 533 3216 605 ἰσχύϊ
3248 534 3356 586 τῶν
3384 533 3657 603 πολεμίων

2085 624 2537 694 καταϐληθέντας.
2579 627 2686 678 Ka‘t
2716 627 2994 697 προτροπή
3038 629 3172 690 ἐστι,
3213 625 3272 678 τὸ
3306 627 3409 677 πᾶν
3443 624 3533 676 ἐπὶ
3565 624 3657 676 τὸν

2083 715 2213 767 Θεὸν
2251 715 2400 786 ῥῖψαι
2434 716 2746 781 κελεύουσα,
2788 719 2880 769 καὶ
2900 718 2998 787 τῆς
3023 717 3228 769 ἐκεῖθεν
3260 715 3470 778 ἐλπίδος
3497 715 3656 784 ἐξαρ-

2081 807 2246 876 τῆσαι
2287 808 2387 876 τὴν
2425 807 2600 877 νίκην.
2632 807 2730 860 Διὰ
2769 808 2820 859 τί
2863 808 2917 860 δέ
2958 811 3070 870 τοῖς
3096 809 3232 874 Lbet;
3274 808 3378 860 τίνι
3423 806 3531 876 γάρ
3571 821 3656 867 τις

2085 895 2242 966 μέρει
2279 896 2421 967 ἄλλῳ
2448 898 2666 962 ἀκούει;
2713 898 2905 950 Κοινὸν
2940 897 3057 961 ἔθος
3094 899 3260 962 ἐστὶν,
3283 899 3409 950 ὅταν
3445 914 3527 960 τις
3553 913 3653 947 πε-

2082 987 2542 1058 πληροφορημένα
2567 987 2840 1059 διηγῆται,
2879 987 3186 1058 προτιθέναι
3217 990 3326 1050 τοῖς
3354 987 3486 1039 ὠσὶν
3514 987 3654 1056 ἀκη-

2081 1081 2327 1134 κοέναι...
2363 1081 2502 1152 Ὅρα
2537 1080 2592 1134 δὲ
2630 1081 2746 1143 πῶς
2770 1080 2918 1134 δεινὰ
2947 1081 3264 1150 πάσχοντες,
3291 1081 3352 1133 οὐ
3380 1080 3649 1147 λέγουσιν,

2079 1171 2139 1223 τὸ
2171 1173 2263 1224 καὶ
2292 1171 2351 1224 τὸ
2377 1171 2649 1242 ἐπάθομεν
2689 1173 2777 1225 διὰ
2803 1174 2883 1236 σὲ,
2930 1173 3196 1244 βοήθησον
3227 1175 3358 1242 ἡμῖν
3381 1189 3394 1202 °
3437 1171 3551 1224 ἀλλ’
3579 1170 3653 1232 ὡς

2078 1264 2275 1316 οἰκεῖον
2321 1264 2486 1334 μηδὲν
2516 1263 2728 1333 ἔχοντες
2753 1264 2954 1332 ἀγαθὸν
3001 1266 3082 1327 εἰς
3110 1263 3441 1334 παρρησίαν,
3470 1262 3550 1324 εἰς
3586 1259 3654 1312 τὰ

2077 1356 2187 1417 τοῖς
2257 1355 2543 1424 προγόνοις
2605 1355 2929 1426 ὑπηργμένα
2987 1355 3136 1426 παρὰ
3192 1354 3327 1406 Θεοῦ
3387 1351 3650 1420 καταφεύ-

2078 1459 2253 1509 γουσι.
2288 1463 2307 1495 ‹
2339 1444 2460 1498 llzec
2497 1445 2658 1498 verba
2701 1456 2827 1499 sunt
2862 1447 3179 1515 erigentium
3208 1460 3321 1512 eos,
3347 1445 3437 1514 qui
3473 1445 3652 1498 multi-

2079 1538 2261 1591 tudiue
2292 1552 2354 1590 ac
2389 1539 2579 1592 robore
2607 1538 2840 1593 hostium
2878 1541 3132 1607 prostrati
3165 1548 3312 1592 sunt.
3351 1537 3417 1591 Et
3451 1537 3654 1591 adhor-

2080 1629 2210 1680 tatio
2235 1640 2336 1692 est,
2368 1644 2486 1697 qua:
2521 1639 2694 1684 totum
2738 1631 2789 1684 in
2822 1629 2987 1685 Deum
3023 1630 3310 1699 projicere,
3349 1637 3404 1681 et
3437 1641 3504 1679 ex
3536 1624 3652 1692 ejus

2078 1730 2174 1775 sne
2198 1718 2471 1772 victoriam
2530 1720 2858 1789 suspendere
2904 1720 3076 1788 jubet.
3132 1720 3202 1772 At
3245 1733 3344 1771 cur
3397 1713 3652 1769 auribus?

2081 1822 2312 1875 quonam
2344 1810 2486 1863 enim
2513 1809 2616 1864 alio
2651 1811 2892 1863 membro
2928 1811 3047 1878 quis
3079 1808 3298 1863 audiat?
3339 1806 3652 1862 Communis

2079 1901 2224 1953 enim
2253 1902 2583 1956 consuetudo
2621 1910 2722 1967 est,
2765 1913 2821 1956 ut
2859 1903 3071 1970 quando
3099 1902 3221 1971 quis
3257 1909 3400 1954 certa
3436 1907 3649 1958 narrat.

2079 1993 2240 2046 addat
2286 1993 2508 2046 auribus
2547 2008 2606 2048 se
2651 1995 2989 2050 audivisse...
3040 1993 3277 2048 Observa
3327 2006 3481 2054 vero,
3518 2005 3653 2058 quo-

2079 2085 2239 2138 modo
2281 2098 2402 2138 cum
2443 2099 2635 2154 aspera
2671 2101 2896 2154 quaeque
2946 2086 3090 2154 passi
3130 2086 3257 2150 sint,
3299 2101 3402 2137 non
3447 2082 3649 2147 dicant,

2082 2175 2194 2230 Hoc
2234 2186 2287 2230 et
2321 2176 2422 2231 hoc
2462 2177 2600 2245 passi
2644 2192 2827 2231 sumus
2874 2188 3088 2244 propter
3129 2186 3212 2242 te;
3274 2175 3463 2244 adjuva
3508 2188 3650 2228 nos:

2082 2270 2174 2322 sed
2203 2283 2265 2323 ac
2289 2268 2334 2323 si
2366 2268 2496 2322 nihil
2521 2271 2784 2322 haberent
2824 2269 2946 2324 boni
2981 2283 3087 2336 quo
3123 2268 3416 2333 conlidant,
3463 2253 3652 2320 cdnfu—

2081 2363 2232 2431 giunt
2265 2365 2330 2414 ad
2367 2377 2424 2414 ea
2463 2377 2583 2429 qua:
2616 2361 2912 2428 majoribus
2935 2368 3044 2415 suis
3075 2377 3104 2415 a
3136 2361 3243 2414 Deo
3280 2361 3419 2412 facta
3453 2369 3594 2413 sunt.
3632 2379 3649 2408 ι

2081 2451 2234 2520 Apud
2264 2451 2709 2521 Chrysostomum
2752 2462 2928 2505 autem
2970 2453 3040 2505 ita
3073 2452 3264 2522 legitur
3293 2469 3305 2503 :
3344 2449 3512 2503 Τοῦτο
3546 2451 3654 2522 γὰρ

2081 2545 2205 2606 τοὺς
2233 2543 2614 2613 ἀσθενέστερον
2653 2544 2788 2613 πρὸς
2813 2544 2937 2606 τοὺς
2961 2543 3156 2606 πόνους
3179 2543 3550 2612 διακειμένους
3585 2539 3654 2612 ἦν

2081 2635 2528 2704 ἀνακτωμένου...
2568 2636 2629 2686 Ἡ
2653 2635 2784 2704 εὐχὴ
2817 2635 2954 2705 αὕτη
2987 2635 3266 2706 προτροπὴ
3290 2638 3401 2698 τοῖς
3432 2652 3640 2705 στρατο

2083 2726 2259 2790 πέδοις
2292 2727 2428 2790 ἐστὶ,
2473 2727 2530 2779 τὸ
2575 2728 2680 2780 πᾶν
2729 2727 2820 2777 ἐπὶ
2862 2727 2951 2777 τὸν
2981 2726 3113 2780 Θεὸν
3146 2726 3296 2797 ῥῖψαι
3333 2727 3651 2787 κελεύουσα,

2083 2818 2174 2870 καὶ
2214 2819 2508 2888 ἐξαρτῆσαι
2538 2818 2637 2887 τῆς
2664 2816 2869 2870 ἐκεῖθεν
2898 2817 3108 2880 ἐλπίδος
3130 2817 3225 2888 τὴν
3254 2818 3429 2888 νίκην.
3478 2819 3573 2871 Διὰ
3602 2819 3656 2870 τί

2079 2908 2134 2960 δὲ
2149 2908 2248 2960 οὐκ
2265 2906 2437 2975 εἶπεν,
2476 2907 2838 2978 Ἠκούσαμεν,
2865 2907 3068 2970 ἁπλῶς,
3093 2908 3226 2971 ἀλλ’,
3245 2909 3340 2961 Ἐν
3365 2908 3488 2974 τοῖς
3506 2909 3656 2961 ὠσὶν

2081 3001 2251 3068 ἡμῶν
2277 3002 2660 3070 ἡκούσαμεν;
2689 3001 2826 3070 ποίῳ
2858 3001 2964 3070 γὰρ
2989 3001 3157 3071 ἑτέρῳ
3185 3001 3338 3071 μέρει
3363 3018 3448 3064 τις
3470 3001 3655 3054 ἀκούει

2079 3091 2174 3144 τοῦ
2209 3091 2562 3162 σώματος...
2605 3092 2797 3145 Κοινὸν
2841 3091 2958 3155 ἔθος
2997 3092 3103 3144 τῶν
3145 3092 3446 3162 ἀνθρώπων
3487 3093 3652 3154 ἐστὶν,

2078 3185 2206 3238 ὅταν
2244 3185 2363 3237 τινὰ
2391 3185 2707 3255 διηγῶνται,
2739 3186 2878 3258 ὑπὲρ
2906 3180 2979 3239 ὧν
3012 3188 3116 3238 εἰσι
3153 3184 3653 3256 πεπληροφορημέ-

2079 3292 2225 3328 νοι...
2261 3275 2644 3345 προστιθέασιν
2672 3277 2758 3328 διε)⁸
2790 3276 2859 3329 τὰ
2883 3272 3016 3339 ὦτα,
3047 3276 3347 3345 φάσκοντες
3377 3278 3490 3338 τοῖς
3521 3274 3655 3326 ὠσὶν

2078 3367 2440 3438 ἀκηκοέναι...
2471 3367 2722 3420 Τοσαῦτα
2762 3369 2855 3420 καὶ
2887 3367 3187 3436 τηλικαῦτα
3218 3368 3479 3431 παθόντες
3505 3368 3654 3421 δεινὰ

2077 3459 2164 3513 διὰ
2189 3459 2279 3511 τὸν
2310 3459 2507 3513 Θεὸν...
2540 3460 2690 3514 οὐδὲν
2716 3460 2918 3513 τούτων
2947 3462 3077 3528 φασὶ
3099 3460 3255 3524 τέως,
3289 3461 3368 3512 ὅτι
3398 3461 3457 3512 τὸ
3483 3460 3656 3513 καὶτὸ

2079 3551 2352 3620 ἐπάθομεν
2412 3551 2498 3603 διὰ
2558 3552 2638 3613 σὲ,
2694 3550 2957 3621 βοήθησον
3015 3553 3178 3622 ἡμῖν’
3230 3551 3510 3614 ἀλλ’ὡς...
3555 3553 3656 3605 οὐκ

2077 3641 2290 3711 ἔχοντες
2326 3641 2386 3706 ἐξ
2407 3643 2623 3695 οἰκείων
2658 3642 3092 3714 κατορθωμάτων
3127 3644 3459 3714 παρρησίαν,
3485 3642 3656 3705 οὕτως

2078 3736 2158 3796 εἰς
2179 3733 2247 3786 τὰ
2279 3737 2390 3796 τοῖς
2417 3735 2704 3806 προγόνοις
2730 3735 3058 3804 ὑπηργμένα
3085 3735 3234 3806 παρὰ
3265 3734 3358 3788 τοῦ
3389 3735 3524 3787 Θεοῦ
3557 3753 3656 3788 κα-

2075 3825 2427 3893 ταφεύγουσι.
2472 3846 2490 3877 ι
2528 3825 2637 3878 ινιυο
2675 3835 2758 3879 est
2797 3826 2941 3878 enim
2971 3825 3086 3892 ejus
3117 3827 3207 3894 qui
3239 3840 3332 3879 eos
3363 3835 3573 3880 recreat
3603 3837 3658 3879 cl

2078 3918 2271 3981 reﬁcit,
2324 3919 2416 3985 qui
2452 3926 2576 3970 sunt
2609 3916 2835 3970 molliori
2881 3925 2935 3969 et
2978 3917 3312 3971 imbecilliori
3351 3916 3530 3970 animo
3586 3921 3653 3970 ad

2077 4008 2286 4063 labores
2329 4009 2715 4077 suscipiendos.
2771 4006 2898 4063 Haec
2939 4011 3176 4077 precatio
3229 4018 3312 4063 est
3350 4010 3415 4062 ad
3454 4008 3654 4063 milites

2077 4099 2402 4163 adhortatio,
2438 4115 2556 4168 quae
2591 4101 2744 4166 jubet
2790 4100 3040 4153 universa
3078 4099 3130 4152 in
3169 4100 3333 4153 Deum
3384 4099 3656 4169 conjicere

2078 4201 2422 4260 statuercque
2455 4207 2517 4244 ex
2560 4206 2653 4260 spe
2687 4192 2740 4244 in
2778 4190 2923 4244 illum
2962 4190 3193 4259 pendere
3215 4190 3511 4245 victoriam.
3547 4190 3655 4245 Cur

2077 4293 2255 4337 autem
2300 4299 2404 4336 non
2435 4282 2569 4336 dixit
2612 4281 2875 4346 absolute,
2910 4283 3243 4349 Audivimus,
3285 4282 3401 4346 sed,
3436 4281 3652 4335 Nostris

2076 4374 2294 4428 auribus
2340 4373 2740 4428 audivimus“?
2791 4387 3024 4442 quanam
3081 4375 3221 4428 enim
3267 4373 3372 4425 alia
3411 4375 3654 4441 corporis

409 4467 866 4535 interpretationis
906 4467 1086 4530 initio;
1131 4469 1224 4522 sed
1265 4483 1331 4520 ne
1359 4469 1511 4537 copia
1553 4470 1726 4536 major
1757 4471 1972 4524 lectori-
2004 4475 2049 4530 D
2074 4474 2229 4535 parte
2253 4464 2573 4518 audituri...
2619 4461 2716 4517 Hic
2751 4472 2835 4518 est
2863 4478 2980 4518 mos
3020 4463 3319 4516 communis
3353 4463 3650 4524 hominum.

407 4558 505 4613 bus
538 4559 750 4613 tmdium
786 4557 994 4622 afferat,
1029 4559 1188 4613 missa
1232 4575 1291 4613 ea
1321 4561 1566 4614 facimus.
1607 4561 1752 4616 Ordo
1787 4571 1974 4628 postu-

407 4651 546 4704 laret
570 4659 627 4704 ut
653 4652 717 4705 de
741 4651 946 4720 psalmo
975 4651 1131 4704 tertio
1152 4651 1360 4704 decimo
1386 4651 1637 4704 nonnulla
1671 4651 1975 4718 proferren-

410 4748 534 4794 tur:
566 4744 658 4797 sed
693 4757 812 4796 cum
844 4742 1080 4810 psalmus
1121 4741 1207 4795 ille
1245 4751 1298 4794 et
1338 4741 1424 4794 alii
1458 4741 1608 4794 multi
1659 4741 1709 4793 in
1747 4741 1978 4811 vulgatis

406 4833 774 4902 Chrysostomi
811 4831 1134 4885 editionibus
1166 4832 1562 4894 desiderentur,
1592 4831 1659 4884 de
1697 4831 1778 4884 his
1804 4833 1973 4886 omni-

409 4924 506 4977 bus
553 4923 683 4976 nihil
716 4924 895 4975 dicere
931 4923 1209 4977 habemus.
1241 4924 1312 4974 At
1341 4922 1427 4975 ubi
1458 4936 1649 4975 novam
1692 4935 1842 4974 suam
1864 4920 1978 4975 edi-

407 5013 604 5066 tionem
635 5011 919 5081 perfecerit
941 5011 1370 5066 Montfauconius
1395 5020 1599 5074 noster,
1623 5012 1675 5063 in
1703 5026 1806 5080 qua
1835 5012 1975 5065 inter

408 5113 599 5158 caetera
639 5104 894 5158 anecdota
934 5104 1006 5156 illi
1038 5119 1254 5173 quoque
1286 5103 1481 5172 psalmi
1518 5103 1828 5171 prodibunt,
1864 5117 1970 5156 non

409 5197 591 5250 dubito
615 5197 745 5264 quin
783 5196 853 5251 sit
881 5196 1138 5261 futurum,
1179 5207 1238 5249 ut
1284 5197 1409 5248 hinc
1446 5195 1609 5250 etiam
1658 5193 1851 5248 similia
1889 5194 1972 5249 his

409 5302 524 5355 qua:
560 5289 855 5354 retulimus,
883 5289 1109 5344 ubertim
1147 5289 1265 5346 erui
1303 5289 1530 5358 possint.
1567 5286 1787 5341 Interim
1813 5301 1975 5355 pseu-

408 5383 831 5440 ilo-Theodorum
880 5388 932 5440 in
977 5387 1323 5456 sequentibus
1375 5387 1594 5456 psalmis
1641 5384 1971 5455 exponendis

406 5489 526 5526 eum
556 5490 694 5539 esse,
724 5477 812 5544 qui
837 5475 936 5530 fuit
962 5478 1012 5531 in
1043 5477 1389 5534 exolanaudis
1418 5477 1689 5546 prioribus
1714 5475 1972 5530 ostenda-

409 5581 545 5621 mus.
575 5566 697 5633 Ejus
735 5568 896 5637 igitur
936 5567 1095 5622 verba
1134 5577 1278 5633 sunt,
1305 5568 1474 5636 prima
1504 5566 1694 5636 psalmi
1731 5566 1968 5636 quadra-

481 5739 527 5772 "
567 5741 706 5796 νεεδ.
746 5759 818 5801 χι.
857 5743 910 5794 2.
986 5743 1031 5773 ⁷⁸⁸
1073 5744 1212 5797 Psal.
1249 5760 1395 5798 xuii.
1424 5741 1514 5796 ‘26.

687 5835 952 5896 ΡΑτιιοι..
987 5840 1102 5897 (in.
1143 5837 1380 5898 XXIX.

2079 4558 2170 4626 qui
2201 4548 2623 4626 quando'aliqua
2650 4564 2890 4620 narrant,
2919 4556 2980 4609 de
3020 4557 3212 4624 quibus
3233 4561 3357 4608 sunt
3385 4555 3513 4608 facti
3542 4569 3654 4607 cer-

2083 4650 2316 4705 tiores...
2348 4664 2560 4718 semper
2585 4664 2740 4704 aures
2777 4650 3058 4718 adjiciunt,
3088 4651 3324 4704 dicentes
3345 4664 3404 4704 se
3433 4649 3652 4704 auribus

2083 4745 2422 4799 audivisse...
2457 4743 2589 4798 Cum
2637 4755 2712 4799 tot
2743 4755 2968 4799 ettanta
3003 4747 3141 4815 passi
3186 4756 3383 4809 essent,
3435 4759 3653 4816 propter

2087 4833 2318 4886 Deum...
2339 4833 2468 4886 nihil
2495 4849 2676 4906 eorum
2700 4835 2910 4887 interim
2931 4835 3131 4897 dicunt,
3152 4835 3433 4889 videlicet:
3467 4835 3577 4912 llqc
3598 4848 3654 4890 et

2085 4924 2212 4978 illud
2239 4926 2380 4993 passi
2409 4937 2594 4979 sumus
2618 4935 2834 4994 propter
2863 4935 2936 4988 te,
2957 4928 3020 4979 da
3052 4926 3209 4979 nobis
3234 4927 3521 4994 auxilium;
3558 4931 3652 4983 sed

2084 5026 2336 5084 tanquam
2362 5015 2608 5069 fiduciam
2631 5029 2695 5068 ex
2719 5017 2832 5069 suis
2849 5004 3004 5069 factis
3029 5032 3132 5070 non
3164 5017 3443 5080 haberent,
3471 5018 3535 5069 ad
3563 5033 3649 5080 ea,

2079 5120 2199 5175 quae
2239 5106 2382 5160 Deus
2426 5105 2718 5173 majoribus
2752 5107 2963 5159 illorum
2997 5105 3220 5168 fecerat,
3251 5106 3587 5173 confugiunt.
3625 5127 3644 5159 ι

2079 5196 2156 5250 De
2212 5204 2405 5249 caetero
2445 5195 2597 5250 velim
2649 5194 2896 5250 conferas
2941 5197 3077 5250 inter
3126 5211 3247 5251 sese
3281 5200 3652 5267 Chrysostomi

2076 5286 2376 5342 orationem
2399 5296 2454 5340 et
2487 5287 2964 5352 commentarium,
2993 5297 3048 5340 et
3077 5287 3358 5356 experiare
3396 5290 3657 5355 quemad-

2077 5380 2292 5436 modum
2319 5381 2457 5436 illius
2478 5381 2620 5436 dicta
2650 5380 2704 5434 in
2732 5383 2834 5438 hoc
2852 5382 3188 5452 explanando
3213 5381 3418 5450 psalmo
3448 5381 3652 5450 passim

2076 5473 2378 5542 compilarit
2433 5474 2997 5544 pseudo-Theodorus.
3055 5475 3249 5544 saepius
3293 5476 3652 5535 contrahens,

2074 5563 2346 5620 interdum
2407 5566 2648 5620 nonnihil
2707 5565 3041 5634 immutans;
3101 5566 3196 5622 sed
3243 5565 3317 5621 ita
3355 5576 3556 5633 tamen,
3591 5574 3650 5622 ut

3323 5829 3367 5871 τι
