  <div class='ocr_page' id='page_1' title='image "/cluster/home/n/w/nwhite01/storage/ocr_20150623/29/mdp.39015012934371/223.png"; bbox 0 0 4094 6220; ppageno 0'>
   <div class='ocr_carea' id='block_1_1' title="bbox 430 406 587 452">
    <p class='ocr_par' dir='ltr' id='par_1_1' title="bbox 430 406 587 452">
     <span class='ocr_line' id='line_1_1' title="bbox 430 406 587 452; baseline -0.006 -1"><span class='ocrx_word' id='word_1_1' title='bbox 430 406 587 452; x_wconf 68' lang='grc' dir='ltr'>αοχςν</span> 
     </span>
    </p>
   </div>
   <div class='ocr_carea' id='block_1_2' title="bbox 1776 388 2311 448">
    <p class='ocr_par' dir='ltr' id='par_1_2' title="bbox 1776 388 2311 448">
     <span class='ocr_line' id='line_1_2' title="bbox 1776 388 2311 448; baseline 0.004 -4"><span class='ocrx_word' id='word_1_2' title='bbox 1776 388 2142 448; x_wconf 80' lang='lat' dir='ltr'><strong>P‘ROLEGOM</strong></span> <span class='ocrx_word' id='word_1_3' title='bbox 2154 388 2311 446; x_wconf 81' lang='lat' dir='ltr'><strong>ENA.</strong></span> 
     </span>
    </p>
   </div>
   <div class='ocr_carea' id='block_1_3' title="bbox 431 507 2013 588">
    <p class='ocr_par' dir='ltr' id='par_1_3' title="bbox 431 509 1995 588">
     <span class='ocr_line' id='line_1_3' title="bbox 431 509 1995 588; baseline -0.003 -17"><span class='ocrx_word' id='word_1_4' title='bbox 431 527 639 588; x_wconf 90' lang='lat' dir='ltr'><strong>partem</strong></span> <span class='ocrx_word' id='word_1_5' title='bbox 669 514 954 572; x_wconf 83' lang='lat' dir='ltr'><strong>maximam</strong></span> <span class='ocrx_word' id='word_1_6' title='bbox 981 526 1187 578; x_wconf 89' lang='lat' dir='ltr'><strong>eorum,</strong></span> <span class='ocrx_word' id='word_1_7' title='bbox 1222 525 1342 580; x_wconf 64' lang='lat' dir='ltr'><strong>quae</strong></span> <span class='ocrx_word' id='word_1_8' title='bbox 1367 509 1592 580; x_wconf 77' lang='lat' dir='ltr'><strong>profert,</strong></span> <span class='ocrx_word' id='word_1_9' title='bbox 1625 525 1655 565; x_wconf 90' lang='lat' dir='ltr'><strong>e</strong></span> <span class='ocrx_word' id='word_1_10' title='bbox 1681 509 1995 582; x_wconf 80' lang='lat' dir='ltr'><strong>Chrysosm-</strong></span> 
     </span>
    </p>
   </div>
   <div class='ocr_carea' id='block_1_4' title="bbox 2113 507 3673 588">
    <p class='ocr_par' dir='ltr' id='par_1_4' title="bbox 2113 507 3673 581">
     <span class='ocr_line' id='line_1_4' title="bbox 2113 507 3673 581; baseline 0 -17"><span class='ocrx_word' id='word_1_11' title='bbox 2113 511 2225 581; x_wconf 62' lang='grc' dir='ltr'>θείῳ</span> <span class='ocrx_word' id='word_1_12' title='bbox 2255 510 2402 581; x_wconf 83' lang='grc' dir='ltr'>νόμῳ</span> <span class='ocrx_word' id='word_1_13' title='bbox 2427 507 2485 561; x_wconf 80' lang='grc' dir='ltr'>τὸ</span> <span class='ocrx_word' id='word_1_14' title='bbox 2511 509 2706 562; x_wconf 73' lang='grc' dir='ltr'>οἰκεῖον</span> <span class='ocrx_word' id='word_1_15' title='bbox 2731 507 2940 580; x_wconf 82' lang='grc' dir='ltr'>θέλημα</span> <span class='ocrx_word' id='word_1_16' title='bbox 2970 507 3368 580; x_wconf 88' lang='grc' dir='ltr'>συναρμόττων.</span> <span class='ocrx_word' id='word_1_17' title='bbox 3405 529 3426 559; x_wconf 71' lang='grc' dir='ltr'><strong>ι</strong></span> <span class='ocrx_word' id='word_1_18' title='bbox 3462 508 3673 566; x_wconf 77' lang='lat' dir='ltr'><strong>Etenim</strong></span> 
     </span>
    </p>
   </div>
   <div class='ocr_carea' id='block_1_5' title="bbox 435 601 2008 672">
    <p class='ocr_par' dir='ltr' id='par_1_5' title="bbox 435 601 2008 672">
     <span class='ocr_line' id='line_1_5' title="bbox 435 601 2008 672; baseline -0.001 -13"><span class='ocrx_word' id='word_1_19' title='bbox 435 620 522 659; x_wconf 91' lang='lat' dir='ltr'><strong>mo</strong></span> <span class='ocrx_word' id='word_1_20' title='bbox 542 605 607 658; x_wconf 90' lang='lat' dir='ltr'><strong>ad</strong></span> <span class='ocrx_word' id='word_1_21' title='bbox 637 605 854 658; x_wconf 88' lang='lat' dir='ltr'><strong>verbum</strong></span> <span class='ocrx_word' id='word_1_22' title='bbox 879 611 1150 672; x_wconf 90' lang='lat' dir='ltr'><strong>sumptam</strong></span> <span class='ocrx_word' id='word_1_23' title='bbox 1177 613 1298 656; x_wconf 90' lang='lat' dir='ltr'><strong>esse</strong></span> <span class='ocrx_word' id='word_1_24' title='bbox 1319 616 1477 656; x_wconf 90' lang='lat' dir='ltr'><strong>nemo</strong></span> <span class='ocrx_word' id='word_1_25' title='bbox 1499 615 1603 655; x_wconf 92' lang='lat' dir='ltr'><strong>non</strong></span> <span class='ocrx_word' id='word_1_26' title='bbox 1626 601 1826 655; x_wconf 84' lang='lat' dir='ltr'><strong>videat.</strong></span> <span class='ocrx_word' id='word_1_27' title='bbox 1856 601 2008 668; x_wconf 86' lang='lat' dir='ltr'><strong>Quod</strong></span> 
     </span>
    </p>
   </div>
   <div class='ocr_carea' id='block_1_6' title="bbox 393 676 2007 766">
    <p class='ocr_par' dir='ltr' id='par_1_6' title="bbox 393 676 2007 766">
     <span class='ocr_line' id='line_1_6' title="bbox 393 676 2007 766; baseline -0.002 -14"><span class='ocrx_word' id='word_1_28' title='bbox 393 676 412 742; x_wconf 43' lang='grc' dir='ltr'><em>δ</em></span> <span class='ocrx_word' id='word_1_29' title='bbox 433 697 477 752; x_wconf 89' lang='lat' dir='ltr'><strong>si</strong></span> <span class='ocrx_word' id='word_1_30' title='bbox 509 696 771 766; x_wconf 80' lang='lat' dir='ltr'><strong>quispiam</strong></span> <span class='ocrx_word' id='word_1_31' title='bbox 803 693 967 749; x_wconf 92' lang='lat' dir='ltr'><strong>libros</strong></span> <span class='ocrx_word' id='word_1_32' title='bbox 1005 693 1156 748; x_wconf 86' lang='lat' dir='ltr'><strong>adire</strong></span> <span class='ocrx_word' id='word_1_33' title='bbox 1194 693 1349 759; x_wconf 90' lang='lat' dir='ltr'><strong>nolit,</strong></span> <span class='ocrx_word' id='word_1_34' title='bbox 1396 691 1624 746; x_wconf 84' lang='lat' dir='ltr'><strong>libentes</strong></span> <span class='ocrx_word' id='word_1_35' title='bbox 1655 692 1915 748; x_wconf 86' lang='lat' dir='ltr'><strong>addemus</strong></span> <span class='ocrx_word' id='word_1_36' title='bbox 1953 701 2007 748; x_wconf 84' lang='lat' dir='ltr'><strong>et</strong></span> 
     </span>
    </p>
   </div>
   <div class='ocr_carea' id='block_1_7' title="bbox 433 784 2007 863">
    <p class='ocr_par' dir='ltr' id='par_1_7' title="bbox 433 784 2007 863">
     <span class='ocr_line' id='line_1_7' title="bbox 433 784 2007 863; baseline -0.004 -17"><span class='ocrx_word' id='word_1_37' title='bbox 433 807 551 863; x_wconf 82' lang='lat' dir='ltr'><strong>quae</strong></span> <span class='ocrx_word' id='word_1_38' title='bbox 581 790 648 845; x_wconf 91' lang='lat' dir='ltr'><strong>ab</strong></span> <span class='ocrx_word' id='word_1_39' title='bbox 681 795 910 859; x_wconf 87' lang='lat' dir='ltr'><strong>utroque</strong></span> <span class='ocrx_word' id='word_1_40' title='bbox 932 789 1192 858; x_wconf 87' lang='lat' dir='ltr'><strong>scriptore</strong></span> <span class='ocrx_word' id='word_1_41' title='bbox 1227 786 1480 842; x_wconf 89' lang='lat' dir='ltr'><strong>dicuntur</strong></span> <span class='ocrx_word' id='word_1_42' title='bbox 1504 786 1558 840; x_wconf 92' lang='lat' dir='ltr'><strong>in</strong></span> <span class='ocrx_word' id='word_1_43' title='bbox 1584 784 1770 840; x_wconf 87' lang='lat' dir='ltr'><strong>ultima</strong></span> <span class='ocrx_word' id='word_1_44' title='bbox 1815 785 2007 856; x_wconf 85' lang='lat' dir='ltr'><strong>psalmi</strong></span> 
     </span>
    </p>
   </div>
   <div class='ocr_carea' id='block_1_8' title="bbox 434 875 2010 950">
    <p class='ocr_par' dir='ltr' id='par_1_8' title="bbox 434 875 2010 950">
     <span class='ocr_line' id='line_1_8' title="bbox 434 875 2010 950; baseline -0.004 -14"><span class='ocrx_word' id='word_1_45' title='bbox 434 885 621 947; x_wconf 89' lang='lat' dir='ltr'><strong>verba,</strong></span> <span class='ocrx_word' id='word_1_46' title='bbox 645 895 752 950; x_wconf 91' lang='lat' dir='ltr'><strong>quo</strong></span> <span class='ocrx_word' id='word_1_47' title='bbox 781 882 970 936; x_wconf 89' lang='lat' dir='ltr'><strong>melius</strong></span> <span class='ocrx_word' id='word_1_48' title='bbox 991 878 1060 933; x_wconf 90' lang='lat' dir='ltr'><strong>de</strong></span> <span class='ocrx_word' id='word_1_49' title='bbox 1086 878 1288 948; x_wconf 92' lang='lat' dir='ltr'><strong>reliqua</strong></span> <span class='ocrx_word' id='word_1_50' title='bbox 1313 875 1814 947; x_wconf 78' lang='lat' dir='ltr'><strong>pseudo~Theodori</strong></span> <span class='ocrx_word' id='word_1_51' title='bbox 1843 878 2010 931; x_wconf 85' lang='lat' dir='ltr'><strong>inter-</strong></span> 
     </span>
    </p>
   </div>
   <div class='ocr_carea' id='block_1_9' title="bbox 436 966 2010 1044">
    <p class='ocr_par' dir='ltr' id='par_1_9' title="bbox 436 966 2010 1044">
     <span class='ocr_line' id='line_1_9' title="bbox 436 966 2010 1044; baseline -0.005 -14"><span class='ocrx_word' id='word_1_52' title='bbox 436 976 736 1044; x_wconf 87' lang='lat' dir='ltr'><strong>pretatione</strong></span> <span class='ocrx_word' id='word_1_53' title='bbox 767 972 1077 1028; x_wconf 83' lang='lat' dir='ltr'><strong>existimare</strong></span> <span class='ocrx_word' id='word_1_54' title='bbox 1105 971 1293 1042; x_wconf 86' lang='lat' dir='ltr'><strong>possit.</strong></span> <span class='ocrx_word' id='word_1_55' title='bbox 1331 966 1454 1024; x_wconf 67' lang='lat' dir='ltr'><strong>Haec</strong></span> <span class='ocrx_word' id='word_1_56' title='bbox 1490 977 1618 1024; x_wconf 89' lang='lat' dir='ltr'><strong>sunt</strong></span> <span class='ocrx_word' id='word_1_57' title='bbox 1646 969 1810 1038; x_wconf 79' lang='lat' dir='ltr'><strong>igitur</strong></span> <span class='ocrx_word' id='word_1_58' title='bbox 1844 967 2010 1038; x_wconf 80' lang='lat' dir='ltr'><strong>Chry-</strong></span> 
     </span>
    </p>
   </div>
   <div class='ocr_carea' id='block_1_10' title="bbox 436 1057 2009 1128">
    <p class='ocr_par' dir='ltr' id='par_1_10' title="bbox 436 1057 2009 1128">
     <span class='ocr_line' id='line_1_10' title="bbox 436 1057 2009 1128; baseline -0.005 -8"><span class='ocrx_word' id='word_1_59' title='bbox 436 1065 658 1120; x_wconf 82' lang='lat' dir='ltr'><strong>soslomi</strong></span> <span class='ocrx_word' id='word_1_60' title='bbox 708 1063 870 1118; x_wconf 92' lang='lat' dir='ltr'><strong>verba</strong></span> <span class='ocrx_word' id='word_1_61' title='bbox 923 1061 979 1116; x_wconf 91' lang='lat' dir='ltr'><strong>in</strong></span> <span class='ocrx_word' id='word_1_62' title='bbox 1027 1061 1154 1115; x_wconf 90' lang='lat' dir='ltr'><strong>illud</strong></span> <span class='ocrx_word' id='word_1_63' title='bbox 1192 1077 1204 1113; x_wconf 92' lang='lat'><strong>:</strong></span> <span class='ocrx_word' id='word_1_64' title='bbox 1250 1059 1506 1128; x_wconf 76' lang='lat' dir='ltr'><strong>Exsurge,</strong></span> <span class='ocrx_word' id='word_1_65' title='bbox 1532 1057 1773 1124; x_wconf 84' lang='lat' dir='ltr'><strong>Domine,</strong></span> <span class='ocrx_word' id='word_1_66' title='bbox 1815 1057 2009 1128; x_wconf 87' lang='lat' dir='ltr'><strong>adjuva</strong></span> 
     </span>
    </p>
   </div>
   <div class='ocr_carea' id='block_1_11' title="bbox 436 1149 2007 1224">
    <p class='ocr_par' dir='ltr' id='par_1_11' title="bbox 436 1149 2007 1224">
     <span class='ocr_line' id='line_1_11' title="bbox 436 1149 2007 1224; baseline -0.006 -12"><span class='ocrx_word' id='word_1_67' title='bbox 436 1175 531 1212; x_wconf 77' lang='lat' dir='ltr'><strong>nos</strong></span> <span class='ocrx_word' id='word_1_68' title='bbox 558 1157 603 1190; x_wconf 80' lang='grc'>⁷⁸</span> <span class='ocrx_word' id='word_1_69' title='bbox 635 1173 650 1210; x_wconf 89' lang='lat'><strong>:</strong></span> <span class='ocrx_word' id='word_1_70' title='bbox 680 1155 842 1224; x_wconf 82' lang='grc' dir='ltr'>Στῆθι</span> <span class='ocrx_word' id='word_1_71' title='bbox 893 1151 1420 1224; x_wconf 79' lang='grc' dir='ltr'>ἀντιλαμϐανόμενος</span> <span class='ocrx_word' id='word_1_72' title='bbox 1467 1149 1644 1222; x_wconf 78' lang='grc' dir='ltr'>ἡμῶν,</span> <span class='ocrx_word' id='word_1_73' title='bbox 1706 1150 1800 1202; x_wconf 62' lang='grc' dir='ltr'><strong>καὶ⁴</strong></span> <span class='ocrx_word' id='word_1_74' title='bbox 1848 1149 2007 1220; x_wconf 81' lang='grc' dir='ltr'>ῥῦσαι</span> 
     </span>
    </p>
   </div>
   <div class='ocr_carea' id='block_1_12' title="bbox 435 1240 2007 1320">
    <p class='ocr_par' dir='ltr' id='par_1_12' title="bbox 435 1240 2007 1320">
     <span class='ocr_line' id='line_1_12' title="bbox 435 1240 2007 1320; baseline -0.007 -17"><span class='ocrx_word' id='word_1_75' title='bbox 435 1251 582 1320; x_wconf 76' lang='grc' dir='ltr'>ἡμᾶς</span> <span class='ocrx_word' id='word_1_76' title='bbox 603 1249 690 1302; x_wconf 84' lang='grc' dir='ltr'>διὰ</span> <span class='ocrx_word' id='word_1_77' title='bbox 715 1247 777 1300; x_wconf 84' lang='grc' dir='ltr'><strong>τὸ</strong></span> <span class='ocrx_word' id='word_1_78' title='bbox 811 1246 958 1310; x_wconf 74' lang='grc' dir='ltr'>ἔλεός</span> <span class='ocrx_word' id='word_1_79' title='bbox 986 1261 1099 1300; x_wconf 93' lang='grc' dir='ltr'>σου.</span> <span class='ocrx_word' id='word_1_80' title='bbox 1132 1244 1274 1315; x_wconf 87' lang='grc' dir='ltr'>Ὅρα</span> <span class='ocrx_word' id='word_1_81' title='bbox 1299 1242 1400 1296; x_wconf 82' lang='grc' dir='ltr'>ποῦ</span> <span class='ocrx_word' id='word_1_82' title='bbox 1419 1241 1511 1294; x_wconf 78' lang='grc' dir='ltr'><strong>τὸν</strong></span> <span class='ocrx_word' id='word_1_83' title='bbox 1536 1240 1693 1311; x_wconf 87' lang='grc' dir='ltr'>λόγον</span> <span class='ocrx_word' id='word_1_84' title='bbox 1721 1240 2007 1295; x_wconf 86' lang='grc' dir='ltr'>κατέκλει-</span> 
     </span>
    </p>
   </div>
   <div class='ocr_carea' id='block_1_13' title="bbox 439 1331 2008 1411">
    <p class='ocr_par' dir='ltr' id='par_1_13' title="bbox 439 1331 2008 1411">
     <span class='ocr_line' id='line_1_13' title="bbox 439 1331 2008 1411; baseline -0.006 -16"><span class='ocrx_word' id='word_1_85' title='bbox 439 1360 558 1395; x_wconf 87' lang='grc' dir='ltr'>σαν.</span> <span class='ocrx_word' id='word_1_86' title='bbox 594 1341 746 1394; x_wconf 76' lang='grc' dir='ltr'>Μετὰ</span> <span class='ocrx_word' id='word_1_87' title='bbox 777 1339 942 1411; x_wconf 89' lang='grc' dir='ltr'>μυρία</span> <span class='ocrx_word' id='word_1_88' title='bbox 973 1336 1151 1391; x_wconf 82' lang='grc' dir='ltr'>αὐτῶν</span> <span class='ocrx_word' id='word_1_89' title='bbox 1178 1333 1599 1406; x_wconf 82' lang='grc' dir='ltr'><strong>κατορθώματα,</strong></span> <span class='ocrx_word' id='word_1_90' title='bbox 1636 1333 1798 1387; x_wconf 90' lang='grc' dir='ltr'>πόθεν</span> <span class='ocrx_word' id='word_1_91' title='bbox 1825 1331 2008 1398; x_wconf 78' lang='grc' dir='ltr'><strong>ἀξιοῦ-</strong></span> 
     </span>
    </p>
   </div>
   <div class='ocr_carea' id='block_1_14' title="bbox 439 1421 2008 1498">
    <p class='ocr_par' dir='ltr' id='par_1_14' title="bbox 439 1421 2008 1498">
     <span class='ocr_line' id='line_1_14' title="bbox 439 1421 2008 1498; baseline -0.009 -10"><span class='ocrx_word' id='word_1_92' title='bbox 439 1451 491 1488; x_wconf 88' lang='grc' dir='ltr'><strong>σι</strong></span> <span class='ocrx_word' id='word_1_93' title='bbox 520 1424 820 1498; x_wconf 77' lang='grc' dir='ltr'>σὼζεσθαι;</span> <span class='ocrx_word' id='word_1_94' title='bbox 872 1431 1004 1482; x_wconf 80' lang='grc' dir='ltr'>Ἀπὸ</span> <span class='ocrx_word' id='word_1_95' title='bbox 1041 1427 1240 1492; x_wconf 83' lang='grc' dir='ltr'><strong>ἐλέους,</strong></span> <span class='ocrx_word' id='word_1_96' title='bbox 1284 1426 1391 1478; x_wconf 85' lang='grc' dir='ltr'>ἀπὸ</span> <span class='ocrx_word' id='word_1_97' title='bbox 1428 1423 1901 1496; x_wconf 79' lang='grc' dir='ltr'><strong>φιλανθρωπίας...</strong></span> <span class='ocrx_word' id='word_1_98' title='bbox 1943 1421 2008 1476; x_wconf 88' lang='grc' dir='ltr'>Τί</span> 
     </span>
    </p>
   </div>
   <div class='ocr_carea' id='block_1_15' title="bbox 438 1510 2011 1585">
    <p class='ocr_par' dir='ltr' id='par_1_15' title="bbox 438 1510 2011 1585">
     <span class='ocr_line' id='line_1_15' title="bbox 438 1510 2011 1585; baseline -0.006 -11"><span class='ocrx_word' id='word_1_99' title='bbox 438 1524 606 1585; x_wconf 69' lang='grc' dir='ltr'>ἐστιν,</span> <span class='ocrx_word' id='word_1_100' title='bbox 633 1521 875 1573; x_wconf 74' lang='grc' dir='ltr'>Ἕνεκεν</span> <span class='ocrx_word' id='word_1_101' title='bbox 902 1517 1006 1571; x_wconf 88' lang='grc' dir='ltr'>τοῦ</span> <span class='ocrx_word' id='word_1_102' title='bbox 1040 1517 1329 1585; x_wconf 79' lang='grc' dir='ltr'>ὀνόματός</span> <span class='ocrx_word' id='word_1_103' title='bbox 1354 1530 1469 1569; x_wconf 85' lang='grc' dir='ltr'><strong>σου</strong></span> <span class='ocrx_word' id='word_1_104' title='bbox 1485 1530 1503 1577; x_wconf 89' lang='grc'><strong><em>;</em></strong></span> <span class='ocrx_word' id='word_1_105' title='bbox 1528 1514 1643 1567; x_wconf 88' lang='grc' dir='ltr'><strong>Ἶνα</strong></span> <span class='ocrx_word' id='word_1_106' title='bbox 1669 1513 1744 1584; x_wconf 85' lang='grc' dir='ltr'>μὴ</span> <span class='ocrx_word' id='word_1_107' title='bbox 1769 1510 1898 1566; x_wconf 77' lang='grc' dir='ltr'>αὐτὸ</span> <span class='ocrx_word' id='word_1_108' title='bbox 1923 1511 2011 1582; x_wconf 86' lang='grc' dir='ltr'>βε-</span> 
     </span>
    </p>
   </div>
   <div class='ocr_carea' id='block_1_16' title="bbox 437 1606 2010 1684">
    <p class='ocr_par' dir='ltr' id='par_1_16' title="bbox 437 1606 2010 1684">
     <span class='ocr_line' id='line_1_16' title="bbox 437 1606 2010 1684; baseline -0.005 -18"><span class='ocrx_word' id='word_1_109' title='bbox 437 1610 676 1684; x_wconf 76' lang='grc' dir='ltr'>ϐηλωθῇ.</span> <span class='ocrx_word' id='word_1_110' title='bbox 718 1627 736 1661; x_wconf 79' lang='grc' dir='ltr'><strong>ι</strong></span> <span class='ocrx_word' id='word_1_111' title='bbox 775 1607 870 1663; x_wconf 93' lang='lat' dir='ltr'><strong>Sta</strong></span> <span class='ocrx_word' id='word_1_112' title='bbox 913 1622 1008 1663; x_wconf 90' lang='lat' dir='ltr'><strong>nos</strong></span> <span class='ocrx_word' id='word_1_113' title='bbox 1040 1607 1350 1673; x_wconf 84' lang='lat' dir='ltr'><strong>defendens,</strong></span> <span class='ocrx_word' id='word_1_114' title='bbox 1379 1616 1434 1661; x_wconf 92' lang='lat' dir='ltr'><strong>et</strong></span> <span class='ocrx_word' id='word_1_115' title='bbox 1466 1606 1632 1660; x_wconf 90' lang='lat' dir='ltr'><strong>libera</strong></span> <span class='ocrx_word' id='word_1_116' title='bbox 1662 1620 1759 1660; x_wconf 90' lang='lat' dir='ltr'><strong>nos</strong></span> <span class='ocrx_word' id='word_1_117' title='bbox 1791 1613 2010 1675; x_wconf 88' lang='lat' dir='ltr'><strong>pr0pter</strong></span> 
     </span>
    </p>
   </div>
   <div class='ocr_carea' id='block_1_17' title="bbox 441 1696 2010 1770">
    <p class='ocr_par' dir='ltr' id='par_1_17' title="bbox 441 1696 2010 1770">
     <span class='ocr_line' id='line_1_17' title="bbox 441 1696 2010 1770; baseline -0.007 -10"><span class='ocrx_word' id='word_1_118' title='bbox 441 1703 868 1760; x_wconf 87' lang='lat' dir='ltr'><strong>misericordiam</strong></span> <span class='ocrx_word' id='word_1_119' title='bbox 917 1709 1085 1754; x_wconf 89' lang='lat' dir='ltr'><strong>tuam.</strong></span> <span class='ocrx_word' id='word_1_120' title='bbox 1129 1699 1265 1754; x_wconf 81' lang='lat' dir='ltr'><strong>Vide</strong></span> <span class='ocrx_word' id='word_1_121' title='bbox 1307 1699 1579 1770; x_wconf 91' lang='lat' dir='ltr'><strong>quomodo</strong></span> <span class='ocrx_word' id='word_1_122' title='bbox 1633 1696 2010 1753; x_wconf 84' lang='lat' dir='ltr'><strong>concluserunt</strong></span> 
     </span>
    </p>
   </div>
   <div class='ocr_carea' id='block_1_18' title="bbox 438 1790 2010 1860">
    <p class='ocr_par' dir='ltr' id='par_1_18' title="bbox 438 1790 2010 1860">
     <span class='ocr_line' id='line_1_18' title="bbox 438 1790 2010 1860; baseline -0.006 -8"><span class='ocrx_word' id='word_1_123' title='bbox 438 1798 758 1852; x_wconf 89' lang='lat' dir='ltr'><strong>oralionem.</strong></span> <span class='ocrx_word' id='word_1_124' title='bbox 799 1793 925 1848; x_wconf 87' lang='lat' dir='ltr'><strong>Post</strong></span> <span class='ocrx_word' id='word_1_125' title='bbox 965 1791 1378 1847; x_wconf 84' lang='lat' dir='ltr'><strong>innumerabilia</strong></span> <span class='ocrx_word' id='word_1_126' title='bbox 1408 1806 1528 1860; x_wconf 79' lang='lat' dir='ltr'><strong>quae</strong></span> <span class='ocrx_word' id='word_1_127' title='bbox 1560 1791 1626 1846; x_wconf 88' lang='lat' dir='ltr'><strong>ab</strong></span> <span class='ocrx_word' id='word_1_128' title='bbox 1660 1790 1741 1846; x_wconf 89' lang='lat' dir='ltr'><strong>eis</strong></span> <span class='ocrx_word' id='word_1_129' title='bbox 1777 1798 1923 1845; x_wconf 89' lang='lat' dir='ltr'><strong>recte</strong></span> <span class='ocrx_word' id='word_1_130' title='bbox 1955 1797 2010 1843; x_wconf 91' lang='lat' dir='ltr'><strong>et</strong></span> 
     </span>
    </p>
   </div>
   <div class='ocr_carea' id='block_1_19' title="bbox 439 1875 2082 1947">
    <p class='ocr_par' dir='ltr' id='par_1_19' title="bbox 439 1875 2082 1947">
     <span class='ocr_line' id='line_1_19' title="bbox 439 1875 2082 1947; baseline -0.007 -5"><span class='ocrx_word' id='word_1_131' title='bbox 439 1903 507 1942; x_wconf 80' lang='lat' dir='ltr'><strong>ex</strong></span> <span class='ocrx_word' id='word_1_132' title='bbox 544 1886 739 1940; x_wconf 84' lang='lat' dir='ltr'><strong>virtute</strong></span> <span class='ocrx_word' id='word_1_133' title='bbox 771 1885 910 1939; x_wconf 89' lang='lat' dir='ltr'><strong>facta</strong></span> <span class='ocrx_word' id='word_1_134' title='bbox 941 1880 1180 1946; x_wconf 86' lang='lat' dir='ltr'><strong>fuerant,</strong></span> <span class='ocrx_word' id='word_1_135' title='bbox 1223 1882 1489 1937; x_wconf 90' lang='lat' dir='ltr'><strong>undenam</strong></span> <span class='ocrx_word' id='word_1_136' title='bbox 1535 1879 1762 1936; x_wconf 86' lang='lat' dir='ltr'><strong>salutem</strong></span> <span class='ocrx_word' id='word_1_137' title='bbox 1794 1878 2006 1947; x_wconf 87' lang='lat' dir='ltr'><strong>assequi</strong></span> <span class='ocrx_word' id='word_1_138' title='bbox 2039 1875 2082 1930; x_wconf 86' lang='grc' dir='ltr'><strong>Β</strong></span> 
     </span>
    </p>
   </div>
   <div class='ocr_carea' id='block_1_20' title="bbox 439 1969 2013 2048">
    <p class='ocr_par' dir='ltr' id='par_1_20' title="bbox 439 1969 2013 2048">
     <span class='ocr_line' id='line_1_20' title="bbox 439 1969 2013 2048; baseline -0.007 -16"><span class='ocrx_word' id='word_1_139' title='bbox 439 1991 648 2048; x_wconf 65' lang='lat' dir='ltr'><strong>aequum</strong></span> <span class='ocrx_word' id='word_1_140' title='bbox 689 1972 950 2030; x_wconf 83' lang='lat' dir='ltr'><strong>censent?</strong></span> <span class='ocrx_word' id='word_1_141' title='bbox 995 1973 1040 2026; x_wconf 85' lang='lat' dir='ltr'><strong>A</strong></span> <span class='ocrx_word' id='word_1_142' title='bbox 1081 1971 1473 2036; x_wconf 88' lang='lat' dir='ltr'><strong>misericordia,</strong></span> <span class='ocrx_word' id='word_1_143' title='bbox 1513 1985 1545 2024; x_wconf 88' lang='lat' dir='ltr'><strong>a</strong></span> <span class='ocrx_word' id='word_1_144' title='bbox 1575 1969 1909 2038; x_wconf 84' lang='lat' dir='ltr'><strong>benignitate</strong></span> <span class='ocrx_word' id='word_1_145' title='bbox 1959 1977 2013 2022; x_wconf 90' lang='lat' dir='ltr'><strong>et</strong></span> 
     </span>
    </p>
   </div>
   <div class='ocr_carea' id='block_1_21' title="bbox 440 2051 2010 2133">
    <p class='ocr_par' dir='ltr' id='par_1_21' title="bbox 440 2051 2010 2133">
     <span class='ocr_line' id='line_1_21' title="bbox 440 2051 2010 2133; baseline -0.008 -8"><span class='ocrx_word' id='word_1_146' title='bbox 440 2051 963 2133; x_wconf 56' lang='lat' dir='ltr'><strong>clementia...Quid</strong></span> <span class='ocrx_word' id='word_1_147' title='bbox 987 2072 1094 2128; x_wconf 91' lang='lat' dir='ltr'><strong>est,</strong></span> <span class='ocrx_word' id='word_1_148' title='bbox 1126 2060 1351 2133; x_wconf 81' lang='lat' dir='ltr'><strong>Propter</strong></span> <span class='ocrx_word' id='word_1_149' title='bbox 1385 2079 1566 2116; x_wconf 83' lang='lat' dir='ltr'><strong>nomen</strong></span> <span class='ocrx_word' id='word_1_150' title='bbox 1601 2072 1748 2116; x_wconf 86' lang='lat' dir='ltr'><strong>tuum</strong></span> <span class='ocrx_word' id='word_1_151' title='bbox 1770 2062 1792 2116; x_wconf 83' lang='lat'><em>?</em></span> <span class='ocrx_word' id='word_1_152' title='bbox 1814 2060 1892 2117; x_wconf 81' lang='lat' dir='ltr'><strong>Ne</strong></span> <span class='ocrx_word' id='word_1_153' title='bbox 1926 2061 2010 2131; x_wconf 89' lang='lat' dir='ltr'><strong>ip-</strong></span> 
     </span>
    </p>
   </div>
   <div class='ocr_carea' id='block_1_22' title="bbox 410 2153 2011 2229">
    <p class='ocr_par' dir='ltr' id='par_1_22' title="bbox 410 2153 2011 2229">
     <span class='ocr_line' id='line_1_22' title="bbox 410 2153 2011 2229; baseline -0.006 -12"><span class='ocrx_word' id='word_1_154' title='bbox 410 2177 559 2218; x_wconf 70' lang='lat' dir='ltr'><strong>.sum</strong></span> <span class='ocrx_word' id='word_1_155' title='bbox 607 2160 937 2229; x_wconf 81' lang='lat' dir='ltr'><strong>profanetur.</strong></span> <span class='ocrx_word' id='word_1_156' title='bbox 967 2175 986 2208; x_wconf 70' lang='grc' dir='ltr'><strong>ι</strong></span> <span class='ocrx_word' id='word_1_157' title='bbox 1028 2155 1118 2210; x_wconf 90' lang='lat' dir='ltr'><strong>Sic</strong></span> <span class='ocrx_word' id='word_1_158' title='bbox 1165 2165 1342 2207; x_wconf 89' lang='lat' dir='ltr'><strong>autem</strong></span> <span class='ocrx_word' id='word_1_159' title='bbox 1379 2155 1579 2208; x_wconf 89' lang='lat' dir='ltr'><strong>editum</strong></span> <span class='ocrx_word' id='word_1_160' title='bbox 1612 2155 1914 2209; x_wconf 84' lang='lat' dir='ltr'><strong>invenimus</strong></span> <span class='ocrx_word' id='word_1_161' title='bbox 1957 2153 2011 2208; x_wconf 90' lang='lat' dir='ltr'><strong>in</strong></span> 
     </span>
    </p>
   </div>
   <div class='ocr_carea' id='block_1_23' title="bbox 442 2243 2008 2316">
    <p class='ocr_par' dir='ltr' id='par_1_23' title="bbox 442 2243 2008 2316">
     <span class='ocr_line' id='line_1_23' title="bbox 442 2243 2008 2316; baseline -0.006 -11"><span class='ocrx_word' id='word_1_162' title='bbox 442 2249 869 2305; x_wconf 82' lang='lat' dir='ltr'><strong>commentario:</strong></span> <span class='ocrx_word' id='word_1_163' title='bbox 924 2244 1210 2316; x_wconf 79' lang='grc' dir='ltr'>Ἀνάστηθι</span> <span class='ocrx_word' id='word_1_164' title='bbox 1255 2243 1786 2315; x_wconf 78' lang='grc' dir='ltr'>ἀντιλαμϐανόμενος</span> <span class='ocrx_word' id='word_1_165' title='bbox 1832 2243 2008 2315; x_wconf 80' lang='grc' dir='ltr'>ἡμῶν,</span> 
     </span>
    </p>
   </div>
   <div class='ocr_carea' id='block_1_24' title="bbox 441 2334 2011 2414">
    <p class='ocr_par' dir='ltr' id='par_1_24' title="bbox 441 2334 2011 2414">
     <span class='ocr_line' id='line_1_24' title="bbox 441 2334 2011 2414; baseline -0.008 -14"><span class='ocrx_word' id='word_1_166' title='bbox 441 2344 536 2400; x_wconf 73' lang='grc' dir='ltr'><strong>καὶ</strong></span> <span class='ocrx_word' id='word_1_167' title='bbox 571 2341 730 2414; x_wconf 76' lang='grc' dir='ltr'>ῥῦσαι</span> <span class='ocrx_word' id='word_1_168' title='bbox 761 2341 906 2411; x_wconf 82' lang='grc' dir='ltr'>ἡμᾶς</span> <span class='ocrx_word' id='word_1_169' title='bbox 931 2337 1017 2392; x_wconf 84' lang='grc' dir='ltr'>διὰ</span> <span class='ocrx_word' id='word_1_170' title='bbox 1039 2337 1101 2390; x_wconf 83' lang='grc' dir='ltr'><strong>τὸ</strong></span> <span class='ocrx_word' id='word_1_171' title='bbox 1131 2335 1274 2399; x_wconf 80' lang='grc' dir='ltr'>ἔλεός</span> <span class='ocrx_word' id='word_1_172' title='bbox 1303 2352 1416 2390; x_wconf 89' lang='grc' dir='ltr'>σου.</span> <span class='ocrx_word' id='word_1_173' title='bbox 1451 2337 1592 2407; x_wconf 88' lang='grc' dir='ltr'>Ὅρα</span> <span class='ocrx_word' id='word_1_174' title='bbox 1611 2334 1712 2388; x_wconf 82' lang='grc' dir='ltr'>ποῦ</span> <span class='ocrx_word' id='word_1_175' title='bbox 1738 2335 1828 2388; x_wconf 85' lang='grc' dir='ltr'><strong>τὸν</strong></span> <span class='ocrx_word' id='word_1_176' title='bbox 1857 2335 2011 2404; x_wconf 83' lang='grc' dir='ltr'>λόγον</span> 
     </span>
    </p>
   </div>
   <div class='ocr_carea' id='block_1_25' title="bbox 442 2426 2013 2500">
    <p class='ocr_par' dir='ltr' id='par_1_25' title="bbox 442 2426 2013 2500">
     <span class='ocr_line' id='line_1_25' title="bbox 442 2426 2013 2500; baseline -0.006 -12"><span class='ocrx_word' id='word_1_177' title='bbox 442 2433 804 2488; x_wconf 78' lang='grc' dir='ltr'>κατέκλεισεν.</span> <span class='ocrx_word' id='word_1_178' title='bbox 844 2430 1026 2499; x_wconf 75' lang='grc' dir='ltr'>Ἀφεὶς</span> <span class='ocrx_word' id='word_1_179' title='bbox 1046 2427 1153 2499; x_wconf 84' lang='grc' dir='ltr'>γὰρ</span> <span class='ocrx_word' id='word_1_180' title='bbox 1178 2427 1245 2482; x_wconf 81' lang='grc' dir='ltr'>τὰ</span> <span class='ocrx_word' id='word_1_181' title='bbox 1271 2427 1686 2500; x_wconf 78' lang='grc' dir='ltr'>κατορθώματα,</span> <span class='ocrx_word' id='word_1_182' title='bbox 1708 2427 1814 2480; x_wconf 84' lang='grc' dir='ltr'>ἀπὸ</span> <span class='ocrx_word' id='word_1_183' title='bbox 1834 2426 2013 2489; x_wconf 78' lang='grc' dir='ltr'>ἐλέους</span> 
     </span>
    </p>
   </div>
   <div class='ocr_carea' id='block_1_26' title="bbox 442 2517 2014 2594">
    <p class='ocr_par' dir='ltr' id='par_1_26' title="bbox 442 2517 2014 2594">
     <span class='ocr_line' id='line_1_26' title="bbox 442 2517 2014 2594; baseline -0.005 -16"><span class='ocrx_word' id='word_1_184' title='bbox 442 2526 535 2578; x_wconf 72' lang='grc' dir='ltr'><strong>καὶ</strong></span> <span class='ocrx_word' id='word_1_185' title='bbox 564 2523 968 2594; x_wconf 83' lang='grc' dir='ltr'>φιλανθρωπίας</span> <span class='ocrx_word' id='word_1_186' title='bbox 995 2520 1133 2584; x_wconf 82' lang='grc' dir='ltr'>ἀξιοῖ</span> <span class='ocrx_word' id='word_1_187' title='bbox 1160 2518 1445 2584; x_wconf 81' lang='grc' dir='ltr'>σώζεσθαι.</span> <span class='ocrx_word' id='word_1_188' title='bbox 1477 2519 1542 2570; x_wconf 92' lang='grc' dir='ltr'><strong>Τί</strong></span> <span class='ocrx_word' id='word_1_189' title='bbox 1562 2518 1618 2571; x_wconf 86' lang='grc' dir='ltr'><strong>δέ</strong></span> <span class='ocrx_word' id='word_1_190' title='bbox 1651 2519 1819 2583; x_wconf 74' lang='grc' dir='ltr'>ἔστιν,</span> <span class='ocrx_word' id='word_1_191' title='bbox 1857 2517 2014 2570; x_wconf 72' lang='grc' dir='ltr'><strong>Ἕνε-</strong></span> 
     </span>
    </p>
   </div>
   <div class='ocr_carea' id='block_1_27' title="bbox 442 2608 2013 2683">
    <p class='ocr_par' dir='ltr' id='par_1_27' title="bbox 442 2608 2013 2683">
     <span class='ocr_line' id='line_1_27' title="bbox 442 2608 2013 2683; baseline -0.006 -12"><span class='ocrx_word' id='word_1_192' title='bbox 442 2634 550 2671; x_wconf 79' lang='grc' dir='ltr'>κεν</span> <span class='ocrx_word' id='word_1_193' title='bbox 578 2616 682 2671; x_wconf 87' lang='grc' dir='ltr'>τοῦ</span> <span class='ocrx_word' id='word_1_194' title='bbox 707 2615 995 2683; x_wconf 75' lang='grc' dir='ltr'>ὀνόματός</span> <span class='ocrx_word' id='word_1_195' title='bbox 1025 2627 1176 2676; x_wconf 85' lang='grc' dir='ltr'>σου;</span> <span class='ocrx_word' id='word_1_196' title='bbox 1211 2612 1330 2664; x_wconf 82' lang='grc' dir='ltr'>’Ἰνα</span> <span class='ocrx_word' id='word_1_197' title='bbox 1365 2610 1440 2682; x_wconf 78' lang='grc' dir='ltr'>μὴ</span> <span class='ocrx_word' id='word_1_198' title='bbox 1473 2611 1625 2676; x_wconf 85' lang='grc' dir='ltr'>αὐτὸ,</span> <span class='ocrx_word' id='word_1_199' title='bbox 1663 2610 1816 2682; x_wconf 77' lang='grc' dir='ltr'>φησὶ,</span> <span class='ocrx_word' id='word_1_200' title='bbox 1853 2608 2013 2680; x_wconf 78' lang='grc' dir='ltr'>βεϐη-</span> 
     </span>
    </p>
   </div>
   <div class='ocr_carea' id='block_1_28' title="bbox 441 2701 2012 2778">
    <p class='ocr_par' dir='ltr' id='par_1_28' title="bbox 441 2701 2012 2778">
     <span class='ocr_line' id='line_1_28' title="bbox 441 2701 2012 2778; baseline -0.004 -16"><span class='ocrx_word' id='word_1_201' title='bbox 441 2707 610 2778; x_wconf 81' lang='grc' dir='ltr'>λωθῇ.</span> <span class='ocrx_word' id='word_1_202' title='bbox 669 2726 686 2758; x_wconf 75' lang='grc' dir='ltr'><strong>ι</strong></span> <span class='ocrx_word' id='word_1_203' title='bbox 746 2705 1004 2774; x_wconf 79' lang='lat' dir='ltr'><strong>Exsurge,</strong></span> <span class='ocrx_word' id='word_1_204' title='bbox 1042 2715 1331 2772; x_wconf 78' lang='lat' dir='ltr'><strong>protegens</strong></span> <span class='ocrx_word' id='word_1_205' title='bbox 1382 2716 1517 2768; x_wconf 87' lang='lat' dir='ltr'><strong>nos,</strong></span> <span class='ocrx_word' id='word_1_206' title='bbox 1570 2711 1624 2756; x_wconf 83' lang='lat' dir='ltr'><strong>et</strong></span> <span class='ocrx_word' id='word_1_207' title='bbox 1682 2701 1850 2755; x_wconf 89' lang='lat' dir='ltr'><strong>libera</strong></span> <span class='ocrx_word' id='word_1_208' title='bbox 1915 2715 2012 2756; x_wconf 84' lang='lat' dir='ltr'><strong>nos</strong></span> 
     </span>
    </p>
   </div>
   <div class='ocr_carea' id='block_1_29' title="bbox 443 2794 2012 2870">
    <p class='ocr_par' dir='ltr' id='par_1_29' title="bbox 443 2794 2012 2870">
     <span class='ocr_line' id='line_1_29' title="bbox 443 2794 2012 2870; baseline -0.005 -15"><span class='ocrx_word' id='word_1_209' title='bbox 443 2810 663 2870; x_wconf 88' lang='lat' dir='ltr'><strong>propter</strong></span> <span class='ocrx_word' id='word_1_210' title='bbox 693 2797 1120 2854; x_wconf 88' lang='lat' dir='ltr'><strong>misericordiam</strong></span> <span class='ocrx_word' id='word_1_211' title='bbox 1147 2805 1313 2851; x_wconf 92' lang='lat' dir='ltr'><strong>tuam.</strong></span> <span class='ocrx_word' id='word_1_212' title='bbox 1342 2795 1474 2850; x_wconf 86' lang='lat' dir='ltr'><strong>Vide</strong></span> <span class='ocrx_word' id='word_1_213' title='bbox 1507 2794 1775 2866; x_wconf 85' lang='lat' dir='ltr'><strong>quomodo</strong></span> <span class='ocrx_word' id='word_1_214' title='bbox 1803 2808 2012 2848; x_wconf 84' lang='lat' dir='ltr'><strong>sermo-</strong></span> 
     </span>
    </p>
   </div>
   <div class='ocr_carea' id='block_1_30' title="bbox 443 2884 2012 2954">
    <p class='ocr_par' dir='ltr' id='par_1_30' title="bbox 443 2884 2012 2954">
     <span class='ocr_line' id='line_1_30' title="bbox 443 2884 2012 2954; baseline -0.006 -8"><span class='ocrx_word' id='word_1_215' title='bbox 443 2907 566 2947; x_wconf 93' lang='lat' dir='ltr'><strong>nem</strong></span> <span class='ocrx_word' id='word_1_216' title='bbox 603 2889 877 2945; x_wconf 86' lang='lat' dir='ltr'><strong>clauserit.</strong></span> <span class='ocrx_word' id='word_1_217' title='bbox 902 2885 1129 2942; x_wconf 89' lang='lat' dir='ltr'><strong>Omissis</strong></span> <span class='ocrx_word' id='word_1_218' title='bbox 1153 2888 1295 2941; x_wconf 89' lang='lat' dir='ltr'><strong>enim</strong></span> <span class='ocrx_word' id='word_1_219' title='bbox 1323 2885 1477 2940; x_wconf 91' lang='lat' dir='ltr'><strong>bonis</strong></span> <span class='ocrx_word' id='word_1_220' title='bbox 1497 2884 1768 2954; x_wconf 88' lang='lat' dir='ltr'><strong>operibus,</strong></span> <span class='ocrx_word' id='word_1_221' title='bbox 1794 2891 2012 2953; x_wconf 86' lang='lat' dir='ltr'><strong>propter</strong></span> 
     </span>
    </p>
   </div>
   <div class='ocr_carea' id='block_1_31' title="bbox 443 2973 2008 3045">
    <p class='ocr_par' dir='ltr' id='par_1_31' title="bbox 443 2973 2008 3045">
     <span class='ocr_line' id='line_1_31' title="bbox 443 2973 2008 3045; baseline -0.005 -11"><span class='ocrx_word' id='word_1_222' title='bbox 443 2977 874 3034; x_wconf 88' lang='lat' dir='ltr'><strong>misericordiam</strong></span> <span class='ocrx_word' id='word_1_223' title='bbox 933 2985 986 3030; x_wconf 89' lang='lat' dir='ltr'><strong>et</strong></span> <span class='ocrx_word' id='word_1_224' title='bbox 1049 2976 1435 3045; x_wconf 80' lang='lat' dir='ltr'><strong>benignitatem</strong></span> <span class='ocrx_word' id='word_1_225' title='bbox 1491 2973 1728 3043; x_wconf 89' lang='lat' dir='ltr'><strong>postulat</strong></span> <span class='ocrx_word' id='word_1_226' title='bbox 1789 2973 2008 3029; x_wconf 87' lang='lat' dir='ltr'><strong>salvari.</strong></span> 
     </span>
    </p>
   </div>
   <div class='ocr_carea' id='block_1_32' title="bbox 444 3061 2008 3137">
    <p class='ocr_par' dir='ltr' id='par_1_32' title="bbox 444 3061 2008 3137">
     <span class='ocr_line' id='line_1_32' title="bbox 444 3061 2008 3137; baseline -0.003 -15"><span class='ocrx_word' id='word_1_227' title='bbox 444 3067 582 3136; x_wconf 85' lang='lat' dir='ltr'><strong>Quid</strong></span> <span class='ocrx_word' id='word_1_228' title='bbox 617 3081 801 3137; x_wconf 91' lang='lat' dir='ltr'><strong>porro,</strong></span> <span class='ocrx_word' id='word_1_229' title='bbox 837 3062 1057 3133; x_wconf 86' lang='lat' dir='ltr'><strong>Propter</strong></span> <span class='ocrx_word' id='word_1_230' title='bbox 1083 3080 1268 3118; x_wconf 84' lang='lat' dir='ltr'><strong>nomen</strong></span> <span class='ocrx_word' id='word_1_231' title='bbox 1304 3065 1494 3117; x_wconf 85' lang='lat' dir='ltr'><strong>tuum?</strong></span> <span class='ocrx_word' id='word_1_232' title='bbox 1523 3064 1599 3118; x_wconf 86' lang='lat' dir='ltr'><strong>Ne</strong></span> <span class='ocrx_word' id='word_1_233' title='bbox 1627 3061 1776 3126; x_wconf 90' lang='lat' dir='ltr'><strong>illud,</strong></span> <span class='ocrx_word' id='word_1_234' title='bbox 1815 3062 2008 3133; x_wconf 86' lang='lat' dir='ltr'><strong>inquit,</strong></span> 
     </span>
    </p>
   </div>
   <div class='ocr_carea' id='block_1_33' title="bbox 445 3155 2007 3226">
    <p class='ocr_par' dir='ltr' id='par_1_33' title="bbox 445 3155 2007 3226">
     <span class='ocr_line' id='line_1_33' title="bbox 445 3155 2007 3226; baseline -0.004 -10"><span class='ocrx_word' id='word_1_235' title='bbox 445 3160 862 3216; x_wconf 90' lang='lat' dir='ltr'><strong>contaminetur.</strong></span> <span class='ocrx_word' id='word_1_236' title='bbox 885 3155 1213 3226; x_wconf 40' lang='lat' dir='ltr'><strong>[Postquam</strong></span> <span class='ocrx_word' id='word_1_237' title='bbox 1235 3155 1541 3224; x_wconf 76' lang='lat' dir='ltr'><strong>singillatim</strong></span> <span class='ocrx_word' id='word_1_238' title='bbox 1569 3155 1637 3210; x_wconf 93' lang='lat' dir='ltr'><strong>de</strong></span> <span class='ocrx_word' id='word_1_239' title='bbox 1659 3155 1877 3225; x_wconf 86' lang='lat' dir='ltr'><strong>psalmis</strong></span> <span class='ocrx_word' id='word_1_240' title='bbox 1905 3170 2007 3210; x_wconf 92' lang='lat' dir='ltr'><strong>non</strong></span> 
     </span>
    </p>
   </div>
   <div class='ocr_carea' id='block_1_34' title="bbox 443 3246 2011 3320">
    <p class='ocr_par' dir='ltr' id='par_1_34' title="bbox 443 3246 2011 3320">
     <span class='ocr_line' id='line_1_34' title="bbox 443 3246 2011 3320; baseline -0.001 -15"><span class='ocrx_word' id='word_1_241' title='bbox 443 3250 630 3320; x_wconf 85' lang='lat' dir='ltr'><strong>paucis</strong></span> <span class='ocrx_word' id='word_1_242' title='bbox 645 3248 973 3318; x_wconf 86' lang='lat' dir='ltr'><strong>disputatum</strong></span> <span class='ocrx_word' id='word_1_243' title='bbox 999 3257 1105 3314; x_wconf 87' lang='lat' dir='ltr'><strong>est,</strong></span> <span class='ocrx_word' id='word_1_244' title='bbox 1133 3247 1380 3302; x_wconf 87' lang='lat' dir='ltr'><strong>universe</strong></span> <span class='ocrx_word' id='word_1_245' title='bbox 1405 3262 1549 3302; x_wconf 90' lang='lat' dir='ltr'><strong>nunc</strong></span> <span class='ocrx_word' id='word_1_246' title='bbox 1575 3247 1746 3302; x_wconf 90' lang='lat' dir='ltr'><strong>dicam</strong></span> <span class='ocrx_word' id='word_1_247' title='bbox 1772 3246 2011 3316; x_wconf 87' lang='lat' dir='ltr'><strong>psalmos</strong></span> 
     </span>
    </p>
   </div>
   <div class='ocr_carea' id='block_1_35' title="bbox 444 3338 2009 3411">
    <p class='ocr_par' dir='ltr' id='par_1_35' title="bbox 444 3338 2009 3411">
     <span class='ocr_line' id='line_1_35' title="bbox 444 3338 2009 3411; baseline -0.001 -17"><span class='ocrx_word' id='word_1_248' title='bbox 444 3339 916 3411; x_wconf 78' lang='lat' dir='ltr'><strong>quadragesimum</strong></span> <span class='ocrx_word' id='word_1_249' title='bbox 947 3348 1215 3408; x_wconf 90' lang='lat' dir='ltr'><strong>quartum,</strong></span> <span class='ocrx_word' id='word_1_250' title='bbox 1240 3338 1710 3408; x_wconf 86' lang='lat' dir='ltr'><strong>quadragesimum</strong></span> <span class='ocrx_word' id='word_1_251' title='bbox 1735 3339 2009 3408; x_wconf 78' lang='lat' dir='ltr'><strong>quintum,</strong></span> 
     </span>
    </p>
   </div>
   <div class='ocr_carea' id='block_1_36' title="bbox 446 3429 2008 3499">
    <p class='ocr_par' dir='ltr' id='par_1_36' title="bbox 446 3429 2008 3499">
     <span class='ocr_line' id='line_1_36' title="bbox 446 3429 2008 3499; baseline -0.001 -15"><span class='ocrx_word' id='word_1_252' title='bbox 446 3429 915 3499; x_wconf 85' lang='lat' dir='ltr'><strong>quadragesimum</strong></span> <span class='ocrx_word' id='word_1_253' title='bbox 945 3429 1668 3498; x_wconf 82' lang='lat' dir='ltr'><strong>sextum,quadragesimum</strong></span> <span class='ocrx_word' id='word_1_254' title='bbox 1701 3430 2008 3498; x_wconf 87' lang='lat' dir='ltr'><strong>septimum,</strong></span> 
     </span>
    </p>
   </div>
   <div class='ocr_carea' id='block_1_37' title="bbox 444 3521 2012 3594">
    <p class='ocr_par' dir='ltr' id='par_1_37' title="bbox 444 3521 2012 3594">
     <span class='ocr_line' id='line_1_37' title="bbox 444 3521 2012 3594; baseline 0.001 -20"><span class='ocrx_word' id='word_1_255' title='bbox 444 3521 915 3591; x_wconf 86' lang='lat' dir='ltr'><strong>quadragesimum</strong></span> <span class='ocrx_word' id='word_1_256' title='bbox 945 3528 1192 3594; x_wconf 85' lang='lat' dir='ltr'><strong>octavum</strong></span> <span class='ocrx_word' id='word_1_257' title='bbox 1229 3529 1282 3574; x_wconf 90' lang='lat' dir='ltr'><strong>et</strong></span> <span class='ocrx_word' id='word_1_258' title='bbox 1317 3522 1785 3592; x_wconf 81' lang='lat' dir='ltr'><strong>quadragesimum</strong></span> <span class='ocrx_word' id='word_1_259' title='bbox 1811 3536 2012 3577; x_wconf 88' lang='lat' dir='ltr'><strong>nonum</strong></span> 
     </span>
    </p>
   </div>
   <div class='ocr_carea' id='block_1_38' title="bbox 443 3607 2015 3682">
    <p class='ocr_par' dir='ltr' id='par_1_38' title="bbox 443 3607 2015 3682">
     <span class='ocr_line' id='line_1_38' title="bbox 443 3607 2015 3682; baseline 0.001 -18"><span class='ocrx_word' id='word_1_260' title='bbox 443 3609 770 3680; x_wconf 78' lang='lat' dir='ltr'><strong>fragmentis</strong></span> <span class='ocrx_word' id='word_1_261' title='bbox 799 3609 926 3664; x_wconf 87' lang='lat' dir='ltr'><strong>hinc</strong></span> <span class='ocrx_word' id='word_1_262' title='bbox 957 3608 1104 3665; x_wconf 88' lang='lat' dir='ltr'><strong>illinc</strong></span> <span class='ocrx_word' id='word_1_263' title='bbox 1145 3623 1176 3664; x_wconf 90' lang='lat' dir='ltr'><strong>e</strong></span> <span class='ocrx_word' id='word_1_264' title='bbox 1205 3607 1590 3681; x_wconf 87' lang='lat' dir='ltr'><strong>Chrysostomo</strong></span> <span class='ocrx_word' id='word_1_265' title='bbox 1630 3614 1900 3682; x_wconf 81' lang='lat' dir='ltr'><strong>excerptis</strong></span> <span class='ocrx_word' id='word_1_266' title='bbox 1928 3626 2015 3666; x_wconf 89' lang='lat' dir='ltr'><strong>re-</strong></span> 
     </span>
    </p>
   </div>
   <div class='ocr_carea' id='block_1_39' title="bbox 441 3699 2014 3770">
    <p class='ocr_par' dir='ltr' id='par_1_39' title="bbox 441 3699 2014 3770">
     <span class='ocr_line' id='line_1_39' title="bbox 441 3699 2014 3770; baseline 0.001 -14"><span class='ocrx_word' id='word_1_267' title='bbox 441 3699 653 3756; x_wconf 72' lang='lat' dir='ltr'><strong>ferciri.</strong></span> <span class='ocrx_word' id='word_1_268' title='bbox 695 3699 776 3755; x_wconf 83' lang='lat' dir='ltr'><strong>Ad</strong></span> <span class='ocrx_word' id='word_1_269' title='bbox 810 3699 913 3754; x_wconf 87' lang='lat' dir='ltr'><strong>alia</strong></span> <span class='ocrx_word' id='word_1_270' title='bbox 932 3699 1363 3769; x_wconf 87' lang='lat' dir='ltr'><strong>properabimus,</strong></span> <span class='ocrx_word' id='word_1_271' title='bbox 1386 3700 1429 3754; x_wconf 90' lang='lat' dir='ltr'><strong>si</strong></span> <span class='ocrx_word' id='word_1_272' title='bbox 1465 3700 1611 3770; x_wconf 87' lang='lat' dir='ltr'><strong>prius</strong></span> <span class='ocrx_word' id='word_1_273' title='bbox 1646 3701 2014 3758; x_wconf 88' lang='lat' dir='ltr'><strong>monuerimus</strong></span> 
     </span>
    </p>
   </div>
   <div class='ocr_carea' id='block_1_40' title="bbox 447 3791 2013 3862">
    <p class='ocr_par' dir='ltr' id='par_1_40' title="bbox 447 3791 2013 3862">
     <span class='ocr_line' id='line_1_40' title="bbox 447 3791 2013 3862; baseline 0.001 -14"><span class='ocrx_word' id='word_1_274' title='bbox 447 3794 502 3849; x_wconf 93' lang='lat' dir='ltr'><strong>in</strong></span> <span class='ocrx_word' id='word_1_275' title='bbox 527 3791 933 3856; x_wconf 90' lang='lat' dir='ltr'><strong>commentario,</strong></span> <span class='ocrx_word' id='word_1_276' title='bbox 973 3800 1114 3848; x_wconf 93' lang='lat' dir='ltr'><strong>tomo</strong></span> <span class='ocrx_word' id='word_1_277' title='bbox 1144 3792 1337 3860; x_wconf 89' lang='lat' dir='ltr'><strong>primo.</strong></span> <span class='ocrx_word' id='word_1_278' title='bbox 1365 3807 1418 3862; x_wconf 93' lang='lat' dir='ltr'><strong>p.</strong></span> <span class='ocrx_word' id='word_1_279' title='bbox 1448 3792 1575 3857; x_wconf 80' lang='lat'><strong>836,</strong></span> <span class='ocrx_word' id='word_1_280' title='bbox 1604 3792 1708 3848; x_wconf 87' lang='lat' dir='ltr'><strong>dici</strong></span> <span class='ocrx_word' id='word_1_281' title='bbox 1759 3795 1826 3848; x_wconf 88' lang='lat' dir='ltr'><strong>ab</strong></span> <span class='ocrx_word' id='word_1_282' title='bbox 1852 3792 2013 3850; x_wconf 85' lang='lat' dir='ltr'><strong>Hele-</strong></span> 
     </span>
    </p>
   </div>
   <div class='ocr_carea' id='block_1_41' title="bbox 440 3882 2015 3956">
    <p class='ocr_par' dir='ltr' id='par_1_41' title="bbox 440 3882 2015 3956">
     <span class='ocr_line' id='line_1_41' title="bbox 440 3882 2015 3956; baseline 0.003 -18"><span class='ocrx_word' id='word_1_283' title='bbox 440 3901 515 3939; x_wconf 87' lang='lat' dir='ltr'><strong>na</strong></span> <span class='ocrx_word' id='word_1_284' title='bbox 548 3883 886 3954; x_wconf 79' lang='lat' dir='ltr'><strong>Eudociaque</strong></span> <span class='ocrx_word' id='word_1_285' title='bbox 931 3891 986 3937; x_wconf 91' lang='lat' dir='ltr'><strong>et</strong></span> <span class='ocrx_word' id='word_1_286' title='bbox 1031 3882 1098 3936; x_wconf 93' lang='lat' dir='ltr'><strong>ab</strong></span> <span class='ocrx_word' id='word_1_287' title='bbox 1141 3884 1259 3938; x_wconf 82' lang='lat' dir='ltr'><strong>aliis</strong></span> <span class='ocrx_word' id='word_1_288' title='bbox 1298 3899 1482 3953; x_wconf 91' lang='lat' dir='ltr'><strong>regum</strong></span> <span class='ocrx_word' id='word_1_289' title='bbox 1517 3884 1729 3940; x_wconf 85' lang='lat' dir='ltr'><strong>ﬁliabus</strong></span> <span class='ocrx_word' id='word_1_290' title='bbox 1772 3885 2015 3956; x_wconf 87' lang='lat' dir='ltr'><strong>plurimis</strong></span> 
     </span>
    </p>
   </div>
   <div class='ocr_carea' id='block_1_42' title="bbox 446 3972 2014 4048">
    <p class='ocr_par' dir='ltr' id='par_1_42' title="bbox 446 3972 2014 4048">
     <span class='ocr_line' id='line_1_42' title="bbox 446 3972 2014 4048; baseline 0 -16"><span class='ocrx_word' id='word_1_291' title='bbox 446 3985 752 4032; x_wconf 90' lang='lat' dir='ltr'><strong>constructa</strong></span> <span class='ocrx_word' id='word_1_292' title='bbox 780 3973 946 4028; x_wconf 80' lang='lat' dir='ltr'><strong>fuisse</strong></span> <span class='ocrx_word' id='word_1_293' title='bbox 967 3972 1312 4044; x_wconf 64' lang='lat' dir='ltr'><strong>ierosolymis</strong></span> <span class='ocrx_word' id='word_1_294' title='bbox 1345 3974 1538 4044; x_wconf 90' lang='lat' dir='ltr'><strong>templa</strong></span> <span class='ocrx_word' id='word_1_295' title='bbox 1567 3976 1849 4046; x_wconf 84' lang='lat' dir='ltr'><strong>magnifica</strong></span> <span class='ocrx_word' id='word_1_296' title='bbox 1871 3995 1885 4030; x_wconf 87' lang='lat'><strong>:</strong></span> <span class='ocrx_word' id='word_1_297' title='bbox 1907 3992 2014 4048; x_wconf 91' lang='lat' dir='ltr'><strong>quo</strong></span> 
     </span>
    </p>
   </div>
   <div class='ocr_carea' id='block_1_43' title="bbox 442 4062 2012 4135">
    <p class='ocr_par' dir='ltr' id='par_1_43' title="bbox 442 4062 2012 4135">
     <span class='ocr_line' id='line_1_43' title="bbox 442 4062 2012 4135; baseline 0.001 -15"><span class='ocrx_word' id='word_1_298' title='bbox 442 4067 620 4135; x_wconf 85' lang='lat' dir='ltr'><strong>magis</strong></span> <span class='ocrx_word' id='word_1_299' title='bbox 643 4065 809 4118; x_wconf 88' lang='lat' dir='ltr'><strong>miror</strong></span> <span class='ocrx_word' id='word_1_300' title='bbox 838 4065 941 4118; x_wconf 86' lang='lat' dir='ltr'><strong>hoc</strong></span> <span class='ocrx_word' id='word_1_301' title='bbox 970 4078 1104 4130; x_wconf 87' lang='lat' dir='ltr'><strong>opus</strong></span> <span class='ocrx_word' id='word_1_302' title='bbox 1132 4062 1414 4118; x_wconf 84' lang='lat' dir='ltr'><strong>Theodoro</strong></span> <span class='ocrx_word' id='word_1_303' title='bbox 1447 4062 1775 4121; x_wconf 73' lang='lat' dir='ltr'><strong>Heracleotte</strong></span> <span class='ocrx_word' id='word_1_304' title='bbox 1816 4067 2012 4122; x_wconf 88' lang='lat' dir='ltr'><strong>ascribi</strong></span> 
     </span>
    </p>
   </div>
   <div class='ocr_carea' id='block_1_44' title="bbox 448 4153 2016 4227">
    <p class='ocr_par' dir='ltr' id='par_1_44' title="bbox 448 4153 2016 4227">
     <span class='ocr_line' id='line_1_44' title="bbox 448 4153 2016 4227; baseline 0.001 -17"><span class='ocrx_word' id='word_1_305' title='bbox 448 4156 707 4227; x_wconf 89' lang='lat' dir='ltr'><strong>potuisse.</strong></span> <span class='ocrx_word' id='word_1_306' title='bbox 782 4153 914 4206; x_wconf 68' lang='lat' dir='ltr'><strong>Nam</strong></span> <span class='ocrx_word' id='word_1_307' title='bbox 976 4153 1204 4207; x_wconf 86' lang='lat' dir='ltr'><strong>libenter</strong></span> <span class='ocrx_word' id='word_1_308' title='bbox 1271 4167 1606 4222; x_wconf 61' lang='lat' dir='ltr'><strong>quaererem,</strong></span> <span class='ocrx_word' id='word_1_309' title='bbox 1668 4168 1787 4224; x_wconf 74' lang='lat' dir='ltr'><strong>quae</strong></span> <span class='ocrx_word' id='word_1_310' title='bbox 1851 4155 2016 4212; x_wconf 88' lang='lat' dir='ltr'><strong>fuerit</strong></span> 
     </span>
    </p>
   </div>
   <div class='ocr_carea' id='block_1_45' title="bbox 444 4243 2017 4315">
    <p class='ocr_par' dir='ltr' id='par_1_45' title="bbox 444 4243 2017 4315">
     <span class='ocr_line' id='line_1_45' title="bbox 444 4243 2017 4315; baseline -0.003 -11"><span class='ocrx_word' id='word_1_311' title='bbox 444 4247 682 4304; x_wconf 85' lang='lat' dir='ltr'><strong>Eudocia</strong></span> <span class='ocrx_word' id='word_1_312' title='bbox 705 4245 816 4310; x_wconf 91' lang='lat' dir='ltr'><strong>illa,</strong></span> <span class='ocrx_word' id='word_1_313' title='bbox 844 4259 962 4314; x_wconf 81' lang='lat' dir='ltr'><strong>quae</strong></span> <span class='ocrx_word' id='word_1_314' title='bbox 993 4244 1173 4304; x_wconf 87' lang='lat' dir='ltr'><strong>multae</strong></span> <span class='ocrx_word' id='word_1_315' title='bbox 1209 4243 1310 4298; x_wconf 73' lang='lat' dir='ltr'><strong>illa:</strong></span> <span class='ocrx_word' id='word_1_316' title='bbox 1339 4259 1524 4314; x_wconf 87' lang='lat' dir='ltr'><strong>regum</strong></span> <span class='ocrx_word' id='word_1_317' title='bbox 1561 4244 1701 4309; x_wconf 61' lang='lat' dir='ltr'><strong>ﬁlim,</strong></span> <span class='ocrx_word' id='word_1_318' title='bbox 1732 4261 1848 4315; x_wconf 61' lang='lat' dir='ltr'><strong>qua:</strong></span> <span class='ocrx_word' id='word_1_319' title='bbox 1881 4255 2017 4300; x_wconf 87' lang='lat' dir='ltr'><strong>tem-</strong></span> 
     </span>
    </p>
   </div>
   <div class='ocr_carea' id='block_1_46' title="bbox 448 4332 2016 4409">
    <p class='ocr_par' dir='ltr' id='par_1_46' title="bbox 448 4332 2016 4409">
     <span class='ocr_line' id='line_1_46' title="bbox 448 4332 2016 4409; baseline -0.001 -19"><span class='ocrx_word' id='word_1_320' title='bbox 448 4338 534 4409; x_wconf 88' lang='lat' dir='ltr'><strong>pla</strong></span> <span class='ocrx_word' id='word_1_321' title='bbox 567 4345 876 4404; x_wconf 85' lang='lat' dir='ltr'><strong>sumptuosa</strong></span> <span class='ocrx_word' id='word_1_322' title='bbox 907 4332 1176 4389; x_wconf 83' lang='lat' dir='ltr'><strong>Theodori</strong></span> <span class='ocrx_word' id='word_1_323' title='bbox 1221 4342 1380 4388; x_wconf 83' lang='lat' dir='ltr'><strong>aetate</strong></span> <span class='ocrx_word' id='word_1_324' title='bbox 1401 4334 1750 4405; x_wconf 78' lang='lat' dir='ltr'><strong>Jerosolymis</strong></span> <span class='ocrx_word' id='word_1_325' title='bbox 1781 4333 2016 4392; x_wconf 73' lang='lat' dir='ltr'><strong>aedifica-</strong></span> 
     </span>
    </p>
   </div>
   <div class='ocr_carea' id='block_1_47' title="bbox 448 4428 2014 4501">
    <p class='ocr_par' dir='ltr' id='par_1_47' title="bbox 448 4428 2014 4501">
     <span class='ocr_line' id='line_1_47' title="bbox 448 4428 2014 4501; baseline 0.001 -16"><span class='ocrx_word' id='word_1_326' title='bbox 448 4434 576 4486; x_wconf 91' lang='lat' dir='ltr'><strong>rint.</strong></span> <span class='ocrx_word' id='word_1_327' title='bbox 610 4429 768 4495; x_wconf 79' lang='lat' dir='ltr'><strong>Nam,</strong></span> <span class='ocrx_word' id='word_1_328' title='bbox 796 4438 853 4482; x_wconf 85' lang='lat' dir='ltr'><strong>ut</strong></span> <span class='ocrx_word' id='word_1_329' title='bbox 879 4428 1092 4483; x_wconf 90' lang='lat' dir='ltr'><strong>interim</strong></span> <span class='ocrx_word' id='word_1_330' title='bbox 1129 4428 1314 4484; x_wconf 89' lang='lat' dir='ltr'><strong>sileam</strong></span> <span class='ocrx_word' id='word_1_331' title='bbox 1361 4430 1426 4484; x_wconf 89' lang='lat' dir='ltr'><strong>de</strong></span> <span class='ocrx_word' id='word_1_332' title='bbox 1459 4429 1641 4484; x_wconf 91' lang='lat' dir='ltr'><strong>multis</strong></span> <span class='ocrx_word' id='word_1_333' title='bbox 1683 4429 1788 4485; x_wconf 83' lang='lat' dir='ltr'><strong>illis</strong></span> <span class='ocrx_word' id='word_1_334' title='bbox 1827 4445 2014 4501; x_wconf 88' lang='lat' dir='ltr'><strong>regum</strong></span> 
     </span>
    </p>
   </div>
   <div class='ocr_carea' id='block_1_48' title="bbox 2107 601 3674 671">
    <p class='ocr_par' dir='ltr' id='par_1_48' title="bbox 2107 601 3674 671">
     <span class='ocr_line' id='line_1_48' title="bbox 2107 601 3674 671; baseline 0.002 -15"><span class='ocrx_word' id='word_1_335' title='bbox 2107 603 2324 658; x_wconf 89' lang='lat' dir='ltr'><strong>virtutis</strong></span> <span class='ocrx_word' id='word_1_336' title='bbox 2360 601 2571 656; x_wconf 68' lang='lat' dir='ltr'><strong>athletae</strong></span> <span class='ocrx_word' id='word_1_337' title='bbox 2619 601 2857 656; x_wconf 88' lang='lat' dir='ltr'><strong>laborum</strong></span> <span class='ocrx_word' id='word_1_338' title='bbox 2899 603 3113 671; x_wconf 88' lang='lat' dir='ltr'><strong>quidem</strong></span> <span class='ocrx_word' id='word_1_339' title='bbox 3160 603 3366 658; x_wconf 88' lang='lat' dir='ltr'><strong>fructus</strong></span> <span class='ocrx_word' id='word_1_340' title='bbox 3401 604 3452 657; x_wconf 88' lang='lat' dir='ltr'><strong>in</strong></span> <span class='ocrx_word' id='word_1_341' title='bbox 3492 603 3674 659; x_wconf 86' lang='lat' dir='ltr'><strong>futura</strong></span> 
     </span>
    </p>
   </div>
   <div class='ocr_carea' id='block_1_49' title="bbox 2108 692 3656 761">
    <p class='ocr_par' dir='ltr' id='par_1_49' title="bbox 2108 692 3656 761">
     <span class='ocr_line' id='line_1_49' title="bbox 2108 692 3656 761; baseline 0.001 -11"><span class='ocrx_word' id='word_1_342' title='bbox 2108 694 2218 750; x_wconf 86' lang='lat' dir='ltr'><strong>vita</strong></span> <span class='ocrx_word' id='word_1_343' title='bbox 2257 692 2676 761; x_wconf 89' lang='lat' dir='ltr'><strong>reportabunt...</strong></span> <span class='ocrx_word' id='word_1_344' title='bbox 2717 702 2771 748; x_wconf 91' lang='lat' dir='ltr'><strong>et</strong></span> <span class='ocrx_word' id='word_1_345' title='bbox 2801 694 2966 748; x_wconf 92' lang='lat' dir='ltr'><strong>animi</strong></span> <span class='ocrx_word' id='word_1_346' title='bbox 3024 693 3379 750; x_wconf 88' lang='lat' dir='ltr'><strong>delectatione</strong></span> <span class='ocrx_word' id='word_1_347' title='bbox 3410 694 3656 752; x_wconf 90' lang='lat' dir='ltr'><strong>laborum</strong></span> 
     </span>
    </p>
   </div>
   <div class='ocr_carea' id='block_1_50' title="bbox 2109 783 3680 854">
    <p class='ocr_par' dir='ltr' id='par_1_50' title="bbox 2109 783 3680 854">
     <span class='ocr_line' id='line_1_50' title="bbox 2109 783 3680 854; baseline 0.003 -16"><span class='ocrx_word' id='word_1_348' title='bbox 2109 785 2409 847; x_wconf 87' lang='lat' dir='ltr'><strong>molestiam</strong></span> <span class='ocrx_word' id='word_1_349' title='bbox 2440 783 2864 841; x_wconf 85' lang='lat' dir='ltr'><strong>fallunt...NilIil</strong></span> <span class='ocrx_word' id='word_1_350' title='bbox 2897 785 3226 840; x_wconf 88' lang='lat' dir='ltr'><strong>contrarium</strong></span> <span class='ocrx_word' id='word_1_351' title='bbox 3255 786 3680 854; x_wconf 87' lang='lat' dir='ltr'><strong>divinislegibus</strong></span> 
     </span>
    </p>
   </div>
   <div class='ocr_carea' id='block_1_51' title="bbox 2109 876 3674 950">
    <p class='ocr_par' dir='ltr' id='par_1_51' title="bbox 2109 876 3674 950">
     <span class='ocr_line' id='line_1_51' title="bbox 2109 876 3674 950; baseline -0.001 -16"><span class='ocrx_word' id='word_1_352' title='bbox 2109 877 2415 947; x_wconf 89' lang='lat' dir='ltr'><strong>hujusmodi</strong></span> <span class='ocrx_word' id='word_1_353' title='bbox 2456 878 2617 933; x_wconf 91' lang='lat' dir='ltr'><strong>homo</strong></span> <span class='ocrx_word' id='word_1_354' title='bbox 2650 877 2833 934; x_wconf 85' lang='lat' dir='ltr'><strong>facere</strong></span> <span class='ocrx_word' id='word_1_355' title='bbox 2882 876 3046 944; x_wconf 89' lang='lat' dir='ltr'><strong>volet,</strong></span> <span class='ocrx_word' id='word_1_356' title='bbox 3105 886 3165 932; x_wconf 91' lang='lat' dir='ltr'><strong>ut</strong></span> <span class='ocrx_word' id='word_1_357' title='bbox 3211 877 3302 947; x_wconf 91' lang='lat' dir='ltr'><strong>qui</strong></span> <span class='ocrx_word' id='word_1_358' title='bbox 3346 879 3541 934; x_wconf 76' lang='lat' dir='ltr'><strong>divinae</strong></span> <span class='ocrx_word' id='word_1_359' title='bbox 3569 881 3674 950; x_wconf 88' lang='lat' dir='ltr'><strong>legi</strong></span> 
     </span>
    </p>
   </div>
   <div class='ocr_carea' id='block_1_52' title="bbox 2109 966 3680 1038">
    <p class='ocr_par' dir='ltr' id='par_1_52' title="bbox 2109 966 3680 1038">
     <span class='ocr_line' id='line_1_52' title="bbox 2109 966 3680 1038; baseline -0.002 -12"><span class='ocrx_word' id='word_1_360' title='bbox 2109 985 2260 1027; x_wconf 91' lang='lat' dir='ltr'><strong>suam</strong></span> <span class='ocrx_word' id='word_1_361' title='bbox 2288 969 2455 1038; x_wconf 89' lang='lat' dir='ltr'><strong>ipsius</strong></span> <span class='ocrx_word' id='word_1_362' title='bbox 2485 966 2814 1025; x_wconf 88' lang='lat' dir='ltr'><strong>voluntatem</strong></span> <span class='ocrx_word' id='word_1_363' title='bbox 2856 969 3250 1022; x_wconf 87' lang='lat' dir='ltr'><strong>accommodet.</strong></span> <span class='ocrx_word' id='word_1_364' title='bbox 3283 987 3301 1020; x_wconf 73' lang='grc' dir='ltr'><strong>ι</strong></span> <span class='ocrx_word' id='word_1_365' title='bbox 3338 967 3516 1024; x_wconf 82' lang='lat' dir='ltr'><strong>Verba</strong></span> <span class='ocrx_word' id='word_1_366' title='bbox 3551 983 3680 1023; x_wconf 87' lang='lat' dir='ltr'><strong>vero</strong></span> 
     </span>
    </p>
   </div>
   <div class='ocr_carea' id='block_1_53' title="bbox 2108 1057 3678 1133">
    <p class='ocr_par' dir='ltr' id='par_1_53' title="bbox 2108 1057 3678 1133">
     <span class='ocr_line' id='line_1_53' title="bbox 2108 1057 3678 1133; baseline -0.001 -17"><span class='ocrx_word' id='word_1_367' title='bbox 2108 1057 2612 1133; x_wconf 87' lang='lat' dir='ltr'><strong>pseudo-Theodori</strong></span> <span class='ocrx_word' id='word_1_368' title='bbox 2641 1061 2755 1115; x_wconf 68' lang='lat' dir='ltr'><strong>haec</strong></span> <span class='ocrx_word' id='word_1_369' title='bbox 2778 1070 2906 1116; x_wconf 91' lang='lat' dir='ltr'><strong>sunt</strong></span> <span class='ocrx_word' id='word_1_370' title='bbox 2935 1077 2947 1114; x_wconf 91' lang='lat'><strong>:</strong></span> <span class='ocrx_word' id='word_1_371' title='bbox 2984 1061 3096 1115; x_wconf 72' lang='grc' dir='ltr'><strong>Καὶ</strong></span> <span class='ocrx_word' id='word_1_372' title='bbox 3117 1059 3226 1131; x_wconf 83' lang='grc' dir='ltr'>γὰρ</span> <span class='ocrx_word' id='word_1_373' title='bbox 3259 1062 3309 1113; x_wconf 89' lang='grc' dir='ltr'>οἱ</span> <span class='ocrx_word' id='word_1_374' title='bbox 3338 1061 3438 1132; x_wconf 83' lang='grc' dir='ltr'><strong>τῆς</strong></span> <span class='ocrx_word' id='word_1_375' title='bbox 3472 1062 3678 1132; x_wconf 77' lang='grc' dir='ltr'>ἀρετῆς</span> 
     </span>
    </p>
   </div>
   <div class='ocr_carea' id='block_1_54' title="bbox 2108 1148 3677 1225">
    <p class='ocr_par' dir='ltr' id='par_1_54' title="bbox 2108 1148 3677 1225">
     <span class='ocr_line' id='line_1_54' title="bbox 2108 1148 3677 1225; baseline -0.001 -16"><span class='ocrx_word' id='word_1_376' title='bbox 2108 1153 2341 1225; x_wconf 75' lang='grc' dir='ltr'>ἀθληταὶ</span> <span class='ocrx_word' id='word_1_377' title='bbox 2355 1155 2478 1217; x_wconf 84' lang='grc' dir='ltr'>τοὺς</span> <span class='ocrx_word' id='word_1_378' title='bbox 2518 1148 2616 1224; x_wconf 81' lang='grc' dir='ltr'><strong>μὲν</strong></span> <span class='ocrx_word' id='word_1_379' title='bbox 2642 1153 2750 1206; x_wconf 83' lang='grc' dir='ltr'><strong>τῶν</strong></span> <span class='ocrx_word' id='word_1_380' title='bbox 2766 1153 2942 1208; x_wconf 88' lang='grc' dir='ltr'>πόνων</span> <span class='ocrx_word' id='word_1_381' title='bbox 2970 1153 3214 1224; x_wconf 75' lang='grc' dir='ltr'>καρποὺς</span> <span class='ocrx_word' id='word_1_382' title='bbox 3231 1152 3374 1206; x_wconf 86' lang='grc' dir='ltr'>κατὰ</span> <span class='ocrx_word' id='word_1_383' title='bbox 3402 1153 3464 1206; x_wconf 84' lang='grc' dir='ltr'><strong>τὸ</strong></span> <span class='ocrx_word' id='word_1_384' title='bbox 3487 1153 3677 1224; x_wconf 80' lang='grc' dir='ltr'>μέλλον</span> 
     </span>
    </p>
   </div>
   <div class='ocr_carea' id='block_1_55' title="bbox 2108 1242 3680 1318">
    <p class='ocr_par' dir='ltr' id='par_1_55' title="bbox 2108 1242 3680 1318">
     <span class='ocr_line' id='line_1_55' title="bbox 2108 1242 3680 1318; baseline -0.003 -18"><span class='ocrx_word' id='word_1_385' title='bbox 2108 1245 2486 1318; x_wconf 80' lang='grc' dir='ltr'>κομίζονται...</span> <span class='ocrx_word' id='word_1_386' title='bbox 2526 1246 2621 1299; x_wconf 85' lang='grc' dir='ltr'><strong>καὶ</strong></span> <span class='ocrx_word' id='word_1_387' title='bbox 2650 1244 2938 1298; x_wconf 86' lang='grc' dir='ltr'>κλέπτουσι</span> <span class='ocrx_word' id='word_1_388' title='bbox 2972 1247 3037 1315; x_wconf 84' lang='grc' dir='ltr'>τῇ</span> <span class='ocrx_word' id='word_1_389' title='bbox 3069 1243 3394 1315; x_wconf 75' lang='grc' dir='ltr'>ψυχαγωγία</span> <span class='ocrx_word' id='word_1_390' title='bbox 3425 1243 3522 1314; x_wconf 83' lang='grc' dir='ltr'>τὴν</span> <span class='ocrx_word' id='word_1_391' title='bbox 3569 1242 3680 1297; x_wconf 84' lang='grc' dir='ltr'>τῶν</span> 
     </span>
    </p>
   </div>
   <div class='ocr_carea' id='block_1_56' title="bbox 2109 1334 3680 1410">
    <p class='ocr_par' dir='ltr' id='par_1_56' title="bbox 2109 1334 3680 1410">
     <span class='ocr_line' id='line_1_56' title="bbox 2109 1334 3680 1410; baseline -0.004 -17"><span class='ocrx_word' id='word_1_392' title='bbox 2109 1340 2288 1393; x_wconf 85' lang='grc' dir='ltr'>πόνων</span> <span class='ocrx_word' id='word_1_393' title='bbox 2334 1337 2677 1410; x_wconf 87' lang='grc' dir='ltr'>βαρύτητα...</span> <span class='ocrx_word' id='word_1_394' title='bbox 2724 1337 2889 1392; x_wconf 80' lang='grc' dir='ltr'>Οὐδὲν</span> <span class='ocrx_word' id='word_1_395' title='bbox 2941 1336 3050 1409; x_wconf 82' lang='grc' dir='ltr'>γὰρ</span> <span class='ocrx_word' id='word_1_396' title='bbox 3087 1337 3325 1391; x_wconf 81' lang='grc' dir='ltr'>ἐναντίον</span> <span class='ocrx_word' id='word_1_397' title='bbox 3373 1339 3485 1399; x_wconf 84' lang='grc' dir='ltr'>τοῖς</span> <span class='ocrx_word' id='word_1_398' title='bbox 3516 1334 3680 1399; x_wconf 84' lang='grc' dir='ltr'>θείοις</span> 
     </span>
    </p>
   </div>
   <div class='ocr_carea' id='block_1_57' title="bbox 2085 1429 3664 1509">
    <p class='ocr_par' dir='ltr' id='par_1_57' title="bbox 2085 1429 3664 1509">
     <span class='ocr_line' id='line_1_57' title="bbox 2085 1429 3664 1509; baseline 0 -26"><span class='ocrx_word' id='word_1_399' title='bbox 2085 1432 2294 1505; x_wconf 84' lang='grc' dir='ltr'>,νόμοις</span> <span class='ocrx_word' id='word_1_400' title='bbox 2335 1433 2689 1503; x_wconf 79' lang='grc' dir='ltr'>διενεργήσει,</span> <span class='ocrx_word' id='word_1_401' title='bbox 2724 1431 2803 1503; x_wconf 81' lang='grc' dir='ltr'>τῷ</span> <span class='ocrx_word' id='word_1_402' title='bbox 2828 1430 2928 1509; x_wconf 40' lang='grc' dir='ltr'>,τοῦ</span> <span class='ocrx_word' id='word_1_403' title='bbox 2967 1430 3130 1502; x_wconf 88' lang='grc' dir='ltr'>νόμου</span> <span class='ocrx_word' id='word_1_404' title='bbox 3159 1429 3458 1501; x_wconf 85' lang='grc' dir='ltr'>βουλήματι</span> <span class='ocrx_word' id='word_1_405' title='bbox 3482 1446 3664 1501; x_wconf 75' lang='grc' dir='ltr'>συναρ</span> 
     </span>
    </p>
   </div>
   <div class='ocr_carea' id='block_1_58' title="bbox 2111 1519 3678 1595">
    <p class='ocr_par' dir='ltr' id='par_1_58' title="bbox 2111 1519 3678 1595">
     <span class='ocr_line' id='line_1_58' title="bbox 2111 1519 3678 1595; baseline 0.001 -18"><span class='ocrx_word' id='word_1_406' title='bbox 2111 1524 2320 1595; x_wconf 87' lang='grc' dir='ltr'>μόττων</span> <span class='ocrx_word' id='word_1_407' title='bbox 2370 1524 2431 1577; x_wconf 84' lang='grc' dir='ltr'><strong>τὸ</strong></span> <span class='ocrx_word' id='word_1_408' title='bbox 2468 1522 2701 1593; x_wconf 82' lang='grc' dir='ltr'>θέλημα.</span> <span class='ocrx_word' id='word_1_409' title='bbox 2732 1541 2750 1572; x_wconf 72' lang='grc' dir='ltr'><em>α</em></span> <span class='ocrx_word' id='word_1_410' title='bbox 2792 1521 3065 1590; x_wconf 83' lang='lat' dir='ltr'><strong>Siquidem</strong></span> <span class='ocrx_word' id='word_1_411' title='bbox 3099 1520 3312 1574; x_wconf 73' lang='lat' dir='ltr'><strong>athletae</strong></span> <span class='ocrx_word' id='word_1_412' title='bbox 3360 1519 3577 1575; x_wconf 86' lang='lat' dir='ltr'><strong>virtutis</strong></span> <span class='ocrx_word' id='word_1_413' title='bbox 3625 1521 3678 1578; x_wconf 89' lang='lat' dir='ltr'><strong>in</strong></span> 
     </span>
    </p>
   </div>
   <div class='ocr_carea' id='block_1_59' title="bbox 2109 1609 3677 1686">
    <p class='ocr_par' dir='ltr' id='par_1_59' title="bbox 2109 1609 3677 1686">
     <span class='ocr_line' id='line_1_59' title="bbox 2109 1609 3677 1686; baseline -0.003 -16"><span class='ocrx_word' id='word_1_414' title='bbox 2109 1616 2287 1670; x_wconf 86' lang='lat' dir='ltr'><strong>futura</strong></span> <span class='ocrx_word' id='word_1_415' title='bbox 2317 1616 2534 1686; x_wconf 87' lang='lat' dir='ltr'><strong>quidem</strong></span> <span class='ocrx_word' id='word_1_416' title='bbox 2571 1615 2682 1668; x_wconf 87' lang='lat' dir='ltr'><strong>vita</strong></span> <span class='ocrx_word' id='word_1_417' title='bbox 2719 1614 2960 1667; x_wconf 89' lang='lat' dir='ltr'><strong>laborum</strong></span> <span class='ocrx_word' id='word_1_418' title='bbox 3019 1612 3230 1666; x_wconf 84' lang='lat' dir='ltr'><strong>fructus</strong></span> <span class='ocrx_word' id='word_1_419' title='bbox 3284 1609 3521 1666; x_wconf 80' lang='lat' dir='ltr'><strong>referent</strong></span> <span class='ocrx_word' id='word_1_420' title='bbox 3553 1649 3569 1664; x_wconf 94' lang='lat'><strong>.</strong></span> <span class='ocrx_word' id='word_1_421' title='bbox 3608 1646 3625 1662; x_wconf 97' lang='lat'><strong>.</strong></span> <span class='ocrx_word' id='word_1_422' title='bbox 3660 1649 3677 1665; x_wconf 94' lang='lat'><strong>.</strong></span> 
     </span>
    </p>
   </div>
   <div class='ocr_carea' id='block_1_60' title="bbox 2109 1700 3676 1776">
    <p class='ocr_par' dir='ltr' id='par_1_60' title="bbox 2109 1700 3676 1776">
     <span class='ocr_line' id='line_1_60' title="bbox 2109 1700 3676 1776; baseline -0.005 -15"><span class='ocrx_word' id='word_1_423' title='bbox 2109 1717 2272 1776; x_wconf 88' lang='lat' dir='ltr'><strong>atque</strong></span> <span class='ocrx_word' id='word_1_424' title='bbox 2298 1705 2460 1760; x_wconf 88' lang='lat' dir='ltr'><strong>animi</strong></span> <span class='ocrx_word' id='word_1_425' title='bbox 2491 1704 2768 1760; x_wconf 87' lang='lat' dir='ltr'><strong>alacritate</strong></span> <span class='ocrx_word' id='word_1_426' title='bbox 2808 1703 3051 1758; x_wconf 87' lang='lat' dir='ltr'><strong>laborum</strong></span> <span class='ocrx_word' id='word_1_427' title='bbox 3083 1701 3380 1757; x_wconf 85' lang='lat' dir='ltr'><strong>molestiam</strong></span> <span class='ocrx_word' id='word_1_428' title='bbox 3415 1700 3676 1754; x_wconf 85' lang='lat' dir='ltr'><strong>fallunt...</strong></span> 
     </span>
    </p>
   </div>
   <div class='ocr_carea' id='block_1_61' title="bbox 2111 1791 3676 1866">
    <p class='ocr_par' dir='ltr' id='par_1_61' title="bbox 2111 1791 3676 1866">
     <span class='ocr_line' id='line_1_61' title="bbox 2111 1791 3676 1866; baseline -0.005 -14"><span class='ocrx_word' id='word_1_429' title='bbox 2111 1797 2254 1852; x_wconf 85' lang='lat' dir='ltr'><strong>Nihil</strong></span> <span class='ocrx_word' id='word_1_430' title='bbox 2277 1797 2421 1852; x_wconf 90' lang='lat' dir='ltr'><strong>enim</strong></span> <span class='ocrx_word' id='word_1_431' title='bbox 2457 1796 2654 1850; x_wconf 82' lang='lat' dir='ltr'><strong>divinis</strong></span> <span class='ocrx_word' id='word_1_432' title='bbox 2686 1794 2893 1866; x_wconf 81' lang='lat' dir='ltr'><strong>legibus</strong></span> <span class='ocrx_word' id='word_1_433' title='bbox 2937 1792 3276 1848; x_wconf 90' lang='lat' dir='ltr'><strong>contrarium</strong></span> <span class='ocrx_word' id='word_1_434' title='bbox 3318 1791 3676 1863; x_wconf 88' lang='lat' dir='ltr'><strong>perpetrabit,</strong></span> 
     </span>
    </p>
   </div>
   <div class='ocr_carea' id='block_1_62' title="bbox 2110 1874 3680 1955">
    <p class='ocr_par' dir='ltr' id='par_1_62' title="bbox 2110 1874 3680 1955">
     <span class='ocr_line' id='line_1_62' title="bbox 2110 1874 3680 1955; baseline -0.007 -12"><span class='ocrx_word' id='word_1_435' title='bbox 2110 1902 2232 1943; x_wconf 93' lang='lat' dir='ltr'><strong>cum</strong></span> <span class='ocrx_word' id='word_1_436' title='bbox 2273 1884 2406 1955; x_wconf 83' lang='lat' dir='ltr'><strong>legis</strong></span> <span class='ocrx_word' id='word_1_437' title='bbox 2429 1885 2646 1939; x_wconf 84' lang='lat' dir='ltr'><strong>decreto</strong></span> <span class='ocrx_word' id='word_1_438' title='bbox 2675 1884 3006 1938; x_wconf 88' lang='lat' dir='ltr'><strong>voluntatem</strong></span> <span class='ocrx_word' id='word_1_439' title='bbox 3049 1880 3418 1936; x_wconf 89' lang='lat' dir='ltr'><strong>conformans.</strong></span> <span class='ocrx_word' id='word_1_440' title='bbox 3457 1899 3476 1931; x_wconf 73' lang='grc' dir='ltr'><strong>ι</strong></span> <span class='ocrx_word' id='word_1_441' title='bbox 3511 1874 3680 1934; x_wconf 82' lang='lat' dir='ltr'><strong>Mutat</strong></span> 
     </span>
    </p>
   </div>
   <div class='ocr_carea' id='block_1_63' title="bbox 2112 1969 3679 2046">
    <p class='ocr_par' dir='ltr' id='par_1_63' title="bbox 2112 1969 3679 2046">
     <span class='ocr_line' id='line_1_63' title="bbox 2112 1969 3679 2046; baseline -0.006 -13"><span class='ocrx_word' id='word_1_442' title='bbox 2112 1977 2332 2033; x_wconf 85' lang='lat' dir='ltr'><strong>voculas</strong></span> <span class='ocrx_word' id='word_1_443' title='bbox 2369 1976 2629 2046; x_wconf 87' lang='lat' dir='ltr'><strong>quasdam</strong></span> <span class='ocrx_word' id='word_1_444' title='bbox 2669 1971 3218 2045; x_wconf 87' lang='lat' dir='ltr'><strong>pseudo-Theodorus</strong></span> <span class='ocrx_word' id='word_1_445' title='bbox 3240 1985 3390 2026; x_wconf 90' lang='lat' dir='ltr'><strong>more</strong></span> <span class='ocrx_word' id='word_1_446' title='bbox 3416 1985 3552 2026; x_wconf 88' lang='lat' dir='ltr'><strong>suo:</strong></span> <span class='ocrx_word' id='word_1_447' title='bbox 3585 1969 3679 2025; x_wconf 87' lang='lat' dir='ltr'><strong>sed</strong></span> 
     </span>
    </p>
   </div>
   <div class='ocr_carea' id='block_1_64' title="bbox 2112 2065 3678 2139">
    <p class='ocr_par' dir='ltr' id='par_1_64' title="bbox 2112 2065 3678 2139">
     <span class='ocr_line' id='line_1_64' title="bbox 2112 2065 3678 2139; baseline -0.005 -13"><span class='ocrx_word' id='word_1_448' title='bbox 2112 2085 2296 2135; x_wconf 84' lang='lat' dir='ltr'><strong>nemo,</strong></span> <span class='ocrx_word' id='word_1_449' title='bbox 2329 2069 2543 2139; x_wconf 89' lang='lat' dir='ltr'><strong>opinor,</strong></span> <span class='ocrx_word' id='word_1_450' title='bbox 2573 2067 2674 2122; x_wconf 90' lang='lat' dir='ltr'><strong>nisi</strong></span> <span class='ocrx_word' id='word_1_451' title='bbox 2707 2067 2893 2122; x_wconf 88' lang='lat' dir='ltr'><strong>volens</strong></span> <span class='ocrx_word' id='word_1_452' title='bbox 2916 2065 3156 2130; x_wconf 85' lang='lat' dir='ltr'><strong>falletur,</strong></span> <span class='ocrx_word' id='word_1_453' title='bbox 3186 2079 3306 2119; x_wconf 93' lang='lat' dir='ltr'><strong>cum</strong></span> <span class='ocrx_word' id='word_1_454' title='bbox 3339 2065 3678 2135; x_wconf 86' lang='lat' dir='ltr'><strong>perspicuum</strong></span> 
     </span>
    </p>
   </div>
   <div class='ocr_carea' id='block_1_65' title="bbox 2111 2154 3680 2225">
    <p class='ocr_par' dir='ltr' id='par_1_65' title="bbox 2111 2154 3680 2225">
     <span class='ocr_line' id='line_1_65' title="bbox 2111 2154 3680 2225; baseline -0.004 -13"><span class='ocrx_word' id='word_1_455' title='bbox 2111 2159 2180 2214; x_wconf 91' lang='lat' dir='ltr'><strong>sit</strong></span> <span class='ocrx_word' id='word_1_456' title='bbox 2213 2157 2327 2212; x_wconf 69' lang='lat' dir='ltr'><strong>haec</strong></span> <span class='ocrx_word' id='word_1_457' title='bbox 2351 2172 2456 2212; x_wconf 90' lang='lat' dir='ltr'><strong>non</strong></span> <span class='ocrx_word' id='word_1_458' title='bbox 2489 2157 2704 2211; x_wconf 91' lang='lat' dir='ltr'><strong>aliunde</strong></span> <span class='ocrx_word' id='word_1_459' title='bbox 2725 2170 2887 2225; x_wconf 85' lang='lat' dir='ltr'><strong>quam</strong></span> <span class='ocrx_word' id='word_1_460' title='bbox 2915 2169 2946 2209; x_wconf 89' lang='lat' dir='ltr'><strong>e</strong></span> <span class='ocrx_word' id='word_1_461' title='bbox 2975 2154 3297 2209; x_wconf 90' lang='lat' dir='ltr'><strong>Theodoreti</strong></span> <span class='ocrx_word' id='word_1_462' title='bbox 3345 2161 3680 2208; x_wconf 83' lang='lat' dir='ltr'><strong>commenta-</strong></span> 
     </span>
    </p>
   </div>
   <div class='ocr_carea' id='block_1_66' title="bbox 2112 2242 3680 2318">
    <p class='ocr_par' dir='ltr' id='par_1_66' title="bbox 2112 2242 3680 2318">
     <span class='ocr_line' id='line_1_66' title="bbox 2112 2242 3680 2318; baseline -0.005 -14"><span class='ocrx_word' id='word_1_463' title='bbox 2112 2249 2209 2304; x_wconf 86' lang='lat' dir='ltr'><strong>riis</strong></span> <span class='ocrx_word' id='word_1_464' title='bbox 2235 2257 2452 2318; x_wconf 84' lang='lat' dir='ltr'><strong>sumpta</strong></span> <span class='ocrx_word' id='word_1_465' title='bbox 2475 2263 2617 2314; x_wconf 86' lang='lat' dir='ltr'><strong>esse.</strong></span> <span class='ocrx_word' id='word_1_466' title='bbox 2649 2246 2840 2302; x_wconf 80' lang='lat' dir='ltr'><strong>Sciens</strong></span> <span class='ocrx_word' id='word_1_467' title='bbox 2885 2255 3146 2316; x_wconf 75' lang='lat' dir='ltr'><strong>prtetereo</strong></span> <span class='ocrx_word' id='word_1_468' title='bbox 3184 2245 3363 2314; x_wconf 87' lang='lat' dir='ltr'><strong>aliqua</strong></span> <span class='ocrx_word' id='word_1_469' title='bbox 3393 2258 3458 2299; x_wconf 78' lang='lat' dir='ltr'><strong>ex</strong></span> <span class='ocrx_word' id='word_1_470' title='bbox 3499 2242 3680 2312; x_wconf 80' lang='lat' dir='ltr'><strong>expla-</strong></span> 
     </span>
    </p>
   </div>
   <div class='ocr_carea' id='block_1_67' title="bbox 2111 2337 3681 2408">
    <p class='ocr_par' dir='ltr' id='par_1_67' title="bbox 2111 2337 3681 2408">
     <span class='ocr_line' id='line_1_67' title="bbox 2111 2337 3681 2408; baseline -0.001 -14"><span class='ocrx_word' id='word_1_471' title='bbox 2111 2340 2331 2394; x_wconf 89' lang='lat' dir='ltr'><strong>natione</strong></span> <span class='ocrx_word' id='word_1_472' title='bbox 2352 2337 2574 2394; x_wconf 89' lang='lat' dir='ltr'><strong>secundi</strong></span> <span class='ocrx_word' id='word_1_473' title='bbox 2605 2337 2818 2408; x_wconf 88' lang='lat' dir='ltr'><strong>psalmi,</strong></span> <span class='ocrx_word' id='word_1_474' title='bbox 2868 2347 2923 2392; x_wconf 90' lang='lat' dir='ltr'><strong>et</strong></span> <span class='ocrx_word' id='word_1_475' title='bbox 2954 2337 3204 2406; x_wconf 88' lang='lat' dir='ltr'><strong>deinceps</strong></span> <span class='ocrx_word' id='word_1_476' title='bbox 3236 2337 3527 2407; x_wconf 66' lang='lat' dir='ltr'><strong>praeteribo</strong></span> <span class='ocrx_word' id='word_1_477' title='bbox 3562 2352 3681 2405; x_wconf 77' lang='lat' dir='ltr'><strong>quae</strong></span> 
     </span>
    </p>
   </div>
   <div class='ocr_carea' id='block_1_68' title="bbox 2113 2427 3680 2500">
    <p class='ocr_par' dir='ltr' id='par_1_68' title="bbox 2113 2427 3680 2500">
     <span class='ocr_line' id='line_1_68' title="bbox 2113 2427 3680 2500; baseline -0.003 -14"><span class='ocrx_word' id='word_1_478' title='bbox 2113 2447 2144 2486; x_wconf 92' lang='lat' dir='ltr'><strong>a</strong></span> <span class='ocrx_word' id='word_1_479' title='bbox 2173 2430 2416 2500; x_wconf 90' lang='lat' dir='ltr'><strong>quolibet</strong></span> <span class='ocrx_word' id='word_1_480' title='bbox 2472 2431 2526 2484; x_wconf 91' lang='lat' dir='ltr'><strong>in</strong></span> <span class='ocrx_word' id='word_1_481' title='bbox 2575 2429 3021 2499; x_wconf 89' lang='lat' dir='ltr'><strong>interpretatione</strong></span> <span class='ocrx_word' id='word_1_482' title='bbox 3075 2429 3302 2484; x_wconf 92' lang='lat' dir='ltr'><strong>aliorum</strong></span> <span class='ocrx_word' id='word_1_483' title='bbox 3349 2427 3680 2498; x_wconf 90' lang='lat' dir='ltr'><strong>psalmorum</strong></span> 
     </span>
    </p>
   </div>
   <div class='ocr_carea' id='block_1_69' title="bbox 2111 2519 3681 2592">
    <p class='ocr_par' dir='ltr' id='par_1_69' title="bbox 2111 2519 3681 2592">
     <span class='ocr_line' id='line_1_69' title="bbox 2111 2519 3681 2592; baseline -0.002 -15"><span class='ocrx_word' id='word_1_484' title='bbox 2111 2521 2212 2592; x_wconf 88' lang='lat' dir='ltr'><strong>legi</strong></span> <span class='ocrx_word' id='word_1_485' title='bbox 2247 2529 2509 2592; x_wconf 86' lang='lat' dir='ltr'><strong>possunt;</strong></span> <span class='ocrx_word' id='word_1_486' title='bbox 2549 2535 2722 2591; x_wconf 88' lang='lat' dir='ltr'><strong>neque</strong></span> <span class='ocrx_word' id='word_1_487' title='bbox 2746 2521 2888 2575; x_wconf 90' lang='lat' dir='ltr'><strong>enim</strong></span> <span class='ocrx_word' id='word_1_488' title='bbox 2915 2520 3041 2574; x_wconf 88' lang='lat' dir='ltr'><strong>mihi</strong></span> <span class='ocrx_word' id='word_1_489' title='bbox 3079 2519 3407 2590; x_wconf 90' lang='lat' dir='ltr'><strong>propositum</strong></span> <span class='ocrx_word' id='word_1_490' title='bbox 3425 2529 3507 2574; x_wconf 91' lang='lat' dir='ltr'><strong>est</strong></span> <span class='ocrx_word' id='word_1_491' title='bbox 3541 2519 3681 2589; x_wconf 84' lang='lat' dir='ltr'><strong>(quis</strong></span> 
     </span>
    </p>
   </div>
   <div class='ocr_carea' id='block_1_70' title="bbox 2111 2609 3679 2684">
    <p class='ocr_par' dir='ltr' id='par_1_70' title="bbox 2111 2609 3679 2684">
     <span class='ocr_line' id='line_1_70' title="bbox 2111 2609 3679 2684; baseline -0.003 -15"><span class='ocrx_word' id='word_1_492' title='bbox 2111 2615 2254 2670; x_wconf 89' lang='lat' dir='ltr'><strong>enim</strong></span> <span class='ocrx_word' id='word_1_493' title='bbox 2283 2609 2539 2684; x_wconf 78' lang='lat' dir='ltr'><strong>possit?)</strong></span> <span class='ocrx_word' id='word_1_494' title='bbox 2579 2613 2760 2666; x_wconf 89' lang='lat' dir='ltr'><strong>omnia</strong></span> <span class='ocrx_word' id='word_1_495' title='bbox 2807 2613 3088 2668; x_wconf 89' lang='lat' dir='ltr'><strong>adnotare.</strong></span> <span class='ocrx_word' id='word_1_496' title='bbox 3125 2611 3343 2666; x_wconf 83' lang='lat' dir='ltr'><strong>Interim</strong></span> <span class='ocrx_word' id='word_1_497' title='bbox 3382 2621 3582 2675; x_wconf 86' lang='lat' dir='ltr'><strong>tamen,</strong></span> <span class='ocrx_word' id='word_1_498' title='bbox 3623 2620 3679 2665; x_wconf 94' lang='lat' dir='ltr'><strong>ut</strong></span> 
     </span>
    </p>
   </div>
   <div class='ocr_carea' id='block_1_71' title="bbox 2112 2701 3681 2774">
    <p class='ocr_par' dir='ltr' id='par_1_71' title="bbox 2112 2701 3681 2774">
     <span class='ocr_line' id='line_1_71' title="bbox 2112 2701 3681 2774; baseline 0 -16"><span class='ocrx_word' id='word_1_499' title='bbox 2112 2703 2248 2760; x_wconf 92' lang='lat' dir='ltr'><strong>alios</strong></span> <span class='ocrx_word' id='word_1_500' title='bbox 2293 2701 2607 2759; x_wconf 83' lang='lat' dir='ltr'><strong>ditIicultate</strong></span> <span class='ocrx_word' id='word_1_501' title='bbox 2645 2703 2922 2774; x_wconf 65' lang='lat' dir='ltr'><strong>quaerendi</strong></span> <span class='ocrx_word' id='word_1_502' title='bbox 2976 2703 3302 2767; x_wconf 82' lang='lat' dir='ltr'><strong>eximamus,</strong></span> <span class='ocrx_word' id='word_1_503' title='bbox 3359 2701 3614 2757; x_wconf 88' lang='lat' dir='ltr'><strong>nonnulla</strong></span> <span class='ocrx_word' id='word_1_504' title='bbox 3652 2718 3681 2758; x_wconf 91' lang='lat' dir='ltr'><strong>e</strong></span> 
     </span>
    </p>
   </div>
   <div class='ocr_carea' id='block_1_72' title="bbox 2112 2793 3681 2866">
    <p class='ocr_par' dir='ltr' id='par_1_72' title="bbox 2112 2793 3681 2866">
     <span class='ocr_line' id='line_1_72' title="bbox 2112 2793 3681 2866; baseline -0.001 -16"><span class='ocrx_word' id='word_1_505' title='bbox 2112 2796 2274 2852; x_wconf 91' lang='lat' dir='ltr'><strong>tertio</strong></span> <span class='ocrx_word' id='word_1_506' title='bbox 2321 2795 2530 2866; x_wconf 88' lang='lat' dir='ltr'><strong>psalmo</strong></span> <span class='ocrx_word' id='word_1_507' title='bbox 2570 2796 2929 2850; x_wconf 90' lang='lat' dir='ltr'><strong>ascribemus.</strong></span> <span class='ocrx_word' id='word_1_508' title='bbox 2971 2793 3303 2848; x_wconf 89' lang='lat' dir='ltr'><strong>Theodoreti</strong></span> <span class='ocrx_word' id='word_1_509' title='bbox 3351 2795 3516 2863; x_wconf 89' lang='lat' dir='ltr'><strong>igitur</strong></span> <span class='ocrx_word' id='word_1_510' title='bbox 3567 2794 3681 2849; x_wconf 69' lang='lat' dir='ltr'><strong>haec</strong></span> 
     </span>
    </p>
   </div>
   <div class='ocr_carea' id='block_1_73' title="bbox 2111 2881 3679 2948">
    <p class='ocr_par' dir='ltr' id='par_1_73' title="bbox 2111 2881 3679 2948">
     <span class='ocr_line' id='line_1_73' title="bbox 2111 2881 3679 2948; baseline -0.004 -6"><span class='ocrx_word' id='word_1_511' title='bbox 2111 2894 2241 2942; x_wconf 89' lang='lat' dir='ltr'><strong>sunt</strong></span> <span class='ocrx_word' id='word_1_512' title='bbox 2296 2885 2349 2939; x_wconf 88' lang='lat' dir='ltr'><strong>in</strong></span> <span class='ocrx_word' id='word_1_513' title='bbox 2411 2885 2499 2938; x_wconf 81' lang='lat' dir='ltr'><strong>illa</strong></span> <span class='ocrx_word' id='word_1_514' title='bbox 2523 2922 2539 2948; x_wconf 97' lang='lat'><strong>,</strong></span> <span class='ocrx_word' id='word_1_515' title='bbox 2597 2881 2728 2937; x_wconf 86' lang='lat' dir='ltr'><strong>Voce</strong></span> <span class='ocrx_word' id='word_1_516' title='bbox 2771 2899 2883 2936; x_wconf 86' lang='lat' dir='ltr'><strong>mea</strong></span> <span class='ocrx_word' id='word_1_517' title='bbox 2919 2883 2988 2936; x_wconf 86' lang='lat' dir='ltr'><strong>ad</strong></span> <span class='ocrx_word' id='word_1_518' title='bbox 3021 2881 3303 2936; x_wconf 84' lang='lat' dir='ltr'><strong>Dominum</strong></span> <span class='ocrx_word' id='word_1_519' title='bbox 3335 2883 3554 2936; x_wconf 82' lang='lat' dir='ltr'><strong>clamavi</strong></span> <span class='ocrx_word' id='word_1_520' title='bbox 3584 2884 3630 2915; x_wconf 77' lang='grc'><strong>⁷⁷</strong></span> <span class='ocrx_word' id='word_1_521' title='bbox 3663 2899 3679 2936; x_wconf 91' lang='lat'>:</span> 
     </span>
    </p>
   </div>
   <div class='ocr_carea' id='block_1_74' title="bbox 2110 2966 3681 3044">
    <p class='ocr_par' dir='ltr' id='par_1_74' title="bbox 2110 2966 3681 3044">
     <span class='ocr_line' id='line_1_74' title="bbox 2110 2966 3681 3044; baseline -0.002 -13"><span class='ocrx_word' id='word_1_522' title='bbox 2110 2978 2184 3031; x_wconf 86' lang='grc' dir='ltr'><strong>Τὸ</strong></span> <span class='ocrx_word' id='word_1_523' title='bbox 2209 2977 2287 3041; x_wconf 86' lang='grc' dir='ltr'><strong>δὲ,</strong></span> <span class='ocrx_word' id='word_1_524' title='bbox 2312 2974 2653 3043; x_wconf 79' lang='grc' dir='ltr'>Είσήκουσέ</span> <span class='ocrx_word' id='word_1_525' title='bbox 2676 2992 2795 3044; x_wconf 83' lang='grc' dir='ltr'>μου</span> <span class='ocrx_word' id='word_1_526' title='bbox 2818 2966 2886 3037; x_wconf 77' lang='grc' dir='ltr'><strong>ἐξ</strong></span> <span class='ocrx_word' id='word_1_527' title='bbox 2917 2973 3094 3042; x_wconf 79' lang='grc' dir='ltr'>ὅρους</span> <span class='ocrx_word' id='word_1_528' title='bbox 3117 2973 3289 3043; x_wconf 74' lang='grc' dir='ltr'>ἁγίου</span> <span class='ocrx_word' id='word_1_529' title='bbox 3315 2973 3519 3038; x_wconf 85' lang='grc' dir='ltr'>αὐτοῦ,</span> <span class='ocrx_word' id='word_1_530' title='bbox 3542 2973 3681 3028; x_wconf 79' lang='grc' dir='ltr'>κατὰ</span> 
     </span>
    </p>
   </div>
   <div class='ocr_carea' id='block_1_75' title="bbox 2109 3065 3683 3142">
    <p class='ocr_par' dir='ltr' id='par_1_75' title="bbox 2109 3065 3683 3142">
     <span class='ocr_line' id='line_1_75' title="bbox 2109 3065 3683 3142; baseline -0.003 -18"><span class='ocrx_word' id='word_1_531' title='bbox 2109 3069 2207 3142; x_wconf 84' lang='grc' dir='ltr'>τὴν</span> <span class='ocrx_word' id='word_1_532' title='bbox 2231 3069 2398 3124; x_wconf 85' lang='grc' dir='ltr'>πάλαι</span> <span class='ocrx_word' id='word_1_533' title='bbox 2421 3068 2754 3138; x_wconf 84' lang='grc' dir='ltr'>κατέχουσαν</span> <span class='ocrx_word' id='word_1_534' title='bbox 2778 3065 2992 3137; x_wconf 82' lang='grc' dir='ltr'>εἴρηται</span> <span class='ocrx_word' id='word_1_535' title='bbox 3010 3065 3186 3130; x_wconf 77' lang='grc' dir='ltr'>δόξαν.</span> <span class='ocrx_word' id='word_1_536' title='bbox 3249 3066 3540 3136; x_wconf 77' lang='grc' dir='ltr'>Ενομίζετο</span> <span class='ocrx_word' id='word_1_537' title='bbox 3576 3065 3683 3135; x_wconf 83' lang='grc' dir='ltr'>γὰρ</span> 
     </span>
    </p>
   </div>
   <div class='ocr_carea' id='block_1_76' title="bbox 2111 3157 3680 3235">
    <p class='ocr_par' dir='ltr' id='par_1_76' title="bbox 2111 3157 3680 3235">
     <span class='ocr_line' id='line_1_76' title="bbox 2111 3157 3680 3235; baseline -0.003 -20"><span class='ocrx_word' id='word_1_538' title='bbox 2111 3164 2169 3216; x_wconf 84' lang='grc' dir='ltr'>ὲν</span> <span class='ocrx_word' id='word_1_539' title='bbox 2204 3165 2269 3235; x_wconf 82' lang='grc' dir='ltr'>τῇ</span> <span class='ocrx_word' id='word_1_540' title='bbox 2306 3165 2478 3234; x_wconf 78' lang='grc' dir='ltr'>σκηνῇ</span> <span class='ocrx_word' id='word_1_541' title='bbox 2503 3162 2775 3215; x_wconf 81' lang='grc' dir='ltr'>κατοικεῖν</span> <span class='ocrx_word' id='word_1_542' title='bbox 2802 3161 2829 3211; x_wconf 88' lang='grc' dir='ltr'><strong>ό</strong></span> <span class='ocrx_word' id='word_1_543' title='bbox 2861 3158 2969 3210; x_wconf 86' lang='grc' dir='ltr'><strong>τῶν</strong></span> <span class='ocrx_word' id='word_1_544' title='bbox 3007 3157 3143 3210; x_wconf 81' lang='grc' dir='ltr'>ὅλων</span> <span class='ocrx_word' id='word_1_545' title='bbox 3176 3158 3325 3222; x_wconf 81' lang='grc' dir='ltr'>Θεὸς,</span> <span class='ocrx_word' id='word_1_546' title='bbox 3362 3158 3548 3229; x_wconf 80' lang='grc' dir='ltr'>ἐπειδὴ</span> <span class='ocrx_word' id='word_1_547' title='bbox 3590 3160 3680 3212; x_wconf 64' lang='grc' dir='ltr'>καὶ</span> 
     </span>
    </p>
   </div>
   <div class='ocr_carea' id='block_1_77' title="bbox 2114 3248 3683 3324">
    <p class='ocr_par' dir='ltr' id='par_1_77' title="bbox 2114 3248 3683 3324">
     <span class='ocr_line' id='line_1_77' title="bbox 2114 3248 3683 3324; baseline -0.002 -18"><span class='ocrx_word' id='word_1_548' title='bbox 2114 3254 2240 3316; x_wconf 81' lang='grc' dir='ltr'>τοὺς</span> <span class='ocrx_word' id='word_1_549' title='bbox 2270 3252 2550 3324; x_wconf 80' lang='grc' dir='ltr'>χρησμοὺς</span> <span class='ocrx_word' id='word_1_550' title='bbox 2571 3249 2775 3304; x_wconf 79' lang='grc' dir='ltr'>ἐκεῖθεν</span> <span class='ocrx_word' id='word_1_551' title='bbox 2798 3251 2908 3312; x_wconf 90' lang='grc' dir='ltr'>τοῖς</span> <span class='ocrx_word' id='word_1_552' title='bbox 2936 3248 3172 3320; x_wconf 79' lang='grc' dir='ltr'>ἱερεῦσιν</span> <span class='ocrx_word' id='word_1_553' title='bbox 3211 3249 3400 3302; x_wconf 81' lang='grc' dir='ltr'>ἐδίδου.</span> <span class='ocrx_word' id='word_1_554' title='bbox 3435 3249 3500 3303; x_wconf 82' lang='lat' dir='ltr'><strong>Et</strong></span> <span class='ocrx_word' id='word_1_555' title='bbox 3527 3250 3683 3319; x_wconf 88' lang='lat' dir='ltr'><strong>paulo</strong></span> 
     </span>
    </p>
   </div>
   <div class='ocr_carea' id='block_1_78' title="bbox 2114 3342 3674 3415">
    <p class='ocr_par' dir='ltr' id='par_1_78' title="bbox 2114 3342 3674 3415">
     <span class='ocr_line' id='line_1_78' title="bbox 2114 3342 3674 3415; baseline -0.003 -15"><span class='ocrx_word' id='word_1_556' title='bbox 2114 3354 2238 3415; x_wconf 89' lang='lat' dir='ltr'><strong>post</strong></span> <span class='ocrx_word' id='word_1_557' title='bbox 2264 3345 2562 3411; x_wconf 75' lang='lat' dir='ltr'><strong>explanatis</strong></span> <span class='ocrx_word' id='word_1_558' title='bbox 2592 3344 2742 3406; x_wconf 83' lang='lat' dir='ltr'><strong>illud,</strong></span> <span class='ocrx_word' id='word_1_559' title='bbox 2768 3343 2879 3413; x_wconf 86' lang='lat' dir='ltr'><strong>Ego</strong></span> <span class='ocrx_word' id='word_1_560' title='bbox 2910 3343 3131 3397; x_wconf 84' lang='lat' dir='ltr'><strong>dormivi</strong></span> <span class='ocrx_word' id='word_1_561' title='bbox 3159 3342 3228 3404; x_wconf 81' lang='grc'>⁷⁸,</span> <span class='ocrx_word' id='word_1_562' title='bbox 3250 3351 3380 3406; x_wconf 91' lang='lat' dir='ltr'><strong>etc.,</strong></span> <span class='ocrx_word' id='word_1_563' title='bbox 3408 3343 3486 3396; x_wconf 90' lang='lat' dir='ltr'><strong>sic</strong></span> <span class='ocrx_word' id='word_1_564' title='bbox 3512 3343 3674 3410; x_wconf 83' lang='lat' dir='ltr'><strong>loqui-</strong></span> 
     </span>
    </p>
   </div>
   <div class='ocr_carea' id='block_1_79' title="bbox 2111 3433 3684 3506">
    <p class='ocr_par' dir='ltr' id='par_1_79' title="bbox 2111 3433 3684 3506">
     <span class='ocr_line' id='line_1_79' title="bbox 2111 3433 3684 3506; baseline -0.002 -15"><span class='ocrx_word' id='word_1_565' title='bbox 2111 3446 2206 3492; x_wconf 72' lang='lat' dir='ltr'><strong>tur</strong></span> <span class='ocrx_word' id='word_1_566' title='bbox 2233 3453 2248 3490; x_wconf 87' lang='lat'><strong>:</strong></span> <span class='ocrx_word' id='word_1_567' title='bbox 2285 3435 2500 3506; x_wconf 83' lang='grc' dir='ltr'>Ἐπειδὴ</span> <span class='ocrx_word' id='word_1_568' title='bbox 2527 3435 2602 3498; x_wconf 85' lang='grc' dir='ltr'><strong>ὡς</strong></span> <span class='ocrx_word' id='word_1_569' title='bbox 2635 3436 2692 3488; x_wconf 80' lang='grc' dir='ltr'><strong>ἐν</strong></span> <span class='ocrx_word' id='word_1_570' title='bbox 2724 3435 2903 3488; x_wconf 81' lang='grc' dir='ltr'>σκότει</span> <span class='ocrx_word' id='word_1_571' title='bbox 2934 3433 3141 3503; x_wconf 77' lang='grc' dir='ltr'>διάγειν</span> <span class='ocrx_word' id='word_1_572' title='bbox 3161 3433 3470 3504; x_wconf 76' lang='grc' dir='ltr'>νομίζουσιν</span> <span class='ocrx_word' id='word_1_573' title='bbox 3498 3436 3546 3487; x_wconf 85' lang='grc' dir='ltr'>οἱ</span> <span class='ocrx_word' id='word_1_574' title='bbox 3573 3435 3684 3497; x_wconf 80' lang='grc' dir='ltr'>τοῖς</span> 
     </span>
    </p>
   </div>
   <div class='ocr_carea' id='block_1_80' title="bbox 2116 3526 3684 3598">
    <p class='ocr_par' dir='ltr' id='par_1_80' title="bbox 2116 3526 3684 3598">
     <span class='ocr_line' id='line_1_80' title="bbox 2116 3526 3684 3598; baseline -0.003 -14"><span class='ocrx_word' id='word_1_575' title='bbox 2116 3529 2252 3598; x_wconf 77' lang='grc' dir='ltr'>ἄγαν</span> <span class='ocrx_word' id='word_1_576' title='bbox 2273 3530 2514 3598; x_wconf 84' lang='grc' dir='ltr'>ἀνιαροῖς</span> <span class='ocrx_word' id='word_1_577' title='bbox 2536 3526 3042 3598; x_wconf 84' lang='grc' dir='ltr'>περιπίπτοντες....</span> <span class='ocrx_word' id='word_1_578' title='bbox 3071 3526 3322 3596; x_wconf 80' lang='grc' dir='ltr'>σημαίνει</span> <span class='ocrx_word' id='word_1_579' title='bbox 3343 3527 3521 3580; x_wconf 85' lang='grc' dir='ltr'>τοίνυν</span> <span class='ocrx_word' id='word_1_580' title='bbox 3542 3527 3684 3580; x_wconf 85' lang='grc' dir='ltr'><strong>κατὰ</strong></span> 
     </span>
    </p>
   </div>
   <div class='ocr_carea' id='block_1_81' title="bbox 2117 3613 3682 3686">
    <p class='ocr_par' dir='ltr' id='par_1_81' title="bbox 2117 3613 3682 3686">
     <span class='ocr_line' id='line_1_81' title="bbox 2117 3613 3682 3686; baseline -0.001 -14"><span class='ocrx_word' id='word_1_581' title='bbox 2117 3618 2313 3672; x_wconf 84' lang='grc' dir='ltr'>ταυτὸν</span> <span class='ocrx_word' id='word_1_582' title='bbox 2372 3615 2472 3680; x_wconf 84' lang='grc' dir='ltr'>τὰς</span> <span class='ocrx_word' id='word_1_583' title='bbox 2515 3616 2722 3686; x_wconf 86' lang='grc' dir='ltr'>θλίψεις</span> <span class='ocrx_word' id='word_1_584' title='bbox 2784 3615 2879 3669; x_wconf 80' lang='grc' dir='ltr'><strong>καὶ</strong></span> <span class='ocrx_word' id='word_1_585' title='bbox 2937 3615 3034 3686; x_wconf 79' lang='grc' dir='ltr'><strong>τὴν</strong></span> <span class='ocrx_word' id='word_1_586' title='bbox 3088 3613 3288 3668; x_wconf 86' lang='grc' dir='ltr'>τούτων</span> <span class='ocrx_word' id='word_1_587' title='bbox 3345 3615 3682 3685; x_wconf 74' lang='grc' dir='ltr'>ἀπαλλαγήν.</span> 
     </span>
    </p>
   </div>
   <div class='ocr_carea' id='block_1_82' title="bbox 2125 3705 3682 3773">
    <p class='ocr_par' dir='ltr' id='par_1_82' title="bbox 2125 3705 3682 3773">
     <span class='ocr_line' id='line_1_82' title="bbox 2125 3705 3682 3773; baseline 0 -13"><span class='ocrx_word' id='word_1_588' title='bbox 2125 3725 2144 3760; x_wconf 74' lang='grc' dir='ltr'><strong>ι</strong></span> <span class='ocrx_word' id='word_1_589' title='bbox 2181 3707 2293 3763; x_wconf 82' lang='lat' dir='ltr'><strong>Hoc</strong></span> <span class='ocrx_word' id='word_1_590' title='bbox 2320 3717 2519 3773; x_wconf 86' lang='lat' dir='ltr'><strong>autem,</strong></span> <span class='ocrx_word' id='word_1_591' title='bbox 2549 3705 2837 3760; x_wconf 75' lang='lat' dir='ltr'><strong>Exaudivit</strong></span> <span class='ocrx_word' id='word_1_592' title='bbox 2875 3723 2955 3760; x_wconf 83' lang='lat' dir='ltr'><strong>me</strong></span> <span class='ocrx_word' id='word_1_593' title='bbox 2983 3709 3046 3760; x_wconf 83' lang='lat' dir='ltr'><strong>de</strong></span> <span class='ocrx_word' id='word_1_594' title='bbox 3085 3715 3260 3759; x_wconf 75' lang='lat' dir='ltr'><strong>monte</strong></span> <span class='ocrx_word' id='word_1_595' title='bbox 3280 3717 3463 3760; x_wconf 82' lang='lat' dir='ltr'><strong>sancto</strong></span> <span class='ocrx_word' id='word_1_596' title='bbox 3492 3724 3586 3760; x_wconf 70' lang='lat' dir='ltr'><strong>suo</strong></span> <span class='ocrx_word' id='word_1_597' title='bbox 3614 3707 3682 3772; x_wconf 73' lang='grc'>⁷⁸,</span> 
     </span>
    </p>
   </div>
   <div class='ocr_carea' id='block_1_83' title="bbox 2118 3798 3683 3868">
    <p class='ocr_par' dir='ltr' id='par_1_83' title="bbox 2118 3798 3683 3868">
     <span class='ocr_line' id='line_1_83' title="bbox 2118 3798 3683 3868; baseline 0.001 -16"><span class='ocrx_word' id='word_1_598' title='bbox 2118 3798 2320 3853; x_wconf 91' lang='lat' dir='ltr'><strong>dictum</strong></span> <span class='ocrx_word' id='word_1_599' title='bbox 2351 3809 2432 3854; x_wconf 91' lang='lat' dir='ltr'><strong>est</strong></span> <span class='ocrx_word' id='word_1_600' title='bbox 2461 3809 2682 3867; x_wconf 87' lang='lat' dir='ltr'><strong>propter</strong></span> <span class='ocrx_word' id='word_1_601' title='bbox 2715 3798 3047 3868; x_wconf 90' lang='lat' dir='ltr'><strong>opinionem,</strong></span> <span class='ocrx_word' id='word_1_602' title='bbox 3095 3811 3215 3866; x_wconf 64' lang='lat' dir='ltr'><strong>qua:</strong></span> <span class='ocrx_word' id='word_1_603' title='bbox 3246 3798 3372 3851; x_wconf 92' lang='lat' dir='ltr'><strong>olim</strong></span> <span class='ocrx_word' id='word_1_604' title='bbox 3427 3799 3683 3854; x_wconf 87' lang='lat' dir='ltr'><strong>obtinuit.</strong></span> 
     </span>
    </p>
   </div>
   <div class='ocr_carea' id='block_1_84' title="bbox 2122 3889 3682 3945">
    <p class='ocr_par' dir='ltr' id='par_1_84' title="bbox 2122 3889 3682 3945">
     <span class='ocr_line' id='line_1_84' title="bbox 2122 3889 3682 3945; baseline 0.001 -2"><span class='ocrx_word' id='word_1_605' title='bbox 2122 3889 2556 3944; x_wconf 81' lang='lat' dir='ltr'><strong>Existimabatur</strong></span> <span class='ocrx_word' id='word_1_606' title='bbox 2583 3889 2729 3943; x_wconf 90' lang='lat' dir='ltr'><strong>enim</strong></span> <span class='ocrx_word' id='word_1_607' title='bbox 2772 3890 3142 3944; x_wconf 87' lang='lat' dir='ltr'><strong>universorum</strong></span> <span class='ocrx_word' id='word_1_608' title='bbox 3184 3892 3324 3944; x_wconf 89' lang='lat' dir='ltr'><strong>Deus</strong></span> <span class='ocrx_word' id='word_1_609' title='bbox 3348 3891 3398 3944; x_wconf 94' lang='lat' dir='ltr'><strong>in</strong></span> <span class='ocrx_word' id='word_1_610' title='bbox 3427 3892 3682 3945; x_wconf 84' lang='lat' dir='ltr'><strong>taberna-</strong></span> 
     </span>
    </p>
   </div>
   <div class='ocr_carea' id='block_1_85' title="bbox 2118 3979 3685 4048">
    <p class='ocr_par' dir='ltr' id='par_1_85' title="bbox 2118 3979 3685 4048">
     <span class='ocr_line' id='line_1_85' title="bbox 2118 3979 3685 4048; baseline 0 -13"><span class='ocrx_word' id='word_1_611' title='bbox 2118 3980 2241 4035; x_wconf 90' lang='lat' dir='ltr'><strong>culo</strong></span> <span class='ocrx_word' id='word_1_612' title='bbox 2265 3980 2531 4045; x_wconf 90' lang='lat' dir='ltr'><strong>habitare,</strong></span> <span class='ocrx_word' id='word_1_613' title='bbox 2563 3979 2816 4048; x_wconf 89' lang='lat' dir='ltr'><strong>quoniam</strong></span> <span class='ocrx_word' id='word_1_614' title='bbox 2855 3989 2911 4034; x_wconf 91' lang='lat' dir='ltr'><strong>et</strong></span> <span class='ocrx_word' id='word_1_615' title='bbox 2937 3983 3158 4036; x_wconf 91' lang='lat' dir='ltr'><strong>oracula</strong></span> <span class='ocrx_word' id='word_1_616' title='bbox 3197 3981 3346 4036; x_wconf 90' lang='lat' dir='ltr'><strong>illinc</strong></span> <span class='ocrx_word' id='word_1_617' title='bbox 3381 3982 3685 4037; x_wconf 83' lang='lat' dir='ltr'><strong>sacerdoti-</strong></span> 
     </span>
    </p>
   </div>
   <div class='ocr_carea' id='block_1_86' title="bbox 2118 4073 3685 4142">
    <p class='ocr_par' dir='ltr' id='par_1_86' title="bbox 2118 4073 3685 4142">
     <span class='ocr_line' id='line_1_86' title="bbox 2118 4073 3685 4142; baseline 0.001 -13"><span class='ocrx_word' id='word_1_618' title='bbox 2118 4073 2545 4142; x_wconf 83' lang='lat' dir='ltr'><strong>buspandebat.</strong></span> <span class='ocrx_word' id='word_1_619' title='bbox 2581 4113 2594 4125; x_wconf 96' lang='lat'><strong>.</strong></span> <span class='ocrx_word' id='word_1_620' title='bbox 2628 4113 2640 4126; x_wconf 91' lang='lat'><strong>.</strong></span> <span class='ocrx_word' id='word_1_621' title='bbox 2664 4118 2665 4126; x_wconf 37' lang='grc' dir='ltr'><strong>ι</strong></span> <span class='ocrx_word' id='word_1_622' title='bbox 2692 4073 2828 4140; x_wconf 88' lang='lat' dir='ltr'><strong>Quia</strong></span> <span class='ocrx_word' id='word_1_623' title='bbox 2877 4074 3021 4128; x_wconf 88' lang='lat' dir='ltr'><strong>velut</strong></span> <span class='ocrx_word' id='word_1_624' title='bbox 3045 4075 3096 4128; x_wconf 93' lang='lat' dir='ltr'><strong>in</strong></span> <span class='ocrx_word' id='word_1_625' title='bbox 3132 4075 3370 4129; x_wconf 87' lang='lat' dir='ltr'><strong>tenebris</strong></span> <span class='ocrx_word' id='word_1_626' title='bbox 3401 4075 3580 4130; x_wconf 91' lang='lat' dir='ltr'><strong>vivere</strong></span> <span class='ocrx_word' id='word_1_627' title='bbox 3625 4090 3685 4131; x_wconf 88' lang='lat' dir='ltr'><strong>se</strong></span> 
     </span>
    </p>
   </div>
   <div class='ocr_carea' id='block_1_87' title="bbox 2119 4165 3688 4233">
    <p class='ocr_par' dir='ltr' id='par_1_87' title="bbox 2119 4165 3688 4233">
     <span class='ocr_line' id='line_1_87' title="bbox 2119 4165 3688 4233; baseline -0.001 -13"><span class='ocrx_word' id='word_1_628' title='bbox 2119 4165 2436 4222; x_wconf 78' lang='lat' dir='ltr'><strong>existimant</strong></span> <span class='ocrx_word' id='word_1_629' title='bbox 2464 4165 2563 4231; x_wconf 92' lang='lat' dir='ltr'><strong>illi,</strong></span> <span class='ocrx_word' id='word_1_630' title='bbox 2619 4165 2710 4233; x_wconf 90' lang='lat' dir='ltr'><strong>qui</strong></span> <span class='ocrx_word' id='word_1_631' title='bbox 2741 4165 2790 4218; x_wconf 91' lang='lat' dir='ltr'><strong>in</strong></span> <span class='ocrx_word' id='word_1_632' title='bbox 2825 4179 2912 4219; x_wconf 91' lang='lat' dir='ltr'><strong>res</strong></span> <span class='ocrx_word' id='word_1_633' title='bbox 2940 4166 3224 4220; x_wconf 88' lang='lat' dir='ltr'><strong>admodum</strong></span> <span class='ocrx_word' id='word_1_634' title='bbox 3261 4167 3445 4220; x_wconf 84' lang='lat' dir='ltr'><strong>tristes</strong></span> <span class='ocrx_word' id='word_1_635' title='bbox 3498 4168 3688 4220; x_wconf 88' lang='lat' dir='ltr'><strong>incur-</strong></span> 
     </span>
    </p>
   </div>
   <div class='ocr_carea' id='block_1_88' title="bbox 2119 4254 3686 4326">
    <p class='ocr_par' dir='ltr' id='par_1_88' title="bbox 2119 4254 3686 4326">
     <span class='ocr_line' id='line_1_88' title="bbox 2119 4254 3686 4326; baseline -0.001 -14"><span class='ocrx_word' id='word_1_636' title='bbox 2119 4263 2318 4314; x_wconf 91' lang='lat' dir='ltr'><strong>runt...</strong></span> <span class='ocrx_word' id='word_1_637' title='bbox 2353 4256 2469 4312; x_wconf 90' lang='lat' dir='ltr'><strong>Una</strong></span> <span class='ocrx_word' id='word_1_638' title='bbox 2505 4256 2669 4326; x_wconf 89' lang='lat' dir='ltr'><strong>igitur</strong></span> <span class='ocrx_word' id='word_1_639' title='bbox 2695 4256 3029 4310; x_wconf 89' lang='lat' dir='ltr'><strong>demonstrat</strong></span> <span class='ocrx_word' id='word_1_640' title='bbox 3058 4254 3373 4312; x_wconf 76' lang='lat' dir='ltr'><strong>emit-tiones</strong></span> <span class='ocrx_word' id='word_1_641' title='bbox 3398 4265 3450 4310; x_wconf 89' lang='lat' dir='ltr'><strong>et</strong></span> <span class='ocrx_word' id='word_1_642' title='bbox 3478 4256 3547 4309; x_wconf 91' lang='lat' dir='ltr'><strong>ab</strong></span> <span class='ocrx_word' id='word_1_643' title='bbox 3580 4255 3686 4310; x_wconf 92' lang='lat' dir='ltr'><strong>illis</strong></span> 
     </span>
    </p>
   </div>
   <div class='ocr_carea' id='block_1_89' title="bbox 2120 4345 3687 4416">
    <p class='ocr_par' dir='ltr' id='par_1_89' title="bbox 2120 4345 3687 4416">
     <span class='ocr_line' id='line_1_89' title="bbox 2120 4345 3687 4416; baseline 0 -16"><span class='ocrx_word' id='word_1_644' title='bbox 2120 4345 2514 4402; x_wconf 83' lang='lat' dir='ltr'><strong>liberationem.</strong></span> <span class='ocrx_word' id='word_1_645' title='bbox 2548 4366 2570 4400; x_wconf 71' lang='grc' dir='ltr'><strong>ι</strong></span> <span class='ocrx_word' id='word_1_646' title='bbox 2599 4345 2770 4402; x_wconf 85' lang='lat' dir='ltr'><strong>Verba</strong></span> <span class='ocrx_word' id='word_1_647' title='bbox 2803 4346 3300 4415; x_wconf 87' lang='lat' dir='ltr'><strong>pseudo-Theodori</strong></span> <span class='ocrx_word' id='word_1_648' title='bbox 3341 4348 3450 4416; x_wconf 87' lang='lat' dir='ltr'><strong>jam</strong></span> <span class='ocrx_word' id='word_1_649' title='bbox 3480 4348 3687 4401; x_wconf 79' lang='lat' dir='ltr'><strong>exscri-</strong></span> 
     </span>
    </p>
   </div>
   <div class='ocr_carea' id='block_1_90' title="bbox 2122 4437 3686 4506">
    <p class='ocr_par' dir='ltr' id='par_1_90' title="bbox 2122 4437 3686 4506">
     <span class='ocr_line' id='line_1_90' title="bbox 2122 4437 3686 4506; baseline -0.001 -13"><span class='ocrx_word' id='word_1_650' title='bbox 2122 4437 2332 4504; x_wconf 87' lang='lat' dir='ltr'><strong>bamns,</strong></span> <span class='ocrx_word' id='word_1_651' title='bbox 2377 4453 2494 4506; x_wconf 76' lang='lat' dir='ltr'><strong>qua:</strong></span> <span class='ocrx_word' id='word_1_652' title='bbox 2547 4447 2672 4494; x_wconf 87' lang='lat' dir='ltr'><strong>sunt</strong></span> <span class='ocrx_word' id='word_1_653' title='bbox 2720 4437 2978 4504; x_wconf 88' lang='lat' dir='ltr'><strong>ejusmodi</strong></span> <span class='ocrx_word' id='word_1_654' title='bbox 3013 4437 3126 4490; x_wconf 75' lang='grc' dir='ltr'><strong>εΤὸ</strong></span> <span class='ocrx_word' id='word_1_655' title='bbox 3175 4437 3289 4503; x_wconf 74' lang='grc' dir='ltr'>καὶ,</span> <span class='ocrx_word' id='word_1_656' title='bbox 3355 4437 3686 4502; x_wconf 74' lang='grc' dir='ltr'>Ἐπήκουσό</span> 
     </span>
    </p>
   </div>
   <div class='ocr_carea' id='block_1_91' title="bbox 447 4522 2013 4612">
    <p class='ocr_par' dir='ltr' id='par_1_91' title="bbox 447 4522 2013 4597">
     <span class='ocr_line' id='line_1_91' title="bbox 447 4522 2013 4597; baseline 0 -17"><span class='ocrx_word' id='word_1_657' title='bbox 447 4526 681 4589; x_wconf 81' lang='lat' dir='ltr'><strong>filiabus,</strong></span> <span class='ocrx_word' id='word_1_658' title='bbox 717 4538 822 4580; x_wconf 91' lang='lat' dir='ltr'><strong>non</strong></span> <span class='ocrx_word' id='word_1_659' title='bbox 849 4522 981 4577; x_wconf 90' lang='lat' dir='ltr'><strong>satis</strong></span> <span class='ocrx_word' id='word_1_660' title='bbox 1010 4522 1248 4597; x_wconf 85' lang='lat' dir='ltr'><strong>intelligo</strong></span> <span class='ocrx_word' id='word_1_661' title='bbox 1277 4537 1384 4593; x_wconf 90' lang='lat' dir='ltr'><strong>qua</strong></span> <span class='ocrx_word' id='word_1_662' title='bbox 1414 4523 1480 4578; x_wconf 90' lang='lat' dir='ltr'><strong>de</strong></span> <span class='ocrx_word' id='word_1_663' title='bbox 1501 4522 1742 4580; x_wconf 88' lang='lat' dir='ltr'><strong>Eudocia</strong></span> <span class='ocrx_word' id='word_1_664' title='bbox 1780 4524 1867 4578; x_wconf 91' lang='lat' dir='ltr'><strong>hic</strong></span> <span class='ocrx_word' id='word_1_665' title='bbox 1900 4540 2013 4580; x_wconf 83' lang='lat' dir='ltr'><strong>ser-</strong></span> 
     </span>
    </p>
   </div>
   <div class='ocr_carea' id='block_1_92' title="bbox 2113 4522 3686 4612">
    <p class='ocr_par' dir='ltr' id='par_1_92' title="bbox 2115 4526 3686 4600">
     <span class='ocr_line' id='line_1_92' title="bbox 2115 4526 3686 4600; baseline 0 -18"><span class='ocrx_word' id='word_1_666' title='bbox 2115 4545 2233 4597; x_wconf 83' lang='grc' dir='ltr'><strong>μου</strong></span> <span class='ocrx_word' id='word_1_667' title='bbox 2258 4527 2327 4592; x_wconf 81' lang='grc' dir='ltr'><strong>ἐξ</strong></span> <span class='ocrx_word' id='word_1_668' title='bbox 2352 4527 2548 4596; x_wconf 79' lang='grc' dir='ltr'>ὄρους,</span> <span class='ocrx_word' id='word_1_669' title='bbox 2583 4526 2725 4580; x_wconf 74' lang='grc' dir='ltr'>κατὰ</span> <span class='ocrx_word' id='word_1_670' title='bbox 2761 4527 2860 4599; x_wconf 85' lang='grc' dir='ltr'>τὴν</span> <span class='ocrx_word' id='word_1_671' title='bbox 2911 4527 3075 4582; x_wconf 85' lang='grc' dir='ltr'>πάλαι</span> <span class='ocrx_word' id='word_1_672' title='bbox 3110 4529 3442 4600; x_wconf 83' lang='grc' dir='ltr'>κατέχουσαν</span> <span class='ocrx_word' id='word_1_673' title='bbox 3472 4530 3686 4600; x_wconf 80' lang='grc' dir='ltr'>εἴρηται</span> 
     </span>
    </p>
   </div>
   <div class='ocr_carea' id='block_1_93' title="bbox 449 4615 849 4670">
    <p class='ocr_par' dir='ltr' id='par_1_93' title="bbox 449 4615 849 4670">
     <span class='ocr_line' id='line_1_93' title="bbox 449 4615 849 4670; baseline -0.003 -1"><span class='ocrx_word' id='word_1_674' title='bbox 449 4630 538 4670; x_wconf 87' lang='lat' dir='ltr'><strong>tuo</strong></span> <span class='ocrx_word' id='word_1_675' title='bbox 567 4615 849 4669; x_wconf 78' lang='lat' dir='ltr'><strong>habeatur.</strong></span> 
     </span>
    </p>
   </div>
   <div class='ocr_carea' id='block_1_94' title="bbox 544 4703 2012 4774">
    <p class='ocr_par' dir='ltr' id='par_1_94' title="bbox 544 4703 2012 4774">
     <span class='ocr_line' id='line_1_94' title="bbox 544 4703 2012 4774; baseline 0.002 -14"><span class='ocrx_word' id='word_1_676' title='bbox 544 4705 634 4760; x_wconf 71' lang='grc'><strong>48.</strong></span> <span class='ocrx_word' id='word_1_677' title='bbox 704 4705 781 4759; x_wconf 83' lang='lat' dir='ltr'><strong>Ex</strong></span> <span class='ocrx_word' id='word_1_678' title='bbox 840 4704 906 4760; x_wconf 91' lang='lat' dir='ltr'><strong>iis</strong></span> <span class='ocrx_word' id='word_1_679' title='bbox 953 4719 1072 4774; x_wconf 65' lang='lat' dir='ltr'><strong>quae</strong></span> <span class='ocrx_word' id='word_1_680' title='bbox 1135 4703 1415 4760; x_wconf 89' lang='lat' dir='ltr'><strong>retulimus</strong></span> <span class='ocrx_word' id='word_1_681' title='bbox 1483 4703 1642 4760; x_wconf 82' lang='lat' dir='ltr'><strong>facile</strong></span> <span class='ocrx_word' id='word_1_682' title='bbox 1696 4705 2012 4774; x_wconf 87' lang='lat' dir='ltr'><strong>intelligitur</strong></span> 
     </span>
    </p>
   </div>
   <div class='ocr_carea' id='block_1_95' title="bbox 447 4794 2012 4876">
    <p class='ocr_par' dir='ltr' id='par_1_95' title="bbox 447 4794 2012 4876">
     <span class='ocr_line' id='line_1_95' title="bbox 447 4794 2012 4876; baseline -0.001 -23"><span class='ocrx_word' id='word_1_683' title='bbox 447 4798 895 4876; x_wconf 83' lang='lat' dir='ltr'><strong>commentarium</strong></span> <span class='ocrx_word' id='word_1_684' title='bbox 959 4794 1050 4865; x_wconf 92' lang='lat' dir='ltr'><strong>qui</strong></span> <span class='ocrx_word' id='word_1_685' title='bbox 1101 4795 1317 4849; x_wconf 90' lang='lat' dir='ltr'><strong>nomine</strong></span> <span class='ocrx_word' id='word_1_686' title='bbox 1368 4795 1634 4851; x_wconf 89' lang='lat' dir='ltr'><strong>Theodori</strong></span> <span class='ocrx_word' id='word_1_687' title='bbox 1684 4795 2012 4852; x_wconf 78' lang='lat' dir='ltr'><strong>Heracleotae</strong></span> 
     </span>
    </p>
   </div>
   <div class='ocr_carea' id='block_1_96' title="bbox 448 4885 2012 4954">
    <p class='ocr_par' dir='ltr' id='par_1_96' title="bbox 448 4885 2012 4954">
     <span class='ocr_line' id='line_1_96' title="bbox 448 4885 2012 4954; baseline 0.001 -11"><span class='ocrx_word' id='word_1_688' title='bbox 448 4885 845 4953; x_wconf 82' lang='lat' dir='ltr'><strong>circumfertur,</strong></span> <span class='ocrx_word' id='word_1_689' title='bbox 872 4885 986 4954; x_wconf 87' lang='lat' dir='ltr'><strong>ejus</strong></span> <span class='ocrx_word' id='word_1_690' title='bbox 1010 4900 1111 4938; x_wconf 91' lang='lat' dir='ltr'><strong>non</strong></span> <span class='ocrx_word' id='word_1_691' title='bbox 1141 4900 1280 4952; x_wconf 86' lang='lat' dir='ltr'><strong>esse,</strong></span> <span class='ocrx_word' id='word_1_692' title='bbox 1321 4900 1420 4940; x_wconf 89' lang='lat' dir='ltr'><strong>nec</strong></span> <span class='ocrx_word' id='word_1_693' title='bbox 1442 4888 1489 4941; x_wconf 91' lang='lat' dir='ltr'><strong>ei</strong></span> <span class='ocrx_word' id='word_1_694' title='bbox 1519 4888 1676 4943; x_wconf 88' lang='lat' dir='ltr'><strong>tribui</strong></span> <span class='ocrx_word' id='word_1_695' title='bbox 1710 4887 1819 4944; x_wconf 89' lang='lat' dir='ltr'><strong>ullo</strong></span> <span class='ocrx_word' id='word_1_696' title='bbox 1853 4889 2012 4944; x_wconf 88' lang='lat' dir='ltr'><strong>modo</strong></span> 
     </span>
    </p>
   </div>
   <div class='ocr_carea' id='block_1_97' title="bbox 449 4973 2017 5047">
    <p class='ocr_par' dir='ltr' id='par_1_97' title="bbox 449 4973 2017 5047">
     <span class='ocr_line' id='line_1_97' title="bbox 449 4973 2017 5047; baseline 0.001 -18"><span class='ocrx_word' id='word_1_697' title='bbox 449 4989 627 5045; x_wconf 83' lang='lat' dir='ltr'><strong>posse.</strong></span> <span class='ocrx_word' id='word_1_698' title='bbox 654 4975 901 5028; x_wconf 87' lang='lat' dir='ltr'><strong>Attamen</strong></span> <span class='ocrx_word' id='word_1_699' title='bbox 938 4989 1004 5028; x_wconf 91' lang='lat' dir='ltr'><strong>ne</strong></span> <span class='ocrx_word' id='word_1_700' title='bbox 1029 4973 1396 5030; x_wconf 79' lang='lat' dir='ltr'><strong>Theodoretus</strong></span> <span class='ocrx_word' id='word_1_701' title='bbox 1429 4976 1737 5047; x_wconf 77' lang='lat' dir='ltr'><strong>asym’bolus</strong></span> <span class='ocrx_word' id='word_1_702' title='bbox 1777 4993 1900 5033; x_wconf 88' lang='lat' dir='ltr'><strong>esse</strong></span> <span class='ocrx_word' id='word_1_703' title='bbox 1936 4978 2017 5031; x_wconf 84' lang='lat' dir='ltr'><strong>vi-</strong></span> 
     </span>
    </p>
   </div>
   <div class='ocr_carea' id='block_1_98' title="bbox 449 5066 2018 5134">
    <p class='ocr_par' dir='ltr' id='par_1_98' title="bbox 449 5066 2018 5134">
     <span class='ocr_line' id='line_1_98' title="bbox 449 5066 2018 5134; baseline 0.003 -14"><span class='ocrx_word' id='word_1_704' title='bbox 449 5068 658 5134; x_wconf 89' lang='lat' dir='ltr'><strong>deatur,</strong></span> <span class='ocrx_word' id='word_1_705' title='bbox 695 5066 944 5120; x_wconf 90' lang='lat' dir='ltr'><strong>nonnulla</strong></span> <span class='ocrx_word' id='word_1_706' title='bbox 991 5081 1056 5120; x_wconf 81' lang='lat' dir='ltr'><strong>ex</strong></span> <span class='ocrx_word' id='word_1_707' title='bbox 1095 5081 1160 5120; x_wconf 87' lang='lat' dir='ltr'><strong>eo</strong></span> <span class='ocrx_word' id='word_1_708' title='bbox 1202 5066 1402 5122; x_wconf 85' lang='lat' dir='ltr'><strong>addere</strong></span> <span class='ocrx_word' id='word_1_709' title='bbox 1446 5067 1603 5123; x_wconf 88' lang='lat' dir='ltr'><strong>libet.</strong></span> <span class='ocrx_word' id='word_1_710' title='bbox 1648 5067 2018 5125; x_wconf 89' lang='lat' dir='ltr'><strong>TlIeodoretus</strong></span> 
     </span>
    </p>
   </div>
   <div class='ocr_carea' id='block_1_99' title="bbox 449 5159 2015 5230">
    <p class='ocr_par' dir='ltr' id='par_1_99' title="bbox 449 5159 2015 5230">
     <span class='ocr_line' id='line_1_99' title="bbox 449 5159 2015 5230; baseline 0.002 -16"><span class='ocrx_word' id='word_1_711' title='bbox 449 5163 614 5230; x_wconf 82' lang='lat' dir='ltr'><strong>igitur</strong></span> <span class='ocrx_word' id='word_1_712' title='bbox 641 5160 730 5214; x_wconf 90' lang='lat' dir='ltr'><strong>illa</strong></span> <span class='ocrx_word' id='word_1_713' title='bbox 760 5161 917 5230; x_wconf 84' lang='lat' dir='ltr'><strong>primi</strong></span> <span class='ocrx_word' id='word_1_714' title='bbox 946 5159 1136 5229; x_wconf 88' lang='lat' dir='ltr'><strong>psalmi</strong></span> <span class='ocrx_word' id='word_1_715' title='bbox 1179 5162 1366 5224; x_wconf 87' lang='lat' dir='ltr'><strong>verba,</strong></span> <span class='ocrx_word' id='word_1_716' title='bbox 1393 5178 1412 5211; x_wconf 86' lang='grc'><strong>‹</strong></span> <span class='ocrx_word' id='word_1_717' title='bbox 1444 5159 1508 5213; x_wconf 88' lang='lat' dir='ltr'><strong>Et</strong></span> <span class='ocrx_word' id='word_1_718' title='bbox 1538 5160 1726 5214; x_wconf 90' lang='lat' dir='ltr'><strong>folium</strong></span> <span class='ocrx_word' id='word_1_719' title='bbox 1753 5161 1870 5230; x_wconf 86' lang='lat' dir='ltr'><strong>ejus</strong></span> <span class='ocrx_word' id='word_1_720' title='bbox 1911 5177 2015 5216; x_wconf 89' lang='lat' dir='ltr'><strong>non</strong></span> 
     </span>
    </p>
   </div>
   <div class='ocr_carea' id='block_1_100' title="bbox 448 5248 2016 5320">
    <p class='ocr_par' dir='ltr' id='par_1_100' title="bbox 448 5248 2016 5320">
     <span class='ocr_line' id='line_1_100' title="bbox 448 5248 2016 5320; baseline -0.001 -16"><span class='ocrx_word' id='word_1_721' title='bbox 448 5250 644 5305; x_wconf 80' lang='lat' dir='ltr'><strong>detinet</strong></span> <span class='ocrx_word' id='word_1_722' title='bbox 666 5248 736 5312; x_wconf 77' lang='lat'><strong>&quot;,</strong></span> <span class='ocrx_word' id='word_1_723' title='bbox 771 5266 798 5300; x_wconf 80' lang='grc'><strong>-›</strong></span> <span class='ocrx_word' id='word_1_724' title='bbox 841 5257 970 5313; x_wconf 91' lang='lat' dir='ltr'><strong>etc.,</strong></span> <span class='ocrx_word' id='word_1_725' title='bbox 1002 5255 1383 5315; x_wconf 84' lang='lat' dir='ltr'><strong>interpretatur</strong></span> <span class='ocrx_word' id='word_1_726' title='bbox 1411 5248 1513 5302; x_wconf 87' lang='lat' dir='ltr'><strong>hoc</strong></span> <span class='ocrx_word' id='word_1_727' title='bbox 1539 5251 1696 5301; x_wconf 82' lang='lat' dir='ltr'><strong>modo</strong></span> <span class='ocrx_word' id='word_1_728' title='bbox 1731 5263 1744 5299; x_wconf 89' lang='lat'><strong>:</strong></span> <span class='ocrx_word' id='word_1_729' title='bbox 1775 5249 1882 5300; x_wconf 77' lang='lat' dir='ltr'><strong>Kal.</strong></span> <span class='ocrx_word' id='word_1_730' title='bbox 1908 5249 2016 5320; x_wconf 77' lang='grc' dir='ltr'><strong>γὰρ</strong></span> 
     </span>
    </p>
   </div>
   <div class='ocr_carea' id='block_1_101' title="bbox 445 5337 2019 5414">
    <p class='ocr_par' dir='ltr' id='par_1_101' title="bbox 445 5337 2019 5414">
     <span class='ocr_line' id='line_1_101' title="bbox 445 5337 2019 5414; baseline -0.001 -19"><span class='ocrx_word' id='word_1_731' title='bbox 445 5345 496 5395; x_wconf 80' lang='lat' dir='ltr'><strong>oi</strong></span> <span class='ocrx_word' id='word_1_732' title='bbox 528 5343 630 5414; x_wconf 80' lang='grc' dir='ltr'>τῆς</span> <span class='ocrx_word' id='word_1_733' title='bbox 655 5341 854 5412; x_wconf 81' lang='grc' dir='ltr'>ἀρετῆς</span> <span class='ocrx_word' id='word_1_734' title='bbox 891 5339 1120 5410; x_wconf 74' lang='grc' dir='ltr'>ἀθληταὶ</span> <span class='ocrx_word' id='word_1_735' title='bbox 1143 5339 1252 5391; x_wconf 83' lang='grc' dir='ltr'>τῶν</span> <span class='ocrx_word' id='word_1_736' title='bbox 1281 5337 1379 5410; x_wconf 76' lang='grc' dir='ltr'><strong>μὲν</strong></span> <span class='ocrx_word' id='word_1_737' title='bbox 1412 5339 1586 5392; x_wconf 82' lang='grc' dir='ltr'>πόνων</span> <span class='ocrx_word' id='word_1_738' title='bbox 1613 5339 1752 5392; x_wconf 79' lang='grc' dir='ltr'>κατὰ</span> <span class='ocrx_word' id='word_1_739' title='bbox 1773 5339 1866 5392; x_wconf 80' lang='grc' dir='ltr'>τ’ὸν</span> <span class='ocrx_word' id='word_1_740' title='bbox 1893 5341 2019 5410; x_wconf 88' lang='grc' dir='ltr'>μέλ-</span> 
     </span>
    </p>
   </div>
   <div class='ocr_carea' id='block_1_102' title="bbox 446 5430 2015 5503">
    <p class='ocr_par' dir='ltr' id='par_1_102' title="bbox 446 5430 2015 5503">
     <span class='ocr_line' id='line_1_102' title="bbox 446 5430 2015 5503; baseline -0.001 -17"><span class='ocrx_word' id='word_1_741' title='bbox 446 5433 602 5487; x_wconf 87' lang='grc' dir='ltr'>λοντα</span> <span class='ocrx_word' id='word_1_742' title='bbox 635 5433 748 5503; x_wconf 89' lang='grc' dir='ltr'>βίον</span> <span class='ocrx_word' id='word_1_743' title='bbox 775 5432 1089 5502; x_wconf 86' lang='grc' dir='ltr'>κομίσονται</span> <span class='ocrx_word' id='word_1_744' title='bbox 1115 5431 1239 5494; x_wconf 75' lang='grc' dir='ltr'>τοὺς</span> <span class='ocrx_word' id='word_1_745' title='bbox 1267 5432 1576 5501; x_wconf 83' lang='grc' dir='ltr'>καρποὺς...</span> <span class='ocrx_word' id='word_1_746' title='bbox 1608 5432 1702 5484; x_wconf 54' lang='grc' dir='ltr'><strong>καὶ⁴</strong></span> <span class='ocrx_word' id='word_1_747' title='bbox 1735 5430 1931 5484; x_wconf 83' lang='grc' dir='ltr'>συλῶσι</span> <span class='ocrx_word' id='word_1_748' title='bbox 1949 5433 2015 5502; x_wconf 80' lang='grc' dir='ltr'>τῇ</span> 
     </span>
    </p>
   </div>
   <div class='ocr_carea' id='block_1_103' title="bbox 444 5521 2018 5594">
    <p class='ocr_par' dir='ltr' id='par_1_103' title="bbox 444 5521 2018 5594">
     <span class='ocr_line' id='line_1_103' title="bbox 444 5521 2018 5594; baseline -0.001 -18"><span class='ocrx_word' id='word_1_749' title='bbox 444 5523 771 5594; x_wconf 65' lang='grc' dir='ltr'>ψυχαγωγία</span> <span class='ocrx_word' id='word_1_750' title='bbox 792 5524 890 5593; x_wconf 80' lang='grc' dir='ltr'>τὴν</span> <span class='ocrx_word' id='word_1_751' title='bbox 910 5522 1016 5575; x_wconf 82' lang='grc' dir='ltr'><strong>τῶν</strong></span> <span class='ocrx_word' id='word_1_752' title='bbox 1035 5522 1210 5574; x_wconf 87' lang='grc' dir='ltr'>πόνων</span> <span class='ocrx_word' id='word_1_753' title='bbox 1230 5521 1572 5593; x_wconf 77' lang='grc' dir='ltr'>βαρύτητα...</span> <span class='ocrx_word' id='word_1_754' title='bbox 1601 5522 1765 5576; x_wconf 82' lang='grc' dir='ltr'>Οὐδὲν</span> <span class='ocrx_word' id='word_1_755' title='bbox 1782 5524 2018 5578; x_wconf 77' lang='grc' dir='ltr'>ἐναντίον</span> 
     </span>
    </p>
   </div>
   <div class='ocr_carea' id='block_1_104' title="bbox 444 5612 2016 5687">
    <p class='ocr_par' dir='ltr' id='par_1_104' title="bbox 444 5612 2016 5687">
     <span class='ocr_line' id='line_1_104' title="bbox 444 5612 2016 5687; baseline 0.001 -21"><span class='ocrx_word' id='word_1_756' title='bbox 444 5618 558 5679; x_wconf 80' lang='grc' dir='ltr'>τοῖς</span> <span class='ocrx_word' id='word_1_757' title='bbox 587 5614 751 5675; x_wconf 79' lang='grc' dir='ltr'>θείοις</span> <span class='ocrx_word' id='word_1_758' title='bbox 773 5613 954 5676; x_wconf 77' lang='grc' dir='ltr'>νόμοις</span> <span class='ocrx_word' id='word_1_759' title='bbox 976 5613 1067 5681; x_wconf 81' lang='grc' dir='ltr'><strong>ὅγε</strong></span> <span class='ocrx_word' id='word_1_760' title='bbox 1088 5612 1326 5678; x_wconf 83' lang='grc' dir='ltr'>τοιοῦτος</span> <span class='ocrx_word' id='word_1_761' title='bbox 1347 5613 1539 5686; x_wconf 80' lang='grc' dir='ltr'>δρᾶσαι</span> <span class='ocrx_word' id='word_1_762' title='bbox 1575 5613 1909 5684; x_wconf 82' lang='grc' dir='ltr'>βουλήσεται.</span> <span class='ocrx_word' id='word_1_763' title='bbox 1938 5613 2016 5687; x_wconf 82' lang='grc' dir='ltr'><strong>τῷ</strong></span> 
     </span>
    </p>
   </div>
   <div class='ocr_carea' id='block_1_105' title="bbox 520 5794 2013 5866">
    <p class='ocr_par' dir='ltr' id='par_1_105' title="bbox 520 5794 1993 5866">
     <span class='ocr_line' id='line_1_105' title="bbox 520 5794 1993 5866; baseline 0.001 -13"><span class='ocrx_word' id='word_1_764' title='bbox 520 5799 566 5832; x_wconf 74' lang='grc'><strong>’⁸</strong></span> <span class='ocrx_word' id='word_1_765' title='bbox 607 5795 746 5853; x_wconf 83' lang='lat' dir='ltr'><strong>Psal.</strong></span> <span class='ocrx_word' id='word_1_766' title='bbox 784 5809 937 5857; x_wconf 77' lang='lat' dir='ltr'><strong>XLIII,</strong></span> <span class='ocrx_word' id='word_1_767' title='bbox 970 5794 1057 5848; x_wconf 73' lang='grc'><strong>26.</strong></span> <span class='ocrx_word' id='word_1_768' title='bbox 1134 5797 1179 5828; x_wconf 76' lang='grc'><strong>⁷⁸</strong></span> <span class='ocrx_word' id='word_1_769' title='bbox 1218 5796 1356 5852; x_wconf 73' lang='grc' dir='ltr'>Ρεειὶ.</span> <span class='ocrx_word' id='word_1_770' title='bbox 1391 5814 1429 5864; x_wconf 89' lang='lat' dir='ltr'><strong>I,</strong></span> <span class='ocrx_word' id='word_1_771' title='bbox 1458 5797 1512 5852; x_wconf 80' lang='grc'>5.</span> <span class='ocrx_word' id='word_1_772' title='bbox 1589 5800 1631 5832; x_wconf 68' lang='grc'><strong>³⁷</strong></span> <span class='ocrx_word' id='word_1_773' title='bbox 1655 5799 1795 5856; x_wconf 82' lang='lat' dir='ltr'><strong>Psal.</strong></span> <span class='ocrx_word' id='word_1_774' title='bbox 1832 5816 1911 5866; x_wconf 87' lang='lat' dir='ltr'><strong>Ill,</strong></span> 
     </span>
    </p>
   </div>
   <div class='ocr_carea' id='block_1_106' title="bbox 2113 5794 2380 5866">
    <p class='ocr_par' dir='ltr' id='par_1_106' title="bbox 2113 5800 2380 5858">
     <span class='ocr_line' id='line_1_106' title="bbox 2113 5800 2380 5858; baseline 0.004 -1"><span class='ocrx_word' id='word_1_775' title='bbox 2113 5803 2120 5833; x_wconf 73' lang='grc'>⁸</span> <span class='ocrx_word' id='word_1_776' title='bbox 2156 5800 2283 5857; x_wconf 84' lang='lat' dir='ltr'><strong>ibid.</strong></span> <span class='ocrx_word' id='word_1_777' title='bbox 2326 5801 2380 5858; x_wconf 80' lang='grc'>6.</span> 
     </span>
    </p>
   </div>
   <div class='ocr_carea' id='block_1_107' title="bbox 2117 4620 3684 4692">
    <p class='ocr_par' dir='ltr' id='par_1_107' title="bbox 2117 4620 3684 4692">
     <span class='ocr_line' id='line_1_107' title="bbox 2117 4620 3684 4692; baseline 0 -18"><span class='ocrx_word' id='word_1_778' title='bbox 2117 4621 2294 4685; x_wconf 80' lang='grc' dir='ltr'>δόξαν.</span> <span class='ocrx_word' id='word_1_779' title='bbox 2325 4621 2630 4691; x_wconf 78' lang='grc' dir='ltr'>Ἐνομίζετο</span> <span class='ocrx_word' id='word_1_780' title='bbox 2657 4620 2763 4692; x_wconf 78' lang='grc' dir='ltr'>γὰρ</span> <span class='ocrx_word' id='word_1_781' title='bbox 2789 4623 2845 4675; x_wconf 80' lang='grc' dir='ltr'><strong>έν</strong></span> <span class='ocrx_word' id='word_1_782' title='bbox 2864 4623 2930 4692; x_wconf 73' lang='grc' dir='ltr'>τῇ</span> <span class='ocrx_word' id='word_1_783' title='bbox 2962 4623 3134 4692; x_wconf 81' lang='grc' dir='ltr'>σκηνῇ</span> <span class='ocrx_word' id='word_1_784' title='bbox 3169 4623 3463 4687; x_wconf 83' lang='grc' dir='ltr'>κατοικεῖν,</span> <span class='ocrx_word' id='word_1_785' title='bbox 3500 4621 3684 4692; x_wconf 80' lang='grc' dir='ltr'>ἐπειδὴ</span> 
     </span>
    </p>
   </div>
   <div class='ocr_carea' id='block_1_108' title="bbox 2117 4711 3686 4784">
    <p class='ocr_par' dir='ltr' id='par_1_108' title="bbox 2117 4711 3686 4784">
     <span class='ocr_line' id='line_1_108' title="bbox 2117 4711 3686 4784; baseline 0.003 -20"><span class='ocrx_word' id='word_1_786' title='bbox 2117 4711 2324 4764; x_wconf 79' lang='grc' dir='ltr'>ἐκεῖθεν</span> <span class='ocrx_word' id='word_1_787' title='bbox 2361 4712 2453 4764; x_wconf 76' lang='grc' dir='ltr'><strong>καὶ</strong></span> <span class='ocrx_word' id='word_1_788' title='bbox 2483 4713 2529 4764; x_wconf 81' lang='lat' dir='ltr'><strong>oi</strong></span> <span class='ocrx_word' id='word_1_789' title='bbox 2560 4713 2796 4784; x_wconf 73' lang='grc' dir='ltr'>χρησμοὶ</span> <span class='ocrx_word' id='word_1_790' title='bbox 2827 4714 2938 4776; x_wconf 85' lang='grc' dir='ltr'>τοῖς</span> <span class='ocrx_word' id='word_1_791' title='bbox 2972 4712 3202 4780; x_wconf 67' lang='grc' dir='ltr'>ἱερεῦσίν</span> <span class='ocrx_word' id='word_1_792' title='bbox 3231 4713 3479 4767; x_wconf 77' lang='grc' dir='ltr'>ἐδίδοντο.</span> <span class='ocrx_word' id='word_1_793' title='bbox 3505 4753 3521 4768; x_wconf 90' lang='grc'><strong>.</strong></span> <span class='ocrx_word' id='word_1_794' title='bbox 3544 4753 3559 4768; x_wconf 93' lang='grc'><strong>.</strong></span> <span class='ocrx_word' id='word_1_795' title='bbox 3598 4715 3686 4778; x_wconf 82' lang='grc' dir='ltr'>Ὡς</span> 
     </span>
    </p>
   </div>
   <div class='ocr_carea' id='block_1_109' title="bbox 2117 4801 3687 4876">
    <p class='ocr_par' dir='ltr' id='par_1_109' title="bbox 2117 4801 3687 4876">
     <span class='ocr_line' id='line_1_109' title="bbox 2117 4801 3687 4876; baseline 0.004 -22"><span class='ocrx_word' id='word_1_796' title='bbox 2117 4801 2224 4874; x_wconf 81' lang='grc' dir='ltr'><strong>γὰρ</strong></span> <span class='ocrx_word' id='word_1_797' title='bbox 2253 4803 2310 4855; x_wconf 81' lang='grc' dir='ltr'>ὲν</span> <span class='ocrx_word' id='word_1_798' title='bbox 2339 4802 2515 4872; x_wconf 81' lang='grc' dir='ltr'>σκότῳ</span> <span class='ocrx_word' id='word_1_799' title='bbox 2544 4803 2638 4856; x_wconf 76' lang='grc' dir='ltr'>καὶ</span> <span class='ocrx_word' id='word_1_800' title='bbox 2679 4803 2830 4874; x_wconf 79' lang='grc' dir='ltr'>ὕπνῳ</span> <span class='ocrx_word' id='word_1_801' title='bbox 2875 4803 3080 4872; x_wconf 87' lang='grc' dir='ltr'>διάγειν</span> <span class='ocrx_word' id='word_1_802' title='bbox 3111 4805 3415 4875; x_wconf 74' lang='grc' dir='ltr'>νομίζουσιν</span> <span class='ocrx_word' id='word_1_803' title='bbox 3445 4807 3494 4858; x_wconf 80' lang='grc' dir='ltr'>οἱ</span> <span class='ocrx_word' id='word_1_804' title='bbox 3533 4807 3687 4876; x_wconf 67' lang='grc' dir='ltr'>ἀνια-</span> 
     </span>
    </p>
   </div>
   <div class='ocr_carea' id='block_1_110' title="bbox 2120 4892 3688 4968">
    <p class='ocr_par' dir='ltr' id='par_1_110' title="bbox 2120 4892 3688 4968">
     <span class='ocr_line' id='line_1_110' title="bbox 2120 4892 3688 4968; baseline 0.005 -24"><span class='ocrx_word' id='word_1_805' title='bbox 2120 4895 2234 4963; x_wconf 82' lang='grc' dir='ltr'>ροῖς</span> <span class='ocrx_word' id='word_1_806' title='bbox 2264 4894 2705 4964; x_wconf 84' lang='grc' dir='ltr'>περιπίπτοντες,</span> <span class='ocrx_word' id='word_1_807' title='bbox 2746 4894 2886 4950; x_wconf 84' lang='grc' dir='ltr'>κατὰ</span> <span class='ocrx_word' id='word_1_808' title='bbox 2927 4896 3124 4950; x_wconf 82' lang='grc' dir='ltr'>ταυτὸν</span> <span class='ocrx_word' id='word_1_809' title='bbox 3165 4892 3257 4950; x_wconf 80' lang='grc' dir='ltr'><strong>οὖν</strong></span> <span class='ocrx_word' id='word_1_810' title='bbox 3300 4897 3554 4968; x_wconf 85' lang='grc' dir='ltr'>σημαίνει</span> <span class='ocrx_word' id='word_1_811' title='bbox 3592 4899 3688 4952; x_wconf 81' lang='grc' dir='ltr'>καὶ</span> 
     </span>
    </p>
   </div>
   <div class='ocr_carea' id='block_1_111' title="bbox 2115 4984 3685 5061">
    <p class='ocr_par' dir='ltr' id='par_1_111' title="bbox 2115 4984 3685 5061">
     <span class='ocr_line' id='line_1_111' title="bbox 2115 4984 3685 5061; baseline 0.003 -22"><span class='ocrx_word' id='word_1_812' title='bbox 2115 4984 2213 5049; x_wconf 81' lang='grc' dir='ltr'>τὰς</span> <span class='ocrx_word' id='word_1_813' title='bbox 2270 4985 2501 5054; x_wconf 76' lang='grc' dir='ltr'>θλίψεις,</span> <span class='ocrx_word' id='word_1_814' title='bbox 2545 4988 2639 5039; x_wconf 73' lang='grc' dir='ltr'>καὶ</span> <span class='ocrx_word' id='word_1_815' title='bbox 2695 4987 2794 5058; x_wconf 81' lang='grc' dir='ltr'>τὴν</span> <span class='ocrx_word' id='word_1_816' title='bbox 2849 4988 3057 5042; x_wconf 87' lang='grc' dir='ltr'>τούτων</span> <span class='ocrx_word' id='word_1_817' title='bbox 3116 4989 3456 5061; x_wconf 82' lang='grc' dir='ltr'>ἀπαλλαγήν.</span> <span class='ocrx_word' id='word_1_818' title='bbox 3493 5008 3512 5041; x_wconf 73' lang='grc' dir='ltr'><strong>ι</strong></span> <span class='ocrx_word' id='word_1_819' title='bbox 3553 4989 3685 5044; x_wconf 90' lang='lat' dir='ltr'><strong>Illud</strong></span> 
     </span>
    </p>
   </div>
   <div class='ocr_carea' id='block_1_112' title="bbox 2117 5076 3684 5148">
    <p class='ocr_par' dir='ltr' id='par_1_112' title="bbox 2117 5076 3684 5148">
     <span class='ocr_line' id='line_1_112' title="bbox 2117 5076 3684 5148; baseline 0.004 -19"><span class='ocrx_word' id='word_1_820' title='bbox 2117 5085 2319 5141; x_wconf 91' lang='lat' dir='ltr'><strong>autem,</strong></span> <span class='ocrx_word' id='word_1_821' title='bbox 2352 5076 2637 5132; x_wconf 77' lang='lat' dir='ltr'><strong>Exaudivit</strong></span> <span class='ocrx_word' id='word_1_822' title='bbox 2681 5094 2760 5132; x_wconf 81' lang='lat' dir='ltr'><strong>me</strong></span> <span class='ocrx_word' id='word_1_823' title='bbox 2789 5079 2853 5132; x_wconf 86' lang='lat' dir='ltr'><strong>de</strong></span> <span class='ocrx_word' id='word_1_824' title='bbox 2905 5088 3102 5147; x_wconf 81' lang='lat' dir='ltr'><strong>monte,</strong></span> <span class='ocrx_word' id='word_1_825' title='bbox 3157 5080 3357 5134; x_wconf 90' lang='lat' dir='ltr'><strong>dictum</strong></span> <span class='ocrx_word' id='word_1_826' title='bbox 3414 5090 3499 5135; x_wconf 90' lang='lat' dir='ltr'><strong>est</strong></span> <span class='ocrx_word' id='word_1_827' title='bbox 3530 5079 3684 5148; x_wconf 59' lang='lat' dir='ltr'><strong>juxta</strong></span> 
     </span>
    </p>
   </div>
   <div class='ocr_carea' id='block_1_113' title="bbox 2115 5170 3685 5242">
    <p class='ocr_par' dir='ltr' id='par_1_113' title="bbox 2115 5170 3685 5242">
     <span class='ocr_line' id='line_1_113' title="bbox 2115 5170 3685 5242; baseline 0.002 -20"><span class='ocrx_word' id='word_1_828' title='bbox 2115 5179 2379 5235; x_wconf 88' lang='lat' dir='ltr'><strong>veterem,</strong></span> <span class='ocrx_word' id='word_1_829' title='bbox 2398 5184 2517 5237; x_wconf 65' lang='lat' dir='ltr'><strong>quae</strong></span> <span class='ocrx_word' id='word_1_830' title='bbox 2541 5179 2667 5224; x_wconf 91' lang='lat' dir='ltr'><strong>tunc</strong></span> <span class='ocrx_word' id='word_1_831' title='bbox 2697 5170 2998 5236; x_wconf 88' lang='lat' dir='ltr'><strong>obtinebat,</strong></span> <span class='ocrx_word' id='word_1_832' title='bbox 3029 5171 3357 5242; x_wconf 88' lang='lat' dir='ltr'><strong>opinionem.</strong></span> <span class='ocrx_word' id='word_1_833' title='bbox 3387 5171 3685 5226; x_wconf 87' lang='lat' dir='ltr'><strong>Putabatur</strong></span> 
     </span>
    </p>
   </div>
   <div class='ocr_carea' id='block_1_114' title="bbox 2114 5256 3684 5330">
    <p class='ocr_par' dir='ltr' id='par_1_114' title="bbox 2114 5256 3684 5330">
     <span class='ocr_line' id='line_1_114' title="bbox 2114 5256 3684 5330; baseline 0.004 -21"><span class='ocrx_word' id='word_1_834' title='bbox 2114 5257 2258 5310; x_wconf 90' lang='lat' dir='ltr'><strong>enim</strong></span> <span class='ocrx_word' id='word_1_835' title='bbox 2295 5256 2351 5311; x_wconf 90' lang='lat' dir='ltr'><strong>in</strong></span> <span class='ocrx_word' id='word_1_836' title='bbox 2382 5258 2732 5314; x_wconf 87' lang='lat' dir='ltr'><strong>tabernaculo</strong></span> <span class='ocrx_word' id='word_1_837' title='bbox 2785 5259 3052 5327; x_wconf 89' lang='lat' dir='ltr'><strong>habitare,</strong></span> <span class='ocrx_word' id='word_1_838' title='bbox 3089 5261 3346 5330; x_wconf 84' lang='lat' dir='ltr'><strong>quoniam</strong></span> <span class='ocrx_word' id='word_1_839' title='bbox 3378 5262 3450 5316; x_wconf 88' lang='lat' dir='ltr'><strong>ibi</strong></span> <span class='ocrx_word' id='word_1_840' title='bbox 3498 5277 3684 5316; x_wconf 86' lang='lat' dir='ltr'><strong>sacer-</strong></span> 
     </span>
    </p>
   </div>
   <div class='ocr_carea' id='block_1_115' title="bbox 2117 5347 3684 5419">
    <p class='ocr_par' dir='ltr' id='par_1_115' title="bbox 2117 5347 3684 5419">
     <span class='ocr_line' id='line_1_115' title="bbox 2117 5347 3684 5419; baseline 0.006 -20"><span class='ocrx_word' id='word_1_841' title='bbox 2117 5347 2332 5403; x_wconf 91' lang='lat' dir='ltr'><strong>dotibus</strong></span> <span class='ocrx_word' id='word_1_842' title='bbox 2365 5362 2578 5419; x_wconf 89' lang='lat' dir='ltr'><strong>quoque</strong></span> <span class='ocrx_word' id='word_1_843' title='bbox 2620 5351 2836 5405; x_wconf 89' lang='lat' dir='ltr'><strong>oracula</strong></span> <span class='ocrx_word' id='word_1_844' title='bbox 2881 5351 3214 5410; x_wconf 90' lang='lat' dir='ltr'><strong>dabantur...</strong></span> <span class='ocrx_word' id='word_1_845' title='bbox 3264 5352 3415 5407; x_wconf 89' lang='lat' dir='ltr'><strong>Sicut</strong></span> <span class='ocrx_word' id='word_1_846' title='bbox 3447 5353 3592 5406; x_wconf 89' lang='lat' dir='ltr'><strong>enim</strong></span> <span class='ocrx_word' id='word_1_847' title='bbox 3630 5353 3684 5408; x_wconf 90' lang='lat' dir='ltr'><strong>in</strong></span> 
     </span>
    </p>
   </div>
   <div class='ocr_carea' id='block_1_116' title="bbox 2119 5438 3686 5512">
    <p class='ocr_par' dir='ltr' id='par_1_116' title="bbox 2119 5438 3686 5512">
     <span class='ocr_line' id='line_1_116' title="bbox 2119 5438 3686 5512; baseline 0.003 -21"><span class='ocrx_word' id='word_1_848' title='bbox 2119 5438 2359 5494; x_wconf 87' lang='lat' dir='ltr'><strong>tenebris</strong></span> <span class='ocrx_word' id='word_1_849' title='bbox 2382 5449 2436 5494; x_wconf 88' lang='lat' dir='ltr'><strong>et</strong></span> <span class='ocrx_word' id='word_1_850' title='bbox 2467 5454 2660 5496; x_wconf 88' lang='lat' dir='ltr'><strong>somno</strong></span> <span class='ocrx_word' id='word_1_851' title='bbox 2691 5443 2896 5497; x_wconf 88' lang='lat' dir='ltr'><strong>versari</strong></span> <span class='ocrx_word' id='word_1_852' title='bbox 2945 5456 3006 5497; x_wconf 88' lang='lat' dir='ltr'><strong>se</strong></span> <span class='ocrx_word' id='word_1_853' title='bbox 3048 5443 3364 5499; x_wconf 79' lang='lat' dir='ltr'><strong>existimant</strong></span> <span class='ocrx_word' id='word_1_854' title='bbox 3405 5442 3494 5512; x_wconf 91' lang='lat' dir='ltr'><strong>qui</strong></span> <span class='ocrx_word' id='word_1_855' title='bbox 3525 5442 3578 5497; x_wconf 93' lang='lat' dir='ltr'><strong>in</strong></span> <span class='ocrx_word' id='word_1_856' title='bbox 3598 5456 3686 5496; x_wconf 85' lang='lat' dir='ltr'><strong>res</strong></span> 
     </span>
    </p>
   </div>
   <div class='ocr_carea' id='block_1_117' title="bbox 2119 5530 3683 5604">
    <p class='ocr_par' dir='ltr' id='par_1_117' title="bbox 2119 5530 3683 5604">
     <span class='ocr_line' id='line_1_117' title="bbox 2119 5530 3683 5604; baseline 0.004 -22"><span class='ocrx_word' id='word_1_857' title='bbox 2119 5530 2301 5586; x_wconf 87' lang='lat' dir='ltr'><strong>tristes</strong></span> <span class='ocrx_word' id='word_1_858' title='bbox 2338 5532 2598 5596; x_wconf 87' lang='lat' dir='ltr'><strong>incidunt,</strong></span> <span class='ocrx_word' id='word_1_859' title='bbox 2626 5533 2708 5587; x_wconf 92' lang='lat' dir='ltr'><strong>sic</strong></span> <span class='ocrx_word' id='word_1_860' title='bbox 2735 5534 2898 5588; x_wconf 89' lang='lat' dir='ltr'><strong>etiam</strong></span> <span class='ocrx_word' id='word_1_861' title='bbox 2923 5548 2952 5588; x_wconf 88' lang='lat' dir='ltr'><strong>a</strong></span> <span class='ocrx_word' id='word_1_862' title='bbox 2981 5535 3140 5588; x_wconf 88' lang='lat' dir='ltr'><strong>simili</strong></span> <span class='ocrx_word' id='word_1_863' title='bbox 3167 5535 3399 5604; x_wconf 77' lang='lat' dir='ltr'><strong>explicat</strong></span> <span class='ocrx_word' id='word_1_864' title='bbox 3436 5532 3683 5589; x_wconf 80' lang='lat' dir='ltr'><strong>aﬂlictio-</strong></span> 
     </span>
    </p>
   </div>
   <div class='ocr_carea' id='block_1_118' title="bbox 2118 5623 3686 5686">
    <p class='ocr_par' dir='ltr' id='par_1_118' title="bbox 2118 5623 3686 5686">
     <span class='ocr_line' id='line_1_118' title="bbox 2118 5623 3686 5686; baseline 0.004 -14"><span class='ocrx_word' id='word_1_865' title='bbox 2118 5634 2234 5686; x_wconf 89' lang='lat' dir='ltr'><strong>nes,</strong></span> <span class='ocrx_word' id='word_1_866' title='bbox 2291 5632 2345 5676; x_wconf 89' lang='lat' dir='ltr'><strong>et</strong></span> <span class='ocrx_word' id='word_1_867' title='bbox 2378 5623 2568 5678; x_wconf 86' lang='lat' dir='ltr'><strong>harum</strong></span> <span class='ocrx_word' id='word_1_868' title='bbox 2614 5624 3007 5681; x_wconf 86' lang='lat' dir='ltr'><strong>liberationem.</strong></span> <span class='ocrx_word' id='word_1_869' title='bbox 3044 5643 3066 5680; x_wconf 70' lang='grc' dir='ltr'><strong>ι</strong></span> <span class='ocrx_word' id='word_1_870' title='bbox 3095 5625 3204 5684; x_wconf 85' lang='lat' dir='ltr'><strong>Sed</strong></span> <span class='ocrx_word' id='word_1_871' title='bbox 3246 5639 3302 5683; x_wconf 82' lang='lat' dir='ltr'><strong>et</strong></span> <span class='ocrx_word' id='word_1_872' title='bbox 3330 5626 3472 5682; x_wconf 86' lang='lat' dir='ltr'><strong>aliud</strong></span> <span class='ocrx_word' id='word_1_873' title='bbox 3500 5638 3686 5680; x_wconf 77' lang='lat' dir='ltr'><strong>exem-</strong></span> 
     </span>
    </p>
   </div>
   <div class='ocr_carea' id='block_1_119' title="bbox 2479 5801 2776 5857">
    <p class='ocr_par' dir='ltr' id='par_1_119' title="bbox 2479 5801 2776 5857">
     <span class='ocr_line' id='line_1_119' title="bbox 2479 5801 2776 5857; baseline 0 0"><span class='ocrx_word' id='word_1_874' title='bbox 2479 5802 2522 5834; x_wconf 78' lang='grc'><strong>⁷⁸</strong></span> <span class='ocrx_word' id='word_1_875' title='bbox 2552 5801 2682 5857; x_wconf 88' lang='lat' dir='ltr'><strong>ibid.</strong></span> <span class='ocrx_word' id='word_1_876' title='bbox 2721 5801 2776 5857; x_wconf 84' lang='lat'><strong>5.</strong></span> 
     </span>
    </p>
   </div>
  </div>
