4094 6220
1517 362 1577 416 D.
1616 360 1753 416 JUL.
1803 360 2128 415 GARNER"
2180 360 2573 417 PREFATIO.

3512 377 3643 418 εωιν

411 479 554 546 plum
581 478 898 549 adjiciamus
919 496 949 536 e
980 482 1186 550 psalmo
1202 492 1376 547 sexto,
1408 484 1721 551 priusquam
1754 497 1781 534 a
1803 480 1978 535 Theo-
2007 488 2054 544 Α
2084 482 2250 550 quod,
2284 491 2340 535 ut
2368 482 2498 545 dixi,
2556 481 2732 551 plura,
2774 496 2933 551 quam
2968 495 3098 547 opus
3129 490 3265 543 erat,
3316 479 3426 544 jam
3475 483 3639 535 relata

412 572 599 623 doreto
656 570 968 624 avellamur.
1026 572 1190 642 Igitur
1266 573 1343 625 sic
1422 572 1809 639 interpretatur
1869 570 1981 633 illa,

418 659 655 722 Domine,
692 676 755 713 ne
804 662 858 713 in
911 661 1090 730 furore
1138 674 1227 716 tuo
1252 663 1322 729 ⁸⁸,
1353 672 1456 716 etc.
1488 680 1503 716 :
1559 661 1851 732 Πατρικῶς
1888 679 1981 732 με,

414 750 567 819 φησὶ,
594 750 902 815 παίδευσον,
934 755 1009 823 μὴ
1032 752 1359 815 δικαστικῶς
1381 769 1395 782 °
1437 752 1715 824 ἰατρικῶς,
1772 753 1845 821 μὴ
1895 769 1985 803 κο-

413 838 714 901 λαπικῶς·
747 838 821 909 μὴ
851 842 1125 911 μετρήσῃς
1160 844 1223 911 τῇ
1262 842 1503 912 ἁμαρτίᾳ
1542 842 1642 911 τὴν
1688 840 1980 912 τιμωρίαν,

415 931 547 984 ἀλλὰ
575 934 641 1001 τῇ
664 932 1041 1002 φιλανθρωπίᾳ
1078 933 1139 985 τὸ
1163 932 1368 986 δίκαιον
1405 934 1653 1004 κέρασον.
1699 933 1985 1001 Ἐλέησόν

411 1042 506 1092 με,
522 1024 714 1092 Κύριε,
738 1023 824 1075 ὅτι
843 1023 1109 1093 ἀσθενής
1127 1027 1262 1094 ειμι.
1293 1026 1659 1096 Ἀρμόττουσα
1683 1028 1794 1088 τοῖς
1814 1027 1985 1098 ἡμαρ-

419 1113 636 1183 τηκόσιν
660 1115 692 1182 ἡ
728 1111 949 1182 τοιαύτη
970 1116 1141 1184 φωνή.
1196 1114 1489 1179 Ασθενείας
1522 1116 1629 1187 γὰρ
1654 1118 1981 1187 ἡγουμένης,

418 1215 522 1256 ι-ιο.
556 1223 576 1254 ι
620 1203 855 1258 Paterne
912 1220 1013 1267 me,
1060 1205 1249 1273 inquit,
1302 1208 1584 1275 corripias,
1632 1223 1739 1262 non
1786 1209 1986 1279 judicis

421 1296 562 1359 ritu;
596 1297 789 1350 medici
823 1310 991 1360 more,
1021 1312 1127 1350 non
1175 1298 1428 1360 tortoris;
1475 1314 1544 1352 ne
1582 1299 1825 1352 metiaris
1864 1299 1983 1352 vin-

418 1388 617 1440 dictam
661 1396 903 1455 peccato,
939 1389 1032 1442 sed
1059 1389 1382 1457 benignitate
1410 1390 1675 1456 justitiam
1725 1399 1980 1458 tempera.

422 1483 670 1537 Miserere
716 1486 838 1551 mei,
894 1483 1133 1552 Domine,
1184 1489 1432 1556 quoniam
1481 1488 1722 1554 inﬁrmus
1776 1503 1889 1539 sum
1914 1486 1981 1539 “.

422 1575 731 1643 llujusmodi
764 1591 865 1629 vox
902 1578 1275 1645 peccatoribus
1324 1579 1594 1632 convenit.
1642 1577 1776 1630 Nam
1836 1578 1984 1631 inlir—

421 1668 607 1721 mitate
637 1668 992 1736 praecedente,
1021 1687 1039 1719 ι
1071 1679 1178 1723 etc.
1210 1668 1359 1723 Ilaud
1396 1685 1550 1723 secus
1573 1668 1985 1739 pseudo-Theo-

420 1759 619 1813 dorus:
656 1758 945 1829 Πατρικῶς
989 1777 1057 1830 με
1107 1761 1392 1815 παίδευσον
1418 1803 1431 1827 ,
1494 1762 1569 1833 μὴ
1617 1762 1979 1825 δικαστικῶς·

2085 574 2226 637 sint;
2263 573 2511 637 alterum,
2536 574 2677 641 quod
2707 575 2955 628 catenise
2977 573 3173 642 quibus
3213 572 3470 641 ejusmodi
3495 574 3647 627 testi-

2086 666 2265 719 monia
2296 666 2537 734 depromi
2561 676 2853 735 oporteret,
2886 667 3019 721 fides
3052 682 3241 735 magna
3270 665 3509 719 adhiberi
3540 681 3647 719 non

2086 756 2276 810 soleat.
2313 757 2449 824 Quia
2485 768 2661 811 tamen
2688 773 2794 811 non
2832 757 3051 812 deerunt
3094 757 3325 811 fortasse
3349 759 3438 825 qui
3465 771 3649 811 exem-

2086 846 2296 916 plorum
2354 848 2697 903 multitudine
2735 847 3091 913 delectentur,
3148 864 3248 902 nec
3297 849 3361 902 iis
3411 863 3647 916 unquam

2085 938 2270 993 satiari
2321 940 2545 1008 possint,
2596 940 2955 993 indicabimus
3004 938 3118 994 loca
3158 939 3421 1009 quaedam,
3451 938 3648 1007 quibus

2086 1028 2299 1094 planum
2342 1031 2433 1081 tiat
2481 1029 2667 1083 eadem
2720 1028 2983 1083 interdum
3038 1030 3091 1081 in
3137 1029 3649 1097 pseudo-Theodoro

2086 1114 2210 1185 legi,
2256 1131 2375 1185 qua:
2421 1125 2477 1170 et
2525 1117 2576 1170 in
2614 1115 2837 1185 Origine
2877 1126 2931 1169 et
2975 1115 3028 1168 ιιι
3056 1115 3301 1185 Didymo.
3350 1116 3647 1185 Compares

2084 1208 2243 1261 velim
2290 1209 2537 1277 paginam
2586 1209 2687 1262 2H
2723 1209 2850 1263 tomi
2888 1207 3046 1277 primi
3093 1222 3215 1261 cun;
3265 1209 3453 1277 pagina
3500 1208 3644 1271 214;

2086 1299 2214 1353 item
2248 1299 2497 1369 paginam
2534 1299 2639 1354 225
2682 1315 2803 1353 cum
2851 1300 3041 1369 pagina
3075 1298 3210 1363 226;
3242 1298 3366 1352 item
3399 1301 3645 1367 paginam

2084 1386 2181 1441 39!
2209 1403 2328 1442 cum
2357 1388 2544 1456 pagina
2566 1387 2704 1452 402;
2726 1402 2951 1457 quarum
2980 1387 3205 1442 lectione
3226 1387 3399 1441 disces
3419 1389 3647 1457 pseudo—

2086 1476 2425 1532 Theodorum
2458 1479 2598 1533 etab
2623 1477 2851 1547 Origene
2881 1492 3090 1547 quoque
3133 1477 3385 1531 nonnulla
3440 1486 3648 1530 mutua-

2087 1579 2194 1622 tum
2223 1584 2361 1625 esse.
2394 1569 2687 1638 Compares
2712 1586 2899 1624 rursus
2932 1570 3180 1640 paginam
3226 1570 3328 1623 277
3378 1584 3498 1623 cum
3552 1585 3649 1636 pa—

2084 1662 2205 1731 gina
2236 1658 2375 1727 270;
2407 1662 2530 1715 item
2557 1662 2804 1732 paginam
2842 1662 2945 1717 558
2972 1676 3093 1715 cum
3117 1661 3311 1731 pagina
3334 1661 3440 1715 ’555
3464 1678 3478 1724 ;
3520 1661 3648 1714 item

2086 1753 2334 1822 paginam
2388 1751 2491 1806 604
2547 1769 2666 1807 cum
2718 1754 2913 1825 pagina
2968 1753 3106 1818 595;
3156 1754 3351 1823 quibus
3387 1752 3647 1821 perlectis

423 1852 699 1923 ἰατρικῶς,
742 1854 815 1923 μὴ
845 1829 1207 1917 κολαατικῶςο
1241 1854 1313 1925 μὴ
1350 1829 1622 1924 μετρῆσῇς
1653 1857 1717 1925 τῇ
1744 1854 1985 1926 ἁμαρτίᾳ

2094 1843 2326 1898 fatebere
2372 1844 2937 1913 pseudo-Theodorum
2968 1846 3173 1915 pariter
3207 1856 3260 1898 et
3303 1857 3366 1897 ex
3421 1843 3649 1914 Didynto

419 1942 517 2015 τὴν
544 1945 830 2016 τιμωρίαν,
860 1944 993 1997 ἀλλὰ
1032 1945 1411 2017 φιλανθρωπίᾳ
1458 1946 1519 1997 τὸ
1564 1945 1769 1997 δίκαιον
1818 1946 1984 2017 κέρα-

422 2049 604 2088 cum...
653 2034 941 2102 Ἐλέησόν
979 2051 1077 2103 με.
1120 2036 1486 2106 Ἀρμόττουσα
1516 2038 1627 2098 τοῖς
1679 2035 1988 2106 ἡμαρτηκό-

425 2141 509 2177 σιν
535 2127 568 2195 ἡ
595 2127 766 2197 φωνή.
808 2125 1115 2187 Ἀσοενείας
1148 2124 1255 2195 γὰρ
1283 2125 1611 2195 ἡγουμένης,
1632 2135 1735 2178 etc.
1759 2143 1775 2175 ι
1803 2123 1988 2178 Paler-

425 2231 493 2269 ne
522 2232 607 2270 me
638 2218 920 2287 corripias.
942 2234 1047 2272 non
1074 2217 1175 2270 ritu
1205 2216 1433 2283 iudicis;
1459 2217 1653 2269 medici
1683 2231 1853 2280 more,
1883 2231 1985 2270 non

426 2309 681 2374 tortoris;
719 2322 785 2361 ne
808 2309 1118 2362 adntetiaris
1161 2308 1453 2361 vindictam
1499 2317 1740 2376 peccato,
1773 2309 1868 2361 sed
1898 2308 1988 2361 be-

425 2399 969 2468 nignitatejnstitiam
1003 2408 1259 2469 tempera.
1314 2397 1563 2454 Miserere
1610 2400 1746 2462 mei,
1794 2414 1990 2455 conve-

425 2493 577 2545 niens
608 2491 976 2561 peccatoribus
1007 2506 1108 2546 vox
1130 2532 1146 2558 ,
1182 2491 1306 2545 dum
1352 2491 1496 2544 enim
1549 2491 1833 2545 infirmitas
1855 2506 1989 2560 pra:-

424 2581 588 2647 cedit,
630 2601 649 2633 ι
690 2592 797 2638 etc.

495 2668 584 2722 49.
620 2668 779 2722 Plura
807 2684 867 2723 ex
901 2670 1242 2724 Theodoreto
1301 2669 1554 2739 colligere
1603 2670 1941 2726 institueram
1973 2689 1985 2723 :

425 2761 520 2814 sed
554 2775 675 2815 cum
709 2776 772 2816 ea
796 2776 915 2830 quae
946 2762 1113 2816 relata
1145 2771 1291 2827 sunt,
1331 2758 1442 2832 jam
1480 2764 1696 2818 modum
1728 2781 1990 2835 superare

433 2854 738 2920 videantur,
772 2854 837 2907 de
876 2854 977 2909 hac
1009 2870 1125 2909 mea
1152 2853 1358 2910 decessi
1392 2856 1683 2911 sententia.
1718 2858 1983 2925 Quoniam

428 2954 606 2997 tamen
630 2944 950 3000 Theodoreti
982 2946 1302 3000 mentionem
1350 2948 1597 3010 fecimus,
1638 2964 1741 3001 non
1773 2962 1987 3017 possum

427 3034 554 3102 quin
580 3035 751 3089 dicam
774 3037 825 3090 in
844 3038 1249 3091 commentariis
1273 3037 1338 3092 iis
1362 3052 1497 3107 quos
1516 3040 1566 3092 in
1597 3038 1839 3094 Psalmos
1860 3055 1990 3094 con-

2088 1935 2333 1988 nonnihil
2383 1936 2734 2005 excerpsisse.
2791 1936 2975 1992 Finem
3038 1937 3250 1991 tandem
3298 1937 3503 1991 criticis
3564 1938 3649 1989 his

2087 2026 2227 2079 notis
2258 2026 2615 2095 imponamus.
2652 2027 2791 2081 Nihil
2829 2028 2971 2081 enim
3004 2029 3199 2081 attinet
3245 2027 3426 2081 dicere
3472 2028 3647 2097 plura,

2086 2133 2205 2170 cum
2229 2121 2363 2173 satis
2393 2135 2659 2189 superque
2697 2136 2760 2174 ex
2810 2120 2895 2175 his
2944 2128 3151 2175 constet
3202 2121 3648 2173 commentarium:

2086 2222 2206 2262 eum
2240 2211 2333 2279 qui
2369 2212 2584 2266 nomine
2631 2211 2899 2265 Theodori
2950 2211 3280 2267 Heracleotaa
3329 2208 3648 2264 circumfer-

2090 2308 2198 2365 tur,
2226 2302 2275 2355 ei
2302 2302 2466 2356 tribui
2505 2318 2610 2356 non
2663 2302 2884 2367 debere,
2932 2316 3031 2356 nec
3069 2317 3245 2369 posse.
3294 2300 3436 2355 Cave
3491 2301 3651 2373 igitur

2092 2406 2245 2467 putes
2301 2392 2604 2447 habendum
2658 2406 2778 2446 esse
2824 2407 2924 2460 pro
2974 2391 3236 2461 plagiario
3275 2391 3551 2455 Basiliam,
3586 2407 3651 2444 eo

2088 2486 2231 2557 quod
2289 2485 2340 2539 in
2393 2484 2561 2553 ipsius
2605 2483 2943 2538 orationibus
2999 2485 3051 2537 in
3107 2483 3341 2551 psalmos
3406 2484 3652 2553 legantur

2089 2578 2275 2632 eadem
2303 2592 2409 2629 non
2436 2590 2580 2641 raro,
2626 2591 2746 2644 qua:
2796 2576 2849 2629 in
2878 2577 3301 2641 commentario;
3348 2579 3439 2630 sed
3466 2575 3654 2629 existi-

2092 2683 2206 2725 mes
2231 2668 2386 2721 velim
2429 2668 2874 2722 commentarium
2922 2670 3068 2722 illum
3112 2680 3171 2723 ιιι
3200 2684 3263 2722 ex
3296 2668 3415 2724 aliis
3446 2670 3651 2733 multis,

2093 2761 2165 2814 ita
2202 2774 2232 2813 e
2290 2757 2492 2812 Basilio
2524 2771 2793 2827 sumptum
2818 2775 2953 2814 esse.
2985 2758 3095 2815 Nec
3124 2762 3319 2815 dixerit
3368 2764 3653 2829 quisquam

2094 2866 2197 2905 non
2222 2850 2391 2904 fuisse
2429 2864 2494 2904 ex
2536 2850 2790 2904 omnibus
2825 2851 3048 2920 psalmis
3083 2850 3244 2904 allata
3284 2853 3561 2919 exempla;
3593 2861 3651 2903 et

2094 2938 2210 2995 fieri
2265 2956 2441 3012 posse,
2482 2950 2540 2996 ut
2592 2941 2797 3011 reliqua
2839 2942 3212 2995 commentarii
3242 2956 3362 3010 pars
3390 2941 3506 3009 ejus
3559 2944 3652 3005 sit,

2093 3033 2246 3103 cujus
2276 3033 2491 3087 nomine
2518 3033 2828 3102 insignitur.
2858 3032 3083 3103 ⁸Ειιιιιῑιῐι
3126 3032 3390 3099 conjicere
3417 3032 3544 3087 licet
3587 3049 3650 3088 ex

428 3126 666 3196 scripsit,
690 3122 931 3197 'reperiri
966 3129 1127 3182 multa
1160 3144 1278 3198 quae
1308 3132 1448 3198 apud
1495 3131 1783 3185 Eusebium
1812 3133 1990 3187 verbis

2096 3126 2160 3179 iis
2215 3140 2332 3192 quae
2381 3127 2434 3178 in
2492 3126 2724 3179 medium
2770 3126 3123 3190 adduximus,
3173 3126 3652 3191 commentarium,

428 3218 650 3272 totidem
673 3229 727 3273 et
754 3219 973 3289 syllabis
1001 3219 1267 3287 leguntur.
1291 3220 1419 3289 Ejus
1450 3222 1523 3275 rei
1543 3222 1787 3291 exempla
1813 3223 1992 3279 videre

428 3308 736 3379 quicupiet,
763 3323 882 3363 eum
916 3310 1090 3379 aliqua
1112 3311 1452 3365 inventurum
1481 3312 1717 3380 spondeo
1736 3314 1786 3365 in
1805 3312 1992 3382 expla—

430 3402 645 3453 natione
666 3400 993 3469 psalmorum
1018 3402 1208 3456 decimi
1228 3403 1421 3470 quinti,
1442 3402 1635 3457 decimi
1656 3404 1816 3469 sexti,
1852 3405 1995 3458 vice-

431 3491 553 3545 simi
569 3492 746 3558 primi,
763 3491 1015 3546 tricesimi
1038 3494 1192 3560 primi
1207 3504 1261 3547 et
1277 3493 1533 3548 tricesimi
1549 3492 1693 3548 noni.
1712 3493 1893 3563 Neque
1909 3496 1996 3549 ad-

435 3583 647 3636 modum
668 3583 850 3637 dubito
867 3586 992 3651 quin
1014 3583 1097 3637 his
1115 3584 1331 3649 similia,
1351 3584 1393 3638 si
1417 3584 1537 3653 quis
1554 3598 1793 3653 quaerere
1810 3586 1993 3651 vellet,

434 3672 559 3726 alibi
587 3688 800 3743 quoque
830 3675 1217 3730 invenirentur.
1259 3676 1447 3731 Utrum
1494 3684 1670 3729 autem
1703 3691 1821 3744 qua:
1850 3676 1993 3729 indi-

433 3764 705 3828 cavimus,
759 3774 812 3819 et
865 3765 969 3818 alia
1015 3781 1135 3835 qua:
1186 3766 1415 3821 fortasse
1462 3768 1529 3821 ab
1586 3768 1773 3820 harum
1813 3782 1993 3821 rerum

432 3856 687 3909 studiosis
711 3856 1035 3923 deprehendi
1065 3866 1336 3926 poterunt,
1367 3866 1572 3911 attexta
1600 3859 1708 3912 sint
1746 3856 1994 3912 Theodo—

434 3943 533 3996 reti
564 3944 995 4012 interpretationi
1028 3961 1057 3998 a
1092 3946 1349 4009 librariis,
1381 3962 1447 4000 an
1478 3947 1846 4003 Theodoretus
1884 3949 1995 4018 ipse

434 4050 495 4089 ea
527 4036 629 4090 sibi
671 4038 978 4104 sumpserit,
1035 4040 1340 4107 expendere
1390 4054 1568 4091 meum
1621 4054 1724 4092 non
1750 4048 1866 4101 est,
1903 4038 1995 4091 sed

434 4124 574 4189 ejus,
636 4126 725 4193 qui
780 4124 1099 4181 Theodoreti
1156 4142 1378 4196 operum
1440 4128 1735 4182 editionem
1801 4143 1994 4181 novant

433 4214 714 4283 suscipiet.
745 4213 898 4280 Quod
924 4225 1102 4269 autem
1125 4217 1257 4280 dixi,
1307 4216 1538 4270 inveniri
1572 4217 1624 4269 in
1657 4216 1997 4271 Theodoreto

437 4320 544 4359 non
568 4320 757 4372 pauca,
788 4321 907 4375 qua:
938 4308 1156 4361 totidem
1214 4308 1439 4378 syllabis
1472 4307 1698 4377 legimus
1723 4309 1859 4376 apud
1890 4308 1996 4363 Eu-

438 4398 670 4461 sebium,
716 4414 820 4453 non
866 4400 939 4453 ita
975 4410 1252 4467 acceptum
1304 4400 1445 4464 volo,
1502 4410 1558 4453 at
1593 4401 1705 4455 haec
1755 4401 1934 4454 omnia
1967 4414 1998 4455 e

436 4492 841 4545 commentariis
874 4490 1090 4546 Eusebii
1123 4492 1175 4545 in
1207 4492 1530 4547 Theodoreti
1581 4493 1998 4547 commentarios

438 4579 699 4633 translata
735 4595 856 4635 esse
881 4589 1155 4649 putentur.
1192 4581 1287 4637 Est
1316 4582 1460 4637 enim
1489 4582 1619 4636 tnihi
1648 4582 1998 4650 persuasissi-

438 4688 606 4735 mum,
642 4670 999 4743 fragmentnm
1022 4672 1149 4727 illud
1179 4687 1285 4741 quo
1318 4674 1670 4743 explanantur
1693 4673 1781 4726 illa
1811 4672 1997 4742 psalmi

436 4763 629 4816 decimi
666 4764 825 4829 sexti,
860 4784 878 4816 ι
913 4765 1160 4830 Domine,
1191 4780 1219 4819 a
1273 4767 1460 4835 paucis
1507 4767 1572 4819 de
1627 4775 1772 4820 terra
1826 4766 2004 4819 divide

438 4852 614 4914 eos“,
636 4870 655 4902 ι
680 4862 810 4914 etc.,
844 4854 1092 4921 quodque
1119 4854 1337 4923 incipit:
1364 4854 1426 4906 Εἰ
1452 4854 1544 4907 καὶ
1580 4853 1662 4906 σοὶ
1684 4852 1759 4924 τῷ
1790 4854 2002 4925 θανάτῳ

440 4940 805 5010 παραπέμψαι
827 4941 1022 5011 ῥᾴδιον,
1047 4953 1176 5006 etc.,
1200 4956 1231 4995 e
1272 4942 1595 4995 Theodoreti
1620 4944 2005 5003 commentario

440 5036 495 5089 in
546 5036 901 5089 Ensebiannm
954 5036 1232 5087 advectum
1287 5049 1426 5088 esse.
1480 5033 1611 5088 Nam
1662 5046 1788 5089 ante
1841 5037 2004 5090 verba

440 5125 555 5191 illa,
582 5129 628 5178 εξ
660 5126 772 5190 καί,
824 5139 953 5187 etc.,
988 5127 1215 5196 legimus
1264 5126 1316 5179 in
1349 5126 1600 5193 Eusebio,
1633 5127 1789 5191 ἄλλος
1816 5128 2001 5199 φησίν,

446 5237 467 5269 ι
506 5220 579 5273 ait
610 5219 765 5273 alius.
802 5238 822 5271 ι
866 5219 1004 5285 Quin
1042 5228 1219 5273 autem
1256 5238 1275 5269 ι
1310 5220 1495 5273 ειΙίιιε-ι
1534 5220 1619 5273 ille
1659 5221 1729 5274 sit
1759 5221 2004 5277 Theodo-

444 5320 593 5366 retus
618 5313 751 5381 ipse,
786 5314 925 5380 apud
966 5326 1122 5381 quem
1154 5312 1342 5365 eadem
1369 5312 1590 5366 omnino
1637 5312 2000 5382 inveniuntur,

445 5401 622 5455 dubita
632 5404 673 5455 ri
702 5418 855 5471 posse
882 5419 984 5457 non
1007 5402 1261 5457 arbitror.

516 5495 600 5549 50.
653 5497 765 5550 Duo
810 5498 934 5551 mihi
988 5498 1371 5565 impedimento
1414 5505 1539 5550 sunt
1588 5510 1653 5549 ne
1696 5496 2003 5551 testimonia

447 5584 711 5641 orol‘eram
748 5597 837 5641 aut
865 5603 927 5643 ex
949 5586 1200 5658 Origene,
1245 5595 1335 5639 aut
1360 5602 1423 5639 ex
1454 5586 1697 5654 Didymo.
1743 5586 2001 5653 Primum,

536 5764 581 5797 ”
604 5765 825 5831 Psat.vt,
852 5766 905 5820 2.

986 5766 1187 5823 "ibid.
1224 5767 1273 5821 5.
1354 5766 1397 5797 "
1429 5765 1567 5819 Psal.
1610 5781 1720 5828 va,
1752 5766 1832 5818 lvi.

2094 3226 2323 3286 quantus
2366 3226 2595 3287 quantus
2640 3227 2750 3281 est,
2800 3216 3036 3284 ejusdem
3084 3216 3296 3285 generis
3337 3216 3656 3270 testimoniis

2094 3307 2348 3362 refertum
2388 3323 2526 3373 esse,
2578 3323 2677 3362 nec
2730 3324 2925 3361 nomen
2960 3308 3099 3362 aliud
3133 3307 3180 3362 ei
3231 3307 3399 3376 magis
3460 3322 3657 3361 conve-

2094 3400 2245 3465 nire,
2277 3413 2435 3468 quam
2488 3409 2707 3453 catenae.
2734 3400 2922 3452 Audivi
2953 3398 3221 3453 eruditum
3254 3399 3524 3454 hominem
3564 3397 3657 3451 Ri»

2095 3491 2353 3545 chardum
2409 3492 2595 3545 Simon
2638 3492 2819 3545 dicere
2867 3491 3105 3553 solitum,
3141 3491 3311 3545 videri
3364 3490 3463 3545 sibi
3510 3490 3657 3544 hunc

2097 3582 2365 3635 Theodori
2394 3581 2729 3636 lleracleoue
2759 3582 3202 3636 commentarium
3243 3582 3480 3636 omnium
3524 3596 3660 3652 quos

2097 3673 2298 3742 legerat
2338 3674 2598 3742 optimum
2632 3685 2791 3741 atque
2839 3674 3211 3730 utilissimum.
3262 3674 3419 3741 Nam,
3449 3677 3659 3745 inquie-

2096 3758 2433 3821 bal,omnem
2453 3755 2671 3810 Patrum
2694 3758 3000 3811 Grmcorum
3020 3759 3319 3813 doctrinam
3351 3764 3658 3816 summatim

2096 3847 2483 3916 complectitur.
2504 3847 2660 3902 Certe
2674 3849 2773 3902 hoc
2785 3848 2967 3903 dicere
2971 3850 3091 3916 jure
3105 3850 3307 3919 optimo
3317 3851 3508 3921 potuit,
3536 3867 3660 3908 cum

2096 3954 2160 3993 ex
2176 3939 2387 3993 selectis
2404 3938 2618 3992 Patrum
2637 3939 2769 3994 locis
2786 3949 2994 3994 constet
3006 3941 3093 3996 hic
3104 3943 3661 4001 commentarius.Sed

2098 4032 2540 4085 commentarium
2570 4031 2717 4085 illum
2732 4048 2849 4086 cum
2865 4031 3084 4088 Patrum
3110 4043 3318 4102 catena,
3337 4050 3498 4105 quam
3520 4053 3660 4107 quo-

2099 4137 2204 4191 que
2220 4125 2271 4176 in
2288 4122 2472 4177 iisdem
2490 4121 2850 4176 voluminibus
2873 4124 3042 4177 edidit
3062 4123 3403 4181 doctissimus
3422 4125 3503 4180 vir
3525 4124 3661 4181 Cor-

2098 4214 2300 4278 derius,
2326 4228 2639 4283 comparare
2672 4214 2961 4279 debuerat;
3003 4226 3235 4284 tuncque
3266 4217 3410 4272 nullo
3446 4219 3662 4287 negotio

2102 4303 2573 4357 animadvertisset
2612 4318 2675 4357 ea
2724 4318 2843 4371 qua:
2882 4304 2935 4356 in
2968 4313 3163 4357 catena
3195 4304 3541 4373 proferuntur
3565 4322 3663 4360 no-

2100 4394 2243 4447 mine
2268 4392 2507 4459 Eusebii,
2535 4405 2627 4447 aut
2649 4394 3037 4463 Chrysostomi,
3065 4405 3159 4449 aut
3180 4396 3423 4461 alterius,
3452 4397 3565 4466 ipsa
3595 4400 3662 4450 ad

2098 4486 2321 4539 verbum
2380 4500 2520 4555 saepe
2572 4487 2626 4540 in
2679 4487 3070 4541 commentario
3105 4488 3357 4542 inveniri.
3415 4486 3495 4541 Ex
3554 4502 3662 4556 quo

2104 4576 2215 4645 (res
2243 4577 2385 4629 enim
2428 4578 2539 4646 ipsa
2580 4577 2833 4649 loquitur)
2880 4578 3037 4633 facile
3102 4580 3456 4633 intellexisset
3513 4593 3662 4633 com-

2106 4670 2449 4734 mentarium,
2483 4670 2573 4738 qui
2616 4668 2879 4724 Theodori
2933 4668 3264 4725 Heracleota:
3300 4686 3492 4725 nomen
3520 4685 3661 4740 pra--

2105 4758 2229 4822 fert,
2253 4760 2369 4828 ejus
2406 4776 2512 4815 non
2553 4777 2672 4816 esse
2695 4803 2713 4829 ,
2743 4762 2837 4817 sed
2888 4772 2979 4815 aut
3014 4761 3297 4817 Theodoro
3319 4762 3551 4832 cuipiam
3579 4776 3663 4817 re-

2108 4853 2351 4916 centiori,
2394 4863 2485 4905 aut
2506 4852 2659 4907 alteri
2692 4855 2862 4909 cuivis
2892 4853 3056 4907 tribui
3094 4864 3364 4922 oportere.

2421 4943 2448 5016 §
2475 4943 2569 5000 IX.
2614 4944 2690 4999 De
2718 4949 3029 5015 paraphrasi
3054 4948 3321 5017 anonymi.

2179 5037 2267 5092 5i.
2304 5035 2586 5090 Volumina
2614 5037 2739 5102 tria,
2770 5048 2828 5090 ut
2868 5048 3053 5093 notum
3078 5048 3181 5102 est,
3211 5038 3416 5092 edenda
3451 5042 3663 5094 curavit

2109 5131 2508 5185 eruditissimus
2538 5132 2620 5185 vir
2661 5131 2970 5195 Corderius,
3005 5132 3056 5183 in
3087 5128 3280 5201 quibus
3310 5146 3471 5199 opera
3531 5134 3659 5186 toti-

2111 5225 2229 5276 dem
2259 5222 2622 5291 reperiuntur,
2643 5221 2994 5290 Paraphrasis
3020 5223 3295 5293 anonymi,
3321 5222 3665 5277 Commenta-

2111 5315 2224 5370 rius
2248 5316 2314 5369 de
2334 5329 2439 5383 quo
2474 5328 2695 5368 numero
2724 5313 3000 5383 superiore
3035 5326 3145 5368 tam
3194 5315 3355 5367 multa
3408 5313 3663 5378 diximus,

2108 5407 2312 5460 Catena
2337 5405 2565 5474 denique
2594 5404 2901 5458 Graecorum
2952 5405 3193 5459 Patrum.
3226 5404 3459 5475 Contigit
3486 5413 3665 5458 autem

2110 5496 2291 5551 nescio
2309 5497 2596 5566 quomodo,
2616 5506 2672 5551 ut
2691 5497 2813 5551 dum
2840 5497 3156 5552 Theodoreti
3182 5499 3233 5550 in
3256 5495 3495 5550 Psalmos
3524 5509 3669 5550 com—

2113 5587 2431 5641 mentarium
2452 5586 2705 5657 legerem,
2728 5596 2928 5644 temere
2943 5596 3139 5644 etcasu
3162 5588 3217 5643 in
3245 5588 3386 5642 hanc
3417 5585 3667 5660 anonymi
