4094 6220
434 402 586 443 CCXVI

1738 372 2271 429 PROLEGOMENA.

439 500 580 555 illius
605 491 978 565 paraphrasim
1005 489 1189 545 oculos
1222 488 1573 558 conjecerim.
1614 488 1809 556 Atque,
1849 487 1989 554 qnml
2022 497 2066 554 Α
2096 499 2218 538 rare
2268 483 2419 538 velis.
2453 483 2585 537 Nam
2636 483 2774 538 inter
2820 481 3147 550 posteriores
3202 491 3483 533 recensere
3528 478 3657 534 licet

434 605 541 644 non
564 585 892 656 quaerebam,
926 582 1102 651 reperi
1154 579 1408 652 anonymi
1446 579 1586 633 illius
1621 577 1994 648 paraphrasim

434 682 606 750 ipsum
640 692 759 732 esse
789 674 1112 730 Theodoreti
1156 671 1627 734 commentarium,
1683 685 1787 723 non
1828 678 1994 723 totum

434 771 581 826 illum
627 768 843 838 quidem
872 776 926 821 et
974 765 1272 835 integrum,
1305 764 1398 819 sed
1448 771 1789 818 contractum
1842 773 1898 814 et
1943 763 1994 813 in

433 861 701 930 epitomen
730 859 1022 912 redactum.
1059 855 1302 910 Psalmus
1332 864 1509 909 autem
1537 853 1589 908 in
1624 866 1780 922 quem
1804 849 1992 915 incidi,

434 958 571 1015 erat,
620 951 674 1004 ni
719 948 893 1012 fallor,
925 947 1163 1017 psalmus
1213 946 1433 1015 quintus
1467 953 1519 999 et
1561 944 1820 999 decimus.
1857 943 1996 996 Rem

434 1058 557 1100 cum
584 1043 836 1105 mirarer,
874 1040 1061 1110 legere
1104 1038 1266 1094 statui
1303 1044 1357 1092 et
1399 1036 1533 1092 alios
1561 1034 1821 1104 quosdam
1850 1033 1996 1103 psal-

434 1152 569 1204 mos,
611 1151 740 1208 quo,
769 1135 895 1206 quid
919 1134 984 1189 de
1008 1132 1096 1186 illa
1129 1129 1438 1200 paraphrasi
1470 1127 1804 1183 sentiendum
1826 1132 1996 1190 esset,

437 1230 603 1284 tutius
631 1240 790 1282 nosse
810 1238 1043 1294 possem,
1079 1230 1255 1276 utrum
1279 1218 1530 1274 videlicet
1560 1225 1670 1271 tota
1701 1215 1998 1286 paraphra-

434 1322 512 1379 sis
540 1319 770 1388 epitome
792 1316 1038 1387 quaedam
1063 1321 1204 1369 esset
1224 1310 1729 1365 commentariorum
1750 1307 1999 1363 Theodo-

436 1413 561 1475 reti,
589 1424 656 1463 an
686 1407 774 1461 uni
800 1407 923 1461 huic
956 1400 1298 1474 paraphrasis
1327 1400 1446 1455 loco
1501 1400 1677 1469 inepte
1702 1413 1731 1452 a
1761 1398 1997 1453 librariis

438 1496 812 1569 interpretatio
847 1491 1168 1549 Theodoreti
1193 1489 1458 1545 inculcata
1482 1483 1695 1544 fuisset.
1728 1485 1877 1555 Coepi
1900 1486 1996 1555 igi-

439 1600 526 1645 tur
554 1589 757 1659 primos
801 1585 1039 1656 quinque
1088 1580 1326 1652 psalmos
1360 1578 1539 1649 legere
1598 1593 1614 1631 :
1662 1577 1757 1631 sed
1809 1589 1997 1631 eorum

436 1696 556 1753 qua:
576 1682 629 1736 in
658 1678 994 1733 Theodoreto
1029 1674 1292 1737 videram,
1319 1670 1475 1734 nihil,
1508 1677 1570 1723 ut
1593 1682 1778 1724 verum
1803 1665 1993 1731 fatear,

436 1773 610 1847 reperi
655 1773 706 1827 in
739 1766 1082 1839 Paraphrasi.
1122 1765 1191 1818 At
1217 1778 1338 1820 cum
1374 1761 1599 1817 aliorum
1644 1758 1995 1829 quorumdam

421 1864 760 1939 ‘psalmorum
788 1857 1157 1931 paraphrasim
1204 1853 1449 1910 evolvere
1490 1865 1790 1922 pergerem,
1824 1848 1997 1903 anim-

440 1955 646 2013 adverti
669 1950 1034 2024 paraphrasim
1077 1946 1265 2018 psalmi
1310 1944 1469 2010 sexti,
1514 1942 1723 2012 septimi
1764 1950 1825 2019 et
1866 1939 1996 1994 alio-

440 2062 556 2102 rum
587 2046 654 2100 ad
697 2057 865 2112 usque
906 2041 1173 2095 decimum
1210 2037 1494 2107 septimum
1524 2033 1655 2089 nihil
1683 2048 1714 2087 a
1743 2030 1994 2087 Theodo—

436 2139 539 2196 reti
570 2135 942 2206 explanatione
961 2129 1199 2194 dili‘erre,
1228 2130 1330 2183 nisi
1355 2127 1529 2197 copia,
1561 2134 1617 2181 et
1645 2124 1852 2181 voculis
1878 2121 1997 2193 qui-

435 2227 684 2290 busdam,
709 2239 827 2294 quae
858 2223 911 2277 in
938 2221 1103 2276 variis
1141 2218 1380 2286 ejusdem
1421 2217 1700 2286 scriptoris
1721 2214 1996 2270 codicibus

440 2331 732 2381 occurrere
789 2313 980 2368 solent.
1032 2312 1145 2366 Iino
1194 2309 1482 2363 identidem
1537 2306 1787 2377 anonymi
1838 2318 1997 2375 para-

435 2406 648 2479 phrasis
678 2401 1117 2472 interpretatione
1147 2399 1474 2455 Theodoreti
1509 2397 1676 2452 nihilo
1709 2396 1823 2452 fere
1867 2395 1988 2450 bre-

436 2500 555 2555 vior
595 2506 677 2553 est
707 2515 721 2551 :
766 2496 859 2551 sed
890 2495 943 2550 in
972 2503 1201 2563 utroque
1252 2490 1453 2547 nullum
1500 2489 1674 2561 majus
1709 2488 1996 2543 discrimen

439 2590 743 2651 intercedit,
772 2601 930 2657 quam
961 2585 1101 2655 quod
1141 2583 1465 2654 psalmorum
1510 2580 1673 2635 verba
1700 2593 1910 2649 semper
1944 2577 1997 2632 in

440 2682 543 2736 hoc
573 2677 948 2749 grandioribus
968 2676 1161 2731 litteris
1185 2675 1326 2729 edita
1354 2673 1481 2737 sint,
1507 2672 1560 2725 in
1599 2671 1687 2725 illo
1712 2686 1814 2725 non
1846 2671 1993 2724 item.

440 2770 568 2840 Ejus
597 2768 809 2840 generis
841 2774 968 2824 sunt
1013 2765 1204 2838 psalmi
1236 2763 1570 2829 undecimus,
1624 2761 1995 2827 duodecimus,

438 2869 493 2915 et
513 2860 756 2916 decimus
792 2867 1036 2928 quartus.
1065 2858 1122 2911 In
1154 2856 1275 2910 aliis
1313 2868 1446 2925 quos
1479 2852 1589 2908 dixi
1625 2852 1847 2922 psalmis
1873 2851 1995 2906 bre-

439 2952 555 3006 vior
582 2949 795 3020 quidem
813 2959 895 3005 est
922 2948 1269 3019 paraphrasis
1290 2989 1304 3016 ,
1331 2947 1425 3002 sed
1454 2946 1549 3011 ita,
1576 2955 1635 2999 ut
1657 2944 1915 3014 quidquid
1943 2944 1997 2998 in

440 3058 501 3100 ea
522 3041 734 3114 legitur,
753 3055 914 3097 omne
939 3041 993 3095 id
1013 3040 1191 3110 legere
1213 3040 1283 3095 sit
1305 3039 1358 3093 in
1388 3036 1744 3093 Theodoreto.
1773 3035 1999 3092 Praeter-

442 3147 529 3196 ea,
583 3144 691 3200 quo
716 3130 891 3184 minus
914 3129 966 3183 in
995 3128 1286 3197 judicando
1319 3126 1555 3193 fallerer,
1591 3126 1804 3181 initium
1839 3140 1996 3195 para-

441 3220 652 3291 phrasis
681 3229 735 3273 et
758 3218 915 3273 linem
944 3218 1115 3273 oculis
1138 3216 1459 3285 perlustravi
1500 3229 1530 3269 a
1559 3214 1766 3284 psalmo
1790 3214 1998 3270 decimo

437 3318 628 3363 octavo
667 3322 835 3377 usque
878 3307 943 3361 ad
976 3306 1334 3373 tricesimum;
1379 3312 1540 3375 atque
1572 3303 1770 3358 factum
1805 3312 1908 3372 est,
1939 3310 2000 3358 ut

440 3413 560 3468 quae
598 3400 651 3453 in
683 3413 748 3453 ea
788 3398 1046 3468 legeram,
1076 3397 1261 3452 eadem
1296 3406 1352 3450 et
1393 3396 1444 3450 in
1489 3393 1881 3449 Theodoretina
1916 3395 1999 3448 in-

441 3490 830 3558 terpretatione
856 3487 1176 3542 invenerim.
1201 3484 1372 3551 Unde,
1404 3486 1532 3554 quin
1566 3487 1755 3540 horum
1788 3501 2001 3556 quoque

438 3580 698 3636 tredecim
739 3579 1069 3652 psalmorum
1126 3578 1474 3650 paraphrasis
1520 3593 1586 3632 ex
1642 3579 1823 3633 eodem
1853 3576 2001 3633 fonte

440 3673 632 3727 hausta
679 3669 770 3735 sit,
826 3684 934 3725 non
964 3668 1118 3724 valde
1157 3668 1443 3724 admodum
1491 3668 1699 3724 dubito.
1758 3668 1910 3735 Quod
1951 3668 1999 3723 si

439 3761 703 3831 quispiam
748 3759 987 3830 psalmos
1037 3760 1219 3829 plures
1247 3760 1407 3830 legat,
1458 3759 1559 3813 hoc
1598 3759 1736 3813 idem
1771 3757 2000 3813 fortasse

441 3851 566 3905 alibi
594 3865 805 3921 quoque
840 3850 1255 3906 animadvertet.
1291 3848 1399 3903 Nos
1434 3862 1549 3903 rem
1586 3849 1716 3901 tanti
1746 3862 1868 3903 esse
1895 3862 1998 3902 non

440 3942 787 4005 arbitramur,
828 3950 889 3995 ut
910 3940 1029 4010 plus
1053 3941 1106 3993 in
1134 3955 1195 3994 ea
1221 3953 1399 4009 Operae
1438 3952 1717 4007 ponamus.
1751 3937 1855 3992 Sed
1882 3952 2002 4007 qua:

439 4031 695 4095 diximus,
726 4032 791 4086 ea
832 4031 915 4085 vel
945 4030 1068 4089 sola
1102 4029 1469 4099 paraphrasim
1512 4028 1655 4082 illam
1702 4044 1807 4082 non
1867 4042 2001 4083 ano-

440 4123 585 4192 nymi
610 4120 909 4189 cujusdam,
932 4122 1024 4176 sed
1052 4120 1320 4175 variorum
1345 4121 1665 4188 scriptorum
1693 4134 1825 4188 opus
1858 4133 1998 4186 esse,

436 4212 591 4276 satis,
641 4212 853 4280 opinor,
903 4211 1210 4267 ostendunt.
1265 4210 1509 4279 Scriptor
1560 4211 1702 4265 enim
1750 4210 1840 4280 qui
1888 4219 1999 4265 tam

438 4303 604 4357 multa
638 4319 669 4356 a
698 4302 1032 4359 Theodoreto
1071 4306 1321 4375 sumpsit,
1341 4307 1480 4359 haud
1506 4304 1696 4373 injuria
1736 4304 1881 4360 credi
1904 4318 2000 4371 po-

439 4404 540 4449 test
571 4404 626 4450 et
649 4396 718 4450 ab
746 4395 866 4449 aliis
886 4395 989 4450 alia
1020 4411 1234 4466 quoque
1260 4397 1573 4468 sumpsisse.
1592 4397 1818 4452 Videtur
1838 4397 1999 4468 igitur

436 4496 492 4542 et
518 4489 621 4541 hoc
643 4488 934 4557 opusinter
966 4499 1206 4555 catenas,
1236 4504 1372 4558 quas
1404 4497 1621 4556 vocant,
1663 4489 1855 4545 referri
1884 4505 1995 4545 me-
2026 4529 2072 4586 ι)

436 4579 543 4634 rite
588 4593 743 4648 posse
781 4595 796 4633 :
827 4578 981 4648 cujus
1009 4595 1135 4649 pars
1178 4580 1280 4635 alia
1316 4594 1347 4635 e
1375 4579 1734 4648 Theodoreto,
1786 4582 1888 4637 alia
1929 4598 1996 4638 ex

436 4673 556 4729 aliis
578 4673 933 4743 scriptoribus
960 4684 1174 4743 sumpta
1201 4687 1320 4728 esse
1347 4675 1581 4742 putanda
1609 4674 1699 4729 sit.

716 4764 743 4837 ᾗ
775 4764 841 4819 X.
888 4764 961 4819 De
981 4765 1366 4820 Commentario
1390 4765 1444 4819 in
1477 4763 1688 4825 Isaiam.

506 4855 592 4909 52.
624 4855 741 4912 Etsi
776 4858 863 4912 hic
891 4856 1101 4911 videtur
1125 4870 1245 4911 esse
1269 4855 1418 4910 locus
1453 4857 1519 4910 de
1546 4859 1780 4928 quinque
1802 4861 1856 4915 in
1884 4851 1995 4915 Ea-

437 4949 663 5001 nantium
708 4950 858 5004 libris
923 4950 1213 5004 disserendi
1268 4968 1280 5002 :
1344 4957 1542 5013 tamen,
1598 4966 1665 5006 ne
1719 4968 1996 5009 sacrarum

436 5038 834 5109 Scripturarum
864 5043 1344 5121 interpretationes
1365 5060 1394 5097 a
1426 5059 1484 5099 se
1513 5044 1740 5098 invicem
1774 5044 1995 5101 divele—

433 5140 640 5196 rentur,
669 5129 829 5187 malui
857 5134 921 5191 de
944 5133 1257 5204 imperfecto
1282 5137 1336 5188 in
1363 5136 1564 5189 Isaiam
1596 5138 1996 5192 commentario

434 5220 727 5291 disputare,
772 5236 896 5277 mox
939 5224 1005 5278 de
1041 5224 1125 5279 his
1159 5240 1295 5294 quos
1330 5225 1439 5280 dixi
1496 5225 1649 5281 libris
1691 5226 1994 5282 locuturus.

432 5309 610 5365 Monui
637 5320 815 5368 autem
859 5311 1055 5368 alicubi
1107 5315 1498 5383 amplissimum
1529 5316 1680 5370 illum
1729 5316 1781 5370 in
1814 5317 1997 5385 priora

431 5403 702 5457 sexdecim
738 5403 888 5459 Isaiae
924 5406 1099 5473 capita
1125 5407 1598 5472 commentarium,
1628 5409 1731 5461 etsi
1779 5406 1895 5461 fere
1924 5410 1993 5463 ab

431 5488 681 5544 omnibus
736 5505 833 5560 pro
858 5493 1109 5563 'genuino
1161 5492 1340 5548 Basilii
1406 5493 1515 5550 fetu
1578 5496 1825 5562 habetur,
1884 5511 1992 5551 non

431 5579 579 5633 omni
609 5589 784 5635 tamen
834 5584 1141 5653 suspicione
1193 5599 1408 5640 vacare.
1468 5585 1719 5642 Invenias
1773 5587 1989 5657 quidem

430 5668 787 5736 paucissimos
820 5672 907 5740 qui
936 5682 1156 5742 negent,
1193 5675 1239 5728 si
1271 5675 1414 5743 ipsos
1450 5688 1571 5727 cum
1607 5675 1673 5729 iis
1720 5676 1809 5743 qui
1847 5676 1991 5731 hunc

432 5758 876 5815 commentarium
905 5774 1030 5816 vere
1059 5760 1239 5819 Basilii
1264 5777 1395 5831 esse
1429 5761 1515 5818 alIi
1528 5773 1723 5832 rmant,
1755 5779 1984 5835 compa-

2026 3184 2072 3249 C

2027 5841 2055 5849 ν

2095 575 2387 629 Maximum
2414 575 2799 640 confessorem,
2819 573 3077 628 Joannem
3119 571 3528 634 Damascennm,
3553 571 3659 642 Sy--

2097 681 2339 722 meonem
2376 664 2751 732 Logothetam,
2792 664 3080 720 Antonium
3111 662 3400 728 Melissam,
3443 660 3656 719 Thara-

2095 762 2233 816 sium
2271 758 2638 813 Patriarcham
2667 754 3344 824 Constantinopolitannm,
3384 765 3658 810 auctorem

2098 849 2431 905 Scholiorum
2483 849 2793 906 Graecorum
2848 849 2903 903 in
2976 846 3239 916 Epistolas
3287 845 3656 916 apostolicas:

2096 941 2292 1012 quibus
2324 942 2644 1013 adiungendi
2706 948 2830 995 sunt
2895 948 2948 996 et
2978 938 3208 1002 librarii,
3262 938 3354 1006 qui
3384 937 3436 991 in
3487 936 3662 993 fronte

2096 1033 2416 1101 scriptorum
2447 1048 2604 1087 manu
2637 1032 2882 1087 codicum
2913 1046 3104 1085 nomen
3128 1028 3309 1084 Basilii
3338 1028 3511 1097 Magni
3545 1027 3663 1082 Ca:-

2097 1125 2355 1180 sariensis
2399 1122 2788 1194 archiepiscopi
2824 1122 3106 1191 diligenter
3146 1120 3444 1175 inscribere
3497 1132 3658 1172 cura-

2097 1227 2241 1269 runt.
2274 1213 2383 1269 Nec
2428 1216 2624 1269 mirum
2679 1215 2723 1268 si
2773 1213 3122 1277 recentiores,
3172 1210 3436 1279 majorum
3479 1223 3663 1263 exem-

2096 1306 2205 1378 plo,
2235 1307 2481 1361 eamdem
2529 1304 2760 1375 amplexi
2801 1304 2908 1359 sint
2948 1303 3293 1358 sententiam.
3326 1301 3661 1356 Celebriores

2097 1406 2223 1453 sunt
2251 1397 2586 1463 Tilmannus,
2614 1396 2861 1463 Dircaeus,
2892 1394 3269 1458 Combelisius,
3300 1391 3505 1446 Natalis
3544 1390 3663 1445 Ale-

2095 1489 2317 1554 xander,
2353 1489 2614 1558 Dupinus,
2638 1487 3035 1554 Tillemontius,
3062 1485 3368 1555 Lequienus
3394 1506 3407 1540 ;
3433 1496 3660 1552 quorum

2095 1581 2356 1652 opinioni,
2391 1580 2491 1635 nisi
2516 1581 2846 1652 gravissima:
2866 1594 3041 1635 causa:
3072 1578 3381 1648 impediant,
3403 1575 3661 1630 accedere

2061 1663 2065 1669 ’
2096 1685 2309 1741 semper
2338 1671 2624 1742 gloriabor.
2660 1671 2960 1726 Numerare
3010 1668 3224 1725 facilius
3274 1669 3378 1723 erit
3422 1667 3662 1721 adversa:

2097 1762 2375 1818 sententiae
2406 1770 2683 1831 patronos,
2723 1778 2843 1818 cum
2882 1772 2992 1817 tres
3020 1773 3112 1817 aut
3145 1770 3378 1833 quatuor
3402 1759 3663 1815 duntaxat

2098 1853 2454 1919 inveniamus,
2497 1852 2760 1909 Joannem
2795 1855 3178 1926 Drungarium,
3225 1854 3535 1918 Erasmum,
3569 1850 3662 1904 Ri-

2099 1953 2300 2011 vetum,
2335 1944 2631 2001 Petavium.
2683 1946 2952 2002 Tilmanni
3002 1956 3180 2002 autem
3232 1955 3287 2000 et
3331 1944 3661 2015 reliquorum

2099 2038 2238 2094 idem
2268 2039 2617 2094 sentientium
2643 2039 2824 2109 Opinio
2854 2055 2962 2094 non
2993 2038 3099 2093 alio
3145 2038 3313 2109 magis
3343 2044 3662 2106 argumento

2100 2131 2310 2198 nititur,
2341 2145 2501 2200 quam
2533 2131 2672 2199 quod
2705 2130 3130 2184 commentarius
3172 2128 3263 2184 ille
3291 2142 3388 2197 pro
3427 2128 3660 2198 genuino

2100 2219 2279 2275 Basilii
2322 2219 2496 2291 Magni
2528 2220 2638 2275 fetu
2689 2222 2757 2276 ab
2793 2221 3183 2290 antiquissimis
3226 2220 3335 2276 illis
3379 2234 3516 2289 quos
3548 2218 3659 2271 dixi

2098 2311 2230 2366 viris
2260 2313 2562 2367 habeatur:
2598 2327 2784 2368 eorum
2816 2329 2942 2369 vero
2982 2314 3073 2383 qui
3128 2312 3410 2367 adversam
3443 2319 3662 2366 tuentur

2100 2403 2442 2468 sententiam,
2493 2416 2808 2475 argumenta
2851 2415 2945 2459 aut
2976 2404 3116 2459 nulla
3148 2413 3295 2472 sunt,
3329 2414 3424 2458 aut
3449 2419 3554 2459 non
3588 2404 3660 2457 ita

2103 2494 2329 2548 multum
2358 2496 2422 2549 ad
2457 2496 2888 2565 persuadendum
2922 2496 3136 2553 idonea.
3178 2495 3434 2550 Erasmus
3471 2494 3662 2549 confu-

2102 2586 2177 2655 git
2205 2586 2269 2640 ad
2307 2585 2435 2640 illud
2463 2601 2646 2650 suum,
2672 2598 2732 2641 ut
2771 2585 2916 2640 dicat
2945 2603 3049 2641 non
3075 2586 3242 2641 videri
3274 2583 3376 2640 sibi
3402 2584 3501 2639 hoc
3528 2598 3662 2653 Opus

2101 2676 2334 2730 divinam
2366 2676 2510 2731 illam
2542 2675 2985 2751 Basiliiphrasim
3020 2658 3228 2745 sapere.
3274 2673 3542 2740 Petavius,
3567 2689 3663 2727 cu-

2097 2766 2184 2838 jus
2212 2768 2265 2821 in
2293 2767 2489 2823 litteris
2519 2768 2812 2823 auctoritas
2854 2768 2996 2838 apud
3031 2782 3219 2822 omnes
3246 2766 3536 2837 plurimum
3568 2780 3663 2816 va-

2103 2858 2213 2915 lere
2242 2858 2429 2922 debet,
2464 2859 2541 2912 ait
2569 2859 2786 2929 quidem
2823 2858 3038 2915 disertis
3078 2859 3258 2914 verbis
3290 2856 3661 2927 imperfectum

2102 2949 2249 3005 illum
2280 2954 2336 3005 in
2374 2951 2576 3005 Isaiam
2614 2950 3060 3007 commentarium
3094 2949 3190 3019 qui
3230 2951 3446 3006 nomine
3480 2948 3662 3002 Basilii

2102 3041 2497 3107 circumfertur,
2521 3041 2637 3111 ejus
2663 3058 2771 3098 non
2798 3058 2917 3099 esse
2943 3060 2958 3099 :
2987 3043 3080 3099 sed
3109 3042 3242 3097 nihil
3264 3043 3486 3097 omnino
3507 3039 3663 3095 alien.

2103 3135 2169 3188 ad
2198 3149 2348 3189 suam
2404 3135 2727 3189 sententiam
2772 3134 3221 3189 conﬁrmandam.
3249 3132 3452 3189 Petavii
3483 3142 3663 3187 autem

2098 3227 2259 3281 verba
2291 3227 2407 3281 haec
2432 3237 2557 3281 sunt
2577 3236 2705 3282 tom.
2722 3226 2787 3281 lll
2807 3226 2982 3282 Theot.
3007 3229 3153 3298 dog.,
3173 3228 3267 3282 lib.
3293 3244 3334 3293 ι,
3357 3244 3406 3284 c.
3433 3227 3488 3292 2,
3515 3244 3569 3282 n.
3592 3228 3660 3283 ις

2107 3335 2126 3369 ι
2150 3317 2372 3380 Rursus,
2396 3318 2587 3388 inquit,
2606 3329 2791 3374 auctor
2815 3320 3319 3375 commentariorum
3344 3321 3413 3373 ad
3436 3318 3662 3384 Isaiam,

2098 3410 2189 3478 qui
2223 3407 2418 3463 Basilio
2452 3410 2623 3465 solent
2659 3410 2902 3477 inscribi,
2949 3426 3049 3467 nec
3093 3419 3222 3467 sunt
3270 3421 3451 3466 tamen
3494 3411 3662 3472 illius,

2099 3499 2310 3555 videtur
2335 3501 2498 3555 etiam
2534 3512 2848 3570 corporatos
2866 3502 3086 3573 angelos
3111 3502 3311 3558 facere.
3343 3522 3363 3556 ι
3398 3503 3664 3559 Montfau-

2101 3590 2289 3676 cunips
2320 3603 2522 3656 noster,
2557 3592 2710 3663 cujus
2750 3592 2903 3648 labor
2933 3603 2991 3647 ut
3021 3594 3177 3661 alias,
3228 3595 3298 3649 ita
3335 3594 3422 3649 hic
3449 3607 3664 3664 quoque

2102 3682 2388 3736 admodum
2417 3683 2566 3738 utilis
2600 3693 2684 3739 est
2715 3693 2769 3739 ct
2796 3683 3122 3750 fructuosus,
3150 3685 3413 3739 edendum
3456 3688 3664 3739 curavit

2099 3762 2376 3842 cujusdam
2407 3772 2628 3829 Joannis
2653 3775 2934 3845 Drungarii
2954 3776 3331 3847 fragmentum,
3359 3777 3498 3846 quod
3516 3789 3665 3833 certe

2100 3865 2167 3918 ad
2200 3880 2313 3920 rem
2360 3866 2443 3918 vel
2492 3866 2728 3921 maxime
2776 3866 2924 3923 facit.
2965 3865 3093 3921 Inde
3132 3868 3275 3922 enim
3321 3868 3529 3923 discere
3581 3881 3663 3923 est

2099 3956 2228 4027 quid
2264 3957 2435 4012 (ἐπ’ωοί
2474 3959 2538 4012 de
2572 3957 2750 4013 Basilii
2787 3959 2840 4012 in
2866 3958 3063 4013 Isaiam
3094 3961 3500 4015 commentariis
3537 3975 3662 4015 sen—

2099 4047 2269 4100 serint
2295 4048 2607 4103 duodecimo
2656 4048 2871 4116 saeculo,
2906 4064 3012 4119 quo
3052 4051 3141 4106 ille
3180 4051 3414 4121 scriptor
3459 4052 3657 4105 vixisse

2097 4137 2355 4192 creditur.
2415 4137 2506 4194 Sic
2551 4149 2726 4194 autem
2788 4141 2842 4195 in
2900 4141 3120 4210 prologo
3177 4142 3431 4212 quodam,
3498 4158 3659 4214 quem

2097 4241 2227 4283 tom.
2280 4229 2321 4282 ll
2368 4228 2502 4286 Coll.
2566 4228 2784 4285 Patrum
2835 4228 3028 4297 Grca,
3074 4247 3130 4301 p.
3174 4233 3278 4298 550
3318 4234 3517 4288 editum
3577 4235 3662 4288 in-

2098 4318 2365 4382 venimus,
2391 4320 2601 4376 locutus
2630 4329 2713 4375 est
2739 4319 2974 4377 Joannes
3002 4323 3331 4393 Drungarius
3361 4338 3377 4379 :
3405 4323 3514 4379 Καί
3545 4325 3665 4379 τοῦ-

2095 4427 2153 4463 το
2177 4409 2234 4464 δὲ
2266 4411 2564 4485 κατάδηλον
2604 4413 2740 4467 ποιῶ
2786 4417 2894 4478 τοῖς
2930 4416 3368 4486 ἐντυγχάνουσιν,
3415 4418 3491 4482 ὡς
3534 4420 3564 4471 ὁ
3604 4421 3663 4473 ἐν

2095 4500 2272 4568 ἁγίοις
2303 4484 2615 4565 Βασίλειοςί
2643 4503 2806 4572 μέρος
2835 4522 2889 4557 τι
2916 4504 3014 4576 τῆς
3047 4484 3285 4577 ἐνήχερσὶ
3329 4510 3663 4579 προφητείας

2096 4591 2470 4662 ὴρμήνευσενο
2498 4592 2620 4663 ἥτις
2666 4594 2926 4666 ἑρμηνεία
2964 4597 3115 4667 παρὰ
3148 4597 3357 4663 πολλοῖς
3391 4599 3663 4671 ἀμφιϐόλ-

2096 4682 2267 4737 λεται.
2326 4683 2483 4759 «Ηοο
2540 4686 2666 4740 item
2721 4689 2982 4743 monitum
3034 4689 3290 4745 lectorem
3343 4693 3504 4759 volui,
3550 4692 3662 4747 Ma-

2097 4786 2261 4840 gnum
2299 4773 2505 4830 scilicet
2529 4774 2784 4831 Basilium
2818 4777 2977 4848 hujus
3022 4780 3316 4849 prophetim
3341 4793 3544 4851 partem
3575 4785 3659 4837 in—

2100 4873 2446 4936 terpretatum
2477 4882 2594 4923 esse
2621 4886 2637 4921 :
2672 4884 2791 4939 quze
2821 4879 2999 4926 tamen
3039 4875 3416 4943 interpretatio
3443 4892 3510 4930 an
3547 4878 3663 4948 ejus

2096 4957 2187 5023 sit,
2219 4972 2250 5012 a
2282 4958 2464 5012 multis
2498 4959 2551 5012 in
2577 4961 2793 5014 dubimn
2829 4974 3131 5020 revocatur.
3157 4984 3176 5017 ι
3209 4965 3309 5019 Cui
3334 4967 3657 5021 dubitationi

2098 5044 2241 5100 favet.
2288 5046 2352 5113 is,
2385 5061 2542 5117 quem
2581 5050 2737 5105 modo
2766 5050 2902 5118 dixi,
2941 5054 3020 5108 vir
3052 5050 3449 5111 eruditissimus
3487 5054 3663 5112 Mont-

2097 5133 2396 5193 l‘aucouius.

2167 5226 2254 5283 55.
2290 5226 2564 5287 Hactenus
2590 5232 2657 5286 de
2678 5233 2903 5287 aliorum
2936 5236 3219 5307 sententiis
3252 5254 3266 5291 :
3292 5253 3433 5294 nunc
3460 5252 3659 5304 meam,

2094 5324 2154 5371 ut
2192 5318 2357 5386 soleo,
2397 5336 2710 5393 proponam.
2758 5322 2886 5379 Mihi
2933 5341 3075 5395 aegre
3106 5335 3189 5382 est
3230 5328 3469 5396 quidem,
3517 5329 3663 5398 quod

2094 5408 2182 5463 hic
2213 5423 2429 5479 quoque
2461 5413 2731 5481 vulgatam
2761 5416 3070 5485 Opinionem
3112 5419 3429 5489 impugnare
3477 5434 3661 5488 cogar,

2093 5500 2186 5557 sed
2205 5498 2459 5572 quoniam
2485 5504 2598 5560 veri
2626 5521 2778 5561 amor
2798 5508 2914 5576 plus
2945 5510 3122 5565 valere
3149 5511 3304 5566 debet
3332 5526 3490 5580 quam
3521 5527 3659 5582 quo-

2094 5592 2346 5647 rumlibet
2389 5594 2667 5650 hominum
2702 5606 2796 5652 aut
2833 5596 2999 5663 fama,
3031 5611 3122 5654 aut
3154 5602 3477 5667 auctoritas,
3501 5602 3661 5657 dissi-

2094 5679 2402 5735 mulandum
2435 5684 2724 5753 quidquam
2771 5700 2891 5740 esse
2933 5702 3039 5741 non
3086 5698 3234 5759 puto.
3281 5690 3423 5759 Ergo
3452 5700 3657 5746 tantum

2093 5769 2262 5842 abest,
2295 5779 2353 5826 ut
2398 5772 2770 5843 imperfectum
2805 5775 2950 5831 illum
2990 5780 3045 5831 in
3080 5776 3276 5835 Isaiam
3326 5792 3660 5837 commenta-
