4094 6220
1603 334 1662 386 D.
1705 333 1849 389 JUL.
1892 330 2209 387 GABNERII
2250 331 2634 388 ΡΒΑΞΕΑΤΙΟ.

3537 352 3711 393 CCXVII

485 451 621 505 rium
657 447 883 503 tribuam
917 446 1131 514 Basilio,
1159 457 1216 502 ut
1245 463 1365 502 eum
1412 448 1572 502 etiam
1602 449 1717 518 ipso
1741 449 2051 517 indignissi—
2079 454 2125 509 Α
2155 450 2349 503 veniet.
2386 447 2519 501 Nam
2557 448 2711 503 obvia
2748 458 2893 513 sunt,
2923 458 2977 504 et
3014 459 3119 504 tam
3165 449 3352 515 multa,
3384 458 3443 504 ut
3471 465 3533 505 ea
3564 467 3713 520 quae-

486 556 632 595 mum
668 555 789 595 esse
837 540 1093 608 judicem.
1150 540 1297 608 Legi,
1355 541 1548 610 perlegi
1583 541 1683 594 hoc
1722 556 1891 609 Opus;
1952 556 2051 595 nec

485 633 776 700 quidquam
806 631 1128 685 Basilianum
1158 648 1382 701 usquam
1417 633 1611 699 reperi.
1645 631 1788 686 Nihil
1813 648 1915 685 non
1944 634 2053 685 olet

486 724 947 793 peregrinitatem.
991 724 1334 793 Quaecunque
1381 724 1651 778 mirantur
1699 724 2046 788 eruditissimi

487 817 685 885 quique
718 818 771 870 in
812 818 1030 886 scriptis
1059 817 1265 883 Basilii,
1290 818 1553 872 orationis
1581 816 2045 885 perspicuitatem,

488 907 818 975 facundiam,
848 910 1170 979 singularem
1203 910 1487 978 quamdam
1528 909 2049 978 interpretandarum

489 996 888 1068 Scriptttrarum
922 999 1259 1063 facilitatem,
1291 1000 1576 1053 verborum
1610 1000 1934 1067 optimorum
1958 998 2051 1051 de-

487 1089 707 1152 lectum,
741 1091 1131 1159 sententiarum
1174 1091 1514 1161 gravitatem,
1549 1092 1739 1144 horum
1785 1105 1852 1144 ne
1880 1090 2048 1145 vesti-

490 1179 634 1248 gium
671 1180 885 1247 quidem
930 1181 983 1234 in
1038 1182 1122 1235 his
1154 1182 1558 1236 commentariis
1587 1191 1781 1236 exstat.
1828 1182 1895 1236 Et
1921 1197 2050 1237 vero

488 1271 741 1338 scriptor,
796 1272 1103 1341 quicunque
1132 1272 1219 1326 ille
1265 1272 1384 1338 fuit,
1420 1273 1581 1343 friget
1619 1274 1833 1343 ubique.
1869 1272 2051 1342 Stylus

488 1363 631 1417 illius
658 1378 687 1417 a
705 1362 973 1419 Basiliano
998 1373 1104 1418 tam
1135 1364 1289 1436 lange
1307 1365 1488 1428 distat,
1521 1375 1708 1418 uteam
1737 1365 2046 1431 discrepan-

491 1456 619 1508 tiam
656 1456 745 1524 qui
776 1472 879 1510 non
900 1457 1061 1521 videt,
1094 1456 1225 1510 nihil
1263 1457 1438 1510 videat
1470 1470 1687 1511 necesse
1719 1456 1807 1511 sit.
1839 1454 2051 1522 Repetit

488 1560 606 1613 qua:
630 1545 908 1614 aliquanto
932 1555 1054 1599 ante
1081 1547 1291 1599 dixerat
1317 1564 1329 1599 :
1362 1545 1708 1599 immodicum
1743 1560 1800 1599 se
1835 1556 2050 1613 prrcstat

491 1636 541 1687 in
572 1634 1014 1702 digressionibus,
1056 1636 1228 1703 iisque
1254 1635 1319 1689 ad
1352 1649 1463 1688 rem
1494 1649 1598 1687 non
1631 1635 2045 1704 pertinentibus.

491 1724 737 1777 Imitatur
786 1725 980 1792 saepius
1015 1724 1324 1794 plagiarios,
1364 1724 1477 1791 qui,
1511 1739 1630 1778 cum
1680 1739 1782 1778 non
1819 1725 2052 1779 habeant

492 1818 634 1884 quod
664 1790 921 1881 scribant,
962 1790 1219 1871 et'tarnen
1259 1790 1495 1871 scribere
1526 1817 1711 1882 velint,
1742 1817 1942 1872 alienos
1969 1818 2050 1872 la-
2079 1790 2125 1848 Β

490 1905 652 1960 bores
690 1915 894 1961 metere
932 1921 1036 1961 non
1081 1918 1353 1961 verentur.
1408 1908 1481 1961 Ita
1522 1906 1809 1976 aliquando
1846 1922 1876 1961 a
1923 1924 2047 1977 pro-

488 1997 662 2064 posito
721 1998 958 2062 aberrat,
992 2006 1049 2051 ut
1096 2013 1217 2051 eum
1273 1998 1418 2051 illius
1481 2012 1630 2066 quasr
1680 1998 1902 2052 oblitum
1968 2000 2049 2053 di-

488 2106 579 2143 eas
602 2127 616 2151 ,
653 2102 754 2142 nec
798 2088 973 2157 ipsum
1011 2096 1166 2157 putes
1210 2088 1557 2157 interpretem
1598 2102 1719 2143 esse
1753 2089 1923 2154 Isaiae,
1954 2092 2047 2146 sed

490 2181 721 2235 llavidis.
777 2179 1061 2234 Vocabulis
1091 2181 1236 2234 duris
1293 2180 1491 2249 passim
1528 2181 1719 2245 utitur,
1773 2197 1892 2250 quae
1941 2182 2049 2237 fru-

487 2279 599 2324 stra
646 2284 860 2340 qureras
911 2269 964 2323 in
1013 2267 1335 2322 suavissimo
1381 2277 1596 2323 oratore
1650 2269 1846 2325 Basilio
1891 2288 1904 2323 :
1955 2273 2048 2326 sed

487 2378 716 2432 quorum
741 2376 866 2430 pars
894 2361 1125 2414 maxima
1166 2360 1305 2427 apud
1330 2360 1617 2415 Eusebium
1655 2361 1954 2429 invenitur;
1981 2365 2049 2418 oh

487 2459 647 2527 idque
675 2454 819 2510 credi
854 2452 1047 2506 merito
1099 2460 1274 2519 potest
1323 2452 1544 2521 insignis
1585 2453 1801 2521 quidam
1847 2455 2045 2524 plagia-

487 2552 601 2604 rius
645 2548 837 2603 fuisse.
881 2544 1094 2614 lueptit,
1136 2543 1304 2611 garrit
1342 2557 1534 2614 nugas,
1575 2543 1792 2599 Patrum
1848 2547 2052 2613 gravis-

483 2644 622 2697 simo
674 2638 1098 2707 indignissimas,
1149 2648 1350 2703 easque
1400 2636 1464 2689 ad
1516 2633 1681 2689 risum
1730 2638 2048 2690 movendum

484 2747 645 2803 quam
685 2732 751 2785 ad
780 2730 1078 2785 docendum
1113 2726 1652 2781 accommodatiores.
1682 2729 1878 2795 Atque,
1908 2728 2049 2797 quod

485 2845 513 2879 a
567 2825 750 2879 Basilii
792 2822 1035 2877 moribus
1078 2818 1463 2873 alienissimum
1512 2828 1612 2883 est,
1672 2834 1778 2872 non
1828 2819 2051 2874 absolvit

486 2915 757 2986 periodos,
792 2913 886 2967 sed
911 2910 1259 2965 divinandum
1296 2908 1496 2976 aliquid
1525 2909 1798 2977 relinquit,
1824 2911 2051 2978 scripto-

491 3012 566 3061 ris
598 3008 677 3061 sic
706 3014 764 3059 ut
799 3003 982 3059 multis
1032 3004 1085 3056 in
1131 3002 1263 3057 locis
1304 3001 1627 3056 sententiam
1672 3001 1928 3070 consequi
1965 3003 2048 3054 vim

487 3099 680 3170 possis.
721 3098 957 3166 Denique
984 3096 1034 3149 in
1068 3095 1147 3149 his
1170 3094 1572 3148 commentariis
1599 3095 1760 3147 verba
1797 3108 1899 3147 non
1930 3109 2052 3147 raro

487 3196 559 3247 ita
598 3194 737 3247 inter
779 3206 837 3244 se
863 3189 1203 3252 ordinantur,
1250 3201 1438 3240 eorum
1493 3194 1552 3237 ut
1580 3184 1909 3240 constructio
1934 3184 2050 3239 ﬁeri

488 3287 633 3341 nullo
671 3284 831 3338 modo
875 3282 1064 3349 possit.
1106 3278 1249 3333 Sane
1302 3286 1379 3332 tot
1424 3287 1547 3332 sunt
1581 3292 1768 3332 eorum
1819 3291 1939 3346 quae
1967 3278 2049 3330 di-

490 3379 667 3431 ximus
703 3374 973 3443 exempla,
1016 3380 1147 3442 quot
1178 3385 1284 3424 non
1317 3370 1437 3424 dico
1470 3369 1694 3439 pagina},
1728 3370 1819 3425 sed
1846 3369 2050 3439 ρει-ἰοιῆ

489 3467 1016 3523 commentariorum.
1074 3462 1183 3517 Sed
1211 3476 1278 3517 ne
1334 3461 1491 3530 cepia
1542 3461 1657 3530 ipsa
1686 3461 1908 3516 molesta
1961 3463 2048 3524 sit,

489 3577 658 3631 pauca
702 3576 733 3615 e
774 3558 957 3613 multis
985 3556 1052 3610 ad
1094 3556 1235 3609 hanc
1282 3563 1518 3608 nostram
1554 3554 1859 3622 opinionem
1912 3570 2054 3610 com-

490 3653 821 3724 probandam
849 3651 902 3703 in
929 3649 1162 3703 medium
1192 3645 1485 3717 proferam.

559 3746 646 3801 54.
686 3745 923 3801 Primum
956 3742 1027 3794 ita
1074 3739 1280 3794 auctori
1322 3737 1617 3792 familiares
1642 3745 1769 3792 sunt
1792 3752 1868 3792 ea:
1894 3751 2053 3793 voces

489 3857 607 3910 quae
634 3841 686 3894 in
729 3856 824 3901 κος
883 3836 1159 3898 desinunt,
1223 3841 1284 3886 ut
1330 3831 1511 3886 statim
1542 3831 2050 3886 commentariorum

488 3934 775 4004 γνησιότης
820 3931 872 3984 in
904 3928 1120 3982 dubium
1150 3925 1389 3980 revocari
1424 3924 1615 3978 merito
1639 3924 1829 3992 possit.
1863 3924 1966 3978 Sed
2006 3923 2051 3977 si

488 4026 609 4096 quis
641 4023 859 4080 easdem
888 4033 1050 4075 voces
1087 4019 1343 4073 attentius
1378 4016 1819 4077 consideraverit,
1844 4016 2050 4085 pleras-

488 4132 590 4187 que
636 4125 741 4170 tam
795 4113 978 4175 duras,
1023 4120 1128 4164 tam
1172 4107 1463 4173 obsoletos,
1516 4117 1736 4176 tamque
1770 4107 2053 4162 inusitatas

488 4208 742 4270 inveniet,
770 4214 827 4258 ut
852 4203 995 4257 hunc
1023 4199 1476 4256 Commentarium
1497 4198 1637 4253 male
1664 4196 1862 4252 Basilio
1893 4199 2049 4252 tribui

487 4298 667 4351 statim
696 4293 1136 4366 pronuntiaturus
1164 4290 1252 4344 sit.
1280 4288 1457 4354 Quam
1499 4298 1676 4342 autem
1704 4286 1958 4357 frequens
1984 4289 2053 4343 sit

489 4391 541 4443 in
569 4384 968 4444 Commentario
1005 4398 1132 4437 usus
1174 4382 1428 4436 harumce
1458 4395 1675 4445 vocum,
1722 4394 1786 4434 ex
1814 4381 2053 4450 qualibet

2156 556 2299 603 rere,
2344 542 2415 595 sit
2468 555 2687 593 arenam
2720 541 2772 594 in
2805 543 2969 596 maris
3019 543 3199 596 littore
3244 556 3502 611 quazrere.
3535 544 3714 613 Longe

2152 633 2367 702 parcius
2430 634 2575 686 hisce
2635 633 2905 686 vocabulis
2955 636 3027 687 uti
3081 635 3712 702 soletcloquentissimus

2152 732 2334 778 orator
2362 723 2613 778 Basilius.
2635 723 2818 790 Neque
2846 739 2973 778 vero
3001 725 3264 792 ejusmodi
3296 740 3454 778 voces
3477 734 3600 785 sunt
3624 740 3712 780 so-

2152 814 2260 868 lum
2296 813 2414 883 plus
2434 813 2582 883 justo
2626 814 2921 869 familiares
2950 817 3229 884 interpreti
3269 830 3283 869 :
3319 817 3435 881 sed,
3466 827 3526 869 ut
3574 817 3710 881 dixi,

2151 914 2277 960 sunt
2306 919 2408 959 non
2454 920 2641 974 paucae
2668 904 2741 958 ita
2771 905 2934 970 dum,
2967 907 3040 959 ita
3079 907 3302 962 insolitae
3322 947 3337 969 ,
3378 918 3433 960 ut
3458 916 3714 975 prazstare

2154 995 2325 1049 ausim
2360 995 2650 1049 maximam
2686 1010 2873 1049 earum
2901 1007 3107 1064 partem
3138 1001 3275 1067 apud
3300 998 3554 1052 Basiliam
3588 1014 3713 1052 nus-

2152 1102 2311 1157 quam
2343 1087 2591 1154 reperiri.
2614 1087 2765 1154 Quod
2792 1104 2958 1158 genus
2992 1099 3137 1154 sunt,
3159 1090 3542 1159 ποχαστικῶς,
3574 1107 3714 1160 παρ-

2149 1175 2578 1245 εκὸατικώτερον
2597 1218 2611 1241 ,
2671 1178 3091 1249 σχετλιαστικῶς
3113 1220 3127 1243 ,
3190 1180 3568 1245 ἀντιϐατικῶς,
3597 1197 3715 1234 σκο-

2151 1270 2424 1333 πευτικὸς,
2486 1271 2881 1340 κατανυκτικῷ,
2920 1272 3287 1339 ἁπιδιαστικά,
3320 1282 3374 1327 ct
3419 1273 3552 1339 alite,
3598 1287 3715 1341 quae

2151 1360 2330 1429 plures
2369 1370 2535 1425 sunt,
2573 1370 2623 1414 et
2652 1359 3020 1430 'frequentius
3078 1364 3283 1431 obviae,
3319 1379 3477 1432 quam
3519 1375 3575 1417 ut
3625 1365 3715 1419 hic

2151 1450 2383 1505 debeant
2420 1452 2633 1508 referri.
2676 1454 2785 1509 Nec
2816 1458 3243 1524 praetereundum
3278 1458 3514 1519 silentio,
3556 1458 3712 1511 innu-

2152 1555 2297 1594 mera
2347 1542 2452 1595 alia
2490 1532 2746 1599 vocabula
2808 1548 3004 1615 passim
3048 1549 3100 1602 in
3162 1549 3248 1604 his
3314 1535 3715 1605 commentariis

2150 1648 2459 1702 occurrere,
2486 1651 2622 1705 quae,
2650 1638 2738 1706 qui
2764 1638 2930 1694 libros
2953 1640 3138 1695 Basilii
3163 1642 3472 1712 diligentius
3505 1641 3714 1712 legerit,

2150 1728 2430 1796 peregrina
2459 1743 2582 1784 esse
2603 1739 2658 1784 et
2696 1746 2725 1785 a
2763 1731 3033 1787 Basiliano
3064 1747 3160 1787 usu
3192 1734 3363 1788 aliena
3396 1734 3551 1789 facile
3581 1733 3716 1787 fate-

2154 1820 2318 1872 bitur.
2358 1818 2544 1885 Qualia
2599 1834 2741 1886 sunt,
2774 1824 3304 1896 ἁπαρακολουθησία,
3334 1824 3715 1892 ἀκατανάγκα-

2156 1925 2312 1972 στου,
2351 1911 2616 1975 οὶστικαὶ,
2668 1914 3149 1984 ὲπαμφοτεριστῶν
3184 1956 3196 1977 ,
3248 1913 3711 1986 ἀποτηγανιζομέ-

2154 2001 2368 2070 νης(α),
2398 2002 2717 2072 τρισάθλιοι,
2750 2006 3085 2075 ἀτιμοποιὸς,
3132 2007 3469 2077 ἀσεϐήματα,
3523 2006 3719 2060 ἀκολα-

2156 2094 2424 2162 στήματα,
2460 2092 2600 2147 κατὰ
2630 2098 2997 2168 συναρπαγὴν,
3034 2098 3561 2169 ἀπαρακολούθητον,
3589 2099 3720 2169 ἀτη-⁸

2159 2183 2386 2256 μέλητα,
2433 2185 2764 2255 οἰησίσοιρος,
2833 2188 3328 2260 ὲξευγενιζομένης,
3357 2198 3412 2244 el.
3468 2190 3567 2243 alia
3598 2204 3719 2259 pcr-

2155 2276 2343 2337 multa,
2376 2291 2495 2346 qua:
2536 2278 2578 2330 si
2609 2277 2832 2332 velimus
2873 2280 3050 2334 omnia
3082 2281 3387 2336 exscribere
3408 2321 3422 2347 ,
3457 2295 3580 2350 pars
3610 2296 3716 2336 non

2156 2369 2372 2421 minima
2404 2369 2910 2423 commentariorum
2943 2370 3297 2425 exscribenda
3340 2371 3492 2426 nobis
3523 2371 3644 2425 erit.

2224 2460 2315 2514 55.
2351 2459 2458 2515 Sed
2498 2460 2613 2516 haec
2656 2463 2722 2514 de
2758 2462 2916 2516 nudis
2944 2462 3164 2517 verbis:
3194 2478 3337 2517 nunc
3370 2464 3435 2517 de
3462 2462 3590 2532 ipsis
3625 2477 3721 2531 pc-

2157 2552 2322 2606 riodis
2359 2552 2758 2607 disserendum.
2783 2552 3131 2621 Profecto,ut
3165 2556 3293 2609 mihi
3327 2556 3539 2625 quidem
3571 2554 3721 2609 vide-

2158 2651 2264 2709 tnr,
2290 2643 2334 2697 si
2366 2644 2498 2698 nihil
2529 2643 2695 2710 aliud,
2737 2655 2886 2699 certe
2922 2646 3160 2716 ineptum
3193 2648 3401 2703 dicendi
3434 2662 3600 2718 genus
3626 2648 3721 2702 hu-

2150 2734 2240 2803 jus
2288 2736 2466 2803 operis
2496 2736 2708 2790 νοθείαν
2758 2746 2944 2807 aperte
2972 2739 3228 2793 ostendit.
3285 2738 3720 2795 Commentarios

2158 2824 2256 2878 hos
2305 2841 2428 2880 cum
2476 2837 2769 2893 verterem,
2810 2827 2951 2883 inter
3016 2838 3213 2885 caetera
3262 2830 3429 2897 vitia,
3472 2830 3599 2884 illud
3635 2831 3719 2884 vel

2159 2916 2446 2970 maximum
2477 2919 2602 2972 mihi
2637 2920 2807 2975 visum
2841 2930 2943 2984 est,
2978 2922 3119 2989 quod
3150 2921 3384 2991 scriptor
3426 2922 3719 2990 smpissimc

2156 3006 2407 3073 periodos
2436 3021 2541 3061 non
2572 3009 2817 3063 absolvit.
2849 3009 2925 3063 Ex
2955 3024 3062 3079 quo
3100 3010 3161 3065 lit
3193 3020 3271 3075 ut,
3307 3011 3373 3078 si,
3397 3026 3513 3081 qua:
3535 3011 3723 3067 Graece

2159 3095 2349 3167 legisti,
2383 3098 2607 3153 reddere
2643 3100 2775 3154 velis
2804 3100 3008 3167 Latine,
3038 3102 3275 3156 auctoris
3310 3110 3540 3157 mentem
3573 3115 3721 3156 asse-

2153 3185 2245 3252 qui
2278 3187 2364 3239 vix
2395 3188 2592 3254 possis.
2624 3187 2925 3258 Proponam
2960 3191 3046 3244 hic
3068 3190 3186 3259 ejus
3207 3192 3284 3246 rei
3309 3191 3512 3261 aliquot
3537 3206 3722 3245 exem-

2156 3276 2268 3346 pla,
2305 3287 2362 3331 ut
2400 3279 2637 3348 quidque
2668 3293 2916 3342 occurret
2944 3296 2957 3333 :
2987 3297 3054 3336 ex
3100 3283 3295 3352 quibus
3327 3284 3392 3338 de
3426 3283 3607 3337 multis
3641 3283 3717 3337 si-

2154 3368 2369 3422 milibus
2420 3369 2729 3439 conjectura
2781 3370 2898 3425 fieri
2963 3375 3177 3441 poterit.
3227 3373 3519 3444 Scriptoris
3558 3376 3722 3443 igitur

2153 3460 2315 3514 verba
2344 3471 2469 3514 sunt
2496 3462 2609 3516 haac
2641 3462 2692 3516 in
2722 3462 2847 3516 illud
2884 3463 3053 3533 (num.
3089 3465 3210 3533 “2)
3250 3482 3262 3516 :
3309 3464 3379 3518 Et
3406 3466 3721 3534 respondens

2153 3550 2205 3602 in
2231 3549 2323 3602 illa
2355 3551 2439 3603 die
2459 3550 2529 3614 ⁸³,
2554 3560 2656 3605 etc.
2689 3568 2702 3603 :
2738 3551 2852 3603 Νῦν
2875 3551 2929 3605 δὲ
2960 3552 3226 3623 φοϐοῦμαι
3247 3594 3261 3618 ,
3296 3554 3370 3626 μὴ
3413 3556 3470 3606 ὲν
3500 3557 3564 3624 τῇ
3599 3556 3721 3607 Ἰου-

2153 3643 2311 3713 δαϊκῇ
2373 3642 2559 3696 στάσει
2611 3640 2750 3714 ἦσάν
2784 3661 2925 3709 τινες
2975 3647 3023 3697 οἱ
3080 3647 3326 3710 ἀναξίους
3360 3647 3584 3711 ἑαυτοὺς
3612 3648 3720 3700 τῶν

2154 3734 2356 3806 ἐτέρων
2381 3735 2567 3806 ἄρχειν
2607 3735 2918 3805 ἡγούμενοι,
2947 3736 3036 3788 διὰ
3078 3736 3175 3807 τὴν
3227 3738 3570 3807 συναίσθησιν
3620 3739 3717 3809 τῆς

2155 3827 2567 3898 ἐνυπαρχούσης
2602 3828 2782 3890 αὐτοῖς
2812 3827 3107 3897 πτωχεξας·
3142 3830 3232 3880 ἐπὶ
3271 3828 3325 3881 δὲ
3353 3827 3460 3879 τῶν
3514 3829 3717 3897 παρόν-

2151 3936 2278 3981 των,
2314 3920 2417 3973 κᾶν
2477 3920 2550 3990 μὴ
2578 3913 2677 3972 ὦσί
2723 3937 2865 3982 τινες
2897 3919 3227 3989 ἐνδεδυμένοι
3281 3919 3533 3990 Χριστὸν,
3589 3921 3720 3991 μηδὲ

2155 4012 2437 4082 σπλάγχνα
2469 4013 2775 4083 οἰκτιρμοῦ,
2808 4012 2945 4065 κατὰ
2977 4012 3065 4064 τὸν
3093 4012 3433 4077 Ἀπόστολον,
3462 4011 3565 4065 κᾶν
3594 4014 3717 4065 ἐπι-

2154 4104 2382 4175 λάθηταί
2419 4123 2502 4169 τις
2538 4106 2635 4158 οὐκ
2675 4105 3031 4173 ἀντιλέγουσι,
3079 4104 3182 4158 κᾶν
3238 4104 3311 4175 μὴ
3370 4104 3715 4175 ἐπιλάϐηται,

2154 4196 2507 4250 εἰσωθοῦνται
2534 4197 2735 4251 πολλοί.
2769 4197 2921 4264 Quod
2973 4198 3045 4251 ita
3076 4197 3142 4251 ad
3195 4198 3419 4251 verbum
3453 4197 3716 4265 interpre-

2155 4290 2422 4344 tabimur:
2456 4308 2475 4341 ι
2510 4289 2662 4345 Nunc
2688 4300 2864 4344 autem
2896 4292 3058 4345 timeo
3088 4304 3153 4345 ne
3186 4290 3238 4343 in
3260 4288 3477 4343 Judaica
3506 4287 3717 4356 quidem

2153 4380 2417 4436 seditione
2439 4390 2610 4443 erant,
2641 4382 2731 4451 qui
2769 4382 3016 4453 indignos
3040 4396 3097 4435 se
3140 4379 3454 4449 praefectura
3492 4378 3715 4433 aliorum

491 4481 600 4533 fere
625 4478 815 4548 pagina
841 4490 868 4528 a
905 4474 1096 4543 quovis
1118 4471 1331 4539 quidem
1353 4469 1510 4524 facile
1540 4469 1789 4539 cognosci
1826 4480 2002 4538 potest
2034 4490 2046 4525 :
2084 4506 2127 4560 Β
2159 4472 2285 4536 rati,
2314 4482 2496 4540 utpote
2518 4488 2628 4527 suae
2675 4474 2911 4543 ipsorum
2955 4472 3286 4542 paupertatis
3330 4469 3567 4534 conscii;
3624 4468 3715 4522 sed

486 4571 577 4626 sed
611 4580 789 4623 tamen
814 4576 872 4621 ut
902 4580 990 4620 res
1018 4562 1186 4619 oculis
1217 4562 1345 4630 ipsis
1376 4560 1743 4629 subjiciamus,
1786 4561 2045 4626 ejusmodi

486 4660 743 4715 vocabula
786 4657 979 4728 quibus
1006 4669 1135 4709 usus
1177 4661 1260 4709 est
1307 4654 1569 4720 interpres
1611 4652 1663 4704 in
1695 4651 2045 4722 explanandis

487 4753 608 4815 illis,
661 4767 678 4801 σ
708 4748 776 4802 Et
822 4756 1010 4817 arguet
1042 4745 1293 4814 pupulum
1328 4742 1593 4807 multum;
1658 4750 1715 4797 et
1761 4741 2046 4796 concident

487 4842 687 4912 gladios
734 4854 927 4903 suos,»
959 4846 1090 4903 etc.,
1136 4836 1235 4889 hoc
1270 4835 1386 4889 loco
1418 4835 1673 4888 adnotare
1736 4834 1901 4887 visum
1941 4842 2042 4888 est.

488 4934 608 4990 Haac
638 4932 801 5004 igitur
830 4939 1092 4998 suntquae
1138 4927 1210 4981 ibi
1242 4928 1380 4980 intra
1416 4940 1618 4993 paucos
1651 4942 1838 4981 versus
1859 4925 2046 4999 legun-

487 5040 592 5094 tur,
637 5024 971 5096 σωματικὸν,
1019 5020 1336 5090 πληκτικὸς,
1400 5018 1701 5089 εἰρηνικὴν,
1754 5021 2045 5090 εἰρηνικὸν,

488 5117 840 5188 συμϐατικὸν,
869 5113 1188 5183 φθαρτικὴν,
1211 5111 1475 5178 λογικαίς,
1513 5109 2047 5181 παρασκευαστικὴν,

489 5207 786 5279 ποιητικὸν,
844 5203 1179 5269 συνακτικὸν,
1236 5201 1560 5266 συνδετικὸν,
1617 5200 1852 5268 λογικόν.
1902 5200 2049 5263 Hac,

489 5301 723 5369 inquam,
751 5309 879 5354 sunt
907 5312 1026 5368 qua:
1072 5296 1249 5366 legere
1290 5295 1362 5349 sit
1398 5294 1451 5349 in
1476 5293 1625 5349 brevi
1654 5292 1744 5347 illo
1765 5292 1906 5362 quod
1939 5291 2047 5345 dixi

488 5390 679 5456 spatio.
709 5388 872 5442 Plura
915 5387 1005 5455 qui
1029 5386 1212 5441 videre
1237 5384 1401 5448 volet,
1430 5384 1498 5447 is,
1522 5383 1732 5452 opinor,
1774 5384 1819 5437 si
1847 5380 1931 5435 vel
1966 5397 2050 5435 se-

489 5480 591 5533 mel
629 5480 820 5534 librum
849 5480 1074 5548 aperiat,
1118 5478 1356 5545 ejusdem
1391 5475 1609 5546 generis
1639 5474 1741 5528 alia
1780 5473 1942 5529 multa
1971 5475 2047 5527 in~

557 5617 602 5649 ⁸³
630 5618 732 5674 lsa.
760 5633 840 5683 In,
870 5617 921 5671 7.

2157 4562 2258 4617 hoc
2285 4571 2542 4630 tempore,
2571 4563 2780 4617 etiamsi
2819 4579 2922 4617 non
2971 4562 3078 4616 sint
3103 4561 3192 4629 qui
3219 4560 3385 4614 induti
3418 4558 3712 4623 Christum,

2155 4670 2328 4723 neque
2386 4656 2593 4710 viscera
2650 4655 3057 4718 misericordiae,
3102 4672 3128 4704 ›.
3159 4662 3263 4708 etc.
3327 4652 3484 4706 Certe
3510 4651 3553 4704 si
3598 4649 3717 4718 quis

2155 4747 2226 4801 ita
2256 4746 2445 4801 Latine
2494 4749 2963 4817 interpretaretur,
2994 4748 3159 4801 risum
3216 4744 3556 4799 audientibus
3602 4757 3716 4796 mo-

2154 4848 2332 4897 veret;
2370 4847 2423 4891 et
2466 4847 2642 4892 tamen
2704 4852 3036 4907 unaquaeque
3092 4850 3197 4889 vox
3245 4833 3437 4888 Latina
3498 4832 3717 4888 cuilibet

2153 4928 2270 4982 voci
2308 4926 2505 4981 Graecae
2542 4928 2696 4996 plane
2741 4928 3048 4997 respondet.
3080 4925 3205 4993 Sed,
3230 4934 3290 4979 ut
3340 4924 3470 4989 dixi,
3516 4924 3712 4978 verbo-

2155 5037 2273 5075 rum
2301 5021 2611 5075 Graecorum
2636 5021 2932 5075 obscuritas
2973 5019 3097 5073 inde
3137 5025 3313 5073 ortum
3362 5017 3541 5082 habet,
3573 5016 3714 5085 quod

2164 5126 2272 5165 non
2309 5111 2555 5166 videatur
2576 5112 2807 5179 scriptor
2852 5110 3105 5179 periodos
3128 5108 3437 5174 absolvere;
3474 5107 3563 5176 qui
3600 5122 3713 5161 mos

2151 5212 2210 5254 ut
2233 5201 2518 5269 plurimum
2547 5200 2743 5254 fastidii
2768 5200 3137 5269 paritlectori;
3168 5199 3241 5253 ita
3293 5198 3583 5251 maximum
3614 5210 3712 5249 nc-

2152 5290 2355 5360 gotium
2390 5290 2667 5359 interpreti
2701 5290 2939 5345 exhibet.
2972 5289 3038 5342 Et
3082 5304 3212 5343 vero
3240 5287 3433 5343 credas
3474 5294 3590 5354 post
3625 5300 3713 5339 ve-

2152 5397 2268 5436 ccm
2324 5381 2618 5453 ἡγούμενοι
2668 5389 2977 5436 secuturum
3028 5379 3244 5449 aliquod
3280 5380 3523 5441 verbum,
3570 5374 3712 5444 quod

2153 5476 2457 5530 orationem
2502 5473 2785 5531 absolvat:
2816 5474 2910 5529 sed
2966 5473 3017 5528 id
3048 5474 3266 5529 verbum
3312 5470 3551 5527 additum
3606 5480 3712 5522 nun

563 5759 635 5829 (a)
678 5759 909 5816 Verbum
954 5770 1131 5816 tamen
1186 5755 1681 5827 ἀποτηγανίζεσῦαι
1740 5754 1928 5824 legitur.
1975 5756 2022 5806 lll

2154 5768 2233 5806 tua
2260 5748 2499 5803 oratione
2540 5745 2613 5800 De
2647 5746 2859 5808 ieiunio.
2890 5744 3042 5799 Eutr.
