4094 6220
389 329 438 370 cf
455 334 586 376 XVIII

1747 306 2269 367 PROLEGOMENA.

397 447 503 492 est.
546 435 656 489 Hoc
684 442 860 489 autem
923 433 1103 487 dicere
1144 431 1348 486 videtur
1396 431 1658 500 interpres
1690 429 1950 485 Graecus:

2083 426 2435 497 ιίσθανόμενοι
2471 425 2566 495 τῆς
2609 421 2734 493 παρ’
2785 418 2976 474 ἑαυτοῦ
3025 416 3260 487 δωρεᾶς·
3308 417 3359 470 οί
3388 417 3478 482 δέ,
3507 425 3616 474 eteo

408 549 426 580 ‹
463 528 618 584 Νυηο
661 538 836 581 autem
875 529 1056 590 timeo,
1097 539 1188 589 ne,
1218 533 1278 578 ut
1310 525 1436 579 olim
1471 525 1521 577 in
1561 523 1779 579 Iudaica
1811 524 1952 578 sedi-

399 623 546 675 tione
579 629 735 674 erant
775 617 1106 685 qui'seipsos
1141 615 1534 670 arbitrarentur
1568 616 1833 684 indignos,
1862 614 1951 683 qui

402 711 605 763 caeteris
653 707 1073 775 praeficereutur,
1101 714 1283 776 utpote
1310 720 1418 760 suae
1452 704 1685 774 ipsorum
1732 719 1957 774 pauper-

401 802 528 855 tatis
586 798 813 865 conscii,
869 799 940 853 ita
995 800 1097 854 hoc
1149 808 1390 867 tempore
1435 799 1545 854 sint
1575 797 1834 862 nonnulli,
1862 797 1955 868 qui

403 893 526 946 licet
577 891 845 946 Christum
898 899 952 943 et
1004 889 1367 943 miserationis
1393 888 1614 943 ‘viscera
1641 887 1810 942 induti
1845 902 1952 942 non

402 983 531 1043 sint,
558 981 849 1036 secundum
879 979 1215 1050 Apostolum,
1245 981 1289 1034 si
1320 979 1438 1048 quis
1473 987 1650 1033 tamen
1682 993 1774 1034 eos
1833 993 1960 1048 pro-

408 1079 640 1134 moveat,
683 1087 785 1126 non
821 1070 1201 1126 contradicant
1237 1086 1250 1120 :
1283 1077 1338 1124 et
1369 1070 1412 1122 si
1441 1078 1752 1138 promoveat
1779 1082 1956 1134 nemo,

405 1173 582 1215 tamen
625 1160 840 1229 plurimi
870 1174 928 1215 se
959 1161 1256 1215 intrudunt.
1305 1177 1325 1210 ι
1376 1157 1676 1213 Notandum
1715 1165 1770 1212 et
1810 1157 1960 1223 illud,

405 1252 567 1312 verba
613 1250 798 1306 Graeca
848 1250 1174 1318 perturbari,
1225 1263 1324 1303 nec
1365 1263 1462 1302 suo
1530 1247 1649 1302 loco
1693 1247 1838 1316 poni.
1885 1246 1964 1302 Ita

405 1343 546 1396 enim
585 1342 745 1396 scribi
775 1349 1087 1410 oportuerat
1117 1354 1130 1390 :
1178 1340 1298 1392 Ἐπὶ
1318 1340 1375 1393 δὲ
1407 1339 1515 1393 τῶν
1543 1339 1841 1411 παρόντων,
1860 1338 1964 1392 κᾶν

408 1423 511 1490 ὦσι
561 1445 708 1493 τινες
762 1428 835 1500 μὴ
871 1427 1206 1498 ἐνδεδυμένοι
1236 1427 1489 1500 Χριστόν,
1516 1437 1622 1482 εις.
1659 1447 1678 1480 ι
1723 1428 1827 1484 Sed
1865 1429 1966 1483 hoc

411 1531 672 1589 tempore,
719 1521 928 1574 etiamsi
967 1520 1305 1573 inveniantur
1351 1521 1440 1589 qui
1473 1519 1744 1574 Christum
1796 1520 1966 1576 induti

411 1623 514 1663 non
573 1608 700 1670 sint.
738 1627 759 1660 ι
787 1619 894 1662 etc.
947 1606 1218 1677 Interpres
1252 1609 1548 1678 explanans
1589 1610 1678 1664 illa
1717 1608 1866 1667 Isaiae
1898 1609 1965 1675 θα,

411 1694 478 1750 Et
510 1696 944 1762 humiliabuntur,
967 1708 1013 1750 et
1049 1696 1295 1766 lugebant
1336 1699 1498 1752 theca:
1545 1708 1764 1752 ornatus
1793 1699 1965 1759 vestri,

2062 517 2205 571 Idem
2239 516 2451 582 vitium,
2479 513 2621 582 quod
2680 512 2834 564 alias.
2885 507 3171 575 Participia
3227 505 3338 569 illa,
3371 505 3524 570 ὀντες
3563 516 3619 560 et

2060 606 2462 676 αἰσθανόμενοι,
2493 604 2717 658 verbum
2757 600 2972 668 aliquod
3036 597 3348 667 adjunctum
3391 597 3621 651 habeant

2048 711 2283 754 necesse
2337 706 2439 762 est,
2473 705 2533 748 ut
2587 693 2853 748 sententia
2909 691 3098 746 idonea
3151 688 3436 758 eliiciatur,
3473 705 3622 745 com-

2060 791 2400 860 pleaturque.
2432 787 2683 841 Fortasse
2707 794 2938 838 mentem
2965 781 3249 850 scriptoris
3291 780 3620 849 assequeris,

2062 880 2107 936 si
2164 880 2238 932 ita
2299 879 2700 946 interpretere:
2747 892 2765 925 ι
2803 873 2903 940 Qui
2954 872 3170 940 quidem
3205 871 3300 925 liei
3351 885 3453 939 ope
3490 869 3624 924 tales

2064 968 2352 1034 exsistunt,
2384 965 2580 1021 donum
2606 964 2734 1018 illud
2762 963 2830 1018 ab
2846 976 2913 1016 eo
2935 960 3233 1030 proliscisci
3265 967 3617 1028 agnoscunt.»

2066 1057 2238 1125 Quam
2302 1059 2482 1126 inepta
2544 1056 2616 1111 sit
2672 1055 2789 1110 haec
2853 1052 3105 1123 loquendi
3158 1051 3318 1114 ratio,
3355 1063 3625 1119 quamque

2067 1150 2239 1205 aliena
2271 1164 2300 1203 a
2328 1149 2508 1204 Basilii
2548 1148 2708 1218 stylo,
2736 1146 2822 1201 hic
2848 1146 3030 1200 dicere
3057 1143 3188 1198 nihil
3214 1143 3425 1199 attinet.
3457 1142 3626 1196 Eum-

2068 1243 2188 1299 dem
2215 1243 2282 1296 ad
2327 1240 2543 1295 modum
2590 1238 2774 1292 mutila
2808 1237 2974 1291 dictio
3021 1245 3128 1298 est,
3160 1233 3248 1290 ubi
3289 1233 3628 1302 explicantur

2070 1335 2158 1389 illa
2191 1331 2506 1405 (num.185)
2529 1346 2543 1382 :
2565 1327 2631 1381 Et
2662 1330 2717 1382 in
2741 1345 2896 1382 manu
2913 1344 3008 1382 sua
3028 1325 3245 1379 habebat
3266 1324 3540 1377 carbonem
3557 1321 3626 1374 ⁸³.

2072 1426 2163 1482 Sic
2193 1427 2336 1481 enim
2369 1423 2603 1494 loquitur
2631 1439 2646 1476 :
2676 1423 2738 1474 El
2783 1420 2912 1492 γὰρ,
2953 1420 3088 1489 ὅπερ
3122 1417 3531 1488 ὲφαντάσθησὰν
3557 1431 3634 1470 τι·

2071 1534 2180 1582 νες,
2212 1515 2280 1570 τὰ
2307 1515 2400 1568 δύο
2418 1513 2509 1567 τοῦ
2541 1513 2770 1585 οὐρανοῦ
2795 1512 3144 1582 ἢμισφαίρια,
3174 1512 3277 1564 ἀνὰ
3308 1510 3467 1580 μέρος
3491 1509 3633 1580 ὑπὲρ

2072 1610 2174 1680 γῆς
2197 1607 2513 1678 φαινόμενα,
2541 1604 2599 1669 ἒξ
2628 1603 2846 1676 μέρεσιν
2873 1603 3167 1672 ἑκατέρων,
3190 1599 3350 1653 οἱονεί
3369 1616 3476 1651 τισι
3507 1616 3636 1652 πτει-

2077 1701 2210 1771 ροῖς,
2235 1696 2372 1768 πρὸς
2396 1695 2492 1766 τὴν
2529 1694 2704 1758 ὀξεῖαν
2751 1693 2962 1763 κίνησιν
2991 1692 3362 1763 κεχρημένων,
3391 1689 3508 1749 πῶς
3529 1692 3636 1743 ἀπ-

412 1789 488 1844 sic
523 1787 757 1855 loquitur
773 1788 943 1858 (num.
967 1787 1089 1856 152)
1115 1789 1383 1860 εΧρυσίου
1407 1789 1500 1842 καὶ
1527 1789 1787 1859 ἀργυρίου
1811 1788 1973 1857 θῆκαι

2083 1791 2353 1846 εστέλλετο
2381 1788 2440 1842 τὸ
2461 1788 2643 1858 ἕτερον
2666 1785 2900 1850 τούτων;
2944 1784 3068 1839 Post
3105 1799 3288 1838 vocem
3339 1781 3638 1851 φαινόμενα

412 1878 508 1930 καὶ
529 1877 752 1949 ὲσθῆτος
802 1879 1148 1944 πολυτελοῦς,
1183 1879 1278 1932 καὶ
1326 1879 1486 1933 λίθων
1518 1879 1974 1951 βαρυτίμο›ν,ἓως

418 1972 515 2038 μὲν
553 1968 618 2024 ἂν
670 1970 769 2043 ἔχῃ
811 1970 882 2024 τά
926 1972 1208 2042 κειμήλια,
1233 1971 1437 2041 πολλῆς
1470 1970 1712 2036 ἀξιοῦται
1741 1971 1976 2040 σπουδῆς

416 2062 509 2127 καὶ
536 2061 878 2131 ἐπιμελείας·
914 2063 971 2116 ἐν
1025 2063 1193 2126 οἴκοις
1240 2063 1453 2132 ὀχυροῖς
1501 2060 1837 2132 ἀποκείμενα
1884 2062 1976 2113 ἐπὶ

415 2153 631 2223 υψηλῶν
657 2153 856 2218 τόπων,
878 2155 972 2206 καὶ
997 2153 1202 2223 μοχλοὶ,
1239 2153 1332 2210 καὶ
1356 2152 1521 2218 κλεῖς,
1544 2152 1636 2204 καὶ
1665 2153 1974 2222 σφραγῖδες,

417 2242 510 2307 καὶ
530 2242 787 2311 φύλακες,
811 2245 904 2296 κα)⁹
933 2242 1108 2304 πάντα
1129 2242 1199 2295 τὰ
1216 2242 1350 2312 πρὸς
1370 2242 1666 2311 ἀσφάλειαν
1685 2243 1779 2295 καὶ
1805 2241 1979 2310 ,φυλα-

417 2333 518 2404 κῆν
540 2333 917 2404 ἐπινοούμενα.
966 2333 1212 2389 Ἐπειδὰν
1240 2333 1297 2386 δὲ
1323 2334 1474 2397 κενά,
1507 2341 1611 2389 etc.
1639 2331 1755 2398 Quo
1793 2348 1978 2388 exem-

420 2426 507 2492 plo
533 2426 813 2493 perspicue
842 2425 1105 2495 probatur
1153 2425 1502 2492 interpretem
1533 2423 1886 2487 ὲλλειπτικῶς
1907 2424 1981 2479 si-

421 2517 530 2570 mul
568 2526 622 2570 et
645 2519 872 2572 obscure
910 2517 1142 2572 locutum
1195 2515 1388 2570 fuisse.
1444 2516 1576 2570 Nam
1607 2516 1862 2585 postilla,
1887 2517 1981 2569 καὶ

421 2607 629 2680 μοχλοὶ,
668 2608 761 2660 καὶ
820 2606 989 2672 κλεῖς,
1015 2616 1144 2671 etc.,
1199 2606 1399 2676 aliquid
1449 2605 1797 2675 supplendum
1862 2620 1983 2660 esse

427 2715 583 2765 nemo
614 2713 718 2753 non
748 2699 926 2763 videt;
954 2713 1057 2754 nec
1085 2711 1309 2754 necesse
1338 2698 1511 2751 habeo
1543 2697 1608 2754 de
1649 2697 1983 2752 obscuritate

423 2791 624 2854 dicere,
655 2805 775 2844 cum
829 2803 892 2844 ea
946 2802 1044 2858 per
1080 2803 1139 2843 se
1194 2788 1328 2842 satis
1384 2796 1581 2856 pateat.
1618 2786 1769 2841 Alius
1808 2786 1984 2855 quivis

424 2882 656 2951 scriptor
685 2881 914 2950 diligens
949 2881 1022 2935 ita
1046 2881 1357 2949 scripsisset
1395 2898 1408 2932 :
1442 2880 1679 2951 Χρυσίου
1703 2878 1797 2932 καὶ
1822 2879 1984 2948 ἀργυ-

427 2973 545 3047 ρίου,
563 2972 726 3044 θῆκαι
757 2973 850 3026 καὶ
875 2972 1100 3040 ἐσθῆτος
1135 2969 1474 3033 πολυτελοῦς,
1501 2970 1595 3032 καὶ
1618 2969 1779 3022 λίθων
1817 2967 1983 3038 βαρυ-

425 3067 619 3136 τίμων,
675 3066 781 3125 ἕως
844 3065 942 3136 μὲν
997 3065 1062 3119 ἂν
1117 3064 1280 3134 ἔχωσι
1336 3063 1406 3116 τὰ
1448 3061 1724 3132 κειμήλια,
1773 3060 1984 3125 πολλοῖς

425 3156 790 3220 ἀξιοῦνται....
845 3153 1296 3224 ἀποκείμεναι....
1345 3152 1704 3222 ὲπινοούμενα
1765 3153 1984 3224 προστί-

427 3247 618 3306 θενται
652 3264 665 3297 :
725 3246 866 3314 quod
913 3243 987 3298 ita
1031 3243 1373 3314 interpretari
1408 3243 1693 3298 licuisset:
1733 3262 1753 3294 ι
1793 3242 1986 3299 Theca:

429 3337 543 3389 auri
567 3344 622 3391 et
654 3336 860 3406 argenti
887 3335 1158 3403 vestisque
1187 3344 1509 3402 sumptuosa:
1533 3341 1589 3388 et
1627 3333 1984 3402 pretiosorum

435 3423 952 3494 lapidum,quandiu
1003 3423 1358 3494 suppellectili
1415 3426 1646 3492 pretiosa
1692 3423 1986 3492 replentur,

407 3515 608 3571 .slttdio
669 3516 834 3569 multo
864 3525 1028 3584 atque
1066 3514 1340 3584 diligentia
1389 3523 1756 3580 asservautur,
1802 3527 1868 3568 ac
1903 3527 1990 3568 se-

432 3616 702 3679 ponuntur
725 3606 777 3659 in
813 3607 946 3660 tutis
985 3606 1180 3661 aedium
1209 3605 1450 3674 partibus
1472 3613 1528 3660 et
1561 3605 1612 3658 in
1653 3605 1884 3660 excelsis
1908 3603 1989 3660 lo-

432 3700 546 3762 cis;
577 3699 1005 3765 adhibeaturque
1051 3706 1255 3762 vectes,
1290 3696 1493 3766 claves,
1520 3717 1539 3748 »
1570 3706 1676 3754 etc.
1743 3696 1871 3766 Legi
1903 3710 1993 3764 po-

436 3800 540 3847 test
566 3804 627 3845 ea
661 3804 821 3857 quam
857 3789 922 3841 ad
960 3789 1100 3842 hunc
1124 3787 1300 3843 locum
1328 3789 1506 3844 addidi
1540 3797 1686 3842 nota.
1743 3787 1854 3843 Nec
1878 3789 1988 3843 dis-

433 3881 615 3944 simile
669 3883 832 3948 illud,
881 3897 988 3950 quo
1034 3883 1389 3949 explanantur
1438 3883 1601 3938 verba
1650 3880 1764 3950 haec
1813 3882 1989 3950 (num.

436 3975 560 4045 I55)
604 3991 617 4026 :
653 3975 720 4029 In
747 3977 832 4029 die
866 3986 1040 4028 autem
1066 3974 1164 4027 illa
1195 3973 1509 4043 splendescat
1532 3973 1600 4039 ⁸⁸,
1627 3982 1732 4027 etc.
1773 3990 1788 4027 :
1840 3972 1993 4026 Καθὸ

435 4067 526 4126 καὶ
547 4069 576 4119 ὁ
603 4068 886 4138 προφήτης
928 4065 1064 4136 πρὸς
1094 4064 1221 4126 τοὺς
1271 4065 1329 4116 ὲν
1378 4063 1559 4134 ἔργοις
1603 4064 1699 4133 μὲν
1739 4064 1992 4135 πονηροῖς

434 4156 612 4220 δντας,
643 4156 957 4224 ἐπείγοντας
983 4155 1041 4222 δὲ
1069 4153 1168 4225 τὴν
1197 4152 1412 4225 ἡμέραν
1444 4153 1542 4223 τῆς
1566 4153 1990 4220 ἀνταποδόσεως.

437 4247 576 4310 Ἵνα,
607 4257 712 4302 etc.
764 4265 783 4298 ι
813 4246 1274 4318 Quemadmodum
1302 4254 1357 4302 et
1405 4245 1666 4316 propheta
1694 4245 1748 4300 in
1783 4261 1878 4302 eos
1906 4247 1992 4300 in-

434 4339 666 4404 vehitur,
694 4339 782 4407 qui
811 4339 1020 4408 etiamsi
1068 4339 1120 4393 in
1169 4338 1423 4408 operibus
1469 4335 1750 4407 ﬂagitiosis
1806 4351 1994 4393 versa-

2075 1883 2298 1938 verbum
2323 1879 2537 1950 aliquod
2560 1864 2862 1947 exspectas,
2893 1879 2983 1930 sed
3017 1876 3143 1930 illud
3170 1875 3263 1928 tibi
3289 1874 3637 1927 divinandum

2077 1973 2293 2042 reliquit
2326 1971 2609 2039 interpres.
2627 1967 2827 2022 Ibidem
2855 1968 3081 2036 legimus
3107 1965 3276 2021 ;Ἀλλ’
3303 1966 3438 2034 ὅπερ
3462 1960 3637 2026 εἷπον,

2075 2064 2329 2136 δυνάμεις
2383 2063 2766 2134 ὁπερκόσμιαι,
2803 2062 2901 2132 τῆς
2954 2061 3239 2130 ἐγγυτάτω
3285 2060 3524 2122 στάσεως
3551 2057 3642 2112 διὰ

2077 2158 2176 2229 τὴν
2202 2158 2260 2210 ὲν
2291 2156 2545 2227 ἁγιασμῷ
2573 2155 2848 2226 ἀκρότητα
2880 2152 3287 2224 κατηξιωμέναι
3305 2168 3318 2180 ·
3346 2145 3420 2204 ὧν
3447 2151 3502 2221 ἡ,
3529 2159 3637 2204 etc.

2079 2249 2182 2304 Tot
2217 2250 2521 2318 participia,
2551 2252 2716 2303 verbo
2745 2247 3018 2313 destituta,
3055 2245 3187 2299 nihil
3220 2244 3512 2314 quidquam
3535 2241 3639 2295 Ba-

2079 2342 2328 2397 silianum
2352 2340 2665 2410 praeferunt,
2698 2353 2797 2394 nec
2825 2353 3012 2408 parum
3046 2337 3244 2391 habent
3269 2333 3637 2390 obscuritatis.

2081 2433 2160 2487 Ad
2193 2431 2334 2486 idem
2358 2445 2528 2501 genus
2561 2429 2793 2499 pertinet
2825 2428 2976 2489 illttd,
3004 2441 3130 2504 quo
3163 2427 3332 2479 utitur
3366 2425 3638 2492 interpres

2083 2522 2150 2576 ad
2188 2521 2520 2592 explananda
2549 2519 2635 2573 illa
2671 2521 2841 2590 (num.
2871 2518 2997 2588 ΞΗ)
3027 2535 3040 2573 :
3068 2516 3137 2570 Et
3158 2517 3500 2587 quodcunque
3518 2530 3643 2567 con-

2081 2616 2259 2669 silium
2288 2613 2509 2665 inieritis
2526 2612 2594 2676 ⁸9,
2624 2621 2730 2666 etc.
2761 2627 2774 2664 :
2813 2611 3024 2679 Ὥσπερ
3050 2610 3158 2680 γὰρ
3187 2611 3236 2661 oi
3257 2611 3322 2679 τῇ
3360 2606 3644 2678 προσθήκῃ

2081 2708 2179 2777 τῆς
2202 2704 2334 2775 ὕλης
2367 2704 2465 2775 τῆς
2499 2704 2812 2776 καιομένης,
2844 2703 2936 2755 ἐπὶ
2975 2703 3036 2756 τὸ
3066 2700 3249 2774 μεῖζον
3280 2702 3520 2771 αἴροντες
3544 2699 3645 2768 τὴν

2086 2797 2279 2866 φλόγα,
2311 2795 2472 2860 οὕτω,
2503 2808 2608 2850 etc.
2638 2796 2832 2850 Deesse
2863 2795 3062 2864 aliquid
3093 2805 3214 2863 post
3238 2809 3421 2848 vocem
3449 2793 3643 2861 φλόγα,

2085 2887 2274 2940 vident
2327 2901 2537 2940 omnes.
2607 2884 2868 2940 Similiter
2919 2899 3040 2939 cum
3104 2885 3495 2952 interpretatur
3554 2883 3643 2937 illa

2088 2978 2256 3048 (unm.
2289 2978 2413 3049 926)
2454 2996 2467 3031 :
2524 2975 2665 3042 Quia
2693 2976 2942 3045 parvulus
2983 2987 3138 3031 natus
3193 2987 3268 3030 est
3296 2977 3526 3038 nobis”,
3563 2975 3643 3029 sui

2089 3082 2192 3121 non
2251 3066 2528 3121 dissimilis
2556 3074 2638 3121 est
2688 3067 2980 3135 interpres,
3009 3067 3088 3121 sic
3133 3066 3392 3135 loquens:
3431 3057 3594 3126 Οὗτος
3619 3067 3650 3116 ό

2083 3156 2181 3228 τὴν
2219 3158 2461 3228 μεγάλην
2500 3157 2692 3228 βουλὴν
2725 3159 2822 3229 τὴν
2855 3157 3347 3229 ἀποκεκρυμμένην
3395 3157 3503 3210 ἀπὸ
3538 3156 3648 3210 τῶν

2085 3247 2295 3302 αἰώνων
2325 3249 2595 3320 γνωρίσας
2623 3251 2743 3312 ταῖς
2784 3250 2995 3322 ἑτέραις
3022 3253 3235 3318 γενεαῖς
3288 3250 3363 3321 μὴ
3405 3266 3648 3321 φανερω-

2088 3341 2271 3394 θεῖσαν
2296 3359 2308 3370 ·
2367 3335 2520 3404 οὗτος
2567 3343 2595 3394 ό
2637 3340 2962 3410 ἀναγγείλας
3017 3343 3111 3394 καὶ
3181 3339 3499 3412 φανερώσας
3559 3340 3652 3392 τὸν

2088 3431 2487 3502 ἀνεξιχνίαστον
2517 3431 2708 3486 ἑαυτοῦ
2747 3433 2974 3487 πλοῦτον
3015 3435 3071 3486 ὲν
3109 3435 3221 3496 τοῖς
3249 3433 3479 3496 ἔθνεσιν,
3513 3428 3651 3485 εἶναι

2087 3525 2158 3578 τὰ
2180 3525 2305 3596 ἔθνη
2339 3525 2748 3596 συγκληρονόμα
2777 3527 2870 3579 καὶ
2905 3525 3194 3596 σύσσωμαο
3223 3523 3383 3578 αὑτοῦ
3405 3523 3514 3594 γὰρ
3535 3522 3656 3576 τού-

2090 3637 2202 3683 του,
2221 3612 2282 3673 οὗ
2309 3621 2342 3690 ἡ
2381 3621 2523 3690 ἀρχή
2566 3621 2681 3673 ἐστι
2711 3621 2801 3673 ἐπὶ
2825 3616 2920 3673 τοῦ
2956 3619 3102 3689 ὤμου
3131 3618 3319 3684 αὐτοῦ,
3352 3617 3651 3683 τουτέστιν,

2089 3709 2124 3780 ἡ
2156 3709 2398 3780 βασιλεία
2451 3712 2542 3764 καὶ
2571 3712 2604 3782 ἡ
2658 3711 2883 3782 δύναμις
2913 3711 2969 3764 ὲν
3000 3711 3074 3782 τῷ
3106 3710 3340 3783 σταυρῷ.
3381 3709 3507 3762 Ἐπὶ
3535 3707 3649 3760 τοῦ.

2089 3799 2245 3856 Nunc
2284 3801 2476 3856 omitto
2526 3802 2806 3872 participia
2852 3801 3278 3872 ἰ113,γνωρίσας,
3303 3799 3650 3868 ἀναγγείλας,

2093 3894 2433 3967 φανερώσας,
2463 3909 2581 3963 qua}
2637 3895 2887 3950 videntur
2949 3896 3226 3949 iudelinite
3269 3896 3443 3964 posita
3493 3910 3508 3946 :
3561 3894 3653 3946 sed

2093 4000 2276 4055 quaero
2305 3986 2430 4055 quid
2485 3985 2587 4040 sibi
2623 3985 2754 4039 velit
2790 3986 2937 4049 illud,
2975 3980 3134 4038 εἶναι.
3158 3984 3274 4038 Non
3305 3985 3447 4037 enim
3497 3982 3654 4036 video

2093 4092 2198 4146 quo
2228 4085 2464 4146 regatur,
2497 4085 2552 4130 et
2580 4077 2644 4130 ad
2670 4077 2812 4145 quod
2838 4075 3026 4131 referri
3053 4078 3242 4146 possit.
3273 4075 3517 4142 Scriptor
3542 4073 3653 4126 for-

2095 4174 2239 4222 tasse
2267 4167 2435 4222 voluit
2486 4166 2721 4235 suppleri
2771 4168 2869 4221 bas
2917 4167 3051 4222 duas
3096 4182 3279 4230 voces,
3316 4168 3393 4230 εἰς
3437 4166 3499 4218 τό
3523 4167 3646 4234 (a):

2093 4257 2232 4325 quod
2271 4257 2342 4311 ita
2373 4257 2795 4326 iuterpretabere
2832 4272 2849 4310 :
2886 4275 2906 4308 (
2944 4267 3005 4312 ut
3041 4259 3234 4313 tierent
3263 4267 3450 4326 gentes
3479 4257 3652 4310 colite-

2098 4346 2258 4400 redes
2290 4358 2346 4400 et
2373 4347 2846 4416 concorporales.»
2880 4347 3117 4412 Accedit,
3137 4349 3277 4418 quod
3306 4347 3453 4414 illud,
3491 4345 3656 4400 αὐτοῦ

436 4439 645 4494 rentur.
675 4430 1023 4492 nihilominus
1047 4439 1224 4491 tamen
1249 4429 1390 4484 diem
1423 4429 1796 4485 retributionis
1836 4445 1994 4501 urge-
2026 4467 2072 4524 Β
2102 4437 2205 4510 γὰρ
2229 4438 2443 4502 τούτου,
2474 4439 2749 4494 indefinite
2775 4453 2986 4508 quoque
3035 4440 3265 4507 positum
3295 4453 3413 4492 esse
3470 4439 3655 4492 videa-

435 4527 586 4581 bant.
621 4524 690 4588 Ut
723 4525 873 4596 quid,
915 4544 941 4586 ι,
970 4535 1078 4580 etc.
1100 4523 1262 4583 Certe
1294 4521 1513 4577 verbum
1559 4521 1776 4591 aliquod
1797 4523 1996 4580 excidit

435 4617 738 4686 interpreti,
781 4617 871 4686 qui
905 4615 1050 4671 aliud
1094 4615 1338 4687 cogitans
1386 4614 1688 4677 orationem
1744 4614 1994 4682 imperfe-

435 4721 582 4773 ctam,
605 4709 840 4779 reliquit.
868 4709 924 4764 In
965 4708 1301 4777 explicandis.
1351 4706 1500 4761 illis:
1547 4704 1668 4760 Non
1700 4705 1990 4774 putqbitur,

435 4816 597 4867 neque
635 4799 868 4867 fodietur
929 4798 1153 4868 amplius
1174 4797 1242 4864 ⁸⁸,
1295 4797 1370 4851 ita
1420 4812 1481 4852 se
1529 4797 1781 4867 exprimit
1818 4797 1989 4867 (num.

434 4892 566 4961 147),
591 4909 606 4946 :
638 4893 730 4962 Εἰς
753 4886 845 4946 οὖν
872 4892 971 4964 τὴν
1001 4889 1348 4962 ἀγεώργηῖον
1377 4889 1553 4960 ψυχὴν
1600 4887 1734 4950 πρλὺ
1761 4889 1822 4948 τὸ
1862 4888 1997 4958 πλῆ·-

434 4984 532 5054 θος,
555 4985 663 5037 τῶν
694 4985 991 5056 μεριμνῶν.
1025 4983 1135 5050 Διό,
1169 4993 1276 5039 etc.
1322 4983 1388 5035 Et
1444 4983 1531 5036 hic
1571 4996 1784 5049 quoque
1845 4989 1996 5043 curta

434 5087 519 5138 est
542 5087 596 5138 et
618 5078 804 5138 mutila
835 5079 1031 5132 oratio.
1063 5077 1297 5130 Verbum
1338 5069 1384 5128 si
1409 5073 1681 5144 suppleas,
1714 5073 1786 5126 ita
1821 5071 1994 5130 inter-

434 5172 634 5237 pretari
693 5170 922 5225 licebit:
967 5189 985 5221 ι
1035 5169 1220 5237 Itaque
1265 5169 1452 5236 ingens
1509 5180 1761 5219 curarum
1815 5171 1994 5217 turma

435 5261 638 5317 invadit
670 5263 722 5316 in
742 5262 976 5318 animam
1002 5260 1276 5316 incultam.
1316 5278 1334 5310 ι
1366 5259 1456 5313 Illa
1502 5275 1514 5310 :
1566 5255 1658 5314 Vw
1685 5255 1773 5324 qui
1803 5255 1996 5309 intelli-

433 5359 747 5425 gentesestt‘s
790 5358 844 5410 iu
876 5354 1249 5423 vobismetipsis
1282 5353 1348 5418 ετ,
1391 5351 1727 5419 explicantur
1753 5349 1856 5402 hoc
1885 5363 1996 5400 tnn-

431 5448 508 5508 do.
527 5452 698 5518 (num.
732 5449 856 5520 175)
897 5464 908 5500 :
932 5449 1009 5530 ,Οἱς
1035 5449 1129 5518 μὲν
1158 5446 1268 5501 ἀπὸ
1289 5442 1424 5499 Θεοῦ
1457 5443 1607 5505 ὅντες
1655 5439 1884 5494 τοιοῦτοι
1903 5454 1916 5468 ο
1947 5439 1997 5491 οἱ

509 5563 554 5596 ⁸³
577 5561 678 5618 lsa.
704 5580 784 5622 Ill,
805 5563 895 5622 26.
969 5563 1014 5596 ⁸⁵
1045 5563 1144 5618 lsa.
1173 5578 1246 5626 tv,
1271 5562 1308 5614 ‘2

432 5637 476 5669 "
518 5634 617 5690 lsa.
643 5651 697 5698 Χ,
717 5633 808 5691 20.

1421 5561 1466 5591 ⁸⁸
1492 5558 1590 5613 lsa.
1624 5573 1676 5624 ν,
1715 5555 1768 5611 6.

1861 5557 1905 5588 ⁸⁷
1929 5555 2058 5611 ibid.
2085 5557 2174 5612 Ἡ.

2102 4539 2212 4584 tur.
2249 4531 2357 4586 Nec
2391 4531 2634 4589 absimile
2662 4539 2764 4597 est,
2791 4531 2934 4600 quod
3001 4530 3226 4600 legimus
3262 4532 3314 4584 iu
3344 4530 3431 4583 illa
3480 4529 3654 4601 (num.

2101 4623 2255 4692 MS):
2289 4623 2354 4676 Et
2380 4623 2476 4675 erit
2502 4623 2558 4676 in
2589 4623 2672 4675 die
2699 4618 2816 4686 illa,
2848 4639 2950 4675 non
2973 4622 3111 4675 ultra
3132 4621 3411 4690 adjicietur
3434 4623 3503 4684 ",
3525 4630 3656 4675 etc.:

2099 4715 2322 4777 Τούτοις
2341 4712 2715 4785 προστιθέντες
2743 4702 2930 4786 ὥσπερ
2960 4713 3143 4776 παῖδες
3171 4712 3383 4784 ἀνόητοι
3422 4714 3532 4775 τοῖς
3562 4712 3660 4764 ἀν-

2101 4804 2496 4874 δραποδισταῖς,
2525 4802 2574 4855 οἳ
2606 4801 2880 4866 πολλάκις,
2897 4813 3000 4858 etc.
3025 4802 3221 4857 Ibidem
3242 4821 3256 4855 :
3275 4800 3659 4871 Ιῐροστιθέντες

2101 4890 2194 4950 οὖν
2223 4896 2462 4948 κάκεῖνοι
2491 4895 2600 4956 τοῖς
2624 4893 2865 4947 ἀδικοῦσι
2883 4908 2898 4924 ⁶
2925 4893 3329 4964 καὶήμεῖς,θιο.
3357 4891 3467 4946 Sub
3499 4890 3659 4944 linem

2102 4989 2298 5056 capitis
2353 4987 2419 5040 14
2465 4987 2541 5042 sic
2596 4986 2836 5058 loquitur
2892 4987 3195 5054 interpres:
3246 4984 3397 5037 υἰδὲ
3426 4984 3517 5036 τὸν
3537 4981 3661 5036 νοῦν

2103 5079 2310 5132 ἑαυτῶν
2333 5077 2738 5149 κεκαθαρμένον
2765 5078 2995 5149 ἔχοντες,
3025 5078 3086 5140 ὂς
3123 5075 3445 5147 ὀνομάζεται
3502 5074 3658 5129 Σιών.

2113 5171 2353 5242 Ἐπειδὴ,
2383 5178 2488 5224 etc.
2525 5169 2683 5224 Plura
2739 5171 3000 5226 adnotare
3025 5168 3182 5222 facile
3209 5177 3314 5233 est,
3355 5182 3478 5221 cum
3509 5167 3660 5219 com-

2101 5262 2403 5315 mentarius
2432 5261 2703 5316 similibus
2721 5261 2981 5330 exemplis
3012 5258 3243 5314 refertus
3263 5259 3360 5321 sit;
3387 5258 3478 5311 sed
3515 5255 3662 5318 nolo,

2102 5361 2161 5404 ut
2196 5351 2450 5421 loquendi
2482 5368 2697 5422 quoque
2720 5353 2787 5407 de
2809 5352 3030 5420 reliquis
3057 5351 3201 5406 vitiis
3234 5350 3466 5419 supersit
3489 5348 3659 5401 locus.

2103 5441 2217 5497 Non
2254 5458 2478 5513 possunt
2497 5451 2674 5499 tamen
2701 5444 2828 5512 quin
2859 5443 3104 5510 adjiciam
3141 5440 3315 5494 locum
3349 5437 3660 5508 quemdam,

2279 5561 2328 5600 ³⁸-
2361 5560 2458 5616 Isa.
2491 5577 2566 5628 vt,
2591 5560 2643 5616 6.
2729 5561 2772 5593 ⁸⁹
2802 5559 2904 5618 lsa.
2931 5575 3050 5626 vttt,
3087 5559 3168 5615 10.
3279 5558 3325 5589 ¹³⁰
3353 5553 3455 5618 lsa.
3495 5569 3575 5619 IX.
3605 5550 3668 5620 θό.

505 5730 586 5800 (α)
624 5728 752 5788 Vide
779 5725 1147 5793 Praefationem
1179 5726 1310 5783 ιοιηὶ
1331 5725 1396 5794 ιι,
1426 5725 1570 5795 apud
1597 5740 1698 5781 nos
1728 5723 1810 5787 lll,
1840 5722 1867 5792 ἓ
1899 5737 2001 5776 xw.
2037 5720 2190 5778 Eutr.
