4094 6220
1574 307 1639 363 D.
1679 308 1824 365 JUL.
1866 309 2197 367 GARNERII
2236 310 2628 367 ΡΒᾹΞΕΑΤΙΟ.

3566 329 3722 370 CCXIX

482 426 571 482 ubi
593 424 951 493 explanantur
985 419 1077 477 illa
1105 422 1279 493 (num.
1302 422 1431 492 506)
1465 439 1478 475 :
1510 422 1821 479 Audiuimus
1880 436 2057 480 contu-
2086 430 2131 487 Α
2160 426 2366 481 duisset
2390 425 2791 497 perspicuitati.
2842 423 2942 481 Hic
2967 425 3116 481 locus
3146 424 3199 480 in
3238 427 3380 481 notis
3405 425 3724 483 illustratur.

483 517 691 572 matiam
717 514 870 569 Moab
892 530 912 569 :
935 515 1337 569 contumeliosus
1387 515 1535 570 ualde
1564 516 1630 582 ",
1661 525 1768 571 etc.
1802 517 1896 571 Est
1956 533 2052 570 an-

486 618 593 663 tem
620 607 879 675 ejusmodi
909 624 924 662 :
952 608 1063 660 Καὶ
1100 606 1335 661 ἐνταῦθα
1361 606 1541 659 τοίνυν
1572 607 1773 677 πολλὴν
1798 609 1910 670 τοῖς
1934 608 2053 659 ἐπι-

483 700 775 773 στρέψασιν
817 700 1135 771 ἐμφήναντα
1175 701 1516 772 χρηστότητα
1540 698 1608 752 τὰ
1650 700 1933 771 εἰρημένα,
1958 702 2051 753 ἀπ’

481 792 648 862 ἄλλης
698 791 872 863 ἀρχῆς
931 790 1002 844 τὰ
1050 790 1353 861 πικρότερα
1406 790 1568 845 πάλιν
1619 791 2050 847 ὲπανατείνεται.

484 881 656 949 Quem
684 880 862 935 locum
891 895 1014 936 cum
1055 881 1301 935 crederet
1343 879 1701 936 Combeflsius
1733 881 2050 934 mendosum

483 985 627 1033 esse,
658 984 782 1023 eum
837 970 916 1025 sic
965 971 1359 1025 emendandum
1404 971 1636 1037 censuit,
1684 971 1885 1041 πολλὴν
1940 973 2051 1035 τοῖς

480 1060 867 1133 ἐπιστρέψασιν
925 1061 1174 1132 ἐμφήνας
1215 1060 1313 1131 τὴν
1370 1062 1712 1133 χρηστότητα
1768 1062 1921 1133 παρὰ
1962 1062 2049 1128 τά,

480 1150 759 1219 additque,
806 1169 825 1201 ι
879 1150 971 1205 Sic
1016 1152 1149 1205 mibi
1216 1152 1432 1206 videtur
1485 1151 1670 1207 Basilii
1718 1153 2051 1207 restituenda

481 1242 663 1307 lectio,
691 1257 755 1298 ac
782 1242 1089 1299 soloecismo
1122 1242 1419 1308 liberanda,
1460 1244 1549 1298 cui
1578 1245 1623 1299 is
1656 1245 1878 1299 minime
1915 1243 2052 1300 solet

480 1349 600 1389 esse
630 1334 916 1389 obnoxius.
947 1353 967 1385 ι
998 1334 1133 1390 Τιιιιι
1190 1336 1384 1391 deinde
1412 1337 1557 1391 hunc
1582 1337 1755 1391 locum
1787 1346 1954 1403 recte,
1993 1348 2053 1394 ut

481 1428 721 1498 putabat,
761 1426 1095 1496 feliciterque
1137 1437 1441 1482 correctum
1483 1425 1562 1483 sic
1599 1428 1993 1498 interpretatur
2032 1448 2044 1483 :

490 1538 511 1571 ο
539 1516 639 1576 Ubi
664 1533 762 1589 per
790 1534 852 1573 ea
878 1534 998 1589 quae
1022 1519 1165 1574 dicta
1198 1528 1344 1587 sunt,
1379 1520 1471 1586 iis,
1498 1520 1591 1589 qui
1639 1528 2050 1583 convertuntur,

482 1608 706 1663 multam
739 1607 1034 1663 insinuavit
1062 1608 1337 1664 lenitatem
1354 1624 1419 1665 ac
1448 1608 1815 1673 clementiam,
1847 1610 1915 1665 ab
1948 1609 2053 1666 alio

485 1718 674 1760 rursus
718 1701 987 1773 principio
1020 1701 1299 1758 acerbiora
1339 1701 1589 1757 intentat.
1623 1721 1641 1754 ι
1678 1700 1782 1757 Sed
1823 1717 1945 1757 eum
1974 1702 2053 1758 fe-

2157 517 2230 571 lta
2266 517 2459 586 legitur
2493 532 2638 569 num.
2669 515 2768 569 166
2792 516 2837 547 ³⁵
2869 532 2883 570 :
2916 516 3083 586 Τήρει
3111 516 3205 570 καὶ
3232 516 3313 569 ὅτι
3347 516 3429 582 τὸ,
3473 518 3531 569 ὲν
3563 515 3723 586 αὐτῇ,

2157 608 2297 662 κατὰ
2329 607 2425 678 τὴν
2455 606 2637 677 κοινὴν
2670 605 2951 676 συνήθειαν
3004 606 3235 676 εἴρηται·
3271 605 3345 668 ὡς
3382 605 3476 659 καὶ
3501 605 3725 658 ἐπὶτῶν

2160 699 2444 753 ἰδιωτικῶν
2469 700 2631 752 οἴκων
2669 697 2924 761 πολλάκις
2953 700 3076 761 τοὺς
3118 697 3480 769 ὑπερέχοντας
3529 697 3725 761 αὐτοὺς

2156 792 2657 867 προσαγορεύεσθαι
2682 792 2785 845 ὑπὸ
2806 791 2913 843 τῶν
2940 790 3285 844 ἐνοικούντων
3312 789 3554 861 σύνηθες.
3589 788 3724 853 Quid

2155 896 2259 949 est.
2315 887 2361 941 si
2402 900 2509 939 non
2548 884 2650 938 hoc
2707 882 2909 951 ineptia
2962 881 3092 936 est?
3136 882 3404 936 Dissimile
3462 894 3565 934 non
3618 887 3724 945 est,

2157 977 2299 1046 quod
2332 976 2535 1031 editum
2582 974 2890 1029 invenimus
2917 972 2971 1025 in
3019 971 3109 1026 illa
3141 972 3315 1043 (num.
3348 970 3470 1043 175)
3498 989 3511 1025 :
3540 968 3607 1025 Et
3646 970 3726 1023 in-

2158 1069 2403 1137 dignatus
2424 1078 2498 1121 est
2526 1066 2609 1119 ira
2638 1064 2896 1118 Dominus
2919 1063 2987 1128 9“,
3026 1072 3134 1118 etc.
3162 1064 3255 1118 Sic
3308 1065 3449 1118 enim
3492 1062 3727 1131 loquitur

2159 1162 2426 1229 interpres
2456 1176 2469 1213 :
2516 1158 2654 1228 Χεὶρ
2679 1156 2790 1228 γὰρ
2820 1155 3026 1227 Κυρίου
3056 1158 3089 1227 ἡ
3133 1154 3381 1226 ἁψαμένη
3426 1153 3527 1225 μού
3581 1153 3725 1210 ἐστι.

2158 1249 2268 1303 Καὶ
2312 1250 2369 1303 ὲν
2391 1247 2584 1317 τούτῳ·
2607 1246 2851 1300 διαϐόλου
2898 1249 3053 1317 χεῖρα
3080 1244 3325 1312 λέγοντος
3371 1246 3427 1296 ὲν
3449 1241 3527 1313 τῷ
3550 1240 3728 1312 καιρῷ

2156 1339 2257 1411 τῆς
2290 1339 2583 1403 κολάσεως·
2621 1338 2682 1391 οὐ
2712 1339 2818 1409 μὴν
2847 1338 2925 1399 δὲ,
2950 1336 3085 1389 ἀλλὰ
3114 1333 3427 1388 ἀπόστειλον
3451 1332 3549 1403 τὴν
3570 1329 3729 1402 χεῖρὰ

2159 1450 2273 1498 σου,
2312 1431 2406 1485 καὶ
2428 1430 2561 1501 ἅψαι
2587 1429 2692 1485 τῶν
2726 1429 2895 1483 ὀστῶν
2918 1426 3104 1481 αὑτοῦ.
3132 1424 3450 1497 Τοιγαροῦν,
3483 1434 3589 1481 etc.
3620 1421 3731 1477 Nec

2157 1525 2455 1595 elegantius
2478 1523 2670 1579 scribit
2699 1525 2992 1591 interpres,
3016 1535 3137 1575 cum
3164 1518 3418 1588 explanat
3438 1518 3523 1571 illa
3549 1517 3723 1587 (num.

2158 1615 2320 1687 187):
2354 1613 2423 1669 Et
2456 1615 2588 1670 dixit
2617 1628 2637 1666 :
2694 1613 2831 1668 Ecce
2870 1613 3033 1683 tetigit
3077 1610 3172 1665 hoc
3203 1611 3344 1665 labia
3397 1621 3487 1664 tua
3519 1609 3587 1673 ⁸⁷,
3618 1616 3727 1662 etc.

2158 1705 2287 1776 Ejus
2316 1707 2435 1761 haec
2484 1714 2611 1760 sunt
2658 1705 2815 1759 verba
2849 1719 2866 1758 :
2923 1700 3230 1774 Περιαιρῶν
3266 1698 3467 1773 [λόγος]
3505 1698 3575 1752 τὰ
3624 1696 3733 1763 ἔξω

484 1793 624 1850 fellit
673 1808 811 1848 vana
864 1791 1157 1848 solmcismi
1197 1791 1398 1861 imago.
1432 1791 1786 1847 Soloecismus
1817 1807 1922 1846 non
1946 1802 2052 1859 est,

2163 1797 2251 1851 τοῦ
2289 1796 2435 1850 θείου
2463 1796 2625 1867 νόμου
2663 1794 3076 1866 ἐπιτελούμενα,
3125 1794 3218 1847 καὶ
3249 1793 3313 1846 ἐκ
3337 1792 3446 1847 τῶν
3482 1792 3731 1863 ἁμαρτη-

483 1884 579 1940 sed
622 1885 859 1955 pessima
914 1882 1171 1953 loquendi
1214 1882 1376 1949 ratio,
1414 1881 1542 1937 huic
1565 1884 1795 1947 auctori,
1833 1892 1891 1937 ut
1918 1882 2055 1938 vidi-

485 1991 629 2041 mus,
685 1973 1111 2045 perfamiliaris:
1146 1988 1250 2043 qua
1291 1973 1593 2044 participiis
1650 1973 1855 2029 incerte
1892 1984 2055 2044 atque

487 2065 769 2122 indeﬁnite
832 2065 909 2120 uti
952 2065 1108 2120 solet.
1164 2064 1392 2136 Itaque,
1451 2073 1509 2119 ut
1557 2064 1689 2119 alias
1748 2080 1928 2135 saepe,
1981 2066 2056 2121 ita

483 2162 649 2215 etiam
706 2160 797 2214 hic
851 2158 1194 2228 participium
1258 2158 1337 2213 sic
1394 2157 1553 2212 debet
1612 2157 1811 2227 accipi,
1858 2165 1914 2211 ut
1966 2156 2055 2212 ali-

485 2249 612 2319 quid
679 2246 988 2304 necessario
1061 2246 1414 2317 supplendum
1490 2245 1560 2300 sit
1626 2245 1693 2297 ad
1753 2244 2054 2300 Orationem

484 2339 882 2395 absolvendam.
914 2336 1026 2393 Nec
1062 2346 1368 2394 erraturum
1417 2344 1568 2404 puto,
1624 2336 1714 2404 qui
1776 2335 2057 2390 existima-

487 2433 560 2487 rit
597 2446 760 2488 voces
809 2431 1130 2502 ἐμφήναντα
1167 2428 1235 2482 τὰ
1273 2427 1558 2499 εἰρημένα,
1607 2428 1697 2482 hic
1724 2429 1777 2482 in
1837 2428 2054 2483 modum

485 2539 645 2580 ansas
700 2524 932 2579 absoluti
990 2523 1193 2593 positas
1243 2535 1413 2576 esse:
1463 2528 1579 2586 aut,
1620 2520 1666 2575 si
1717 2521 1909 2586 mavis,
1935 2534 2056 2575 mo-

487 2617 587 2671 dus
614 2615 921 2670 indefinitus
950 2614 1271 2685 ἐμφήναντα
1290 2613 1392 2668 ltoc
1415 2611 1555 2677 loco,
1590 2620 1647 2665 ut
1678 2610 1803 2666 alibi
1832 2612 2054 2682 passim,

487 2707 696 2777 positus
744 2714 821 2761 est
886 2722 985 2776 pro
1039 2706 1222 2772 ﬁnito,
1286 2705 1574 2777 ὲνέφηναν,
1630 2705 1709 2759 sic
1772 2714 1974 2771 tamen,
2001 2712 2060 2759 ut

488 2798 842 2854 subaudiatur
872 2815 976 2856 vox
1010 2799 1197 2871 ἐπειδή
1221 2839 1235 2861 ,
1286 2806 1377 2851 aut
1409 2797 1513 2851 alia
1555 2796 1768 2861 similis,
1803 2796 1945 2866 quod
1986 2796 2058 2850 ita

487 2892 629 2946 verti
683 2892 921 2962 poterit:
960 2910 979 2944 ι
1019 2892 1084 2947 Ει
1113 2892 1200 2946 hic
1254 2890 1418 2959 igitur
1472 2897 1759 2959 postquam
1805 2903 1890 2954 ea,
1939 2903 2059 2957 quae

492 2983 635 3036 dicta
668 2991 815 3047 sunt,
845 2982 1069 3037 multum
1100 2982 1454 3039 ostenderunt
1482 2981 1718 3035 lenitatis
1748 2988 1909 3050 atque
1950 2982 2060 3034 cle-

491 3075 730 3140 mentite,
762 3075 829 3130 iis
863 3075 954 3144 qui
983 3089 1042 3131 se
1069 3082 1421 3138 convertunt,
1452 3088 1642 3128 rursus
1672 3072 1741 3127 ab
1768 3072 1873 3128 alio
1910 3073 2060 3141 prin-

488 3167 632 3235 cipio
658 3166 994 3221 intentantur
1023 3165 1318 3221 amariora.
1357 3184 1377 3216 ›
1404 3165 1647 3231 Quantas
1672 3173 1851 3219 autem
1907 3173 2059 3218 tene-
2087 3138 2129 3195 δ

489 3256 617 3310 bras
650 3256 895 3310 mutilum
923 3256 1053 3311 illud
1084 3271 1147 3310 ac
1180 3256 1422 3325 ineptum
1456 3254 1668 3310 dicendi
1697 3269 1865 3324 genus
1890 3253 2063 3310 oll‘un—

491 3347 582 3399 dat
608 3347 790 3413 rebus,
816 3348 906 3402 vix
936 3348 1041 3403 dici
1076 3357 1273 3418 potest.
1304 3346 1554 3402 Profecto
1579 3347 1626 3403 si
1652 3348 1883 3415 scriptor
1906 3362 2061 3402 suum

490 3441 940 3494 commentarium
1002 3440 1227 3511 intelligi
1289 3441 1557 3511 cupiebat,
1624 3454 1747 3495 eum
1803 3440 2065 3495 debuerat

490 3529 761 3600 aliquibus
814 3532 1038 3589 scholiis
1073 3533 1371 3589 illustrare.
1401 3534 1564 3590 Certe
1590 3534 1635 3589 si
1666 3546 1775 3588 non
1824 3531 2062 3597 aliunde,

491 3629 549 3674 at
576 3622 710 3677 satis
743 3631 922 3677 tamen
951 3622 1111 3692 hujus
1154 3625 1536 3680 commentarii
1556 3625 1835 3679 voOeta.ex
1870 3638 1935 3679 eo
1968 3638 2063 3694 pa-

491 3720 649 3779 teret,
684 3713 827 3784 quod
884 3715 1122 3783 scriptor
1165 3731 1272 3771 non
1316 3714 1560 3771 absolvat
1610 3715 1938 3780 orationem,
1968 3715 2064 3769 sed

491 3805 697 3860 incerte
724 3815 779 3861 et
804 3807 1080 3863 indefinite
1103 3808 1377 3877 loquatur.
1411 3806 1547 3861 Nam
1577 3816 1637 3862 ut
1684 3808 1817 3862 nihil
1859 3816 1944 3862 est
1984 3806 2066 3861 fa-

491 3898 757 3955 miliarius
783 3900 911 3955 huic
941 3900 1171 3964 auctori,
1206 3900 1280 3955 ita
1309 3899 1443 3956 nihil
1471 3908 1556 3956 est
1588 3900 1768 3957 minus
1802 3901 2064 3957 usitatum

492 3995 631 4061 apud
655 3991 913 4048 Basilium
941 3992 1213 4064 Magnum.

562 4085 651 4140 56.
686 4084 957 4156 Quidquid
989 4086 1233 4141 vitiosum
1259 4098 1345 4140 cst
1372 4084 1430 4140 in
1455 4083 1603 4140 hisee
1629 4086 2062 4152 commentariis,

490 4192 651 4233 omne
676 4179 730 4233 id
763 4178 1026 4233 adnotare
1046 4192 1320 4248 nunquam
1344 4178 1476 4232 mihi
1504 4178 1781 4247 proposui.
1812 4178 2065 4249 Alioquin

491 4270 635 4324 enim
665 4277 811 4323 totus
833 4268 946 4323 fere
971 4268 1100 4323 mihi
1149 4268 1543 4324 exscribendus
1573 4266 1765 4324 fuisset
1786 4283 2065 4324 commen-

494 4362 681 4416 tarius.
708 4359 813 4415 Sed
835 4369 1015 4415 tamen
1039 4358 1142 4412 alia
1175 4358 1384 4429 aliquot
1408 4358 1526 4415 loca
1552 4358 1825 4429 subjicere
1851 4359 2065 4415 libitum

492 4460 599 4519 est,
630 4466 748 4521 quae
789 4461 896 4505 tam
952 4449 1182 4505 obscura
1212 4458 1365 4514 sunt,
1413 4459 1631 4519 tamque
1662 4451 1880 4517 vitiosa,
1908 4458 1967 4504 ut
1996 4464 2062 4505 ex

493 4544 560 4598 iis
583 4542 727 4597 nulla
750 4541 974 4597 omnino
1002 4542 1190 4597 idonea
1232 4541 1499 4596 sententia
1541 4542 1764 4597 extundi
1798 4556 1958 4612 posse
1995 4543 2068 4598 vi-

493 4636 706 4691 deatur.
747 4633 877 4689 Tale
899 4641 1006 4699 cst,
1038 4632 1181 4703 quod
1203 4632 1334 4687 dicit
1367 4633 1635 4702 interpres
1671 4633 1724 4687 in
1755 4633 1849 4688 illa
1883 4632 2067 4705 (num.

494 4727 621 4797 16):
655 4725 785 4782 Ηωε
814 4726 941 4780 dicit
989 4723 1290 4779 Dominus;
1327 4722 1432 4779 Pro
1454 4741 1512 4780 eo
1537 4725 1676 4794 quod
1698 4725 1912 4781 elevatae
1950 4737 2071 4781 sunt

493 4829 622 4895 ﬁlia:
649 4826 776 4883 Sion
801 4828 869 4893 9³,
907 4836 1015 4884 etc.
1042 4826 1333 4896 Postquam
1366 4830 1511 4883 enim
1536 4830 1832 4886 insectatus
1854 4840 1934 4887 est
1957 4846 2070 4895 eos.

495 4920 588 4989 qui
621 4918 856 4988 reliquos
909 4928 1286 4986 contemnunt,
1334 4920 1532 4975 desinit
1566 4921 1650 4976 bis
1702 4922 1918 4976 verbis:
1962 4922 2070 4986 Οὓς

500 5012 648 5085 μένει
678 5014 738 5067 τὸ
769 5012 1060 5084 ἀπειληθὲν
1091 5012 1293 5083 πτῶμα
1342 5014 1404 5066 τὸ
1432 5013 1518 5066 διὰ
1545 5014 1643 5084 τῆς
1670 5015 2066 5080 ταπεινώσεως,

498 5104 558 5160 τδ
601 5105 708 5158 ἀπὸ
748 5088 842 5157 τοῦ
874 5102 1061 5173 ῠψους.
1100 5104 1210 5156 Καὶ
1261 5103 1490 5172 Κύριος,
1524 5116 1631 5160 etc.
1666 5104 1847 5159 Nihilo
1879 5107 2072 5159 melius

499 5197 642 5266 quod
671 5197 865 5267 legitur
896 5210 1049 5253 num.
1103 5197 1168 5249 8r?
1200 5195 1267 5247 ".
1305 5194 1398 5250 Sic
1428 5205 1607 5251 autem
1639 5198 1859 5252 scribit:
1896 5197 1963 5250 Τί
2008 5198 2074 5252 ἂν

500 5288 594 5342 ἐπὶ
623 5290 690 5359 τῇ
712 5288 901 5341 τούτου
924 5287 1022 5359 θέα
1052 5286 1244 5341 παθεῖν
1287 5289 1378 5341 τὸν
1401 5287 1615 5359 πτωχὸν
1640 5290 1714 5359 ’δῆ
1725 5270 1821 5359 μον
1846 5292 2073 5357 ἐκεῖνον,

500 5379 599 5434 τον
620 5379 754 5443 τέως
774 5378 843 5433 τὰ
893 5378 1067 5451 μικρὰ
1092 5377 1438 5450 θαυμάζοντα
1496 5382 1623 5444 τοὺς
1668 5378 1876 5433 ἑαυτῶν
1910 5381 2077 5451 ὑπερ-

504 5476 739 5545 έχοντας.
771 5472 913 5528 Sane
928 5471 1087 5528 aliter
1110 5472 1323 5530 locutus
1354 5473 1819 5543 fuisset-scriptor,
1842 5473 1932 5545 qui
1960 5486 2075 5529 stu-

574 5680 620 5710 "
651 5676 753 5734 Isa.
781 5694 892 5740 xw.
920 5679 973 5734 6.
1050 5679 1099 5712 ⁸³
1131 5679 1231 5733 Isa.
1274 5694 1354 5746 ιιι,
1411 5678 1497 5731 16.
1573 5674 1747 5731 “Isa.
1796 5693 1852 5730 ιι.
1892 5673 1972 5733 ll.

507 5745 556 5781 "‘9
586 5748 713 5803 ibid.
792 5750 876 5803 Π.
957 5749 1103 5805 'Isa.
1143 5749 1336 5815 χ1,12.
1413 5752 1433 5779 ²
1466 5750 1567 5803 Isa.
1605 5766 1719 5809 xm,
1760 5748 1845 5801 ll.

2052 5679 2095 5711 εδδ
2119 5677 2219 5733 Isa.
2254 5693 2305 5744 ι’,
2338 5676 2420 5730 ιι.
2501 5676 2545 5709 σε
2579 5676 2708 5730 ibid.
2738 5675 2825 5728 εει.

2152 1889 2324 1954 τικῶς
2360 1888 2751 1962 πραττομένων
2792 1887 3091 1959 καθαίρων.
3142 1885 3386 1954 Scriptor
3442 1883 3604 1953 paulo
3631 1882 3733 1937 hu-

2154 1983 2366 2038 manior
2390 1982 2621 2037 dixisset
2654 1996 2669 2035 :
2710 1980 2822 2033 Kal.
2859 1980 2927 2034 τὰ
2965 1978 3355 2052 ἁμαρτητικῶς
3385 1976 3732 2049 πραττόμενα

2154 2073 2448 2145 καθαίρων.
2484 2092 2503 2125 ι
2531 2072 2631 2140 Qui
2659 2086 2839 2127 sermo
2866 2087 3086 2141 prorsus
3133 2070 3310 2125 abolet
3333 2084 3455 2139 qua:
3486 2068 3738 2123 commit-

2159 2175 2346 2221 tuntur
2372 2173 2568 2235 praeter
2597 2164 2833 2219 divinam
2861 2162 3058 2233 legem,
3098 2173 3259 2231 atque
3283 2168 3506 2232 peccata
3539 2173 3735 2229 expur-

2157 2267 2268 2326 gat.
2312 2278 2332 2309 ι
2386 2256 2642 2326 Ejusdem
2699 2254 2916 2326 generis
2976 2264 3057 2309 est
3087 2254 3248 2319 illud,
3294 2267 3401 2322 quo
3429 2251 3737 2319 explicatur

2158 2348 2477 2419 (num.217)
2508 2346 2808 2403 versiculus
2836 2346 3076 2401 decimus
3094 2357 3149 2399 et
3176 2354 3400 2398 octavus
3422 2343 3684 2410 capit.vn;
3716 2359 3728 2395 :

2165 2461 2185 2495 ι
2210 2442 2349 2497 Ecce
2365 2456 2463 2512 ego
2488 2450 2542 2496 et
2558 2439 2708 2509 pueri
2735 2453 2871 2508 quos
2888 2437 3017 2491 mihi
3046 2437 3191 2492 dedit
3210 2436 3368 2500 Deus,
3396 2453 3415 2486 ι
3448 2432 3601 2490 Ἰδοὺ
3620 2428 3735 2487 οὖν

2159 2530 2274 2601 ἐγὼ
2302 2529 2495 2585 καὶτὰ
2524 2528 2749 2593 παιδία,
2775 2527 3012 2581 δείκνυσι
3039 2527 3163 2590 τοὺς
3198 2526 3487 2588 ἐκλεκτοὺς
3514 2522 3729 2577 ἑαυτοῦ.

2162 2622 2329 2689 Διότι,
2364 2630 2472 2677 etc.
2500 2620 2675 2679 Scribi
2708 2621 2886 2687 potius
2929 2620 3234 2687 oportebat,
3258 2616 3347 2670 διὰ
3367 2615 3580 2680 τούτου,
3625 2625 3731 2670 etc.

2161 2714 2348 2783 Itaque
2370 2727 2467 2781 per
2494 2711 2642 2776 illud,
2666 2730 2684 2762 ι
2708 2710 2847 2765 Ecce
2873 2723 3101 2779 ego»...
3135 2707 3336 2763 electos
3367 2722 3493 2762 suos
3522 2706 3732 2777 signifi-

2161 2814 2269 2860 cat.
2310 2804 2603 2861 Consitnile
2655 2811 2775 2868 est,
2828 2802 2971 2872 quod
3042 2800 3239 2856 dicitur
3309 2800 3362 2853 in
3415 2799 3501 2853 illa
3558 2798 3730 2871 (num.

2159 2898 2287 2969 257)
2320 2915 2335 2952 :
2377 2896 2441 2949 Et
2472 2896 2569 2949 erit
2600 2911 2715 2948 cum
2746 2893 3179 2948 consummaverit
3217 2891 3470 2944 Dominus
3490 2890 3557 2960 ",
3588 2900 3732 2949 elc.:

2160 2988 2315 3043 Μετὰ
2339 2987 2399 3041 τὸ
2430 2987 2729 3058 προστάξαι
2768 2989 2879 3049 τοῖς
2908 2986 2965 3037 ὲν
3005 2983 3379 3057 Ἰερουσαλὴμ,
3421 2986 3645 3047 καὶτοῖς
3676 2984 3736 3039 ὲν

2162 3082 2447 3152 Σαμαρείᾳ
2497 3079 2817 3150 ὀλολυγμὸν,
2884 3079 2978 3132 καὶ
3028 3081 3095 3150 τῇ
3144 3079 3229 3131 ἐπ’
3282 3078 3462 3141 αὐτοῖς
3512 3078 3731 3148 ἀπειλῇ.

2162 3168 2308 3232 Οἷον.
2339 3172 2534 3241 Quaero
2562 3176 2688 3243 quid
2733 3173 2835 3229 sibi
2878 3173 3008 3229 velit
3033 3172 3181 3237 illud,
3215 3172 3308 3226 καὶ
3333 3174 3400 3243 τῇ
3426 3171 3511 3224 ἐπ’
3555 3173 3738 3233 αὐτοῖς

2162 3263 2383 3337 ἀπειλῇ.
2416 3265 2708 3335 Interpres,
2764 3264 2810 3319 si
2842 3264 2941 3319 sibi
2974 3275 3226 3319 constare
3270 3263 3448 3326 vellet,
3498 3262 3739 3317 scribere

2165 3357 2457 3424 debuerat,
2486 3358 2582 3412 καὶ
2616 3357 2755 3428 μετὰ
2786 3357 2885 3428 τὴν
2925 3358 3013 3410 ἐπ’
3047 3358 3231 3420 αὐτοῖς
3254 3357 3500 3428 ἀπειλήν.
3533 3376 3551 3407 ι
3592 3356 3739 3410 Post-

2164 3464 2327 3518 quam
2364 3450 2632 3518 sculptilia
2664 3465 2784 3518 qua:
2823 3459 2981 3504 erant
3018 3451 3071 3503 in
3118 3447 3421 3503 Jerusalem
3454 3459 3511 3504 et
3554 3449 3606 3502 in
3640 3448 3741 3502 Sa-

2164 3540 2362 3603 maria,
2411 3538 2619 3592 ululare
2658 3538 2810 3607 jussa
2856 3546 3002 3602 sunt,
3058 3538 3247 3607 eisque
3304 3538 3581 3592 intentata!
3614 3546 3741 3591 sunt

2167 3632 2347 3698 minae,
2378 3640 2483 3684 etc.
2520 3649 2538 3682 ι
2582 3630 2899 3698 Exemplum
2932 3630 3075 3686 aliud
3108 3631 3446 3701 proferemus
3472 3644 3535 3684 ex
3570 3631 3741 3683 inter-

2164 3723 2465 3790 pretatione
2489 3724 2779 3776 verborum
2811 3721 3021 3777 illorum
3081 3721 3255 3792 (num.
3301 3720 3471 3791 242):
3522 3717 3589 3772 Et
3641 3719 3738 3773 erit

2165 3813 2339 3867 lumen
2370 3811 2545 3866 Israel
2575 3814 2629 3867 in
2653 3814 2841 3883 ignem,
2866 3822 2914 3867 et
2946 3811 3297 3880 sanctiﬁcabit
3329 3812 3478 3865 illum
3499 3812 3565 3878 ⁸³,
3593 3820 3733 3867 etc.:

2164 3904 2468 3967 Φάσκοντες
2497 3904 2596 3976 τὴν
2634 3905 2731 3975 μὲν
2760 3904 2980 3958 ἀστείαν
3007 3903 3129 3959 τινὰ
3182 3897 3343 3967 εἶναι,
3388 3902 3483 3955 καὶ
3520 3901 3613 3955 ἐπὶ
3647 3900 3739 3954 τὸν

2168 3997 2451 4050 σπουδαῖον
2479 3997 2696 4050 πίπτειν
2741 3997 2920 4068 γέρως
2966 3991 3129 4050 οὖσαν
3166 3994 3408 4062 ἀξίωσινο
3437 3993 3500 4046 τὸ
3531 3992 3609 4047 δέ.
3636 3991 3739 4046 Sti-

2166 4090 2347 4160 Spicor
2372 4104 2479 4145 non
2506 4090 2813 4156 defuturos,
2862 4089 3060 4157 quibus
3092 4087 3326 4143 tenebras
3351 4087 3459 4141 sint
3486 4086 3603 4141 haec
3634 4085 3739 4139 tria

2165 4183 2326 4239 verba
2355 4222 2371 4249 ,
2399 4181 2580 4255 γέρως
2620 4176 2785 4235 οὖσαν
2824 4179 3070 4244 ἀξίωσιν.
3112 4177 3225 4234 Nec
3256 4171 3543 4232 dilucidius
3571 4177 3741 4247 expli-

2167 4286 2359 4329 cantur
2392 4274 2480 4329 illa
2516 4273 2689 4344 (num.
2720 4272 2846 4343 ειθ)
2881 4286 2897 4326 :
2933 4272 3000 4325 Et
3048 4270 3240 4326 levabit
3270 4271 3475 4340 signum
3515 4269 3570 4321 in
3614 4284 3739 4337 gen-

2166 4382 2241 4423 tes
2264 4371 2303 4423 ¹.
2334 4368 2410 4422 lta
2440 4382 2570 4439 ergo
2614 4368 2806 4423 scribit
2833 4367 3101 4435 interpres
3129 4379 3145 4418 :
3185 4362 3257 4415 Ἦ
3276 4362 3358 4415 ὅτι
3396 4360 3502 4431 πρὸ
3530 4358 3622 4412 τοῦ
3646 4358 3740 4425 ξυ-

2167 4462 2311 4516 λίνου
2344 4460 2580 4534 σταυροῦ
2605 4460 2789 4530 νοητός
2822 4476 2905 4521 τις
2943 4457 3021 4528 τῷ
3049 4458 3237 4526 κόσμῳ
3264 4454 3426 4508 παντὶ
3460 4450 3742 4504 συνεσταύ-

2176 4571 2367 4627 ρωται.
2393 4554 2474 4608 Ad
2501 4552 2721 4608 verbum
2752 4566 2767 4604 :
2809 4569 2827 4603 ι
2860 4550 2986 4605 Sive
3016 4549 3158 4620 quod
3204 4555 3328 4600 ante
3368 4544 3595 4613 ligneam
3626 4556 3743 4594 cru-

2172 4663 2289 4701 cem
2318 4644 2674 4716 intelligibilis
2696 4643 2940 4712 quasdam
2973 4654 3080 4695 una
3110 4653 3230 4694 cum
3262 4646 3376 4691 toto
3396 4631 3595 4688 mundo
3620 4647 3744 4687 cru-

2172 4740 2330 4792 cilixa
2371 4747 2476 4792 est.
2513 4757 2531 4790 ι
2579 4736 2718 4804 Quid
2745 4745 2851 4800 est,
2902 4746 3108 4803 quasso,
3141 4730 3319 4800 inepte
3346 4725 3511 4795 loqui,
3547 4725 3591 4779 si
3642 4724 3746 4777 hoc

2176 4846 2281 4885 non
2311 4830 2442 4885 est?
2472 4828 2585 4883 Hoc
2624 4838 2823 4889 autem,
2870 4826 2912 4881 si
2942 4823 3183 4879 divinare
3204 4820 3347 4883 licet,
3373 4818 3553 4875 dicere
3579 4815 3745 4868 voluit

2177 4926 2485 4992 interpres:
2522 4939 2540 4972 ι
2578 4921 2706 4976 Sive
2733 4919 2876 4989 quod
2912 4923 3038 4971 ante
3062 4915 3293 4984 ligneam
3328 4909 3474 4964 illam
3505 4920 3743 4972 crucem,

2177 5017 2356 5071 crucis
2382 5013 2660 5083 cujusdam
2686 5009 3044 5080 iutelligibilis
3066 5007 3243 5076 imago
3273 5018 3338 5059 ac
3363 5002 3532 5072 ﬁgura
3559 5000 3610 5053 in
3637 5006 3748 5051 tcto

2181 5105 2380 5161 mundo
2414 5106 2729 5160 haberetur.
2754 5101 3030 5155 i.Basiliiis
3059 5112 3167 5153 non
3191 5098 3265 5151 ita
3287 5094 3430 5163 loqui
3460 5093 3626 5147 solet:
3654 5089 3747 5143 sed

2179 5201 2252 5253 ita
2285 5198 2566 5252 enucleate
2595 5196 2746 5261 dicit,
2779 5203 2839 5247 ut
2869 5192 2999 5246 nihil
3034 5190 3143 5245 ullo
3171 5202 3307 5259 opus
3334 5186 3405 5242 sit
3431 5183 3639 5250 ()Edipo
3684 5180 3749 5234 ad

2178 5291 2603 5357 intelligendum.
2636 5287 2766 5341 Item
2794 5285 2923 5355 quid
2958 5284 3060 5338 sibi
3085 5281 3253 5336 velint
3280 5293 3400 5350 quas
3424 5276 3676 5331 dicuntur
3697 5270 3749 5324 in

2179 5384 2307 5437 illud
2341 5386 2514 5450 (num.
2541 5378 2667 5446 267)
2692 5396 2705 5432 :
2737 5377 2800 5431 Et
2820 5376 3033 5445 perdam
3061 5373 3313 5440 injuriam
3336 5368 3636 5435 iniquorum
3658 5402 3673 5423 ,
3701 5370 3750 5413 et

2181 5472 2556 5528 contumeliam
2579 5470 2920 5540 superborum
2944 5465 3234 5520 humiliabo
3262 5466 3305 5531 ’,
3321 5470 3628 5533 promptum
3646 5469 3752 5510 non

2904 5675 2945 5704 θ’
2973 5672 3078 5731 Isa.
3114 5688 3186 5739 vr,
3219 5673 3247 5723 7
3370 5669 3413 5699 ⁵⁸
3447 5665 3547 5721 Isa.
3580 5677 3631 5727 κ,
3666 5658 3752 5713 13-
