4094 6220
383 289 521 331 ὕϐκῖ

1753 268 2288 326 ΡιιοιΕςοιιΕΝΑ.

384 403 469 449 est
497 397 824 461 conjectare.
883 387 1009 442 Haec
1043 397 1221 442 autem
1274 395 1397 441 sunt
1436 407 1449 441 :
1518 388 1657 441 Ἀλλ’
1688 387 1798 442 ἀπὸ
1841 388 1958 451 ἑνὸς

2062 385 2287 442 recurrit
2346 384 2397 439 in
2460 381 2852 438 commentario
2881 419 2896 439 .
2961 385 3017 432 ut
3076 376 3381 433 satietatem
3441 389 3628 431 creare

386 484 778 556 ἁμαρτήματος
796 479 1118 543 διατατικῶς
1143 481 1228 546 ἐφ’
1251 478 1349 533 ὅλα
1384 478 1452 532 τὰ
1489 477 1602 550 εἴδη
1637 478 1738 549 τῆς
1762 479 1956 543 κακίας

387 575 667 643 ἐξακούειν
702 573 967 645 προσήκει
999 571 1101 640 τῆς
1156 569 1386 642 ὕϐρεως.
1428 571 1491 623 Οἱ
1517 571 1646 642 γάρ.
1679 580 1785 626 etc.
1827 570 1961 624 Rur-

390 684 502 736 sus,
525 668 570 723 si
609 665 954 735 interpretari
990 663 1148 727 velis,
1180 663 1249 718 ad
1299 662 1640 730 conjecturas
1679 661 1959 731 confugias

392 773 614 814 necesse
650 769 755 813 est.
811 755 923 811 Nec
958 754 1102 810 forte
1134 754 1275 809 male
1321 755 1685 825 augurabere,
1733 753 1779 806 si
1814 753 1960 807 dicas

391 848 542 912 illud,
571 848 632 900 τὸ
683 846 1008 918 ἁμάρτημα,
1053 843 1405 912 supplendum
1454 858 1576 898 esse
1598 852 1722 897 ante
1749 857 1956 907 vocem,

391 940 620 1010 ὕϐρεως,
648 951 707 993 ut
732 938 914 992 verbis
965 937 1049 992 his
1076 937 1163 991 hic
1189 935 1361 991 subsit
1389 950 1579 990 sensus
1613 953 1628 988 :
1668 954 1686 986 ι
1731 932 1835 989 Sed
1865 949 1960 1002 par

389 1041 474 1085 est
502 1030 840 1085 contumeliae
863 1038 1140 1098 peccatum
1166 1028 1240 1082 ita
1271 1027 1634 1096 interpretari,
1670 1035 1730 1081 ut
1756 1026 1826 1082 ab
1854 1041 1961 1081 uno

390 1133 612 1191 peccato
634 1123 702 1177 ad
727 1122 909 1177 omnia
938 1120 1193 1190 nequitiae
1218 1134 1413 1188 genera
1442 1119 1767 1174 extendatur
1789 1118 1959 1187 signi-

392 1211 594 1267 ﬁcatio.
629 1230 649 1264 ι
683 1211 788 1266 Sed
819 1225 1002 1280 quaero
1051 1225 1118 1264 an
1161 1210 1386 1274 homini,
1423 1224 1531 1264 non
1578 1208 1700 1263 dico
1749 1205 1959 1273 Graeco,

391 1304 486 1357 sed
523 1304 778 1367 barbaro,
814 1302 887 1355 ita
920 1300 1065 1369 loqui
1100 1299 1303 1354 liceat?

460 1394 551 1448 57.
582 1394 791 1447 Addam
819 1401 873 1447 et
898 1392 1024 1457 alia,
1050 1407 1168 1461 quae
1195 1389 1635 1461 peregrinitatem
1668 1387 1743 1442 ita
1774 1395 1961 1457 aperte

389 1479 554 1542 olent,
592 1494 654 1532 ea
706 1489 759 1531 ut
796 1493 984 1539 nemo,
1038 1478 1137 1533 nisi
1174 1476 1517 1547 praejudieata
1552 1475 1734 1545 Opinio
1762 1475 1959 1540 obstet,

392 1566 664 1620 Basiliana
695 1566 912 1621 dixerit.
944 1567 1011 1620 Et
1036 1567 1291 1637 quoniam
1314 1566 1382 1620 de
1404 1567 1591 1620 ordine
1616 1566 1669 1618 in
1696 1564 1958 1635 ejusmodi

392 1659 552 1714 rebus
605 1672 710 1711 non
765 1659 990 1713 multum
1045 1658 1400 1714 laborandum
1447 1669 1564 1720 est;
1625 1666 1686 1712 ut
1727 1657 1962 1731 quidque

2060 487 2545 635 Ροὲεέξοῐδοειῳιοηι
2606 565 2672 618 de
2703 562 2883 618 verbis
2930 562 3106 631 deque
3156 574 3345 614 eorum
3381 568 3631 612 constru-

2061 659 2240 714 ctione
2268 656 2708 724 disceptavimus,
2755 654 3021 723 reliquum
3056 662 3140 708 est
3161 664 3220 707 ut
3256 654 3324 708 de
3344 654 3629 708 sententiis

2062 748 2191 817 ipsis
2221 748 2421 815 aliquid
2450 748 2714 801 dicamus.
2769 743 2907 798 Sunt
2951 751 3128 797 autem
3172 743 3467 807 nonnulla,
3510 758 3630 812 qua:

2060 842 2142 895 sic
2165 839 2400 894 fabulam
2447 838 2682 906 sapiunt,
2734 845 2794 890 ut
2822 850 2886 891 ea
2919 834 3063 889 Patri
3096 835 3414 905 gravissimo
3468 834 3627 889 tribui

2062 947 2167 989 non
2202 945 2359 999 posse
2404 930 2706 983 videantur.
2744 927 2957 997 Insigne
2983 936 3088 988 est,
3117 928 3257 996 quod
3288 935 3541 979 narratur
3565 926 3631 980 de

2061 1019 2422 1076 daemonibus.
2460 1020 2565 1075 Sed
2602 1020 2948 1087 interpretem
2973 1018 3145 1085 ipsum
3174 1016 3359 1070 audire
3388 1025 3627 1086 praestat,

2062 1116 2190 1173 illud
2224 1120 2395 1188 (num.
2442 1114 2537 1185 25)
2561 1133 2574 1169 :
2598 1113 2790 1169 Plenus
2821 1129 2937 1167 sum
2968 1112 3009 1179 ³,
3041 1111 3435 1180 explanantem.
3474 1128 3493 1160 ι
3514 1108 3628 1163 Da:-

2063 1224 2248 1265 mones
2275 1208 2493 1277 quidem
2533 1216 2721 1277 utpote
2746 1206 3114 1276 voluptatibus
3146 1202 3528 1272 aﬁ'ectibusque
3548 1203 3628 1256 in-

2061 1300 2365 1370 dulgentes,
2392 1315 2458 1353 ex
2494 1299 2731 1353 victimis
2759 1312 2865 1352 non
2924 1295 3057 1351 nihil
3085 1296 3303 1363 capiunt
3342 1293 3630 1364 voluptatis

2062 1406 2128 1446 ac
2151 1390 2518 1446 emolumenti.
2558 1389 2765 1458 Quippe
2804 1388 2929 1442 dum
2962 1386 3343 1449 incenduntur,
3412 1385 3630 1454 sanguis

2061 1498 2159 1553 per
2180 1482 2514 1538 adustionem
2563 1481 2899 1537 convertitur
2929 1480 2981 1533 in
3018 1493 3271 1547 vaporem
3297 1514 3315 1540 ,
3367 1477 3549 1546 sicque
3576 1478 3628 1530 in

2061 1575 2331 1648 ejusmodi
2392 1575 2632 1629 minutas
2687 1581 2872 1642 partes
2906 1571 3175 1627 resolutus
3209 1570 3262 1624 in
3285 1583 3469 1624 eorum
3501 1572 3630 1624 sub.

2063 1669 2314 1723 stantiam
2341 1667 2506 1723 subit.
2540 1684 2560 1718 ι
2585 1663 2641 1717 Id
2675 1663 2893 1733 quidem
2931 1661 3213 1716 ridiculum
3236 1669 3319 1716 est
3350 1674 3446 1729 per
3476 1672 3628 1724 sese;

392 1749 621 1813 primam
662 1749 713 1802 in
748 1756 981 1802 mentem
1013 1750 1242 1813 venerit,
1294 1749 1367 1803 ita
1418 1748 1649 1818 primum
1699 1762 1958 1817 propone-

2068 1761 2161 1817 sed
2190 1759 2344 1830 longe
2377 1758 2550 1827 magis
2590 1755 2816 1809 ridicula
2841 1764 2924 1809 est
2950 1753 3285 1821 comparatio
3311 1766 3395 1816 ea,
3429 1765 3536 1820 qua
3568 1751 3631 1804 ad

391 1854 535 1895 tuus.
581 1839 707 1894 Dico
736 1840 898 1909 igitur
922 1854 1084 1896 voces
1133 1839 1438 1895 desinentes
1475 1841 1528 1895 in
1558 1838 1699 1902 τέον,
1728 1855 1965 1910 σημειω-

390 1931 531 1997 τέον,
562 1931 802 2002 νοητέον,
834 1932 1151 2004 χωριστέον,
1187 1942 1241 1987 et
1272 1932 1374 1987 alia
1428 1932 1480 1987 id
1503 1947 1671 2002 genus
1699 1931 1961 2000 permulta

391 2024 591 2092 passim
641 2038 930 2079 occurrere
977 2024 1029 2077 in
1069 2023 1174 2079 hoc
1208 2022 1601 2079 commentario
1624 2063 1638 2085 ,
1675 2022 1729 2076 in
1763 2021 1965 2077 Basilio

391 2130 522 2170 vero
567 2116 723 2186 longe
767 2117 962 2172 rarius.
1014 2115 1244 2171 Basilius
1291 2116 1364 2170 ita
1411 2114 1588 2186 jungit
1640 2114 1963 2169 infinitivum

394 2207 780 2275 praepositioni,
815 2216 875 2260 ut
905 2220 968 2260 eo
1003 2206 1255 2275 loquendi
1314 2218 1511 2276 genere
1548 2217 1712 2273 parce
1733 2211 1917 2258 utatur
1946 2220 1961 2258 :

395 2307 448 2351 at
484 2297 690 2353 auctori
719 2306 904 2353 nostro
927 2298 1030 2353 bac
1065 2297 1275 2353 dicendi
1299 2295 1528 2351 formula
1558 2294 1695 2350 nihil
1732 2293 1963 2350 familia-

395 2390 528 2442 rius.
558 2387 723 2457 Cujus
781 2388 997 2458 generis
1039 2397 1126 2443 est
1172 2387 1344 2444 illud:
1390 2386 1543 2440 Ἐπεὶ
1588 2382 1681 2441 οὖν
1727 2386 1788 2438 ού
1836 2403 1965 2457 μετ-

392 2478 696 2550 εὕλήθησαν
726 2478 834 2533 ἀπὸ
860 2478 954 2533 τοῦ
984 2478 1157 2533 ἄδικοι
1191 2472 1351 2540 εἶναι,
1383 2479 1479 2532 καὶ
1507 2478 1694 2534 σκολιὰ
1721 2480 1865 2551 ἔχειν
1894 2478 1965 2532 τὰ

391 2570 693 2624 emacem.
729 2569 858 2625 Item
913 2571 1074 2627 illud:
1112 2570 1268 2642 Παρὰ
1319 2571 1401 2638 τὸ,
1455 2571 1550 2625 καὶ
1585 2571 1651 2624 ἐκ
1701 2571 1964 2642 στόματος

391 2659 484 2718 τοῦ
505 2660 638 2715 Θεοῦ
666 2660 918 2730 λέγεσθαι
956 2660 1397 2734 προεληλυθέναι.
1424 2659 1554 2717 Item
1583 2661 1713 2717 illud
1744 2678 1760 2717 :
1795 2661 1964 2735 Ὑπὲρ

391 2750 487 2805 τοῦ
511 2754 676 2805 πᾶσιν
715 2752 892 2806 αὐτῶν
920 2752 988 2806 τὰ
1023 2754 1288 2826 πρόσωπα
1307 2749 1444 2808 εἶναι
1481 2755 1787 2826 καταφανῆ.
1831 2754 1962 2810 Item

395 2844 524 2898 illud
555 2865 567 2898 :
595 2844 844 2898 Τοσαῦτα
874 2848 953 2911 εἰς
983 2845 1045 2899 τὸ
1095 2847 1423 2918 σαφέστερον
1453 2847 1776 2917 νοηθῆναι...
1823 2847 1965 2901 κατὰ

393 2934 521 2990 τὸ...
552 2939 629 3002 εἰς
650 2938 728 3005 τὸ,
748 2937 960 3009 ἡμέρας
985 2938 1081 3008 μὲν
1108 2936 1350 3001 σκιάζειν
1374 2939 1571 3001 αὐτοὺς
1592 2938 1688 3009 τὴν
1708 2937 1959 3009 νεφέλην.

395 3029 523 3083 Item
562 3030 687 3084 illud
726 3049 738 3083 :
770 3030 926 3084 Κατὰ
974 3030 1035 3082 τὸ
1066 3029 1566 3101 ἐμπεριειληφέναι.
1630 3029 1760 3084 Item
1794 3029 1955 3083 illud:

398 3113 543 3182 Ἔξω
583 3118 749 3189 ὲσμὲν
807 3119 901 3172 τοῦ
944 3119 1325 3183 ταλανίζεσθαι
1371 3121 1465 3172 ἐπὶ
1520 3123 1634 3184 τοῖς
1678 3119 1959 3183 τοιούτοις.

393 3209 524 3265 Item
554 3210 680 3265 illud
705 3229 717 3264 :
749 3211 846 3265 Διὰ
869 3211 974 3283 γὰρ
996 3210 1055 3264 τὸ
1071 3211 1356 3282 χαίροντας
1374 3213 1569 3277 αὐτοὺς
1595 3212 1689 3265 καὶ
1712 3211 1961 3284 ὑϐρίζονο

394 3318 494 3366 τας
520 3302 754 3374 τρέχειν.
778 3306 857 3358 Ad
881 3305 1022 3360 idem
1055 3319 1243 3375 genus,
1285 3320 1406 3359 cum
1434 3306 1501 3360 de
1533 3304 1800 3360 inﬁnitivo
1825 3320 1961 3375 quo-

339 3406 345 3414 ·
394 3406 497 3460 que
528 3404 743 3462 agatur,
774 3395 1005 3462 pertinet
1032 3395 1263 3465 quodam
1290 3396 1449 3450 modo
1479 3406 1534 3450 et
1560 3396 1690 3450 illud
1719 3416 1730 3450 :
1766 3395 1962 3449 Οὐκέτι

394 3483 549 3554 ήτοῢ
595 3485 1010 3553 ἐγκαταλείπειν
1064 3487 1156 3542 τὸν
1185 3487 1388 3558 Κύριον
1443 3487 1686 3558 ἁμαρτία
1737 3488 1956 3559 ἐνεργη-

395 3577 661 3649 θήσεται..
722 3579 845 3634 Haec
899 3580 1078 3643 retuli,
1140 3596 1244 3635 non
1289 3580 1433 3650 quod
1481 3590 1660 3650 putem
1695 3578 1983 3648 ejusmodi

393 3669 634 3738 exempla
664 3671 808 3725 nulla
850 3680 1067 3726 exstare
1092 3672 1235 3741 apud
1277 3674 1509 3742 optimos
1547 3687 1790 3741 quosque
1818 3671 1959 3727 scri-

392 3770 574 3829 ptores
604 3778 617 3813 :
653 3763 748 3819 sed
781 3763 923 3831 quod
957 3764 1150 3819 horum
1180 3778 1309 3820 usus
1333 3763 1667 3832 frequentior
1690 3752 1856 3818 multo
1887 3763 1961 3817 sit

390 3846 446 3900 in
480 3857 664 3902 nostro
695 3859 931 3913 auctore,
962 3866 1124 3921 quam
1165 3853 1218 3906 in
1253 3852 1472 3908 Basilio.
1517 3852 1586 3907 Et
1610 3853 1754 3922 quod
1785 3853 1958 3922 magis

391 3952 607 3992 movere
627 3940 805 4007 debet,
830 3956 933 3995 nou
970 3958 1137 4011 pauca
1169 3952 1298 3997 sunt
1334 3944 1405 3997 ita
1439 3957 1600 4007 nova,
1626 3944 1699 3997 ita
1724 3943 1956 4007 insolita,

390 4040 449 4082 nt
470 4030 666 4084 similia
708 4032 833 4085 alibi
865 4034 1108 4088 nancisci
1157 4034 1371 4090 difﬁcile
1396 4035 1490 4090 sit.
1517 4035 1705 4101 Qualia
1728 4036 1958 4092 fortasse

391 4120 477 4174 illa
517 4143 531 4175 ;
570 4120 733 4190 Παρὰ
765 4123 848 4187 τὸ,
877 4124 970 4176 καὶ
1008 4124 1073 4176 ἐκ
1103 4125 1368 4195 στόματος
1412 4125 1509 4179 τοῦ
1538 4124 1672 4179 Θεοῦ
1704 4125 1957 4195 λέγεσθαι

390 4212 852 4282 προεληλυθέναι·
892 4214 996 4279 ἔξω
1046 4215 1213 4286 ἐσμὲν
1268 4216 1361 4269 τοῦ
1394 4201 1791 4280 ταλανίζεσθαι·
1837 4221 1865 4271 ὁ
1902 4219 1959 4272 δὲ

386 4305 705 4376 ἐπιστήμων
763 4306 903 4361 κατὰ
955 4307 1017 4359 τὸ
1077 4308 1558 4380 ἐμπεριειληφέναι
1588 4310 1657 4364 τὰ
1690 4312 1958 4380 ἀναγκαῖα

2064 1851 2118 1905 id
2158 1849 2495 1917 probandum
2523 1847 2710 1901 utitur.
2742 1845 2870 1915 Ejus
2916 1845 3031 1900 haec
3055 1842 3213 1899 verba
3247 1855 3368 1898 sunt
3398 1861 3414 1898 :
3453 1861 3473 1895 ι
3500 1842 3631 1899 0m-

2064 1941 2196 1995 nino
2234 1940 2378 1994 enim
2430 1938 2525 1992 toti
2566 1935 2858 2006 vaporibus
2899 1934 3114 1989 aluntur
3138 1973 3154 2000 ,
3207 1948 3312 1988 non
3351 1932 3493 2002 quod
3537 1947 3633 1987 eos

2064 2030 2344 2091 modum,
2392 2036 2485 2082 aut
2508 2025 2756 2094 injiciant
2806 2025 2860 2079 in
2889 2034 3131 2078 ventrem
3154 2062 3169 2088 ,
3194 2023 3288 2079 sed
3317 2022 3541 2091 perinde
3575 2031 3634 2075 ut

2064 2121 2373 2176 animalium
2421 2119 2536 2190 pili,
2569 2132 2813 2188 ungues,
2862 2125 2919 2173 et
2962 2129 3297 2185 quaecunque
3343 2122 3471 2169 sunt
3511 2113 3632 2183 ejus

2065 2194 2317 2285 generis:
2348 2213 2413 2268 ad
2450 2226 2601 2267 suam
2626 2219 2793 2266 totam
2819 2208 3250 2266 constituendam
3278 2206 3630 2262 substantiam

2065 2308 2379 2362 alimentum
2437 2303 2738 2373 excipiunt.
2813 2300 3150 2369 Quapropter
3195 2298 3350 2352 avide
3398 2296 3632 2365 gaudent

2067 2399 2373 2464 nidoribus,
2403 2412 2466 2451 ac
2491 2396 2696 2451 fumum
2721 2410 2787 2450 ex
2813 2396 2971 2448 thure
2990 2391 3341 2462 prodeuntem
3377 2399 3630 2458 tanquam

2062 2488 2164 2542 sibi
2195 2488 2261 2541 ad
2283 2486 2594 2541 alimoniam
2614 2485 3076 2540 accommodatum
3101 2479 3410 2538 exsorbent.
3433 2478 3499 2533 Et
3520 2475 3631 2532 for-

2066 2580 2284 2636 tassein
2312 2578 2636 2633 animalibus
2677 2578 2819 2632 inest
2841 2576 3017 2646 aliqua
3059 2589 3183 2630 cum
3213 2569 3630 2628 daemonicorum

2065 2688 2352 2741 corporum
2415 2669 2837 2742 proprietatibus
2881 2665 3244 2721 necessitudo.
3314 2664 3488 2717 Porro
3537 2660 3629 2729 qui

2066 2765 2205 2818 votis
2252 2763 2555 2817 daemonum
2599 2759 2879 2828 explendis
2925 2757 3167 2822 student,
3209 2752 3301 2810 alii
3331 2752 3474 2807 aliud
3501 2748 3632 2832 ode-

2068 2867 2214 2919 runt,
2249 2863 2499 2922 tanquam
2528 2852 2608 2906 eis
2631 2852 2696 2905 ad
2732 2850 3043 2905 alimoniam
3083 2846 3567 2905 accommodatius.
3590 2854 3628 2898 τ

2067 2945 2277 3010 Graeca,
2308 2959 2374 2998 ne
2398 2944 2607 3013 longior
2630 2956 2824 3006 essem,
2862 2956 2968 2996 non
3024 2939 3279 3009 apposui;
3329 2937 3422 2993 sed
3446 2953 3474 2991 a
3502 2952 3634 3005 quo-

2068 3037 2199 3092 libet
2239 3037 2338 3106 legi
2388 3044 2704 3106 possunteo
2750 3047 2910 3104 quem
2953 3033 3064 3086 dixi
3103 3032 3242 3087 loco.
3285 3030 3444 3096 Quid,
3490 3029 3632 3097 quod

2069 3134 2258 3196 parum
2288 3125 2477 3180 habuit
2520 3124 2752 3192 scriptor
2806 3122 3062 3192 praeclara
3091 3120 3179 3175 illa
3231 3118 3398 3174 semel
3456 3117 3634 3172 effuti-

2067 3217 2251 3272 visse?
2286 3216 2448 3271 Dicas
2509 3230 2632 3270 eum
2687 3214 2790 3268 hoc
2819 3221 3128 3269 commento
3157 3226 3497 3282 summopere
3532 3210 3628 3264 de-

2066 3307 2320 3361 lectatum
2345 3320 2466 3360 esse
2487 3343 2502 3369 ,
2533 3312 2588 3358 et
2609 3304 2877 3368 timuisse,
2893 3317 2960 3357 ne
2984 3303 3029 3358 si
3056 3304 3223 3357 semel
3242 3310 3446 3381 tantum
3471 3299 3633 3354 dixis~

2065 3408 2166 3464 set,
2200 3400 2431 3453 lectores
2455 3395 2684 3466 fugeret.
2710 3394 2816 3451 Sed
2840 3411 3027 3450 rursus
3066 3394 3365 3449 audiendus
3385 3402 3487 3447 est.
3504 3390 3633 3461 Ejus

2065 3492 2227 3561 igitur
2257 3490 2373 3544 haec
2395 3500 2539 3556 sunt,
2585 3488 2672 3543 illa
2712 3489 2884 3559 (num.
2927 3486 3094 3560 256):
3129 3486 3364 3551 Ululate,
3416 3485 3632 3552 sculpti-

2063 3581 2158 3647 tia,
2183 3581 2235 3634 in
2265 3578 2564 3634 Jerusalem
2582 3578 2625 3642 ⁸,
2642 3589 2773 3643 etc.,
2792 3579 3239 3648 interpretantis:
3269 3597 3287 3628 ι
3307 3575 3627 3643 Quoniam,»

2064 3672 2257 3738 inquit,
2313 3670 2514 3740 «lignis
2568 3670 2637 3724 ab
2692 3669 2946 3724 humanis
2994 3667 3244 3722 manibus
3290 3666 3516 3721 formam
3565 3679 3630 3719 ac

2065 3763 2293 3831 ﬁguram
2337 3762 2749 3818 babentibus....
2781 3770 2876 3814 aut
2906 3760 3128 3829 reliquis
3164 3760 3339 3825 idolis,
3371 3774 3625 3828 quaecun-

2062 3869 2167 3923 que
2197 3854 2299 3908 alia
2338 3863 2466 3909 sunt
2494 3870 2560 3908 ex
2600 3854 2834 3922 pretiosa
2868 3853 2949 3906 vel
2980 3853 3078 3908 .vili
3118 3853 3339 3907 materia
3360 3852 3523 3916 facta,
3560 3861 3617 3906 et

2062 3960 2184 4014 quae
2207 3960 2236 3998 a
2263 3944 2513 4014 gentibus
2545 3945 2864 4009 adorantur,
2899 3943 3129 3997 latenter
3155 3942 3401 3998 assident
3451 3942 3629 4011 praesi-

2063 4037 2156 4092 des
2177 4035 2394 4105 quidam
2424 4037 2717 4099 daemones,
2740 4050 2805 4088 ex
2836 4034 3061 4103 impuris
3102 4034 3276 4089 sacris
3306 4033 3629 4103 voluptatem

2060 4128 2357 4196 capientes.
2414 4124 2880 4191 Quemadmodum
2918 4124 3058 4178 enim
3095 4125 3148 4178 in
3195 4124 3331 4179 locis
3380 4123 3629 4179 macello-

2061 4233 2203 4282 rum,
2237 4218 2325 4273 ubi
2353 4232 2518 4272 cruor
2549 4226 2603 4272 et
2633 4218 2852 4287 sanguis
2880 4219 2993 4288 jam
3023 4227 3311 4286 corruptus
3338 4217 3628 4281 invenitur,

2062 4323 2227 4364 canes
2278 4308 2521 4377 cupediis
2565 4309 2736 4363 dediti
2781 4320 3231 4365 commorantur:
3267 4310 3339 4365 ita
3360 4318 3414 4364 et
3435 4310 3630 4363 daemo-

387 4395 466 4459 el;
498 4396 875 4468 μακαριότητα
894 4396 1251 4470 θεωρήματα,
1281 4398 1421 4469 μετὰ
1450 4400 1574 4463 τοὺς
1607 4399 1707 4471 ἤδη
1724 4400 1957 4465 ἑκτικῶς

2062 4416 2159 4456 nes
2190 4400 2327 4472 gulae
2354 4402 2676 4468 servientes,
2719 4400 3045 4470 voluptatem
3085 4415 3153 4455 ex
3189 4402 3450 4471 sanguine
3469 4415 3533 4455 ac
3554 4402 3629 4455 ni-

386 4488 479 4541 καὶ
508 4487 719 4556 παγίως
746 4489 989 4559 συνέχειν
1043 4490 1100 4544 ὲν
1137 4488 1333 4560 έαυτῷ.
1376 4490 1528 4556 Quod
1559 4499 1738 4544 autem
1774 4493 1953 4547 notavi

384 4576 572 4635 ultimo
599 4577 736 4641 loco,
773 4580 953 4633 οὐκέτι
1010 4581 1044 4650 ἡ
1076 4580 1169 4633 τοῦ
1196 4579 1608 4650 ἐγκαταλείπειν
1633 4580 1724 4633 τὸν
1750 4580 1953 4653 Κύριον

382 4668 626 4740 ἁμαρτία
655 4669 1104 4743 ὲνεργηθήσεται,
1130 4673 1196 4728 de
1218 4686 1284 4728 eo
1311 4672 1762 4744 haheoIpolliceri.
1793 4673 1950 4728 talem

382 4759 633 4829 loquendi
685 4765 901 4816 modum
950 4764 1003 4817 in
1042 4764 1291 4834 genuinis
1324 4762 1507 4819 Basilii
1537 4765 1793 4834 operibus
1818 4779 1950 4818 nus-

381 4864 543 4917 quam
567 4852 813 4920 reperiri.
848 4853 992 4909 Leve
1026 4855 1292 4910 videbitur
1314 4856 1458 4925 quod
1491 4855 1716 4923 addam;
1754 4856 1952 4910 addere

382 4951 561 4996 tamen
579 4940 887 5012 libet,quod
911 4945 977 4998 ad
1004 4961 1116 4999 rem
1141 4946 1336 5001 faciat:
1358 4961 1569 5016 nempe,
1583 4961 1767 5001 vocem
1790 4963 1952 5000 κατα-

379 5030 564 5103 νόησις
605 5046 728 5087 raro
775 5036 1061 5089 admodum
1108 5036 1351 5092 adhiberi
1383 5052 1415 5091 a
1453 5036 1683 5104 Basilio,
1726 5053 1789 5093 ea
1823 5054 1950 5093 vero

380 5137 511 5177 voce
564 5123 909 5194 interpretem
962 5130 1041 5182 uti
1095 5144 1256 5198 quam
1307 5129 1763 5201 frequentissime.
1838 5131 1949 5186 [Ioc

381 5213 518 5265 idem
547 5214 660 5269 fere
713 5217 914 5270 dictum
945 5219 1188 5274 volumus
1214 5220 1280 5274 de
1303 5220 1415 5284 illo,
1458 5220 1782 5291 διορατικός.
1842 5221 1950 5276 Nec

378 5301 535 5357 aliter
565 5307 902 5360 sentiendum
929 5307 995 5362 de
1028 5323 1157 5362 voce
1199 5310 1540 5379 ἡγεμονικὸς.
1585 5310 1709 5364 Scio
1730 5308 1946 5378 quidem

378 5392 520 5448 hanc
546 5409 736 5450 vocem
768 5407 825 5451 ut
855 5414 883 5451 a
915 5398 1133 5461 Basilio,
1170 5400 1239 5453 ita
1274 5416 1302 5453 a
1330 5402 1667 5469 politioribus
1715 5401 1947 5468 scriptu-

378 5486 529 5541 ribus
557 5485 788 5543 libenter
823 5492 1070 5559 usurpari
1103 5507 1114 5542 :
1147 5493 1239 5546 sed
1280 5506 1341 5547 ea
1375 5509 1473 5549 vox
1510 5502 1616 5547 tam
1643 5492 1948 5563 frequenter

446 5673 654 5740 31511.1.
704 5676 783 5730 Il.
852 5677 869 5705 ⁸
901 5675 1002 5729 lsa.
1037 5689 1090 5741 ις,
1122 5677 1203 5729 t0.

2062 4494 2192 4549 dore
2225 4494 2617 4549 sacriﬁciorum
2648 4503 2954 4561 captantes,
2991 4493 3136 4546 circa
3165 4506 3288 4547 aras
3318 4501 3629 4559 statuasque

2058 4584 2162 4639 sibi
2189 4592 2541 4639 consecratas
2564 4582 2894 4637 volutantur.
2951 4581 3117 4637 Forte
3139 4583 3282 4638 enim
3316 4582 3630 4637 nutriuntur
3712 4648 3727 4663 l

2059 4676 2220 4731 etiam
2254 4690 2441 4730 eorum
2470 4688 2700 4743 corpora
2726 4712 2741 4737 ,
2791 4687 2912 4742 quae
2952 4673 3099 4728 aeria
3144 4682 3270 4728 sunt
3316 4682 3410 4726 aut
3440 4672 3626 4742 ignita,

2057 4777 2150 4823 aut
2196 4783 2281 4821 ex-
2307 4779 2535 4835 utroque
2588 4765 2856 4821 elemento
2906 4765 3295 4834 eomposita....
3354 4762 3490 4819 IIinc
3535 4763 3627 4831 qui

2061 4868 2348 4914 vescuntur
2383 4856 2696 4926 idolothytis
2721 4898 2737 4922 ,
2800 4856 3087 4926 partieipes
3144 4856 3396 4910 dicuntur
3429 4868 3626 4909 mensae

2057 4948 2467 5001 dzemoniurum.
2494 4945 2628 5000 Cum
2656 4948 2799 5000 enim
2820 4945 3036 5000 victima
3067 4944 3288 5000 oﬂ‘ertur
3311 4945 3473 5008 idolo,
3497 4960 3623 5012 por—

2058 5038 2132 5092 tio
2166 5037 2343 5101 aliqua
2367 5037 2532 5091 etiam
2562 5036 2823 5091 assidenti
2846 5036 3078 5091 daztnoni
3104 5034 3437 5090 destinatur:
3460 5050 3606 5102 quan

2057 5130 2342 5196 doqnidem
2391 5127 2715 5183 daemonium
2766 5136 2821 5181 et
2845 5141 2913 5180 ex
2956 5126 3220 5195 sanguine
3250 5125 3341 5193 qui
3366 5123 3532 5178 veluti
3570 5123 3625 5175 in

2056 5235 2236 5274 aerem
2267 5217 2458 5274 vc'rsus
2478 5228 2581 5282 est,
2631 5228 2778 5274 etex
2837 5218 2991 5287 adipe
3021 5215 3420 5286 suffumigante,
3476 5223 3626 5267 etes

2056 5313 2279 5382 reliquis
2298 5309 2628 5366 holocaustis
2650 5318 2854 5379 partem
2890 5312 3181 5379 quamdam
3211 5307 3312 5362 sibi
3338 5303 3619 5366 assumit»

2058 5411 2161 5455 cte.
2197 5401 2371 5469 chas
2403 5401 2566 5454 velim
2592 5399 2780 5455 Graaca
2812 5398 2868 5453 in
2899 5400 3016 5467 ipso
3053 5395 3466 5453 commentario.
3500 5393 3626 5448 Hazc

2057 5493 2271 5563 quidem
2341 5503 2611 5562 utcunque
2675 5491 2948 5548 toleranda
3006 5499 3185 5547 essent
3245 5489 3381 5560 apud
3413 5494 3624 5559 poetas,
