4094 6220
1468 327 1529 382 D.
1572 326 1720 385 IUL.
1762 330 2094 387 GARNERII
2130 334 2521 395 PR/EFATIO.

3478 364 3632 407 CCXXI

383 455 478 501 aut
506 444 649 515 apud
666 442 908 513 iocosum
940 443 1263 515 scriptorem
1297 444 1593 501 Lucianum
1629 466 1645 503 :
1678 459 1733 504 at
1770 452 1960 506 eadem
1990 459 2037 515 Α
2067 456 2239 525 ipsum
2275 457 2544 529 coarguit.
2589 456 2764 513 Filios
2802 461 2956 531 genui
2990 469 3042 516 et
3071 462 3300 518 exaltari
3325 463 3366 517 ⁸.
3397 464 3636 521 ϐοηθη-

385 543 439 592 in
466 537 684 591 Patrum
737 536 1059 607 gravissimo
1088 534 1287 591 Basilio
1319 539 1442 607 quis
1471 540 1608 593 ferat
1634 541 1658 594 ?
1690 540 1815 597 Scio
1834 543 1955 611 qui-

384 632 504 683 dem
525 628 770 684 calestia
798 630 1041 698 quaedam
1076 644 1305 699 corpora
1340 631 1545 700 angelis
1578 647 1609 687 a
1636 634 1952 702 quibusdam

384 721 637 776 Patrihus
691 718 899 775 Graecis
947 720 1156 775 tribui:
1206 722 1299 777 sed
1343 722 1541 786 nullus,
1590 726 1731 794 quod
1760 726 1952 794 sciam,

383 811 648 877 ejusmodi
688 824 861 880 nugas
904 826 1142 879 unquam
1198 812 1448 881 garrivit.
1499 814 1750 871 Arbitror
1772 826 1952 873 autem

383 903 639 959 Basilium
689 917 720 960 a
779 904 946 957 tantis
996 903 1367 959 deliramentis
1424 910 1661 965 maxime
1711 913 1951 968 omnium

384 996 754 1052 abhorruisse.
797 994 894 1050 Vir
933 1011 1179 1052 summus
1207 1013 1274 1053 ne
1322 1000 1523 1070 optima
1549 1001 1788 1072 quidem,
1831 1019 1953 1073 quae

384 1096 504 1142 erat
538 1087 657 1154 ejus
720 1087 984 1142 mirabilis
1012 1088 1170 1157 copia
1209 1089 1441 1155 dicendi,
1497 1103 1745 1162 repetere
1794 1095 1949 1150 solet.

385 1179 667 1246 Quomodo
693 1193 825 1249 ergo
848 1180 931 1232 sui
964 1190 1074 1233 tam
1127 1181 1402 1238 dissimilis
1425 1197 1546 1239 esse
1568 1185 1761 1254 potuit,
1787 1196 1844 1241 ut
1868 1200 1950 1242 se-

384 1268 489 1322 mel
517 1276 575 1323 et
595 1267 788 1322 iterum
810 1267 982 1322 aniles
1003 1266 1217 1325 fabulas
1246 1272 1597 1327 narraverit?
1627 1272 1755 1344 Legi
1785 1275 1950 1331 etiam

382 1366 640 1426 possunt,
693 1372 814 1426 qua:
857 1358 1113 1413 dicuntur
1141 1359 1501 1417 deCalvarim
1523 1362 1643 1419 loco
1665 1374 1826 1434 atque
1854 1380 1952 1431 no:

380 1451 552 1514 mine,
584 1464 691 1504 non
723 1450 910 1519 procul
942 1450 1011 1505 ab
1045 1450 1198 1506 initio
1229 1452 1427 1522 capitis
1463 1453 1656 1525 quinti.
1689 1456 1784 1512 llis
1804 1467 1951 1514 certe

380 1540 513 1595 nihil
540 1541 789 1609 lepidius,
815 1541 949 1596 nihil
976 1540 1227 1597 facetius.

447 1631 537 1687 59.
560 1630 713 1687 Hunc
739 1632 830 1701 qui
856 1632 908 1686 in
947 1631 1198 1686 manibus
1221 1628 1306 1687 est
1336 1637 1785 1691 commentarium
1815 1652 1939 1693 cum

379 1723 787 1793 interpretarer,
827 1739 859 1777 a
894 1723 1156 1794 plagiario
1205 1726 1512 1780 confectum
1545 1742 1667 1783 esse
1704 1730 1949 1799 suspica-

379 1814 509 1879 bar.
526 1813 736 1868 Etenim
771 1829 878 1868 non
910 1828 1034 1869 raro
1057 1817 1244 1870 eadem
1279 1816 1555 1885 prophetat
1581 1821 1699 1874 loca
1734 1795 1816 1876 bis
1860 1831 1954 1877 aut
1980 1795 2023 1850 Β

382 1915 466 1960 ter
496 1905 754 1976 explanat
798 1907 1065 1975 scriptor;
1115 1907 1187 1962 ob
1237 1907 1401 1976 idque
1448 1908 1582 1963 mihi
1624 1910 1680 1964 in
1714 1920 1948 1967 mentem

379 1998 631 2054 veniebat
656 2014 779 2055 eum
809 1999 912 2055 alia
933 2000 1147 2055 aliunde
1178 2001 1492 2071 sumpsisse.
1522 2001 1801 2076 Exempla,
1826 2021 1947 2062 cum

378 2091 536 2147 obvia
569 2092 700 2159 sint,
750 2092 940 2147 inutile
973 2092 1137 2147 fuerit
1176 2093 1357 2163 aliqua
1399 2095 1664 2165 proferre.
1706 2100 1952 2169 Augebat

379 2183 763 2253 suspicionem,
811 2183 959 2252 quod
991 2183 1305 2252 scriptionis
1343 2199 1514 2255 genus
1539 2187 1759 2242 Eusebii
1809 2189 1951 2259 stylo

379 2291 541 2343 quam
574 2276 820 2345 proxime
844 2276 1072 2331 accedit.
1104 2274 1313 2331 Norunt
1342 2278 1487 2332 enim
1523 2279 1615 2349 qui
1660 2281 1947 2336 Eusebium

381 2370 465 2423 vel
496 2370 845 2440 primoribus,
876 2378 937 2423 ut
966 2369 1189 2438 dicitur,
1218 2372 1385 2428 labris
1423 2373 1738 2442 attigerunt,
1786 2389 1947 2443 quam

378 2463 427 2515 ei
459 2463 724 2519 familiare
749 2463 825 2519 sit
848 2463 1154 2519 nominibus
1200 2468 1253 2520 in
1297 2482 1394 2532 κος
1443 2466 1810 2521 desinentibus
1835 2466 1947 2533 uti;

382 2557 435 2609 id
464 2557 632 2625 quod.
670 2566 729 2610 ut
748 2557 1077 2623 monuimus,
1108 2575 1214 2617 non
1239 2558 1480 2615 insolens
1500 2557 1629 2612 facit
1657 2558 1947 2628 interpres.

384 2650 556 2705 Voces
611 2649 813 2703 multas
851 2664 989 2720 quas
1024 2650 1314 2705 inusitatas
1361 2649 1500 2719 apud
1532 2648 1788 2704 Basilium
1829 2664 1950 2705 esse

380 2752 433 2796 et
475 2757 644 2797 novas
694 2744 973 2812 putabam,
1004 2742 1057 2798 in
1094 2743 1329 2799 Eusebio
1361 2743 1541 2814 legere
1573 2743 1948 2797 memineram.

383 2831 507 2898 Ejus
539 2833 754 2903 generis
791 2842 919 2888 sunt.
948 2847 1126 2899 voces,
1162 2832 1510 2904 ἀσεϐήματα,
1558 2831 1700 2886 κατά
1750 2847 1949 2904 συναρ-

381 2924 579 2997 παγὴν,
613 2923 978 2997 δεκάπληγος,
1004 2933 1111 2980 etc.
1144 2923 1256 2980 lmo
1295 2940 1403 2979 non
1441 2925 1607 2979 verba
1637 2923 1828 2988 solum,
1856 2924 1949 2977 sed

381 3016 676 3072 sententias
711 3017 875 3071 etiam
930 3017 1075 3086 ipsas
1126 3016 1193 3070 ab
1248 3015 1478 3071 Eusebio
1532 3016 1765 3069 mutuari
1818 3015 1947 3070 mihi

382 3108 682 3163 videbatur.
710 3109 798 3175 Et,
825 3118 880 3162 ut
914 3108 1084 3174 multa
1107 3107 1374 3173 omittam,
1407 3106 1640 3177 scriptor
1669 3107 1745 3161 ita
1780 3106 1948 3162 inter-

382 3209 625 3267 pretatur
653 3200 742 3255 illa
777 3201 949 3269 (num.
987 3197 1116 3268 275)
1151 3217 1165 3253 :
1196 3196 1264 3250 Et
1280 3198 1379 3252 erit
1402 3196 1636 3266 Babylon
1664 3212 1780 3267 qua:
1804 3212 1956 3250 uoca-

382 3292 688 3362 turinclyta
712 3292 735 3324 '
773 3301 908 3356 etc.,
931 3300 993 3351 ut
1015 3291 1233 3346 dubium
1268 3304 1376 3343 non
1413 3290 1669 3345 haberem
1698 3289 1828 3358 quin
1854 3301 1954 3342 no-

384 3384 592 3437 minum
626 3383 982 3454 quorumdam
1012 3381 1484 3451 interpretationes
1522 3380 1838 3449 sumpsisset
1888 3377 1956 3433 ab

384 3475 635 3531 Eusebio.
669 3476 805 3543 Quid
831 3475 1020 3547 plura?
1068 3472 1527 3529 Commentarium
1569 3486 1715 3537 eum,
1741 3470 1831 3541 qui
1861 3485 1957 3525 no-

386 3569 532 3623 mine
584 3568 768 3625 Basilii
802 3565 1206 3632 circumfertur,
1243 3563 1504 3619 attentius
1530 3578 1652 3618 cum
1698 3562 1955 3632 legerem,

386 3663 743 3729 eumdemque
789 3675 910 3714 cum
961 3658 1182 3714 Eusebii
1226 3655 1622 3711 commentario
1671 3654 1957 3725 diligenter

385 3762 777 3817 compararem,
829 3748 973 3803 illius
1018 3756 1293 3802 auctorem
1333 3752 1718 3813 purumputum
1749 3744 1957 3815 plagia-

388 3842 528 3895 rium
558 3854 683 3897 esse
727 3841 985 3911 comperi.
1022 3837 1155 3909 Ejus
1183 3839 1262 3894 rei
1289 3851 1434 3893 nunc
1463 3835 1745 3903 subjiciam
1772 3850 1957 3890 exem-

386 3932 471 4001 pla
505 3932 694 3997 multa,
746 3947 813 3985 ex
841 3931 1041 4001 quibus
1075 3930 1352 3985 constabit
1396 3928 1772 3999 imperfectum
1808 3925 1954 3979 illum

387 4024 439 4076 in
495 4021 687 4077 Isaiam
741 4021 1191 4076 commentarium
1224 4036 1328 4075 non
1389 4033 1587 4090 magno
1635 4016 1712 4072 illi
1756 4015 1957 4071 Basilio

384 4111 702 4166 Caesariensi
743 4112 1023 4181 episcopo,
1064 4109 1161 4165 sed
1188 4110 1343 4165 alteri
1372 4110 1546 4164 cuivis
1570 4107 1821 4177 scriptori
1859 4105 1957 4180 tri-

387 4202 658 4256 buendum
687 4216 829 4257 esse.
855 4201 1137 4257 Neminem
1170 4202 1315 4257 enim
1357 4210 1487 4271 puto
1518 4199 1789 4255 hominem
1821 4198 1953 4264 fore,

387 4295 478 4361 qui
513 4304 619 4349 tam
670 4295 886 4363 iniquus
916 4294 989 4349 sit
1020 4308 1200 4349 rerum
1242 4294 1558 4359 aestimator,
1588 4300 1650 4346 ut
1697 4291 1954 4347 Basilium

389 4387 636 4456 Magnum
687 4388 830 4442 inter
860 4388 1101 4457 insignes
1140 4385 1428 4455 plagiarios
1480 4397 1764 4439 recensere
1802 4383 1949 4439 velit.

2064 548 2228 603 tionis
2256 549 2375 603 dua:
2398 551 2606 618 species
2633 560 2778 613 sunt,
2817 568 3044 622 quarum
3078 555 3181 608 alia
3207 565 3290 609 est
3323 555 3412 610 illa
3436 571 3634 613 secun-

2056 639 2184 694 dum
2209 638 2377 694 Deum
2416 641 2612 708 forma,
2644 658 2764 712 qua:
2787 659 2853 699 ex
2883 646 3138 715 operibus
3163 655 3216 701 et
3246 662 3312 701 ex
3343 650 3633 704 mandato-

2057 745 2177 785 rum
2210 734 2556 803 perceptione
2580 735 2863 804 periicitur
2892 754 2907 791 :
2932 752 3035 806 qua
3065 739 3276 795 ratione
3311 740 3504 795 Paulus
3545 742 3597 794 di
3624 772 3634 781 -

2056 822 2292 890 scipulos
2326 839 2453 879 suos
2484 839 2581 894 per
2612 824 2961 897 Evangelium
3002 827 3190 899 gignit.
3239 849 3259 882 ι
3309 829 3509 886 Eadem
3550 849 3635 885 re-
3676 826 3684 833 ’

2054 913 2235 981 peries
2265 928 2366 969 suo
2399 915 2519 971 loco
2548 916 2686 986 apud
2711 916 3199 986 pseudo—Basilina]
3229 921 3280 973 in
3300 924 3485 975 eadem
3511 936 3634 990 pro-

2053 1006 2230 1074 phetae
2249 1007 2409 1061 verba
2432 1009 2602 1076 (num.
2620 1007 2733 1077 15),
2752 1005 2921 1062 Filias
2938 1009 3092 1079 genui
3110 1018 3155 1062 et
3182 1013 3429 1065 exultavi.
3445 1011 3634 1068 Moneo

2055 1106 2256 1161 tamen,
2306 1099 2397 1153 ubi
2445 1098 2645 1169 legitur
2672 1099 2722 1179 in
2756 1098 3011 1163 Eusebio,
3046 1102 3352 1174 μαρτυρίαν
3400 1103 3630 1174 ἐλέγχει,

2054 1191 2160 1262 legi
2211 1192 2350 1263 apud
2384 1192 2896 1263 pseudo-Basilium,
2948 1194 3222 1266 ἁμαρτίαν
3247 1195 3480 1266 ἐλέγχει.
3524 1195 3630 1251 Sed

2053 1286 2302 1340 mendum
2321 1299 2442 1341 esse
2468 1285 2702 1341 arbitror
2733 1285 3098 1341 librariorum.
3131 1285 3246 1341 Non
3279 1289 3421 1342 enim
3450 1290 3633 1345 dubito

2051 1377 2180 1445 quin
2216 1376 2501 1446 legendum
2529 1375 2622 1441 sit,
2647 1377 2945 1448 ἁμαρτίαν,
2977 1385 3089 1430 tum
3117 1377 3260 1447 quod
3287 1393 3347 1432 ea
3375 1394 3475 1431 vox
3508 1393 3632 1433 sen-

2055 1466 2278 1520 tentiam
2307 1467 2478 1536 magis
2504 1468 2752 1522 idoneam
2779 1466 2994 1535 efﬁciat,
3015 1477 3126 1523 tum
3156 1471 3297 1539 quod
3316 1469 3631 1540 Procopius,

2049 1558 2139 1628 qui
2169 1568 2224 1613 et
2274 1560 2388 1627 ipse
2434 1574 2650 1630 quoque
2696 1544 2999 1614 Eusebiana
3049 1561 3248 1631 passim
3296 1562 3629 1632 compilavit,

2050 1652 2333 1720 scripserit
2366 1653 2553 1706 eodem
2597 1653 2778 1717 modo,
2807 1652 3085 1724 ἁμαρτίαν
3128 1652 3361 1724 ἐλέγχει.
3414 1651 3631 1708 Eusebii

2051 1741 2248 1797 iterum
2280 1742 2446 1797 verba
2480 1751 2625 1811 sunt,
2667 1743 2797 1798 illud
2827 1762 2843 1800 :
2878 1741 3074 1797 Eversa
3123 1761 3153 1795 a
3186 1743 3392 1812 populi:
3419 1743 3631 1805 alienis,

2055 1833 2187 1886 sicut
2215 1833 2605 1886 tabernaculum
2625 1834 2679 1887 in
2705 1833 2909 1899 vinea’,
2932 1844 3065 1900 etc.,
3083 1833 3517 1901 interpretantis:
3537 1832 3633 1897 Είς

2058 1923 2301 1998 φρουρὰν
2350 1924 2459 1978 τῶν
2487 1925 2544 1979 ἐν
2582 1928 2703 1989 ταῖς
2745 1926 3011 1996 ἀμπέλοις
3057 1925 3283 1996 καρπῶν
3333 1928 3387 1979 αἱ
3438 1927 3635 1998 σκηναὶ

2056 2017 2377 2088 πήγνυνται.
2411 2018 2576 2070 Ὅταν
2619 2017 2714 2087 μὲν
2740 2012 2832 2070 οῦν
2854 2017 3055 2088 εύθηνῇ
3090 2020 3203 2081 τοῖς
3240 2017 3459 2081 οἰκείοις
3496 2036 3631 2091 καρ-

2055 2111 2176 2173 ποῖς
2209 2111 2242 2180 ἠ
2297 2108 2574 2179 ἄμπελος,
2616 2108 3041 2180 σπουδάζεταιὴ
3083 2108 3275 2181 σκηνὴ,
3316 2108 3409 2162 καὶ
3455 2109 3635 2179 πάσης

2054 2199 2303 2266 ἀξιοῦται
2358 2199 2697 2271 ἐπιμελείας·
2751 2198 2892 2253 ὥστε
2923 2200 3017 2252 ἀπ’
3058 2200 3228 2269 αὐτῆς
3284 2199 3635 2253 κατοπτεύειν

2053 2293 2145 2346 τὸν
2179 2290 2416 2361 φύλακα,
2458 2291 2666 2362 μήποτε
2694 2290 2967 2361 τρυγῶσιν
2997 2291 3164 2362 αὐτὴν
3179 2291 3228 2343 oi
3268 2291 3639 2362 παραπορευό-

2058 2399 2205 2454 μενοι
2234 2382 2331 2455 τὴν
2356 2382 2494 2435 ὁδόν.
2522 2382 2689 2436 Ὅταν
2714 2381 2771 2435 δέ
2804 2382 3050 2453 ἄκαρπος
3074 2377 3130 2454 ᾖ,
3162 2380 3443 2451 ἀμελεῖται
3468 2381 3636 2450 ἀναγ-

2055 2475 2226 2538 καίως
2269 2472 2366 2544 τῆς
2397 2472 2644 2543 ἀμπέλου
2686 2472 2754 2525 τὰ
2801 2471 3165 2543 φυλακτήρια.
3207 2471 3305 2523 Διά
3342 2469 3501 2522 τοῦτο
3541 2468 3635 2522 τοῦ

2067 2563 2459 2636 Ἰσραηλιτικοῦ
2493 2562 2622 2617 λαοῦ
2668 2561 2765 2633 τὴν
2791 2561 3177 2631 ἐγκατάλειψιν
3202 2560 3436 2624 ἀπειλεῖ,
3467 2561 3541 2625 ὼς
3560 2561 3635 2632 μὴ

2055 2655 2529 2728 καρποφοροῦντος
2548 2653 2617 2707 τά
2638 2652 3015 2707 ἐπιϐάλλοντα.
3033 2652 3363 2724 Φοϐηθῶμεν
3386 2649 3477 2706 οὖν
3495 2648 3635 2705 εἶναι

2053 2748 2312 2817 ἄκαρποι,
2370 2744 2444 2816 μὴ
2487 2741 3005 2813 ἐγκαταλειφθῶμεν
3030 2743 3152 2795 ’ὑπὸ
3197 2743 3294 2813 τῆς
3331 2743 3501 2813 ὀργῆς
3540 2741 3634 2795 τοῦ

2053 2838 2207 2892 Θεοῦ.
2241 2838 2315 2890 Τὸ
2353 2837 2623 2907 φυλάσσον
2652 2837 2819 2907 ἡμᾶς,
2834 2835 2896 2888 τὸ
2928 2833 3150 2905 Πνεῦμα
3177 2834 3238 2887 τὸ
3269 2834 3425 2903 ἅγιόν
3466 2836 3630 2888 ἐστιν.

2058 2931 2226 2983 Ὅταν
2246 2930 2344 3000 μὲν
2357 2926 2450 2982 οὖν
2494 2930 2817 3001 καρποφορῇ
2848 2928 2882 2999 ἡ
2919 2926 3064 2998 ψυχὴ
3096 2923 3223 2994 ἄξια
3251 2926 3363 2980 τῶν
3402 2924 3636 2979 αἰωνίων

2054 3021 2367 3092 ἀποθηκῶν,
2404 3020 2711 3092 παραμένει
2763 3020 2860 3073 καὶ
2895 3020 3178 3089 φυλάσσει,
3215 3020 3311 3073 καὶ
3355 3018 3636 3091 πόρρωθεν
3694 3058 3697 3059 ν

2055 3113 2308 3183 ἀπείργει
2336 3112 2434 3175 τὰς
2473 3109 2566 3165 τοῦ
2604 3110 2785 3181 μονιοῦ
2822 3109 2915 3163 τοῦ
2947 3110 3144 3182 ἀγρίου
3172 3109 3482 3174 ἐπιϐουλάς·
3508 3110 3636 3163 ὅταν

2053 3204 2112 3257 δὲ
2142 3202 2419 3275 σταφυλὴν
2455 3202 2616 3273 χολῆς
2644 3204 2885 3273 γεωργῇ,
2916 3201 3012 3254 καὶ
3047 3201 3241 3273 βότρυν
3281 3200 3500 3272 πικρίας
3547 3203 3636 3254 ἐκ·

2055 3295 2217 3368 φέρῃ,
2242 3292 2709 3365 ἐγκαταλιμπάνει
2740 3293 2839 3365 τὴν
2880 3293 3130 3364 ἄκαρπον
3159 3292 3358 3363 ψυχήν
3396 3292 3491 3346 καὶ
3512 3291 3635 3345 τότε

2054 3387 2160 3440 ὑπὸ
2200 3385 2401 3449 παντὸς
2448 3384 2708 3456 λογισμοῦ
2750 3383 3048 3456 θηριώδους
3083 3384 3175 3438 καὶ
3224 3385 3404 3454 πάσης
3442 3383 3637 3453 ἀλόγου

2054 3476 2350 3546 ἐπιθυμίας
2384 3478 2789 3529 καταπεσεῖται.
2816 3474 3090 3545 Πολλαχοῦ
3121 3478 3214 3527 καὶ
3230 3474 3503 3546 τροπικῶς
3534 3475 3641 3546 ἁμ-

2055 3567 2273 3621 πελῶνα
2309 3567 2400 3621 τὸν
2441 3565 2657 3638 Ἰσραὴλ
2706 3567 2735 3618 ό
2769 3566 2927 3636 λόγος
2975 3567 3390 3637 προσαγορεύει·
3435 3566 3509 3630 ὡς
3554 3567 3633 3619 τό’

2058 3660 2357 3728 Ἄμπελον
2395 3656 2466 3721 ἐξ
2494 3659 2793 3727 Αἰγύπτου
2833 3657 3117 3726 μετήραςθ
3155 3659 3269 3720 καὶ,
3330 3657 3640 3727 Ἀμπελὼν

2054 3749 2308 3820 ἐγενήθη
2336 3747 2416 3814 τῷ
2454 3748 2835 3819 ἠγαπημένον
2863 3749 2979 3813 καὶ,
3055 3749 3202 3818 Ἐγὼ
3240 3747 3307 3801 δὲ
3334 3747 3639 3817 ἐφύτευσὰ

2055 3858 2129 3894 σε
2152 3839 2427 3909 ἄμπελον
2457 3840 2860 3909 καρποφόρον,
2893 3839 3100 3894 πᾶσαν
3135 3839 3452 3907 ἀληθινήν.
3491 3840 3554 3892 Ei
3581 3840 3639 3892 δὲ

2052 3934 2083 3986 ό
2130 3931 2348 4002 Ἰσραὴλ
2382 3929 2663 4002 ἀμπελὼν,
2720 3929 2893 4001 σκηνὴ
2930 3930 3030 4000 τῆς
3070 3930 3316 4000 ἀμπέλου
3364 3929 3567 4000 ταύτης
3610 3933 3640 3983 ὁ

2055 4019 2204 4088 οίκος
2233 4023 2372 4092 τάχα
2391 4025 2421 4076 ό
2441 4021 2550 4075 τοῦ*
2570 4021 2723 4075 ναοῦ.
2743 4020 3033 4090 Σκήνωμα
3059 4022 3166 4092 γὰρ
3198 4022 3382 4090 δόξης
3403 4022 3637 4090 ἐλέγετο,

2060 4113 2158 4166 καὶ
2209 4111 2535 4181 σκήνωμα,’
2565 4108 2636 4167 οὗ
2678 4111 3147 4180 κατεσκήνωσεν
3180 4113 3251 4167 ἐν
3286 4112 3637 4181 ἁνθιώποις.

2058 4206 2207 4269 Ἕως
2249 4205 2351 4276 μὲν
2376 4202 2470 4258 οὖν
2502 4206 2590 4258 ὅτε
2621 4204 3025 4273 ἐποίεικαρπὺν
3060 4204 3248 4270 πολὺν,
3280 4204 3375 4257 καὶ
3400 4206 3434 4275 η
3469 4205 3641 4277 σκηνὴ

2056 4297 2147 4351 διὰ
2168 4298 2268 4368 τὴν
2292 4296 2402 4350 τῶν
2439 4296 2670 4367 καρπῶν
2700 4296 2945 4367 φυλακὴν
2978 4300 3341 4367 συνειστήκει·
3367 4298 3488 4350 ἐπεὶ
3530 4296 3585 4349 δὲ
3614 4300 3642 4349 ὁ

2061 4388 2337 4456 φυτεύσας
2358 4389 2528 4459 αὐτὴν
2550 4387 2731 4459 ἔμεινε
2768 4388 2862 4442 τοῦ
2897 4389 3120 4458 ποιῆσαι
3154 4390 3644 4461 σταφυλὴν,ὲποίη-

387 4476 699 4545 Exemplum
735 4478 969 4546 primum
1006 4491 1071 4530 ex
1103 4476 1220 4545 ipso
1256 4474 1544 4529 Eusebiani
1577 4474 1950 4527 commentarii

2056 4498 2116 4534 σε
2163 4483 2257 4535 καὶ
2300 4481 2565 4543 ἀκάνθας,
2602 4477 2691 4544 αἷς
2723 4481 2816 4533 τὸν
2864 4480 3072 4552 Κύριον
3106 4482 3508 4549 ἐστεφάνωσαν,
3549 4483 3643 4534 καὶ

383 4566 538 4621 initio
570 4572 767 4635 petam:
807 4566 901 4621 Sic
929 4567 1096 4635 igitur
1126 4565 1365 4634 loquitur
1402 4562 1665 4618 Eusebius
1700 4579 1716 4616 :
1754 4561 1952 4615 Σύνθε-

380 4676 472 4722 τος
503 4659 535 4711 ὁ
555 4656 843 4729 ἀνθρωπος
873 4658 938 4710 ἐκ
966 4656 1143 4726 ψυχῆς
1172 4656 1265 4709 καὶ
1304 4655 1572 4725 σώματος·
1601 4656 1636 4724 ἡ
1667 4655 1805 4727 σὰρξ
1850 4655 1958 4709 ἀπὸ

378 4751 479 4821 τῆς
501 4751 625 4820 γῆς,
655 4751 689 4820 ἡ
722 4748 869 4819 ψυχὴ
910 4748 1160 4819 οὐρανία.
1207 4748 1360 4801 Ἐπεὶ
1393 4741 1487 4800 οῦν
1513 4745 1650 4816 πρὸς
1673 4745 1958 4818 ἀμφότερα

380 4840 562 4894 αὐτῶν
585 4843 619 4911 ἡ
637 4840 928 4909 συγγένειά
952 4842 1121 4904 ἐστιν,
1158 4839 1252 4892 ἐπὶ
1275 4838 1385 4891 τῶν
1416 4838 1761 4891 οἰκειοτάτων
1793 4837 1957 4891 αὐτοῦ

379 4934 480 5004 τὴν
498 4932 802 5006 μαρτυρίαν
827 4932 1055 5002 ἐλέγχει.
1082 4930 1252 4997 Υίοὺς
1266 4928 1565 4999 ἐγέννησα
1591 4929 1690 4983 καὶ
1714 4930 1953 4997 ﬁgi-coda.

383 5025 690 5096 Γεννήσεως
720 5024 835 5097 εἴδη
853 5024 968 5088 δύο,
990 5028 1024 5095 ἡ
1062 5024 1160 5094 μὲν
1193 5025 1228 5094 ἡ
1261 5023 1404 5077 κατά
1425 5023 1559 5076 Θεὸν
1590 5023 1870 5093 μόρφωσις
1900 5018 1960 5086 ἐξ

382 5114 559 5185 ἔργων
616 5116 712 5168 καὶ
750 5099 1063 5187 παραδοχῆς
1110 5114 1397 5184 δογμάτων
1430 5113 1843 5184 ἐπιτελουμένη*
1884 5112 1961 5175 ὡς

382 5207 546 5277 γεννᾷ
588 5206 803 5271 Παῦλος
860 5207 928 5260 δι’
965 5205 1300 5274 Εὐαγγελίου
1355 5207 1481 5269 τοὺς
1556 5205 1801 5276 μαθητὰς
1857 5206 1956 5257 αύ-

381 5295 498 5347 τοῦ.
531 5314 551 5347 ι
585 5296 757 5351 liomo
782 5310 851 5350 ex
889 5296 1072 5350 anima
1108 5307 1162 5351 et
1192 5311 1424 5362 corpore
1452 5296 1780 5351 constitutus
1828 5307 1953 5351 est:

383 5399 511 5438 raro
558 5400 623 5438 ex
679 5395 846 5451 terra,
881 5387 1061 5440 anima
1101 5387 1340 5442 ccclesiis
1383 5385 1621 5441 exsistit.
1659 5387 1797 5453 Quia
1829 5402 1957 5443 vero

382 5486 755 5545 cuntutroque
775 5493 964 5531 eorum
997 5479 1377 5547 cognationem
1409 5477 1574 5532 habet
1599 5479 1782 5542 homo,
1806 5477 1953 5533 circa

381 5581 446 5620 ea
482 5582 601 5637 quae
645 5569 745 5637 ipsi
778 5569 1011 5624 maxime
1050 5569 1269 5639 propria
1311 5577 1459 5633 sunt,
1491 5569 1802 5625 testimonio
1856 5585 1950 5627 suo

452 5747 472 5780 ⁸
500 5748 599 5803 isa.
651 5765 771 5813 xm,
814 5748 893 5803 l9.
973 5751 991 5781 ⁶
1032 5750 1132 5806 lsa.
1172 5767 1209 5815 ι,
1244 5751 1297 5805 9..
1378 5753 1395 5783 ⁷
1436 5753 1565 5807 ibid.
1617 5752 1672 5807 8.

2058 4570 2302 4642 ἐστράφη
2357 4571 2507 4622 πᾶσα
2559 4570 2640 4632 είς
2671 4568 2917 4640 πικρίαν·
2962 4570 3183 4640 ἐποίησε
3226 4570 3336 4640 γὰρ
3370 4567 3642 4637 σταφυλὴν

2059 4663 2222 4735 χολῆς
2247 4663 2342 4715 καὶ
2377 4662 2573 4733 βότρυν
2595 4662 2843 4732 πικρίας.
2870 4662 2961 4714 Διὸ
2992 4661 3085 4713 καὶ
3102 4663 3181 4722 εἰς
3208 4661 3268 4713 τὸ
3299 4659 3493 4731 βρῶμα
3512 4660 3642 4711 ἔδω-

2057 4773 2161 4810 καν
2212 4755 2291 4827 τῷ
2344 4755 2534 4825 Κυρίῳ
2586 4754 2771 4824 χολήν.
2823 4753 2920 4807 Διά
2967 4751 3125 4806 τοῦτο
3180 4751 3573 4822 ἐγκατελείφθη
3606 4754 3641 4820 ἡ

2060 4844 2235 4915 σκηνὴ
2272 4843 2365 4897 τοῦ
2404 4843 2748 4914 ἀμπελῶνος.
2804 4842 2959 4897 Ἰδοὺ
3008 4843 3141 4912 γὰρ,
3193 4843 3378 4911 φησιν,
3408 4841 3643 4910 ἀφίεται

2058 4937 2202 5005 ὑμῖν
2229 4938 2262 4988 ὀ
2293 4931 2456 5000 οἶκος
2485 4935 2653 5003 ὑμῶν
2680 4936 2918 5004 ἕρημος.
2940 4933 3074 4986 Τότε
3097 4930 3389 5003 ἐπληρώθη
3423 4932 3455 5003 ἡ
3489 4933 3645 4985 ἀπει-

2059 5025 2125 5096 λὴ
2163 5024 2324 5095 αὕτη·
2351 5024 2819 5093 Ἐγκατελείφθη
2863 5024 2973 5091 γὰρ
3009 5022 3090 5087 ὠς
3119 5018 3321 5087 σκηνὴ
3354 5020 3424 5072 ἑν
3460 5020 3645 5088 ἀμπε-

2058 5116 2227 5173 λῶνι.
2255 5117 2345 5184 Ἐξ
2372 5117 2582 5171 ἐκείνου
2608 5117 2792 5170 λοιπὸν
2810 5116 2905 5169 καὶ
2933 5116 3051 5178 ταῖς
3072 5114 3323 5183 νεφέλαις
3346 5112 3645 5165 ἐνετείλατο

2058 5207 2153 5261 τοῦ
2185 5207 2260 5277 μὴ
2289 5206 2477 5277 βρέξαι
2512 5207 2605 5260 ἐπὶ
2630 5207 2721 5259 τὸν
2775 5204 3094 5277 ἀμπελῶνα.
3142 5204 3243 5256 Διὰ
3270 5202 3429 5255 τοῦτο
3456 5201 3643 5254 οὐκέτι

2060 5301 2335 5372 προφῆται
2374 5301 2503 5369 παρ’
2546 5299 2751 5362 αὐτοῖς,
2782 5295 2965 5349 οὐκέτι
3019 5294 3247 5367 οὐρανία
3283 5293 3465 5363 χάρις·
3508 5291 3645 5345 ἀλλὰ

2062 5392 2284 5462 γέγονεν
2335 5393 2415 5453 είς
2448 5390 2640 5462 χέρσον
2673 5393 2767 5444 καλ⁸
2810 5388 3206 5458 καταπάτημα,
3234 5386 3287 5438 οἵ
3314 5403 3372 5439 τε
3401 5382 3643 5456 φραγμίοὶ

2059 5481 2155 5535 τοῦ
2196 5481 2327 5535 ναοῦ
2359 5483 2569 5535 ἐκείνου
2603 5481 3010 5553 καθῃρέθησαν,
3045 5481 3073 5532 ὁ
3098 5475 3515 5550 ὑπερασπισμὺς
3537 5475 3644 5529 τῶν

2062 5574 2229 5642 ἁγίων
2260 5574 2562 5644 δυνάμεων,
2601 5574 2767 5628 κάντι
2805 5573 3143 5657 ἐργάσωνται
3167 5568 3307 5623 κατὰ
3346 5569 3433 5622 τὸν
3454 5567 3638 5639 νόμον,
