4094 6220
497 324 677 366 CGXXII

1859 310 2396 369 PROLEGOMENA.

496 432 578 496 εις
609 429 885 484 ἀπώλειάν
914 427 1048 484 ἐστι.
1089 427 1220 496 Quae
1247 430 1326 487 sic
1357 431 1551 486 Latine
1584 432 1816 488 reddidit
1838 434 1923 490 v-ir
1959 435 2070 488 ‘im-

2187 441 2404 487 tuamur
2439 448 2454 485 :
2497 449 2516 483 ι
2543 430 2740 486 deinde
2766 430 2909 500 quod
2953 427 3182 499 legimus
3215 426 3267 482 in
3295 426 3548 493 Eusebio,
3573 444 3746 484 κατα-

498 537 686 577 mensa
711 522 942 590 quadam
973 521 1233 576 doctrina:
1281 523 1439 592 copia
1475 524 1794 590 instructus,
1843 524 1934 594 qui
1959 541 2075 579 ma-

500 627 662 682 gnam
699 610 986 666 Eusebiani
1028 613 1405 667 commentarii
1445 623 1652 684 partem
1682 629 1750 670 ex
1781 615 1964 670 multis
1983 631 2076 671 ca-

501 701 642 756 tenis
670 701 951 756 collectam
989 701 1135 758 haud
1177 703 1251 758 ita
1296 704 1502 772 pridem
1550 706 1763 762 edidit:
1809 725 1830 758 ι
1861 706 1944 762 Ad
1977 723 2073 762 cu-

495 792 725 848 stodiam
777 793 1048 849 fructuum
1096 796 1150 850 in
1206 797 1383 853 vincis
1439 799 1780 855 nascentium
1837 799 2076 870 figuntur

500 885 749 942 tentoria.
773 886 908 941 Cum
939 902 1068 958 ergo
1097 888 1253 943 vinea
1307 890 1544 959 propriis
1591 890 1860 946 fructibus
1906 892 2074 962 probe

499 977 764 1032 instructa
807 987 912 1043 est,
953 981 1098 1035 omni
1129 996 1260 1036 cura
1293 991 1349 1037 et
1385 977 1748 1038 sollicitudine
1781 985 2072 1040 tentorium

498 1078 779 1134 servatur;
840 1072 914 1126 ita
961 1080 1019 1126 ut
1049 1081 1232 1129 custos
1277 1074 1564 1145 diligenter
1620 1077 1936 1145 prospiciat,
1981 1091 2070 1144 ne,

500 1161 590 1230 qui
625 1163 678 1214 in
712 1161 796 1216 via
831 1173 1180 1232 praztereunt,
1206 1166 1414 1222 fructus
1443 1166 1562 1238 ejus
1584 1167 1895 1238 decerpant.
1937 1168 2071 1224 Cum

498 1261 679 1306 autem
727 1255 884 1308 vinea
942 1256 1276 1313 infructuosa
1315 1267 1419 1326 est,
1455 1258 1587 1314 illud
1642 1275 1672 1314 a
1714 1261 1955 1326 custode,
2012 1268 2074 1316 ut

497 1352 920 1399 consentaneum
952 1355 1054 1412 est,
1100 1347 1410 1420 negligitur.
1459 1351 1824 1420 Quamobrem
1862 1353 2072 1408 Israeli-

500 1432 664 1486 ticum
693 1434 946 1504 populum
975 1437 1288 1494 derelictum
1326 1441 1391 1495 iri
1444 1441 1847 1508 interminatur,
1883 1452 2073 1513 utpote

497 1521 588 1591 qui
629 1533 1046 1581 consentaneum
1075 1527 1311 1584 fructum
1345 1545 1451 1585 non
1476 1533 2069 1589 emittat.-Timendum

499 1613 680 1684 itaque
713 1618 866 1672 nobis
897 1626 1000 1683 est,
1029 1633 1098 1673 ne
1129 1619 1450 1678 infructuosi
1480 1624 1673 1691 simus,
1705 1636 1767 1681 ut
1801 1641 1870 1682 ne
1900 1642 1967 1682 ex
1993 1629 2072 1682 ira

498 1701 594 1758 Dei
619 1705 954 1762 deseramur.
973 1707 1204 1778 Spiritus
1235 1723 1454 1768 sanctus
1477 1725 1561 1770 est
1587 1715 1676 1785 qui
1696 1731 1793 1772 nos
1815 1719 2066 1773 custodit.

2173 526 2448 588 πεσεῖται,
2490 541 2509 574 ι
2545 521 2778 588 decidet,
2829 539 2847 574 ι
2880 521 3021 590 apud
3066 517 3560 588 pseudo-Basilium
3589 535 3743 586 vero,

2172 616 2598 680 καταπατεῖται,
2635 633 2655 666 ι
2683 613 3051 670 conculcatur.
3092 629 3111 664 ι
3165 610 3273 666 Sed
3298 621 3354 666 et
3392 611 3506 665 haec
3532 625 3747 679 quoque

2172 708 2314 765 inter
2351 708 2694 764 librariorum
2717 714 2900 762 errata
2935 705 3267 760 numeranda
3293 718 3413 758 esse
3437 711 3585 773 puto.
3608 702 3743 758 Nam

2171 799 2217 854 si
2265 798 2338 854 ita
2383 796 2550 853 verba
2595 796 2813 852 Eusebii
2839 797 3137 851 secundum
3164 809 3353 850 eorum
3378 795 3485 849 vim
3507 795 3743 850 nativam

2171 890 2518 960 interpretari
2549 889 2705 953 velis,
2754 907 2773 940 ι
2806 896 2868 945 ιιι
2897 901 2964 943 ne
3008 888 3077 942 ab
3111 886 3194 940 ira
3225 885 3322 941 Dei
3351 885 3684 952 deseramur,
3717 904 3737 937 ι

2170 980 2226 1037 id
2255 980 2439 1036 nescio
2458 981 2727 1051 quomodo
2744 979 2883 1036 male
2909 989 3086 1034 sonat.
3111 978 3198 1046 Et,
3225 981 3369 1049 quod
3403 978 3618 1049 gravius
3635 987 3742 1044 est,

2169 1073 2384 1130 videtur
2407 1073 2674 1130 Eusebius
2701 1088 2808 1128 non
2842 1073 3002 1128 aliter
3024 1071 3267 1128 scribere
3288 1071 3740 1140 debuisse,quam

2170 1163 2498 1236 ἐπισκοπῆς,
2546 1172 2608 1219 ιιι
2659 1163 2921 1219 orationis
2976 1172 3161 1233 partes
3214 1163 3431 1233 possint
3494 1163 3637 1218 inter
3684 1178 3745 1220 se

2171 1255 2468 1311 cohaerere.
2520 1254 2741 1310 Dixerat
2786 1254 2930 1308 enim
2981 1253 3135 1324 prius
3209 1254 3416 1309 servari
3469 1251 3742 1308 fructuum

2173 1353 2417 1414 tempore
2453 1345 2744 1401 tentorium
2792 1345 2986 1410 vineae,
3024 1353 3262 1413 tuncque
3302 1346 3579 1400 custodem
3612 1360 3741 1415 pro-

2169 1438 2402 1508 spicere,
2454 1452 2544 1503 ne,
2581 1437 2673 1508 qui
2708 1437 2761 1490 in
2797 1435 2956 1490 vinea
2984 1445 3332 1506 praetereunt,
3379 1436 3592 1492 fructus
3624 1439 3742 1507 ejus

2170 1529 2510 1599 decerpant:
2561 1529 2763 1598 negligi
2815 1543 2949 1583 vero
2996 1529 3167 1583 vineae
3222 1528 3553 1584 munimenta
3617 1539 3741 1600 post

2169 1621 2535 1676 vendemiam.
2577 1621 2883 1676 Verisimile
2920 1621 3085 1691 igitur
3112 1621 3172 1674 fit
3200 1635 3346 1686 eum,
3385 1621 3430 1674 si
3462 1621 3560 1676 sibi
3609 1637 3741 1676 con-

2171 1720 2315 1768 stare
2329 1713 2519 1779 voluit,
2549 1715 2853 1782 scripsisse,
2871 1712 3281 1783 ἐπισκοπῆς,θο
3314 1713 3526 1767 scilicet
3539 1728 3696 1768 sensu
3721 1731 3736 1766 :

497 1798 631 1853 Cum
660 1800 824 1868 igitur
845 1801 1026 1856 anima
1071 1801 1277 1860 fructus
1306 1817 1638 1862 aeternorum
1681 1810 2064 1876 penuariorum
2097 1788 2143 1849 Β
2173 1805 2635 1872 Quemadmodum
2679 1807 2723 1861 si
2755 1805 2914 1860 vinea
2962 1804 3296 1860 infructuosa
3339 1814 3442 1872 est,
3479 1821 3586 1860 non
3611 1821 3733 1874 pro-

495 1892 687 1958 dignos
722 1893 950 1960 profert,
981 1902 1095 1949 tum
1129 1906 1414 1964 permanet
1442 1897 1531 1952 ille
1557 1909 1762 1967 custos,
1794 1910 1849 1956 et
1876 1901 2066 1972 singu-

493 1976 627 2031 laris
654 1977 752 2034 feri
790 1980 1012 2037 insidias
1057 1983 1242 2050 procul
1293 1985 1494 2052 abigit;
1533 2001 1656 2042 cum
1684 1999 1864 2045 autem
1903 2007 2061 2046 uvam

495 2067 639 2125 fellis
661 2081 716 2124 et
747 2071 965 2127 botrum
995 2074 1376 2131 amaritudinis
1400 2077 1632 2146 profert,
1677 2079 2066 2138 infructuoSam

495 2164 729 2218 animam
766 2165 854 2220 ille
897 2167 1142 2222 deserit:
1177 2178 1232 2224 et
1269 2178 1396 2224 tunc
1448 2171 1502 2225 in
1553 2173 1804 2241 quemvis
1845 2175 2066 2231 brutum

494 2252 814 2323 cogitatum,
863 2263 919 2309 et
951 2256 1004 2309 in
1050 2259 1296 2325 quamvis
1331 2259 1761 2318 irrationabilem
1805 2268 2067 2338 concupi-

500 2345 766 2401 scenliam
803 2347 1005 2404 decidit
1056 2351 1166 2406 illa.
1206 2350 1533 2424 Plerumque
1580 2370 1743 2427 porro
1790 2357 2066 2428 Scriptura

495 2433 750 2490 lsraelem
781 2438 994 2494 vineam
1045 2441 1252 2511 tropice
1287 2453 1596 2516 nuncupat;
1648 2457 1726 2514 ut,
1765 2447 1983 2505 Vineam
2005 2467 2070 2506 ea:

498 2525 730 2596 .Egypto
756 2532 1076 2587 transtulisti
1101 2534 1154 2598 ⁸;
1187 2543 1242 2590 et
1273 2554 1289 2593 :
1328 2535 1492 2593 Vinea
1519 2541 1662 2608 facta
1689 2552 1764 2596 est
1796 2544 1986 2598 dilecto
2009 2546 2068 2610 ';

497 2629 553 2674 et
585 2636 598 2672 :
627 2619 743 2689 Ego
770 2632 943 2678 autem
966 2625 1202 2696 plantavi
1227 2637 1276 2682 te
1311 2631 1516 2686 vineam
1538 2633 1886 2702 fructuosam,
1907 2646 2069 2690 totam

497 2727 669 2764 rerum
699 2713 766 2768 ιο.
801 2712 952 2780 Quod
988 2717 1031 2771 si
1060 2717 1227 2774 Israel
1258 2722 1413 2776 vinea
1443 2722 1626 2790 fuerit,
1659 2727 2067 2783 tabernaculum

492 2817 625 2858 sane
653 2802 770 2870 ejus
804 2805 994 2863 domus
1047 2811 1230 2880 templi
1273 2813 1381 2866 erit
1421 2831 1436 2867 :
1483 2831 1606 2870 nam
1651 2815 2070 2873 Taberuaculum

494 2891 680 2962 gloria:
722 2896 764 2927 “
795 2897 1026 2963 dicitur;
1060 2910 1117 2954 et
1152 2918 1166 2955 :
1218 2899 1654 2973 Tabernaculum,
1687 2909 1774 2961 ubi
1811 2909 2067 2966 habitavit

495 2985 550 3037 in
599 2986 892 3042 hominibus
944 2990 1010 3046 ¹³.
1067 2990 1250 3047 Donec
1305 2993 1488 3066 itaque
1548 2997 1775 3052 multum
1833 2999 2068 3056 fructum

492 3073 732 3178 protulit,
763 3076 1168 3134 tabernaculum
1193 3083 1258 3138 ad
1302 3082 1576 3140 fructuum
1605 3089 1906 3144 custodiam
1936 3092 2066 3148 sub-
2094 3127 2136 3184 ρ

495 3166 666 3232 stitit;
697 3169 822 3236 quia
856 3185 988 3226 vero
1027 3175 1118 3241 qui
1170 3175 1434 3244 plantavit
1457 3194 1600 3246 eam,
1632 3184 1971 3251 exspectavit
2007 3193 2068 3240 ut

492 3256 699 3314 faceret
729 3276 912 3326 uvam,
945 3263 1075 3318 fecit
1109 3277 1288 3321 autem
1320 3271 1529 3337 spinas,
1561 3274 1758 3342 quibus
1784 3275 2067 3331 Dominum

496 3357 916 3414 eoronaverunt,
969 3359 1077 3406 tota
1110 3367 1368 3410 conversa
1404 3369 1488 3414 est
1520 3360 1572 3414 in
1612 3364 2065 3420 amaritudinem:

494 3433 627 3490 fecit
652 3438 795 3492 enim
827 3455 982 3495 uvam
1016 3441 1160 3500 fellis
1209 3456 1262 3502 et
1306 3448 1522 3504 botrum
1566 3454 1943 3510 amaritudinis
1981 3455 2065 3510 “:

496 3525 727 3596 ideoque
750 3528 802 3583 in
837 3541 1018 3600 potum
1057 3533 1286 3592 Domino
1333 3537 1404 3592 fel
1437 3539 1733 3610 dederunt;
1766 3558 1827 3598 ea
1851 3559 1981 3601 sane
2003 3547 2070 3602 de

493 3635 660 3676 causa
715 3623 1122 3681 tabernaculum
1169 3629 1294 3684 vitae
1345 3632 1660 3690 derelictum
1712 3645 1798 3692 est
1853 3655 1867 3692 :
1921 3653 2068 3707 nam,

498 3711 651 3780 Ecce,
683 3715 875 3784 inquit,
896 3719 1219 3791 relinquetur
1233 3724 1372 3779 vobis
1394 3727 1579 3782 domus
1597 3739 1764 3783 vestra
1779 3731 1984 3786 deserta
2002 3731 2067 3788 “.

491 3802 647 3860 Tune
679 3822 804 3862 vere
833 3809 1048 3880 impleta
1091 3823 1176 3869 est
1210 3815 1300 3870 illa
1338 3821 1720 3888 comminatio;
1747 3825 1948 3879 etenim
1976 3827 2070 3882 de-

495 3897 682 3954 relicta
732 3899 828 3955 Est
854 3904 988 3957 sicut
1031 3907 1428 3964 tabernaculum
1463 3913 1517 3968 in
1562 3915 1712 3968 uinea
1757 3916 1822 3968 ¹⁵.
1863 3917 2073 3975 Exinde

495 4005 628 4045 vero
660 3995 892 4050 nubibus
931 3998 1208 4053 mandavit
1240 4016 1308 4056 ne
1341 4003 1592 4070 pluerent
1632 4021 1794 4076 super
1830 4008 2065 4066 vineam.

491 4077 700 4136 l-lcirco
731 4099 836 4138 non
867 4084 1006 4139 ultra
1042 4089 1317 4157 prophetae
1358 4108 1524 4160 penes
1579 4095 1701 4151 illos
1757 4108 1904 4163 sunt,
1962 4116 2069 4156 non

493 4171 736 4228 caelestis
761 4176 970 4243 gratia;
1012 4179 1106 4233 sed
1150 4195 1406 4238 conversa
1432 4194 1516 4239 est
1549 4187 1600 4240 in
1649 4189 1858 4243 aridam
1912 4199 1968 4245 et
2013 4192 2067 4246 in

497 4263 963 4322 conculcationem
987 4286 1002 4335 ;
1031 4284 1187 4339 sepes
1214 4275 1395 4344 templi
1430 4276 1576 4331 illius
1606 4277 1896 4334 destructas
1923 4292 2068 4348 sunt,

497 4371 598 4409 nec
647 4373 754 4412 non
805 4369 1118 4417 sanctarum
1150 4366 1408 4421 virtutum
1456 4371 1956 4440 propugnaculum:
2007 4389 2070 4432 ac

2168 1894 2330 1964 spicit
2357 1903 2560 1960 custos,
2590 1894 2686 1949 sed
2711 1910 2830 1949 eam
2856 1894 3036 1964 potius
3058 1895 3258 1950 deserit
3283 1911 3296 1947 :
3332 1896 3404 1948 ita
3434 1895 3734 1950 timendum

2168 1997 2270 2052 est,
2302 2001 2370 2041 ne
2412 2000 2531 2054 nos,
2562 1987 2608 2040 si
2657 1987 2978 2042 infructuosi
3025 1987 3214 2054 simus,
3260 1987 3593 2054 inspectione
3639 1988 3736 2043 Dei

2169 2077 2545 2134 déstituamur.
2580 2077 2888 2134 Lectionem
2933 2078 3160 2134 alteram
3197 2078 3408 2134 defendi
3445 2095 3550 2134 non
3578 2093 3740 2148 posse

2169 2169 2424 2223 arbitror.
2459 2167 2612 2234 Quod
2667 2178 2726 2221 ut
2769 2167 3124 2238 intelligatur,
3173 2169 3306 2223 satis
3356 2177 3442 2224 est
3490 2169 3534 2222 si
3573 2170 3738 2223 verba

2169 2255 2387 2312 Eusebii
2429 2258 2784 2323 ascribamus,
2812 2271 2933 2328 qua:
2965 2260 3080 2312 haec
3104 2269 3229 2313 sunt
3260 2278 3273 2312 :
3310 2261 3419 2313 Καὶ
3451 2259 3572 2312 τότε
3622 2259 3733 2313 ὑπὸ

2169 2346 2369 2410 παντὸς
2415 2346 2674 2417 λογισμοῦ
2708 2346 3006 2418 θηριώδους
3036 2347 3133 2403 καὶ
3173 2349 3354 2420 πάσης
3383 2348 3576 2417 ἀλόγου
3625 2349 3744 2401 ἐπι-

2170 2436 2370 2508 θυμίας
2421 2440 2832 2492 καταπεσεῖται.
2887 2438 3022 2493 Nam
3068 2438 3200 2493 illud
3250 2439 3501 2509 loquendi
3549 2455 3742 2510 genus,

2170 2531 2559 2582 καταπεσεῖται
2605 2529 2714 2582 ὑπὸ
2758 2527 3086 2600 λογισμοῦ,‹
3121 2530 3320 2584 incidet
3346 2531 3411 2588 ,in
3456 2532 3741 2600 cogitatio-

2171 2635 2314 2684 nem,
2355 2637 2375 2671 ι
2409 2620 2649 2686 ineptum
2683 2633 2804 2676 esse
2823 2629 2880 2674 et
2912 2621 3165 2675 vitiosum
3193 2619 3398 2688 vident,
3428 2630 3488 2675 ut
3522 2621 3738 2688 opinor,

2168 2725 2381 2766 omnes.
2439 2709 2618 2766 Scribi
2672 2711 3024 2780 oportuisset,
3077 2713 3472 2765 καταπεσεῖται
3521 2712 3602 2774 εἰς
3655 2711 3742 2764 λο-

2168 2804 2387 2874 γισμόν.
2421 2802 2644 2867 Contra,
2675 2818 2888 2869 vocem,
2910 2805 3324 2867 καταπατεῖται,
3355 2803 3480 2858 huic
3508 2803 3627 2858 loco
3647 2817 3746 2872 op-

2172 2896 2300 2950 time
2327 2895 2644 2961 convenire,
2684 2909 2867 2961 nemo,
2915 2895 2960 2950 si
2996 2896 3237 2950 animum
3271 2895 3582 2960 attenderit,
3609 2893 3746 2949 dili-

2171 2985 2392 3040 tebitur.
2437 2983 2644 3040 Cmtera
2693 3000 3104 3056 persequamur.
3157 2984 3310 3051 Quod
3359 2987 3603 3054 sequitur
3631 2985 3748 3040 fra-

2169 3086 2444 3145 gmentum
2499 3075 2666 3132 breve
2720 3075 2938 3145 quidem
2977 3085 3061 3131 est
3103 3093 3117 3130 :
3178 3075 3230 3130 id
3276 3083 3452 3130 tamen
3485 3075 3748 3130 adnotare

2171 3182 2278 3222 non
2314 3167 2540 3237 pigebit.
2575 3167 2840 3223 Eusebius
2878 3167 3008 3222 illud
3043 3183 3058 3220 :
3091 3165 3370 3236 Principes
3395 3168 3474 3221 tui
3507 3183 3609 3221 non
3650 3166 3746 3220 ob-

2169 3269 2453 3328 temperant
2485 3259 2552 3324 ",
2589 3259 2974 3328 interpretans,
3006 3259 3197 3325 :verbis
3236 3259 3345 3314 illis
3368 3259 3541 3314 utitur
3567 3275 3586 3314 :
3625 3258 3747 3330 Θεῷ

2167 3351 2503 3417 ἀπειθοῦσιν,
2554 3351 2895 3416 ἐκκλίνοντες
2934 3353 3029 3406 ἀπ’
3062 3349 3250 3417 αὐτοῦ,
3301 3352 3395 3405 καὶ
3423 3354 3536 3416 τοῖς
3566 3352 3747 3406 διατε-

2167 3442 2460 3513 ταγμένοις
2518 3443 2608 3496 ὑπ’
2637 3441 2802 3496 αὑτοῦ
2853 3441 2929 3514 μὴ
2967 3443 3317 3513 ἐμμένοντες,
3369 3461 3388 3494 ι
3431 3443 3539 3498 Deo
3591 3457 3750 3512 repu—

2169 3543 2357 3606 gnant,
2384 3535 2721 3592 declinantes
2749 3535 2817 3590 ab
2847 3549 2934 3603 eo,
2967 3545 3020 3590 et
3062 3535 3117 3590 in
3162 3537 3452 3605 praeceptis
3478 3537 3597 3604 ejus
3641 3550 3746 3589 non

2172 3635 2478 3682 manentes.
2508 3643 2526 3676 ι
2557 3624 2680 3679 Haec
2708 3625 2772 3678 ad
2798 3625 3024 3679 verbum
3040 3623 3221 3693 legere
3247 3631 3330 3678 est
3351 3621 3490 3692 apud
3513 3621 3748 3690 pseudo-

2171 3718 2432 3773 Basilium
2459 3719 2512 3772 in
2537 3717 2682 3772 hunc
2709 3718 2882 3787 ipsum
2905 3715 3057 3770 Isaiae
3088 3716 3262 3770 locum
3290 3718 3458 3782 (num.
3490 3712 3602 3784 49).
3637 3712 3748 3767 Eu-

2171 3809 2358 3866 sebius
2393 3811 2446 3865 in
2477 3807 2812 3879 explicandis
2841 3807 2947 3862 illis
2979 3825 2994 3862 :
3024 3805 3164 3873 Quid
3186 3823 3274 3860 vos
3313 3806 3512 3875 injuria
3547 3803 3750 3874 afﬁcitis

2170 3902 2420 3972 populum
2477 3917 2649 3954 meum
2680 3900 2745 3965 ¹⁸,
2785 3907 2914 3965 etc.,
2951 3899 3032 3954 sic
3091 3898 3329 3967 loquitur
3370 3913 3382 3948 :
3425 3897 3584 3960 Ἐθος
3634 3899 3750 3961 τοῖς

2171 3993 2416 4047 ἀδικοῦσι
2449 3994 2544 4047 καὶ
2562 3991 2978 4061 ἀποστεροῦσιν,
2995 3989 3212 4042 ἐπειδὰν
3237 3987 3570 4056 ὲγκαλῶνται
3598 3987 3749 4059 παρά

2169 4083 2279 4138 τῶν
2310 4083 2677 4153 ἠδικημένων,
2707 4081 2900 4152 ὕϐρεσι
2928 4080 3023 4135 καὶ
3045 4077 3333 4150 λοιδορίαις
3369 4077 3750 4147 καταισχύνειν

2171 4177 2388 4240 αὐτοὺς,
2409 4173 2831 4239 ὲξευτελίζοντες
2859 4172 2954 4225 καὶ
2977 4170 3188 4240 πληγὰς
3214 4169 3583 4232 ἀπειλοῦντες.
3610 4169 3749 4223 Τοῦ·

2174 4284 2235 4320 το
2269 4262 2363 4319 οὖν
2402 4282 2560 4336 φησι,
2594 4264 2692 4334 τὴν
2718 4265 2847 4333 ὑμῖν
2891 4263 3272 4333 προσήκουσαν
3305 4261 3369 4313 ὲκ
3409 4262 3508 4330 τῆς
3535 4259 3750 4322 ἀδικίας

2171 4356 2436 4427 αἰσχύνην
2469 4355 2694 4424 ταύτην,
2721 4355 2786 4411 ἐκ
2808 4354 2907 4423 τῆς
2938 4351 3249 4424 τυραννίδος
3275 4351 3427 4422 ὑμῶν
3463 4353 3573 4414 τοῖς
3605 4368 3752 4404 πτω-

494 4447 706 4503 etiamsi
738 4451 1014 4520 quidpiam
1039 4457 1336 4513 secundum
1365 4458 1537 4530 legem
1571 4471 1752 4532 agant,
1785 4463 1839 4518 id
1875 4464 1981 4520 illis
2015 4466 2068 4521 in

2173 4453 2288 4520 χοϊς
2315 4449 2699 4519 περιτρέπετε.
2741 4466 2760 4498 ι
2799 4446 2915 4502 Mos
2953 4455 3038 4500 est
3069 4446 3136 4500 iis
3181 4449 3274 4513 qui
3317 4445 3567 4515 injuriam
3613 4445 3748 4499 infe-

494 4540 789 4607 pcrniciem
837 4544 1022 4598 vertit.
1072 4563 1092 4596 ι
1155 4545 1358 4602 Eodem
1410 4549 1570 4617 plane
1622 4553 1783 4607 modo
1831 4552 2072 4624 loquitur

502 4633 969 4698 pseudo-Basilius
1025 4635 1201 4706 (num.
1233 4638 1326 4700 ευ)
1386 4641 1440 4693 in
1495 4641 1686 4698 iisdem
1734 4643 2072 4712 eXplicandis

492 4724 642 4780 Isaia:
667 4727 847 4782 verbis
879 4726 944 4782 ³⁸.
974 4727 1070 4782 Cui
1102 4738 1304 4795 autem,
1350 4747 1553 4801 quaeso,
1601 4739 1913 4804 persuaderi
1974 4755 2074 4792 un-

489 4832 648 4884 quam
701 4818 896 4885 poterit
938 4829 1215 4875 oratorum
1261 4823 1756 4895 eloquentissimum
1811 4829 2069 4884 Basilium

490 4905 576 4960 vel
608 4907 726 4977 ipso
751 4911 1125 4965 commentarii
1159 4912 1241 4966 sui
1268 4912 1423 4969 initio
1446 4913 1516 4968 ab
1536 4915 1766 4972 Eusebio
1797 4916 2070 4987 fragmen-

493 5007 606 5050 tum
633 5007 841 5054 tantum
861 5001 960 5056 sibi
992 5004 1649 5074 sumpsisse?Notandum
1673 5010 1892 5064 variare
1921 5025 2068 5065 com-

493 5092 790 5146 mentarios
841 5093 894 5146 in
951 5093 1182 5150 duobus.
1238 5095 1502 5162 Primum,
1558 5101 1701 5168 quod
1764 5100 1960 5169 legitur
2009 5101 2062 5154 in

491 5179 746 5248 Eusebio,
780 5185 874 5256 Μὴ
921 5187 1436 5261 ἐγκαταλειφθῶμεν
1473 5191 1578 5245 ὑπὸ
1615 5193 1713 5264 τῆς
1751 5192 1920 5264 ὀργῆς
1967 5192 2062 5246 τοῦ

490 5271 650 5340 Θεοῦ,
685 5276 751 5329 ad
785 5279 1032 5346 verbum,
1072 5297 1093 5331 ι
1127 5295 1194 5335 ne
1227 5281 1292 5335 ab
1327 5281 1409 5336 ira
1455 5282 1547 5337 Dei
1583 5282 1919 5347 deseramur,
1957 5301 1976 5335 ι
2008 5282 2060 5336 in

495 5362 600 5417 alio
631 5379 758 5420 vero
781 5366 1100 5438 interprete,
1132 5371 1224 5443 Μὴ
1253 5371 1774 5444 ὲγκαταλειφθῶμεν
1813 5372 1920 5426 ὑπὸ
1969 5371 2070 5442 τῆς

493 5451 803 5527 ἐπισκοπῆς
830 5458 926 5512 τοῦ
949 5460 1108 5528 Θεοῦ,
1145 5481 1165 5515 ι
1201 5473 1260 5517 ιιι
1293 5479 1360 5519 ne
1388 5465 1481 5520 Dei
1522 5463 1857 5534 inspectione
1906 5461 2072 5518 desti-

567 5657 587 5687 '
636 5655 774 5712 Psal.
807 5672 988 5717 Lxxtx.
1008 5659 1060 5714 9.
1139 5662 1160 5692 ’
1187 5660 1286 5716 lsa.
1324 5677 1377 5718 v.
1415 5663 1465 5716 Ι.

495 5725 543 5760 ³⁸
587 5726 698 5787 Luc
754 5741 874 5794 xm,
905 5726 991 5784 35.
1081 5730 1123 5762 ”
1151 5731 1254 5786 lsa.
1294 5731 1406 5798 1,8.
1489 5734 1527 5763 ”
1570 5734 1699 5790 ibid.

1562 5664 1605 5694 ¹⁰
1634 5661 1744 5717 Jer.
1784 5677 1840 5724 ιι,
1872 5657 1926 5714 2.
2005 5662 2041 5692 ¹¹
2086 5657 2228 5714 l’sal.
2257 5675 2384 5728 xxv,
2411 5659 2464 5714 8.

1781 5733 1822 5764 "
1850 5732 1976 5788 ibid.
2003 5729 2093 5789 25.

2178 4545 2326 4601 runt,
2374 4544 2428 4589 et
2477 4535 2775 4604 abripiunt,
2815 4543 2874 4588 ut
2921 4548 3044 4588 cum
3077 4549 3105 4585 a
3136 4533 3282 4588 laesis
3318 4532 3745 4603 expostulantur,

2177 4626 2524 4683 contumeliis
2573 4635 2631 4682 et
2667 4625 2932 4682 conviciis
2959 4625 3105 4693 ipsos
3139 4623 3498 4689 confundant,
3524 4623 3750 4693 vilipen-

2179 4722 2368 4777 dentes
2389 4737 2452 4776 ac
2475 4723 2663 4792 plagas
2685 4722 3100 4777 comminantes.
3138 4719 3252 4776 Hoc
3279 4721 3441 4790 igitur
3471 4721 3544 4776 ait
3571 4737 3585 4773 :
3610 4721 3751 4776 Con—

2180 4825 2465 4885 gruentem
2498 4815 2651 4870 vobis
2690 4829 2755 4868 ex
2787 4814 2931 4868 illata
2962 4812 3156 4881 injuria
3189 4814 3472 4883 pudorem,
3501 4813 3747 4884 tyranni-

2177 4921 2240 4962 ca
2273 4907 2324 4959 vi
2352 4914 2565 4960 utentes
2595 4906 2648 4958 in
2674 4919 2938 4975 pauperes
2961 4905 3298 4960 refunditis.»
3326 4904 3442 4967 Illa,
3468 4903 3626 4956 τοῦτο
3653 4899 3748 4957 οὖν

2177 5015 2333 5068 φησι,
2360 4997 2404 5050 si
2445 4996 2708 5064 excipias,
2756 5005 2951 5050 caetera
2983 4995 3050 5049 ad
3075 4994 3297 5051 verbum
3329 4994 3571 5048 invenies
3608 4991 3748 5063 apud

2172 5087 2674 5161 pseudo-Basilium
2741 5088 2913 5158 (num.
2969 5087 3118 5158 122),
3172 5085 3418 5141 eamdem
3472 5085 3749 5155 propheta:

2170 5181 2497 5238 sententiam
2548 5179 2955 5250 explanantem.
3017 5177 3291 5241 Invenies,
3339 5177 3583 5246 inquam,
3638 5189 3745 5229 non

2173 5272 2524 5328 continenter
2550 5269 2790 5339 quidem,
2808 5269 2903 5324 sed
2925 5269 3105 5324 verbis
3127 5267 3400 5324 nonnullis
3427 5265 3746 5334 interjectis.

2178 5362 2245 5416 Et
2279 5360 2536 5430 quoniam
2570 5359 2735 5414 statui
2769 5359 2903 5414 nihil
2935 5359 3216 5429 pmterire
3247 5372 3460 5422 eorum,
3507 5369 3630 5426 qua:
3657 5371 3746 5410 re-

2177 5453 2356 5524 perire
2385 5459 2595 5520 potero,
2621 5451 2872 5522 adjiciam
2916 5465 3086 5521 pauca
3116 5451 3302 5506 verba.
3336 5448 3554 5505 Eusebii
3588 5447 3749 5517 igitur

2547 5660 2590 5692 ¹²
2619 5658 2763 5716 Psal.
2790 5675 2996 5725 Lxxvu,
3042 5659 3130 5717 60.
3213 5659 3254 5691 "
3279 5659 3429 5714 Deut.
3460 5668 3634 5718 χχχιι,
3656 5649 3746 5706 59..

2173 5729 2215 5760 ³⁸
2236 5730 2336 5787 lsa.
2373 5747 2450 5796 ιιι,
2482 5729 2568 5786 15.
