4094 6220
1492 320 1555 376 D.
1594 320 1741 379 JUL.
1780 320 2108 377 CARNERII
2148 321 2533 378 PRIEFATIO.

3447 343 3646 385 CCXXIII

404 439 519 492 haec
537 445 681 499 sunt,
717 436 843 490 illud
875 451 888 486 :
935 433 1025 489 Vw
1065 436 1153 498 iis,
1183 436 1274 504 qui
1303 453 1457 492 mane
1492 448 1711 507 surgunt
1736 440 1803 505 ¹⁹,
1835 449 1966 506 etc.,

2086 439 2381 504 εὐξασθαι·
2421 439 2519 491 καὶ
2546 438 2617 491 οὐ
2650 439 2737 506 μὴ
2771 437 3062 493 δύνωνται
3101 437 3414 503 ἐξελέσθαι
3440 442 3646 503 αὑτὸν,

402 527 717 596 exponentis
739 545 752 579 :
782 525 893 597 Τῆς
913 525 1274 599 ἀποστολικῆς
1291 528 1489 594 λέξεως
1511 528 1609 600 τὴν
1631 530 1888 602 ἐξήγησιν
1910 531 1971 584 τὸ

405 619 576 689 παρὸν
612 618 770 670 τοῦτο
794 617 958 687 μέρος
978 617 1079 687 τῆς
1121 621 1453 692 προφητείας
1487 621 1751 692 περιέχει.
1779 640 1796 672 ι
1830 623 1972 691 Apo-

404 710 574 765 stolici
596 710 723 764 dicti
752 710 1182 779 explanationem
1216 726 1339 781 pars
1370 712 1485 767 haec
1507 713 1803 782 prophetia:
1835 728 1968 767 con-

405 801 559 854 tinet.
589 818 610 851 s
641 798 794 853 Haud
829 800 990 855 aliter
1022 800 1358 871 exprimitse
1397 801 1663 869 interpres
1694 801 1854 863 alter,
1879 800 1971 855 ubi

401 888 587 942 eadem
643 889 917 959 propheta:
959 892 1124 945 verba
1172 890 1561 959 interpretatur
1608 893 1778 962 (num.
1821 891 1968 963 154).

406 974 668 1029 Eusebius
711 977 957 1032 eumdem
1003 978 1159 1033 Isaiae
1192 978 1367 1035 locum
1413 980 1703 1049 explanare
1735 982 1815 1035 sic
1847 995 1971 1050 per-

404 1066 481 1131 git
539 1080 554 1117 :
609 1065 927 1134 Τουτέστιν,
996 1068 1046 1120 οἱ
1100 1068 1228 1138 ἄρτι
1291 1069 1393 1141 τὴν
1452 1070 1517 1123 ἐκ
1580 1071 1678 1142 τῆς
1720 1072 1971 1141 νεότητος

403 1156 586 1211 ἄνοιαν
626 1156 972 1227 ἀποθέμενοι,
1018 1160 1112 1212 καὶ
1168 1160 1289 1213 ἀντ)⁵
1336 1160 1495 1231 [adde
1553 1175 1617 1225 ex
1678 1176 1758 1230 ps.
1806 1162 1967 1216 Basil.

402 1246 496 1299 τοῦ
523 1246 632 1318 διὰ]
681 1248 779 1319 τῆς
820 1250 913 1303 τοῦ
946 1249 1104 1319 λόγου
1141 1251 1421 1323 δυνάμεως
1458 1252 1687 1316 εὐτόνως
1722 1270 1971 1306 καταπα·

404 1339 576 1392 λαίειν
605 1340 676 1394 τὰ
698 1340 866 1411 πάθη,
889 1343 1318 1413 ἀνατρεπόμενοι
1343 1345 1471 1415 παρ’
1499 1343 1698 1407 αὐτῶν,
1723 1346 1816 1399 καὶ
1859 1341 1970 1397 οἷόν

404 1448 523 1485 τινα
564 1432 734 1503 μέθην
789 1432 859 1485 τὰ
902 1434 1051 1504 πάθη
1083 1435 1532 1506 μεταδιώκοντες.
1574 1454 1593 1486 ι
1629 1436 1683 1490 Id
1724 1445 1826 1504 est,
1877 1436 1969 1505 qui

408 1522 642 1575 nondum
663 1522 964 1590 juventutis
984 1524 1348 1592 insipientiam
1375 1526 1760 1594 deposuerunt,
1785 1536 1838 1581 et
1854 1526 1968 1594 qui,

405 1626 529 1664 cum
580 1613 920 1670 turbulentos
954 1615 1123 1669 animi
1176 1625 1355 1671 motus
1408 1626 1629 1673 strenue
1661 1631 1970 1687 oppugnare

407 1703 686 1767 deberent,
727 1703 797 1757 ab
825 1704 892 1759 iis
913 1715 1102 1760 contra
1132 1706 1542 1773 subvertuntur,
1567 1717 1622 1760 et
1653 1722 1749 1763 ceu
1777 1721 1969 1775 quam-

2078 532 2215 599 τάχα
2269 529 2363 583 τὸν
2429 529 2522 582 ἐπὶ
2581 529 2726 581 τέλει
2784 529 3087 598 ἀφανισμὸν
3130 530 3308 599 πάσης
3368 529 3650 583 εἰδωλολα-

2076 620 2285 692 τρείας,
2336 622 2400 673 ἐκ
2431 619 2529 690 τῆς
2575 619 2670 671 τοῦ
2708 619 2880 688 Λόγου
2926 619 3265 688 ἐπιφανείας,
3316 620 3649 691 προφητεύει

2077 715 2106 767 ὁ
2153 713 2397 776 Ἡσαΐας·
2456 713 2540 766 ὅτι
2593 712 2811 783 μάταιοι
2865 712 3065 775 πάντες
3107 714 3155 763 οἱ
3221 713 3314 764 ἐπὶ
3365 714 3487 774 ταῖς
3538 727 3648 765 κα-

2076 809 2368 868 τασκευαῖς
2402 804 2509 857 τῶν
2571 803 2715 857 ναῶν
2745 802 2952 874 μόχθοι,
2999 804 3091 855 καὶ
3126 804 3420 873 ἀνωφελεῖς
3451 803 3508 855 ai
3569 805 3651 867 είς

2078 898 2146 952 τά
2168 896 2520 969 χειροποίητα
2574 896 2809 959 ἐλπίδες.
2858 894 3301 962 Προσεύξονται
3329 895 3458 965 γὰρ,
3493 893 3645 964 φησί’

2078 988 2177 1041 καὶ
2202 990 2273 1042 οὐ
2324 987 2411 1057 μὴ
2459 988 2751 1041 δύνωνται
2782 986 3093 1049 ἐξελέσθαι
3140 988 3345 1039 αὐτόν.
3397 984 3566 1039 Τοῦτο
3591 985 3651 1037 δὲ

2078 1079 2175 1133 νῦν
2216 1080 2311 1132 ἐπὶ
2334 1080 2435 1149 τῆς
2473 1077 2712 1150 Χριστοῦ
2747 1078 3041 1148 ἐπιδημίας
3089 1077 3464 1147 πεπλήρωται.
3505 1076 3650 1129 Ἀντί

2078 1172 2355 1227 σκοπέλων
2399 1172 2496 1242 μὲν
2545 1171 2652 1242 γὰρ
2704 1171 2997 1240 ἑστήκασιν
3048 1169 3098 1221 οἱ
3150 1169 3268 1222 ναοὶ
3314 1168 3646 1239 περιϐόητοι.

2079 1262 2352 1316 Οὐκέτιδέ
2395 1264 2452 1314 αἱ
2505 1262 2615 1314 ἀπὸ
2656 1260 2762 1314 τῶν
2803 1260 3071 1330 δαιμόνων
3115 1259 3340 1313 ἀπάται·
3382 1259 3651 1326 φυγαδευ-

2078 1355 2260 1426 θείσης
2284 1354 2385 1424 τῆς
2415 1354 2800 1424 ἀντικειμένης
2823 1353 3104 1422 δυνάμεως
3138 1351 3226 1404 διὰ
3253 1350 3316 1402 τὸ
3355 1351 3649 1420 μυστήριον

2076 1447 2169 1501 τοῦ
2217 1444 2452 1517 σταυροῦ
2502 1444 2597 1498 τοῦ
2660 1444 2803 1497 κατά
2840 1446 3019 1498 πᾶσαν
3061 1444 3158 1514 τὴν
3202 1440 3527 1512 οἰκουμένην
3558 1457 3652 1495 κε-

2078 1538 2446 1610 κηρυγμένου.
2483 1555 2501 1588 ι
2537 1537 2677 1603 Quid
2703 1551 2835 1607 ergo
2863 1536 2966 1592 sibi
3017 1534 3137 1588 vult.
3164 1533 3313 1599 illud,
3344 1533 3487 1603 quod
3519 1543 3652 1586 sane

2078 1637 2283 1685 temere
2318 1630 2519 1685 dictum
2565 1628 2835 1693 videatur,
2897 1625 3017 1679 Erit
3047 1635 3105 1678 ut
3141 1636 3188 1677 te
3211 1633 3545 1678 reuereamur
3568 1623 3653 1677 ἰτ

2077 1720 2222 1785 Ideo,
2250 1721 2447 1790 inquit,
2485 1721 2675 1776 ﬁrmas
2707 1721 2840 1775 mihi
2874 1720 3020 1773 intus
3056 1717 3417 1788 cogitationes
3452 1715 3652 1783 elargi-

407 1792 525 1845 dam
552 1790 891 1857 ebrietatem,
924 1794 1089 1847 animi
1122 1794 1339 1851 morbos
1376 1803 1675 1850 sectantur.
1710 1813 1729 1846 ι
1764 1794 1834 1848 Ει
1858 1795 1972 1849 haec

2086 1821 2162 1868 ius
2191 1827 2279 1880 es;
2316 1813 2391 1867 ita
2431 1822 2490 1866 ut
2517 1814 2608 1883 qui
2632 1827 2752 1869 sese
2776 1812 2843 1866 ad
2865 1820 2918 1866 te
2954 1810 3176 1865 minime
3198 1814 3547 1869 convertunt,
3571 1805 3651 1859 tui

407 1898 621 1953 quoque
644 1884 894 1954 leguntur
915 1886 983 1940 ad
1002 1887 1225 1943 verbum
1259 1888 1314 1941 in
1343 1897 1528 1943 nostro
1560 1887 1969 1943 commentario.

408 1973 540 2029 Tam
574 1977 723 2031 varie
759 1987 955 2034 auctor
977 1989 1162 2035 noster
1190 1980 1426 2049 explicat
1459 1980 1591 2035 illud
1615 1978 1768 2035 Isaia:
1794 1980 1971 2050 (num.

2074 1902 2439 1957 reverentiam
2475 1904 2741 1967 habeant;
2778 1903 2848 1956 ob
2872 1907 3188 1971 argumenta
3210 1912 3276 1953 ex
3305 1896 3492 1952 inditis
3518 1895 3653 1950 mihi

2073 1991 2381 2063 praevalidis
2410 1993 2832 2063 cogitationibus
2868 1991 3001 2061 ipsis
3040 1989 3240 2046 oblata.
3276 1988 3440 2042 Deest
3471 1987 3655 2054 itaque

408 2065 533 2135 ³60)
567 2084 580 2119 ³
618 2065 709 2121 Vw
728 2068 820 2135 ίίδν
843 2071 935 2139 qui
957 2086 1110 2125 ηιαηε
1134 2082 1378 2143 εανσηηιν
1401 2080 1533 2137 θῑοη
1575 2080 1795 2141 iamque
1828 2085 1973 2141 saepe
2075 2085 2230 2149 illud,
2266 2085 2388 2154 ipsi,
2425 2093 2488 2138 ut
2536 2099 2663 2139 sana
2695 2084 2987 2140 verborum
3037 2082 3304 2136 sententia
3344 2080 3603 2135 reddatur
3633 2096 3652 2134 :

418 2156 536 2211 haec
564 2155 861 2228 Scriptum
898 2160 1062 2215 verba
1106 2163 1322 2231 repetit,
1357 2170 1417 2215 ut
1451 2174 1515 2216 ea
1548 2176 1615 2216 ex
1644 2174 1704 2216 re
1743 2160 1828 2213 vel
1862 2159 1975 2214 sola

420 2254 629 2301 constet
654 2246 802 2303 illius
841 2250 1289 2304 commentarium
1323 2249 1459 2304 nihil
1489 2249 1635 2304 aliud
1683 2263 1831 2314 esse,
1867 2248 1975 2303 nisi

406 2335 702 2393 alienorum
730 2340 1056 2408 scriptorum
1078 2340 1535 2409 compilationem.
1561 2339 1824 2396 Eusebius
1848 2339 1973 2395 illa:

410 2426 549 2492 Quia
580 2427 816 2483 ablatum
847 2439 924 2485 est
938 2431 1126 2502 jugum
1148 2432 1276 2500 ipsis
1299 2433 1602 2497 impositum
1630 2432 1700 2496 ὀ,
1725 2441 1856 2498 etc.,
1891 2433 1976 2487 in-

411 2526 737 2587 terpretans,
774 2520 993 2589 scripsit
1043 2522 1147 2575 hoc
1196 2522 1354 2578 modo
1406 2540 1420 2576 :
1470 2522 1852 2575 Ἀπεσείσαντο
1888 2522 1980 2575 τὸν

409 2606 579 2680 βαρὺν
626 2608 787 2678 ζυγὸν
832 2608 927 2663 τοῦ
968 2613 1035 2681 τῇ
1080 2610 1294 2683 δουλεία
1333 2612 1433 2681 τῆς
1466 2612 1738 2684 ἁμαρτίας
1785 2611 1981 2675 αὐτοὺς

409 2699 819 2769 ὑποζεύξαντος,
851 2705 946 2757 καὶ
978 2704 1157 2775 ῥάϐδῳ
1184 2704 1275 2757 τὸν
1312 2705 1579 2777 τράχηλον
1609 2706 1787 2759 αὐτῶν
1816 2721 1981 2760 κατα-

408 2788 768 2865 κάμπτοντος·
808 2796 895 2850 ἴνα
926 2796 987 2850 τὸ
1011 2797 1365 2851 ἀποστολικόν
1390 2799 1648 2870 κήρυγμα
1683 2799 1781 2869 τῆς
1804 2798 1981 2870 ψυχῆς

408 2885 857 2952 καταϐάλλοντες,
890 2888 963 2958 μὴ
998 2888 1315 2957 ὑποκύψωσι
1358 2891 1425 2960 τῇ
1449 2889 1660 2960 δουλεία
1680 2890 1776 2960 τῆς
1803 2890 1984 2960 ἀμαρ-

408 2978 532 3043 τίας
544 3021 555 3031 .
569 2979 775 3035 tGrave
786 2982 967 3051 jugum
982 2981 1109 3036 illud
1127 2992 1506 3045 excusserunt,
1523 2982 1659 3052 ejus,
1671 2983 1759 3051 qui
1775 2980 1982 3052 peccati

411 3069 659 3126 servituti
685 3085 745 3127 se
781 3071 1089 3142 colligabat,
1127 3072 1328 3142 quique
1352 3073 1503 3143 virga
1547 3079 1709 3142 caput
1745 3071 1983 3140 ipsorum

2078 2175 2151 2231 Et
2186 2177 2285 2229 erit
2326 2185 2383 2230 ut
2416 2175 2517 2245 ipsi
2552 2173 2985 2230 reuerentiamtui
3011 2174 3254 2227 habeant.
3288 2170 3653 2237 Quemadmo-

2078 2268 2205 2324 dum
2236 2268 2380 2324 enim
2429 2268 2520 2336 qui
2566 2267 2619 2322 in
2660 2266 2820 2321 hellis
2860 2264 3088 2320 adversa
3130 2264 3269 2318 facie
3325 2262 3652 2325 consistunt,

2080 2359 2319 2428 quandiu
2370 2372 2527 2428 raquo
2583 2366 2757 2413 marte
2811 2364 3107 2426 pugnatur,
3155 2370 3262 2410 non
3296 2364 3445 2423 terga
3502 2352 3654 2414 dant,

2080 2465 2258 2521 neque
2287 2450 2476 2521 pedem
2512 2447 2791 2515 referunt;
2815 2464 2937 2503 cum
2962 2456 3141 2503 autem
3168 2446 3336 2501 altera
3380 2459 3505 2515 pars
3520 2457 3661 2511 prte-

2081 2542 2247 2607 valct,
2302 2550 2430 2595 tunc
2453 2541 2629 2611 fugam
2654 2540 2892 2594 faciunt:
2928 2540 3003 2593 ita
3035 2548 3090 2593 et
3111 2538 3289 2592 anima
3318 2536 3660 2606 impudenter

2081 2635 2137 2690 in
2167 2635 2284 2691 acie
2323 2633 2522 2697 stabat,
2562 2646 2663 2687 nec
2700 2629 3093 2693 reverebatur;
3136 2628 3304 2683 verbo
3329 2635 3507 2681 autem
3540 2624 3656 2681 elli-

2081 2726 2197 2781 caci
2227 2724 2497 2788 convicta,
2539 2721 2593 2775 in
2622 2720 2877 2791 pudorem
2903 2728 2960 2773 et
2991 2717 3350 2773 reverentiam
3388 2715 3644 2770 vertitur.

2082 2819 2287 2889 thuia
2312 2819 2365 2872 in
2396 2816 2609 2873 occulta
2640 2814 2875 2870 hominis
2896 2821 3054 2880 parte
3083 2815 3198 2866 haec
3224 2808 3512 2864 conversio
3540 2804 3658 2861 etii--

2083 2913 2247 2976 citur,
2262 2909 2519 2982 ἐντροπὴ,
2553 2908 2667 2962 sive
2697 2903 2946 2960 confusio
2977 2909 3341 2971 nuncupatur.
3378 2896 3506 2952 Ideo
3528 2910 3660 2963 ergo

2083 3009 2272 3058 venter
2294 2999 2529 3062 sonabit,
2557 3009 2614 3052 et
2637 2995 2900 3051 interiora
2931 2992 3085 3061 quasi
3116 3004 3325 3054 murus,
3378 3001 3538 3058 quem
3569 2983 3660 3038 in-

2085 3094 2305 3150 novavit
2329 3093 2470 3157 Deus
2498 3090 2808 3160 prophetze;
2837 3092 2898 3139 ut
2924 3089 3220 3146 mutentur,
3250 3088 3305 3134 et
3325 3076 3663 3133 confundan-

412 3158 1230 3251 f‘epfimeba‘imaposwlicam
1254 3161 1690 3251 ριέεάίεειίοηθᾼηι
1714 3160 1768 3214 in
1804 3160 1983 3214 anima
2010 3165 2054 3224 (ἶ
2087 3194 2195 3251 tur,
2228 3158 2512 3251 Deumque
2529 3158 2884 3234 revereantur
2924 3191 2937 3227 :
2991 3173 3224 3228 antehac
3255 3168 3400 3224 utilis
3438 3165 3663 3236 pudoris

413 3246 723 3314 fundantes,
761 3265 819 3305 se
865 3251 1075 3320 peccati
1129 3251 1378 3307 servituti
1425 3265 1530 3307 non
1562 3249 1918 3305 innectereut.
1960 3268 1979 3302 ι

412 3338 617 3394 Eadem
651 3340 831 3412 legere
871 3352 1028 3412 potes
1057 3344 1109 3399 in
1155 3344 1620 3414 pseudo-Basilio,
1671 3344 1761 3399 ubi
1796 3344 1985 3397 eadem

412 3432 691 3500 propheta;
714 3433 877 3489 verba
895 3435 1148 3505 explanat
1163 3435 1336 3508 (num.
1356 3434 1505 3506 224).
1524 3433 1656 3490 Illud
1672 3432 1823 3490 Isaiae
1842 3453 1856 3490 :
1874 3434 1986 3488 Καὶ

412 3520 588 3577 data:
613 3526 699 3591 είς
720 3525 786 3579 τὸ
806 3527 1172 3596 ἐντραπῆναί
1204 3542 1299 3590 σε,
1355 3527 1434 3582 sic
1466 3526 1855 3596 interpretatur
1878 3525 1988 3579 Eu-

415 3617 598 3672 sebius
626 3635 641 3671 :
687 3619 752 3671 Τί
782 3614 873 3672 οὖν
907 3618 1157 3689 βούλεται
1199 3618 1260 3671 τὸ
1292 3617 1581 3689 τολμηρῶς
1616 3616 1805 3670 δοκοῦν
1840 3616 1990 3687 εἰρῆ-

419 3706 563 3772 σθαι,
590 3708 650 3761 τὸ
685 3710 888 3763 Ἔσται
928 3714 1015 3776 είς
1047 3710 1114 3764 τὸ
1150 3709 1517 3777 ἐντραπῆναί
1547 3722 1657 3773 σε;
1696 3706 1793 3761 Διά
1835 3706 1991 3760 τοῦτό

422 3815 531 3867 μοι,
579 3800 764 3870 φησιν,
810 3802 1062 3872 ἰσχυροὺς
1111 3800 1350 3871 ἐχαρίσω
1393 3799 1603 3854 ἔνδοθεν
1653 3799 1781 3862 τοὺς
1816 3797 1992 3852 διαλο-

417 3891 670 3959 γισμοὺς,
695 3892 836 3943 ὥστε
866 3892 992 3954 τοὺς
1010 3891 1104 3944 νῦν
1127 3891 1202 3962 μὴ
1230 3892 1657 3962 ἐπιστρέφοντας
1683 3891 1773 3943 ἐπὶ
1798 3889 1877 3950 σὲ,
1907 3892 1992 3941 ἐν·

418 3982 693 4056 τραπῆναί
740 4001 820 4050 σε,
853 3984 944 4038 διὰ
978 3984 1087 4036 τῶν
1133 3983 1371 4053 ἐλέγχων
1420 3983 1530 4036 τῶν
1571 3980 1992 4055 προσαγομένων

419 4075 601 4139 αὐτοῖς
624 4079 688 4129 ἐκ
713 4076 814 4146 τῆς
838 4076 947 4128 τῶν
984 4076 1281 4147 δεδομένων
1314 4093 1402 4148 μοι
1428 4074 1701 4145 λογισμῶν
1726 4073 1989 4136 εὐτονίας.

419 4163 714 4222 Λείπειοῦν
736 4166 816 4233 τὸ,
856 4168 1099 4235 αὐτοὺς,
1131 4168 1219 4222 ἵνα
1262 4168 1430 4237 ὑγιῶς
1460 4170 1487 4221 ὁ
1512 4168 1635 4231 νοῦς
1665 4166 1774 4220 τῶν
1814 4166 1993 4237 ῥημά-

419 4279 527 4314 των
556 4261 788 4332 ἀποδοθῇ
812 4278 825 4290 ·
851 4262 961 4315 Καὶ
989 4261 1160 4316 ἔσται
1183 4263 1271 4326 εὶς
1291 4261 1358 4315 τὸ
1388 4259 1753 4328 ὲντραπῆγαι
1775 4259 1995 4324 αὐτούς

420 4370 514 4408 σε.
550 4354 759 4424 Ὠσπερ
805 4353 914 4424 γὰρ
958 4354 1007 4407 οἱ
1035 4354 1093 4405 ἐν
1148 4354 1259 4414 τοῖς
1305 4352 1561 4421 πολέμοις
1593 4349 1995 4418 ἀντιπρόσωποι

422 4443 674 4508 ἑστῶτες,
703 4436 811 4507 ἕως
841 4443 940 4514 μὲν
972 4442 1246 4507 ίσοπαλεῑς
1280 4441 1528 4496 δοκοῦσιν
1577 4436 1738 4502 εἶναι,
1768 4438 1830 4491 οὑ
1867 4438 1994 4507 τρέ-

422 4552 613 4589 πονται
633 4535 754 4588 οὑδέ
786 4534 1144 4588 ἐκκλίνουσιν
1177 4533 1397 4587 ἐπειδὰν
1426 4533 1520 4587 καλ⁵
1547 4532 1792 4604 ὑπερέχῃ
1816 4531 1993 4584 αὐτῶν
2024 4514 2068 4569 D

420 4627 483 4684 τὸ
505 4627 687 4699 ἕτερον
711 4626 893 4698 μέρος,
922 4626 1216 4698 τραπέντες
1246 4625 1553 4695 φεύγουσινο
1575 4624 1718 4679 οὕτω
1740 4621 1997 4693 καὶψυχὴ

425 4719 529 4773 ὑπὸ
552 4718 825 4781 ἀναιδείας
874 4718 1335 4789 παρατεταγμένη
1376 4716 1633 4787 ἕστηκεν,
1671 4716 1771 4768 οὐκ
1814 4715 1999 4785 ἐντρε-

426 4812 638 4885 πομένη
667 4828 680 4841 ο
716 4809 1040 4880 ἐλεγχθεῖσα
1060 4810 1117 4863 δὲ
1148 4810 1253 4863 ὑπὸ
1288 4810 1447 4877 λόγου
1474 4807 1882 4878 καθαπτομένου
1899 4806 1998 4865 αὑ·-

425 4904 543 4974 τῆς,
573 4904 835 4974 τρέπεται
857 4903 991 4975 πρὸς
1022 4901 1304 4972 αἰσχύνην.
1334 4900 1445 4953 Καὶ
1474 4900 1660 4969 ἐπειδὴ
1679 4900 1737 4951 ἐν
1767 4897 1845 4968 τῶ
1872 4914 2000 4969 κρυ·

431 4994 551 5066 πτῷ
580 4996 673 5049 τοῦ
700 4995 992 5067 ἀνθρώπου
1024 4995 1232 5063 γίνεται
1260 4994 1294 5063 ἡ
1328 4993 1526 5065 τροπὴ,
1552 4990 1785 5061 ἐντροπὴ
1830 5007 1998 5061 προσ-

426 5089 737 5161 ηγόρευται.
776 5089 878 5142 Διά
904 5088 1062 5142 τοῦτο
1115 5083 1207 5140 οὖν
1232 5088 1266 5157 ἡ
1295 5085 1473 5139 κοιλία
1518 5086 1733 5155 ἠχήσει,
1775 5083 1869 5137 καὶ
1926 5084 1996 5138 τὰ

427 5181 593 5245 ἐντὸς,
615 5182 749 5235 ὡσεὶ
771 5185 949 5252 τεῖχος
968 5179 999 5234 ὃ
1026 5179 1355 5234 ἐνεκαίνισεν
1376 5179 1405 5231 ὁ
1423 5177 1554 5240 Θεὸς
1574 5176 1669 5229 τοῦ
1693 5176 1995 5247 προφήτου,

429 5273 515 5326 ἵνα
547 5274 893 5343 μεταϐάλωσι
922 5273 1017 5327 καὶ
1048 5272 1377 5344 ἐντραπῶσι,
1401 5268 1495 5324 τοῦ
1523 5270 1782 5324 αἰδεῖσθαι
1803 5269 1996 5341 πρότε-

429 5380 524 5430 ρον
572 5366 673 5418 οὐκ
719 5366 1074 5435 ἐπιστάμενοι
1122 5364 1219 5435 τὴν
1249 5362 1521 5432 ὠφέλιμον
1572 5362 1853 5432 αἰσχύνην.
1898 5360 1997 5413 Διά

433 5453 615 5523 μέντοι
662 5454 777 5520 τοῦ,
806 5456 926 5509 ’Ὁτι
954 5455 1242 5508 ἐκοπίασε
1268 5453 1447 5508 Μωὰϐ
1473 5453 1571 5506 ἐπὶ
1600 5453 1725 5518 τοῖς
1750 5452 1997 5521 βωμοῖς,

431 5546 528 5600 καὶ
548 5548 956 5602 εἰσελεύσεται
981 5551 1067 5614 εὶς
1104 5547 1174 5601 τὰ
1191 5548 1595 5616 χειροποίητα,
1625 5546 1777 5600 ὥστε
1816 5561 2001 5615 προσ·-

506 5744 549 5787 ι⁹
586 5744 686 5807 lsa.
715 5762 765 5815 ν,
800 5748 883 5817 ιι.
962 5749 1007 5780 ὀ
1042 5748 1143 5803 lsa.
1179 5762 1253 5815 ιτ,
1290 5749 1340 5805 ι.
1420 5748 1463 5782 "
1514 5746 1614 5805 ba.
1653 5765 1761 5815 svi,
1798 5748 1883 5803 12.

2087 3277 2279 3349 ignari.
2316 3275 2421 3330 Per
2443 3272 2571 3328 illud
2594 3285 2746 3334 sane,
2787 3270 2927 3335 Quia
2960 3266 3280 3335 defatigatus
3313 3270 3390 3316 est
3423 3258 3579 3313 Moab
3604 3258 3660 3309 in

2088 3367 2363 3431 altaribus,
2381 3373 2429 3419 et
2456 3363 2780 3433 ingredietur
2802 3362 2857 3414 in
2880 3358 3190 3427 manufacta
3214 3355 3281 3408 ad
3310 3352 3589 3414 orandum,
3611 3356 3662 3402 et

2092 3474 2194 3512 non
2231 3463 2474 3526 poterunt
2525 3469 2709 3507 eruere
2754 3450 2907 3504 illum
2932 3489 2948 3514 ,
2982 3448 3213 3503 fortasse
3239 3445 3415 3499 omnis
3443 3439 3665 3496 idolola-

2092 3551 2212 3604 triae
2241 3546 2687 3608 destructionem,
2720 3543 2773 3597 in
2820 3544 2927 3596 ﬁne
2958 3557 3024 3595 cx
3056 3541 3290 3595 adventu
3326 3534 3484 3589 Verbi
3519 3532 3663 3586 futu-

2092 3654 2230 3703 ram,
2261 3636 2591 3692 vaticinatur
2612 3632 2801 3699 Isaias,
2833 3633 2957 3702 quia
2985 3645 3174 3687 omnes
3200 3630 3253 3682 in
3280 3622 3665 3682 construendis

2093 3730 2306 3801 templis
2331 3728 2590 3798 insumpti
2626 3726 2839 3781 labores
2880 3723 3002 3777 vani
3044 3730 3189 3785 sunt,
3219 3719 3665 3783 infructuosaque

2093 3836 2218 3891 spes
2271 3822 2325 3875 in
2361 3817 2690 3874 manufactis
2721 3815 2929 3885 posita.
2964 3810 3126 3876 Nam,
3173 3808 3368 3879 inquit,
3416 3804 3662 3867 orabunt,

2096 3922 2145 3967 et
2175 3928 2278 3966 non
2304 3919 2545 3980 poterunt
2573 3923 2753 3963 eruere
2801 3906 2973 3961 illum.
3013 3904 3279 3958 Cteterum
3311 3899 3414 3953 hoc
3449 3896 3559 3963 iam
3608 3896 3662 3949 in

2098 4003 2337 4056 adventu
2387 3999 2594 4055 Christi
2640 3996 2966 4066 completum
3013 4004 3143 4049 est:
3182 3992 3273 4046 illa
3307 3991 3506 4060 quippe
3534 3986 3662 4040 olim

2094 4095 2300 4150 famosa
2334 4076 2529 4162 templa
2580 4106 2678 4160 pro
2708 4089 2944 4159 scopulis
2994 4085 3262 4140 habentur
3297 4098 3312 4135 :
3369 4095 3469 4136 nec
3513 4078 3657 4133 ultra

2095 4187 2200 4242 illae
2233 4187 2536 4241 daemonum
2580 4182 2810 4237 fallaciae
2844 4178 3175 4242 consistunt,
3220 4171 3529 4229 adversaria
3571 4170 3661 4225 illa

2095 4286 2359 4348 potestate
2391 4290 2489 4345 per
2515 4273 2832 4345 mysterium
2868 4270 3045 4326 crucis
3070 4269 3123 4323 in
3156 4276 3268 4321 toto
3295 4265 3428 4319 orbe
3471 4260 3667 4333 prmdi-

2097 4379 2274 4424 catum
2298 4369 2351 4422 in
2376 4367 2553 4437 fugam
2578 4379 2754 4421 versa.
2794 4381 2813 4416 ι
2846 4362 2916 4417 Ει
2939 4362 3063 4416 haec
3086 4359 3270 4413 videre
3298 4355 3424 4411 licet
3452 4354 3517 4408 ad
3547 4368 3666 4406 ver-

2096 4462 2222 4517 bum
2255 4462 2309 4515 in
2332 4458 2760 4529 pseudo-Basilio
2784 4456 2959 4523 (num.
2990 4450 3138 4522 5M).

2171 4551 2260 4605 60.
2297 4548 2432 4614 Quae
2462 4549 2723 4602 hactenus
2751 4559 2819 4599 ex
2848 4543 3081 4598 Eusebio
3120 4536 3444 4609 protulimus
3482 4545 3665 4587 exemo

2096 4644 2209 4713 pla,
2231 4642 2340 4696 vim
2376 4638 2667 4694 maximam
2703 4636 2771 4691 ad
2803 4646 3147 4691 communem
3184 4627 3491 4699 opinionem
3514 4635 3665 4676 ever-

2098 4711 2316 4791 tendam
2354 4732 2494 4800 apud
2533 4729 2758 4784 idoneos
2804 4726 3210 4781 existimatores
3242 4717 3491 4773 habitura
3520 4711 3665 4766 arbi-

2098 4838 2214 4882 tror
2242 4841 2256 4879 :
2286 4826 2380 4879 sed
2410 4837 2570 4893 spero
2604 4821 2743 4885 fore,
2770 4826 2831 4872 ut
2863 4832 2927 4871 ea
2951 4828 3070 4884 qua:
3098 4826 3221 4867 mox
3251 4805 3559 4876 subjiciam,
3584 4805 3665 4856 vi-

2097 4921 2325 4975 deantur
2366 4916 2499 4986 ipsis
2529 4914 2685 4985 longe
2714 4909 2937 4979 majoris
2979 4903 3234 4961 momenti
3270 4914 3414 4956 esse.
3450 4895 3663 4986 Etenim

2096 5009 2145 5062 si
2172 4984 2434 5061 credibile
2474 5018 2581 5057 non
2632 4984 2723 5055 est
2756 4996 3168 5054 disertissimum
3203 4999 3473 5046 oratorem
3514 4984 3664 5039 Basi-

2095 5098 2251 5161 lium,
2286 5109 2410 5149 cum
2437 5093 2628 5148 Isaiam
2661 5079 3318 5158 interpretaretur,multa
3342 5079 3408 5132 ad
3442 5075 3663 5130 verbum

2095 5204 2162 5245 ex
2188 5187 2406 5242 Eusebii
2435 5185 2488 5241 in
2516 5183 2707 5239 Isaiam
2727 5176 3135 5237 commentariis
3154 5174 3281 5229 hinc
3308 5170 3432 5225 inde
3455 5177 3664 5221 mutua-

2101 5289 2213 5331 tum
2242 5292 2398 5342 esse;
2452 5273 2697 5343 profecto
2745 5271 2901 5341 longe
2952 5266 3132 5322 minus
3173 5258 3452 5334 probabile
3496 5256 3663 5310 videri

2102 5368 2284 5431 debet,
2314 5367 2561 5422 eumdem
2587 5363 2827 5435 ejusdem
2864 5361 2920 5415 in
2950 5357 3192 5412 Psalmos
3222 5349 3665 5411 commentarium

2105 5455 2454 5525 compilassc.
2506 5454 2574 5508 Et
2617 5452 2832 5522 quidem
2887 5450 2933 5506 si
2984 5447 3137 5517 prius
3173 5445 3393 5516 egisset,
3440 5442 3667 5496 fortasse

2108 5548 2460 5605 excusatione
2486 5547 2677 5618 dignus
2707 5551 2851 5602 esset
2882 5542 2952 5601 ob
2984 5539 3362 5618 nonnullorum
3390 5534 3664 5604 exempla:
