4094 6220
506 295 698 337 ατηεν

1863 292 2395 351 PBOLEGOMENA.

504 403 597 455 sed
621 405 665 455 si
699 403 985 471 posterius,
1016 407 1231 469 nullius.
1272 412 1414 479 quod
1452 415 1702 484 equidem
1742 416 1933 483 sciam,
1977 433 2043 473 ex

2176 418 2376 489 κτανθῇ
2413 420 2475 470 ἐκ
2522 418 2622 485 τῆς
2647 416 2824 489 ψυχῆς
2855 419 3014 472 οἱονεὶ
3067 419 3207 487 ξίφει
3245 419 3350 472 τινὶ
3389 417 3467 491 τῷ
3502 421 3750 495 τμητικῷ

504 493 738 561 emplum
793 509 915 549 eum
968 511 1274 556 excusaret.
1334 504 1464 571 Quis
1504 507 1671 574 enim,
1724 523 1927 577 quaeso,
1965 521 2071 565 tam

504 581 825 647 ineruditus,
863 593 970 638 tam
1019 589 1193 653 rudis,
1232 601 1448 663 tamque
1481 596 1694 652 dicendi
1743 599 1899 669 inps
1948 600 2067 664 fuit,

502 677 563 721 ut
589 685 710 723 cum
754 672 904 727 Isaia;
953 677 1208 732 vaticinia
1254 684 1589 751 explanaret,
1636 691 1705 742 ob
1740 689 2069 759 imperitiam

500 761 567 811 ad
618 760 836 816 Eusebii
886 765 940 817 in
997 764 1240 825 Psalmos
1285 779 1735 832 commentarium
1787 794 2071 836 recurrere

497 859 721 905 coactus
752 853 859 907 sit?
885 855 1039 922 Quod
1064 867 1265 925 tamen,
1298 864 1513 932 opinor,
1550 870 1787 923 nondum
1824 872 2069 926 auditum

493 948 597 1005 est,
631 956 728 997 nec
759 953 941 1012 postea
969 949 1243 1015 audietur,
1276 953 1329 1007 id
1356 957 1676 1026 scriptorem
1714 971 1953 1016 nostrum
1985 962 2069 1018 fe-

493 1033 636 1089 cisse
659 1047 892 1092 constat.
921 1039 1177 1112 Exempla
1200 1047 1574 1116 supponimus.
1601 1051 1867 1109 Eusebius
1903 1055 2069 1125 igitur

492 1124 546 1177 iu
594 1131 1000 1187 commentariis
1046 1134 1113 1188 iis
1162 1150 1298 1205 quos
1345 1139 1400 1192 in
1452 1139 1690 1196 Psalmos
1737 1124 2064 1219 composuit,

490 1217 576 1271 illa
604 1218 760 1274 :Illic
791 1239 942 1277 naves
978 1238 1339 1293 perlranseunt
1366 1233 1431 1296 ²¹,
1478 1235 1792 1303 explanans,
1817 1239 1898 1293 sic
1926 1217 2065 1295 seri;

489 1312 640 1378 psit:
687 1315 799 1367 Kal.
847 1315 992 1371 ἐστιν
1024 1319 1389 1392 ἐπαινούμενα
1427 1325 1584 1377 πλοῖα
1628 1326 1697 1379 τὰ
1724 1327 2067 1386 διαϐαίνοντα

484 1403 584 1473 τὴν
630 1404 927 1470 θάλασσαν,
979 1410 1114 1465 ἀλλὰ
1153 1412 1227 1484 μὴ
1276 1416 1680 1486 ἐναπομένοντα
1724 1422 1883 1492 αὐτῇ,
1930 1422 2065 1493 μηδὲ

487 1494 1002 1568 καταϐαπτιςόμενα
1049 1503 1164 1564 τοῖς
1221 1502 1478 1575 κύμασιν.
1528 1508 1589 1559 Οί
1635 1507 1743 1578 γὰρ
1802 1511 1859 1562 ἐν
1901 1512 2065 1582 σαρκὶ

484 1585 654 1651 ὄντες,
692 1589 786 1641 καὶ
850 1591 923 1662 μὴ
972 1593 1112 1646 κατά
1165 1594 1343 1665 σάρκα
1397 1601 1832 1670 στρατευόμενοι,
1891 1621 2062 1657 κατα-

2173 507 2318 578 λόγῳ
2354 508 2449 561 καὶ
2477 507 2816 579 ἀφανιστικῷ
2847 509 2952 562 τῶν
2983 508 3185 572 παθῶν,
3213 510 3306 563 καὶ
3342 510 3501 564 τοῦτο
3528 512 3750 584 γένηται

2173 604 2231 654 ἐν
2261 602 2464 672 πρωίᾳ,
2485 602 2750 666 τουτέστι,
2780 602 2921 655 κατά
2948 600 3044 672 τὴν
3073 604 3153 666 είς
3189 602 3251 655 τὸ
3276 604 3505 675 φανερὸν
3536 608 3749 661 ἀποκά-

2172 691 2329 762 λυψιν
2354 692 2483 763 (πᾶν
2505 693 2613 762 γὰρ
2638 691 2698 745 τὸ
2726 692 3125 763 φανερούμενον
3151 694 3265 762 φῶς
3290 695 3448 763 ἐστι),
3483 697 3619 766 μετὰ
3649 698 3749 770 τὴν

2171 783 2230 835 ἐν
2250 782 2449 854 καρδίᾳ
2473 781 2734 853 μοιχείαν,
2757 785 2851 835 καὶ
2874 783 2966 835 ἐπὶ
2986 782 3083 854 τὴν
3110 784 3327 854 μείζονα
3345 785 3547 856 ταύτης
3563 789 3748 861 ἀμαρ-

2169 875 2288 929 τίαν
2313 875 2539 943 προάξει
2568 876 2659 929 τὸν
2686 875 2989 947 ἄνθρωπον,
3024 876 3162 948 πρὸς
3186 878 3285 949 τὴν
3309 878 3399 941 διὰ
3427 879 3522 933 τοῦ
3556 880 3744 952 σῶμα-

2168 984 2259 1032 τος
2280 967 2562 1038 ἐνέργειαν
2588 967 2749 1021 αὐτὸν
2767 966 3181 1039 ἐκκαλούμενος.
3215 988 3233 1021 ι
3252 969 3459 1025 Nemini
3491 983 3621 1041 puto
3636 989 3742 1029 non

2170 1059 2517 1115 manifestum
2552 1074 2673 1115 esse
2709 1062 2821 1115 haec
2853 1061 3186 1131 arnigmatice
3231 1063 3372 1118 dicta
3410 1063 3614 1131 fuisse;
3647 1081 3743 1121 ne-

2167 1166 2272 1222 que
2297 1153 2438 1206 enim
2480 1168 2541 1208 ea
2572 1163 2653 1207 est
2684 1152 2812 1207 dicti
2839 1154 3140 1220 sententia,
3169 1169 3256 1210 me
3289 1155 3599 1212 ineuntibus
3631 1156 3742 1213 sin-

2166 1244 2307 1312 gulis
2333 1244 2522 1299 diebus
2547 1245 2783 1298 humano
2804 1245 3065 1313 sanguine
3091 1261 3281 1302 manus
3302 1245 3533 1303 fuedasse
3554 1262 3734 1303 meas:

2166 1333 2219 1387 id
2254 1335 2396 1388 enim
2430 1345 2789 1406 praeterquam
2818 1337 2959 1405 quod
2982 1338 3356 1393 detestandum
3376 1349 3538 1404 esset,
3565 1339 3737 1394 nulla-

2167 1435 2324 1483 tenus
2354 1427 2609 1483 credibile
2648 1437 2749 1484 est.
2782 1430 3058 1496 Quomodo
3085 1429 3227 1484 enim
3264 1429 3492 1500 singulis
3519 1433 3736 1487 matuti-

2164 1517 2248 1572 nis
2282 1532 2473 1573 omnes
2498 1528 2811 1589 peccatores
2839 1531 2994 1575 terra:
3027 1536 3185 1574 manu
3219 1522 3430 1590 propria
3465 1521 3741 1578 conﬁcere

2164 1611 2478 1681 potuisset?
2506 1609 2689 1681 Neque
2710 1611 2852 1667 enim
2883 1625 3023 1666 unus
3047 1624 3234 1666 omnes
3259 1626 3516 1682 superare
3538 1612 3732 1666 valuis-

485 1677 780 1742 πατοῦντες
807 1681 896 1733 τὸν
926 1682 1168 1736 κλύδωνα
1197 1685 1291 1738 τοῦ
1318 1686 1452 1757 βίου,
1490 1692 1584 1743 καὶ
1617 1691 1933 1763 ὑψηλότεροι
1970 1694 2043 1746 αὐ

2162 1677 2264 1769 set,
2298 1718 2441 1769 cum,
2464 1712 2524 1758 ut
2548 1704 2842 1759 verisimile
2873 1712 2974 1769 est,
2999 1718 3192 1774 magna
3222 1712 3364 1759 esset
3385 1713 3727 1773 peccatorum

481 1765 577 1818 τοῦ
607 1766 780 1831 ὄντες,
814 1771 1056 1825 ποιοῦσιν
1094 1775 1354 1843 ἐργασίαν
1390 1780 1446 1829 ἐν
1479 1776 1635 1833 ὓδασι
1668 1780 1883 1845 πολλοῖς
1934 1799 2043 1851 συγι

2470 1754 2522 1758 --
3228 1754 3721 1773 "mh—"mw.

2160 1793 2446 1849 multitudo
2479 1808 2493 1846 :
2527 1809 2589 1849 ac
2613 1794 2658 1849 si
2695 1807 2789 1850 eos
2812 1794 2867 1849 in
2900 1792 3038 1849 bello
3067 1794 3319 1862 vicisset,
3369 1809 3477 1850 uno
3516 1797 3570 1849 in
3604 1812 3721 1850 ma-

482 1857 898 1925 καταόαίνοντες
962 1863 1054 1915 ἐπὶ
1104 1864 1182 1936 τῷ
1227 1867 1489 1937 κερδῆσαί
1532 1886 1687 1934 τινας
1745 1872 1853 1925 τῶν
1898 1873 2057 1944 βεὸυ-

480 1949 770 2021 θισμένων.
809 1972 828 2005 ‹
857 1953 1170 2010 Laudantur
1198 1972 1361 2026 porro
1400 1974 1563 2014 naves
1603 1977 1724 2031 qum
1754 1978 1905 2018 mare
1927 1978 2055 2034 per-

485 2052 792 2108 transeunt,
825 2061 931 2100 non
989 2061 1119 2102 vero
1152 2064 1272 2118 quae
1303 2050 1375 2103 ibi
1414 2061 1755 2120 permanent,
1801 2056 1884 2110 vel
1935 2070 2055 2126 qua

478 2134 732 2190 fluctibus
756 2137 1164 2209 demerguntur.
1203 2140 1338 2195 Nam
1379 2135 1468 2210 qui
1497 2145 1547 2197 in
1583 2160 1748 2201 carne
1778 2157 1922 2213 sunt,
1954 2164 2054 2205 nec

476 2227 774 2282 secundum
805 2244 1025 2285 carnem
1060 2231 1317 2298 militant,
1352 2235 1477 2289 vita:
1505 2234 1724 2292 fluctum
1759 2239 2051 2307 calcantes,

474 2333 652 2388 coque
701 2324 1040 2392 superiores,
1111 2323 1314 2379 faciunt
1365 2328 1736 2397 Operationem
1791 2330 1843 2384 in
1897 2335 2054 2403 aquis

474 2416 682 2483 multis,
712 2431 776 2472 ac
805 2418 1156 2485 descendunt,
1189 2427 1249 2475 ut
1294 2436 1360 2476 ex
1404 2422 1669 2477 demersis
1711 2423 1920 2494 aliquos
1955 2426 2053 2480 lu-

471 2516 712 2560 crentur.
753 2525 772 2559 ι
808 2507 932 2563 llaec
963 2508 1014 2562 in
1040 2509 1459 2578 pseudo-Basilii
1493 2516 1900 2569 commentariis
1949 2514 2052 2571 hoc

471 2601 587 2665 ipso
604 2599 656 2654 in
675 2600 946 2656 volumine
962 2602 1120 2657 editis
1134 2603 1394 2672 invenies,
1410 2606 1455 2659 si
1476 2606 1621 2675 legas
1636 2623 1755 2678 quae
1772 2611 1913 2666 dicta
1927 2621 2050 2668 sunt

467 2692 522 2744 in
554 2690 682 2746 illud
720 2691 892 2761 (num.
923 2691 1013 2762 95)
1040 2715 1052 2749 :
1078 2692 1142 2747 Et
1165 2711 1322 2765 super
1356 2713 1561 2751 omnem
1581 2716 1759 2755 navem
1798 2704 1963 2758 maris
1980 2705 2046 2764 ⁸³.

468 2785 734 2840 Eusebius
752 2800 939 2841 rursus
962 2785 1055 2841 illa
1080 2804 1094 2841 :
1119 2786 1184 2841 In
1202 2791 1461 2844 matutino
1482 2792 1857 2859 interﬁciebam
1872 2812 2048 2853 omnes

464 2885 759 2940 peccatores
820 2885 975 2932 terrae
1022 2878 1104 2943 ",
1179 2880 1545 2949 interpretans
1603 2885 1684 2939 sic
1734 2885 1975 2955 loquitur
2030 2908 2045 2945 :

463 2966 635 3020 Παντί
681 2985 783 3021 που
822 2968 1011 3039 δῆλον,
1051 2969 1134 3024 ὄτι
1175 2972 1234 3024 ἐν
1269 2972 1551 3043 αἰνίγματι
1597 2977 2027 3047 κεκαλυμμένως

2158 1883 2329 1938 ιιιιίηο
2359 1898 2547 1941 omnes
2572 1883 2952 1950 interfecisset,
2986 1899 3162 1954 neque
3188 1885 3416 1954 singulis
3445 1887 3724 1944 matutinis

2156 1976 2301 2042 lpsos‘
2327 1976 2541 2043 propria
2579 1990 2741 2028 manu
2769 1975 3151 2031 interemisset.
3179 1975 3318 2049 Quid
3352 1975 3532 2046 itaque
3562 1978 3728 2047 signi.

2155 2065 2280 2122 ficat
2324 2066 2490 2120 illud?
2521 2066 2794 2120 Attentius
2823 2074 2879 2120 et
2926 2066 3245 2136 prudentius
3289 2066 3431 2121 dicta
3464 2068 3727 2140 intelliga-

2157 2168 2298 2220 mus,
2334 2168 2402 2209 ne
2447 2155 2763 2224 prOphetica
2808 2154 3024 2211 oracula
3072 2154 3337 2211 mendacii
3385 2173 3721 2223 accusemus,

2155 2246 2300 2314 quod
2327 2244 2482 2300 nefas
2509 2254 2672 2300 esset.
2705 2244 2910 2300 Civitas
2945 2244 3155 2301 Domini
3181 2257 3267 2303 est
3301 2249 3546 2303 humanae
3582 2261 3724 2305 stru-

2152 2345 2321 2391 cturte
2365 2336 2716 2404 compositio;
2753 2346 3064 2406 peccatores
3098 2347 3277 2393 autem
3307 2347 3465 2394 terrae
3495 2339 3532 2394 li
3571 2350 3718 2407 sunt,

2152 2430 2217 2485 de
2242 2427 2438 2498 quibus
2465 2424 2717 2485 Salvator
2748 2430 2824 2483 ait
2853 2445 2868 2482 :
2905 2428 2981 2482 Ab
3000 2431 3138 2483 intus
3159 2445 3224 2484 ea:
3241 2430 3398 2484 corde
3423 2440 3612 2485 exeunt
3633 2448 3722 2486 co-

2149 2519 2425 2588 gitationes
2460 2521 2613 2576 malta
2636 2560 2652 2585 ,
2681 2521 2989 2589 homicidia,
3017 2521 3302 2587 adulteria,
3327 2521 3720 2592 fornicationes,

2151 2610 2324 2680 furta,
2368 2610 2508 2681 falsa
2561 2612 2892 2676 testimonia,
2945 2611 3274 2677 blasphemiae
3295 2612 3362 2671 "‘.
3415 2613 3542 2669 ch
3598 2625 3720 2670 sunt

2148 2717 2267 2773 qua:
2295 2702 2633 2773 coinquinant
2674 2704 2951 2758 hominem.
3005 2703 3116 2759 llos
3180 2714 3359 2761 autem
3407 2716 3719 2776 peccatores

2147 2808 2214 2848 ex
2242 2803 2383 2848 terra
2409 2801 2582 2860 ortos,
2607 2793 2661 2848 id
2692 2802 2799 2858 est,
2831 2807 2896 2848 ex
2932 2804 3149 2849 terrena
3178 2792 3715 2867 carne'prodeuntes,

2149 2885 2274 2938 dum
2312 2882 2537 2952 singulae
2582 2883 2649 2938 de
2692 2882 2804 2938 Deo
2852 2884 3207 2954 cogitationes
3246 2887 3601 2955 exoriuntur,
3650 2905 3715 2945 ex

2147 2976 2362 3045 propria
2394 2985 2665 3030 structura
2694 2975 2852 3041 tollit,
2877 2977 2969 3044 qui
3004 2991 3123 3032 sese
3149 2987 3362 3048 purgat.
3398 2977 3717 3036 Matutinum

463 3058 709 3129 εἴρηταιο
754 3060 815 3112 ού
856 3060 965 3133 γὰρ
998 3063 1079 3115 ὅτι
1132 3063 1254 3117 καθ’
1301 3066 1537 3136 ἑκάστην
1573 3068 1747 3139 ἀρχὴν
1778 3071 1877 3140 τῆς
1912 3073 2043 3142 ἠμέ-

2150 3079 2329 3124 autem
2354 3079 2411 3124 et
2433 3068 2722 3124 diluculum
2754 3071 2806 3123 in
2839 3072 3016 3125 anima
3061 3078 3177 3140 est,
3211 3076 3421 3142 quOties
3462 3076 3717 3134 salutaris

464 3166 563 3218 ρας
604 3152 793 3222 αἵματι
834 3152 1136 3224 ἀνθρώπων
1189 3154 1287 3219 τὰς
1328 3159 1515 3229 χεῖρας
1575 3161 1947 3235 ἐμολυνόμην,
1984 3167 2045 3219 οὐ

459 3237 618 3291 τοῦτό
662 3257 826 3310 φησιν
868 3243 896 3295 ὁ
938 3243 1115 3312 λόγος.
1153 3244 1322 3299 Τοῦτο
1365 3247 1507 3319 γὰρ,
1550 3251 1686 3320 πρὸς
1720 3252 1798 3324 τῷ
1838 3256 2043 3324 ἐναγεῖ,

460 3326 540 3378 ἐτι
586 3327 680 3379 καὶ
732 3328 794 3381 τὸ
826 3330 1091 3386 ἀπίθανον
1139 3332 1272 3404 ἔχει.
1320 3336 1446 3399 Πῶς
1505 3338 1615 3410 γὰρ
1670 3342 1885 3397 πάντων
1920 3345 2045 3416 ἠδύ-

459 3435 588 3471 νατο
630 3420 753 3474 καθ’
797 3423 1035 3496 ἑκάστην
1072 3428 1287 3499 πρωίαν
1327 3430 1582 3502 αὐτόχειρ
1636 3434 1879 3502 γίνεσθαι
1934 3439 2043 3493 τῶν

457 3509 794 3579 ἁμαρτωλῶν
833 3515 930 3584 τῆς
969 3516 1106 3587 γῆς;
1136 3520 1210 3571 Οὐ
1246 3520 1353 3591 γὰρ
1406 3524 1780 3593 περιγίνεσθαι
1817 3528 2041 3584 πάντων

453 3599 678 3656 δυνατὸν
698 3605 812 3673 ἕνα,
847 3608 1056 3662 πολλῶν
1088 3612 1196 3666 τῶν
1234 3612 1722 3686 ἐξαμαρτανόντων
1742 3619 1818 3683 ὡς
1867 3621 1927 3674 τὸ
1964 3623 2040 3674 εί-

456 3693 551 3758 κδς
578 3694 768 3763 ὄντων,
815 3701 909 3753 καὶ
942 3703 989 3755 εί
1034 3703 1252 3776 πολέμῳ
1280 3707 1459 3761 αὐτῶν
1501 3711 1908 3783 κατεκράτησεν
1931 3753 1947 3779 ,
1980 3716 2038 3768 ἐν

456 3788 555 3857 μιᾷ
587 3787 654 3842 ἂν
686 3791 971 3846 ἀπέκτεινε
999 3796 1179 3868 πρωίᾳ
1212 3798 1337 3862 τοὺς
1386 3799 1706 3871 σύμπαντας
1727 3842 1742 3866 ,
1773 3804 1889 3858 ἀλλ’
1917 3806 2037 3877 οὐχ).

452 3879 575 3932 καθ’
610 3881 848 3954 ἑκάστην
898 3887 1111 3956 πρωίαν
1154 3889 1407 3962 αὐτόχειρ
1458 3892 1637 3948 αὐτῶν
1687 3896 1913 3963 ἐγίνετο.
1970 3899 2035 3952 Τί

449 3968 544 4025 οὖν
569 3972 725 4026 τοῦτό
768 3976 922 4043 ἐστι;
976 3978 1346 4052 Συνετώτερον
1383 3983 1493 4037 τῶν
1531 3984 1839 4056 λεγομένων
1867 3990 2032 4043 ἀκού-

450 4080 653 4132 σωμεν,
682 4066 769 4119 ἵνα,
798 4068 872 4138 μὴ
907 4073 1376 4143 κατηγορήσωμεν
1412 4076 1500 4129 ἐπὶ
1546 4076 1734 4146 ψευδεῖ
1761 4079 1870 4132 τῶν
1900 4099 2032 4152 προ-

2149 3161 2415 3230 dogmatis
2436 3170 2588 3218 ortus
2613 3162 2834 3231 accidit,
2865 3177 2972 3232 quo
3003 3179 3194 3222 omnes
3214 3169 3569 3238 cogitationes
3597 3187 3717 3240 quae

2146 3262 2439 3323 sperantur
2479 3253 2817 3323 iniquitatem
2839 3296 2855 3320 ,
2886 3257 2952 3311 de
2978 3259 3156 3312 medio
3198 3260 3311 3314 tolli
3341 3271 3570 3331 oportet.
3601 3264 3713 3318 Nisi

2145 3344 2288 3398 enim
2318 3344 2479 3414 primi
2508 3345 2701 3399 animae
2728 3354 2904 3403 motus
2933 3349 3000 3403 ad
3027 3349 3284 3405 malitiam
3311 3355 3712 3425 exscindantur,

2145 3434 2507 3490 necessarium
2564 3444 2650 3490 est
2718 3438 2999 3506 cupidines
3051 3443 3118 3495 ad
3187 3457 3324 3512 opus
3398 3446 3710 3514 procedere.

2141 3522 2383 3594 Exempli
2413 3539 2599 3595 causa,
2644 3536 2895 3597 peccator
2924 3540 3082 3586 terra:
3131 3542 3214 3588 est
3260 3537 3513 3605 cogitatio
3541 3536 3713 3593 forni-

2140 3613 2404 3668 cationem
2446 3628 2758 3686 suggerens,
2789 3634 2910 3688 qua;
2953 3620 3115 3676 elIicit
3159 3632 3218 3677 ut
3262 3626 3383 3694 quis
3428 3627 3711 3684 mulierem

2139 3702 2395 3770 respiciat
2438 3705 2506 3759 ad
2547 3708 3035 3778 concupiscendum
3090 3725 3207 3765 eam
3246 3713 3292 3745 ’⁵
3327 3729 3340 3766 :
3383 3715 3500 3771 haec
3545 3732 3711 3787 porro

2138 3795 2240 3849 nisi
2275 3795 2329 3849 in
2362 3796 2541 3850 anima
2576 3801 2878 3864 occidatur,
2905 3815 2970 3855 ac
3002 3802 3211 3856 ratione
3236 3818 3334 3859 ceu
3366 3804 3543 3875 gladio
3565 3809 3712 3862 scin-

2135 3884 2295 3939 dente
2326 3894 2381 3940 et
2406 3885 2632 3942 affectus
2651 3888 2868 3957 tollente
2892 3891 3147 3955 caedatur,
3177 3890 3337 3961 idque
3359 3894 3412 3947 in
3443 3897 3707 3952 matutino

2134 3975 2418 4043 efﬁciatur,
2446 3978 2655 4034 scilicet
2685 3994 2808 4033 cum
2837 3980 3071 4049 primum
3097 3981 3183 4035 illa
3214 3984 3390 4053 palam
3415 3986 3706 4054 deprehen-

2133 4069 2274 4122 ditur
2308 4068 2463 4142 (nam
2487 4070 2702 4140 quidvis
2733 4072 3084 4143 conspicuum
3114 4073 3204 4130 lux
3228 4084 3373 4143 est),
3411 4089 3530 4147 post
3558 4079 3702 4135 illam

447 4152 695 4222 φητικῶν
726 4154 954 4224 λογίων,
1003 4159 1031 4211 ὃ
1068 4160 1142 4231 μὴ
1190 4160 1365 4231 θέμις.
1421 4165 1581 4227 Πόλις
1616 4166 1710 4219 τοῦ
1757 4169 1961 4240 Κυρίου
1994 4176 2028 4244 ἡ

2152 4176 2184 4214 n
2219 4163 2382 4218 corde
2405 4161 2847 4231 fornicationem,
2886 4166 2950 4220 ad
2981 4167 3200 4237 gravius
3233 4169 3395 4225 etiam
3422 4182 3701 4239 peccatum

448 4240 708 4308 σύστασίς
752 4247 868 4299 ἐστι
909 4247 1012 4317 τῆς
1055 4250 1401 4333 ἀνθρωπίνης
1438 4260 1819 4329 κατασκευῆς’
1851 4240 2029 4333 ἁμαρ-ξ

2152 4250 2219 4304 lla
2265 4251 2535 4308 hominem
2583 4253 2846 4319 deducet,
2882 4255 2935 4310 id
2984 4265 3067 4311 est
3113 4259 3182 4312 ad
3215 4274 3532 4330 corporeum
3567 4277 3702 4330 Opus

442 4331 603 4385 τωλοὶ
631 4334 725 4386 καὶ
748 4336 872 4406 γῆς,
910 4338 1036 4408 περὶ
1064 4332 1139 4392 ὧν
1175 4358 1339 4412 φησιν
1381 4345 1409 4396 ό
1449 4344 1675 4417 Σωτὴρ,
1711 4348 1794 4401 ὅτι
1837 4331 2027 4406 "Eatu-

2146 4341 2392 4401 tvocabit.
2432 4361 2451 4396 ι
2497 4342 2622 4399 Haec
2651 4347 2717 4399 ad
2749 4347 2967 4400 verbum
3019 4346 3270 4418 leguntur
3305 4351 3444 4420 apud
3479 4353 3705 4422 pseudo-

442 4427 549 4478 θεν
578 4424 647 4477 ἐκ
672 4424 781 4493 τῆς
809 4428 1056 4495 καρδίας
1078 4430 1424 4500 ἐξέρχονται
1447 4438 1726 4507 λογισμοὶ
1751 4444 2024 4510 πονηροὶ,

2146 4433 2385 4488 ζοείιίυιιι
2453 4449 2518 4489 eo
2559 4436 2611 4489 in
2666 4435 2817 4501 loco,
2892 4437 2981 4491 ubi
3036 4439 3224 4493 ultima
3275 4441 3394 4497 vice
3450 4445 3700 4513 explanat

440 4518 634 4582 φόνοι,
661 4517 937 4586 μοιχεῖαι,
991 4521 1277 4589 ποριη-εῖαι,
1323 4525 1574 4593 κλοπαὶ,
1608 4530 2021 4602 ’ψευδομαρτυ-

429 4608 578 4673 pitu,
603 4609 1009 4680 βλασφημίαι.
1048 4614 1239 4668 Ταῦτά
1273 4617 1406 4671 ἐστι
1435 4618 1508 4672 τὰ
1558 4623 1874 4677 κοινοῦντα
1914 4625 2022 4680 τὸν

435 4699 770 4769 ἄνθρωπον.
813 4703 1047 4768 Τούτους
1078 4705 1142 4777 δὴ
1182 4706 1308 4771 τοὺς
1341 4710 1405 4763 ἐκ
1447 4710 1549 4781 τῆς
1580 4714 1773 4786 γηῖνης
1820 4717 2022 4788 σαρκὸς

437 4793 741 4861 προϊόντας,
783 4796 904 4850 καθ’
947 4798 1183 4866 ἑκάστην
1214 4799 1423 4855 ἔννοιαν
1460 4802 1560 4873 τὴν
1595 4808 1724 4877 περὶ
1765 4807 1899 4861 Θεοῦ
1934 4809 2019 4877 ἐξ·

435 4884 685 4952 αφανίζει
707 4889 769 4940 ἐκ
785 4887 884 4959 τῆς
903 4889 1037 4952 ίδίας
1058 4892 1370 4956 συστάσεως
1390 4896 1418 4947 ὁ
1439 4896 1637 4950 ἑαυτὸν
1655 4899 2017 4971 ἐκκαθαίρων.

434 4975 620 5044 Ιῐρωία
644 4973 736 5032 οῦν
766 4980 859 5031 καὶ
880 4980 1074 5053 ὄρθρος
1101 4983 1158 5036 ἐν
1184 4983 1329 5056 ψυχῇ
1359 4985 1479 5063 καθ’
1497 4988 1736 5060 ἑκάστην
1761 4992 2020 5063 ἀνατολὴν

433 5067 699 5137 σωτηρίου
756 5069 997 5138 γίνεταιο
1048 5075 1105 5127 ἐν
1236 5058 1652 5147 ἐξαφανίζεσθαι
1694 5058 1773 5135 δεῖ
1812 5058 2018 5148 πάντας

429 5157 554 5221 τοὺς
583 5160 984 5231 ἐργαζομένους
1012 5167 1112 5237 τὴν
1155 5169 1385 5240 ἀνομίαν
1437 5169 1747 5243 λογισμούς.
1802 5174 1864 5227 Εἰ
1908 5175 2015 5246 γὰρ

434 5248 506 5318 μὴ
540 5250 607 5305 τὰ
659 5251 850 5324 πρῶτα
896 5255 1031 5327 πρὸς
1065 5260 1329 5329 πονηρίας
1375 5263 1651 5333 κινήματα
1693 5262 1793 5333 τῆς
1833 5264 2012 5336 ψυχῆς

429 5335 746 5412 ἐκτμηθείη,
776 5343 988 5417 ἀνάγκη
1022 5349 1102 5411 είς
1131 5349 1288 5419 ἔργον
1333 5354 1685 5423 προχωρῆσαι
1720 5352 1819 5416 τὰς
1851 5335 2009 5406 ἐνθυ-

2117 5257 2220 5313 hoc
2247 5273 2306 5314 se
2356 5261 2516 5316 modo
2555 5262 2813 5330 exprimit
2860 5281 2876 5318 :

2116 5349 2587 5421 παρηλλαγμένως
2615 5353 2713 5416 τὰς
2746 5353 2956 5424 κρίσεις
2984 5355 3295 5426 ἐκφέρουσι,
3325 5358 3429 5429 πρὸ
3455 5361 3691 5432 καταλη-

2125 4524 2215 4581 illa
2247 4526 2419 4594 (num.
2451 4525 2577 4597 165)
2603 4544 2616 4581 :
2656 4525 2846 4597 Itaque
2872 4543 2948 4583 me
2979 4529 3048 4583 iis
3090 4533 3178 4601 qui
3213 4544 3432 4603 surgunt
3461 4551 3612 4591 mane
3628 4539 3694 4601 ",

2125 4626 2227 4673 etc.
2257 4617 2488 4674 Necesse
2543 4633 2648 4673 non
2704 4630 2835 4689 puto
2888 4623 3181 4693 quidquam
3248 4625 3471 4681 addere.
3526 4629 3696 4698 Spero

2127 4709 2272 4764 cnim
2291 4724 2479 4764 omnes
2502 4710 2750 4766 homines
2774 4710 2909 4766 mihi
2936 4728 3274 4780 assensuros,
3301 4716 3692 4785 ineptissimam

2125 4799 2272 4854 illam
2316 4800 2709 4871 interpretandi
2758 4803 3020 4859 rationem
3067 4820 3171 4860 non
3211 4807 3404 4863 decere
3445 4824 3692 4880 magnum

2125 4892 2273 4946 illum
2303 4891 2592 4960 Basilium,
2612 4908 2714 4948 nec
2752 4896 2802 4948 ei
2827 4895 2935 4951 ullo
2970 4898 3128 4952 modo
3160 4899 3319 4954 tribui
3350 4916 3531 4970 posse.
3563 4901 3694 4959 Pro-

2126 4983 2293 5040 feram
2332 4993 2510 5040 tamen
2538 4995 2592 5041 et
2626 4987 2770 5042 aliud
2809 4989 3173 5043 testimonium
3206 5006 3236 5045 e
3275 4992 3483 5061 psalmo
3512 5006 3693 5052 cente-

2127 5075 2265 5131 simo
2303 5077 2459 5132 tertio
2507 5079 2581 5148 (ν.
2639 5078 2757 5149 54),
2805 5079 2895 5134 ubi
2949 5079 3218 5136 Eusebius
3260 5081 3313 5136 in
3363 5085 3693 5153 explicandis

2121 5168 2303 5223 verbis
2331 5168 2457 5235 illis,
2486 5170 2793 5226 Jucundum
2822 5172 2890 5226 sit
2928 5173 2979 5226 ei
3018 5173 3279 5243 eloquium
3318 5192 3517 5242 meum,
3556 5190 3686 5242 etc.,

2923 5263 3115 5317 Πολλοὶ
3150 5266 3293 5319 κατὰ
3335 5270 3690 5341 συναρπαγὴν

432 5428 643 5496 μήσεις.
676 5426 820 5499 Οῗον,
845 5436 951 5507 γῆς
995 5439 1315 5511 ἁμαρτωλός
1356 5444 1505 5497 ἐστιν
1538 5445 1567 5495 ό
1612 5446 1709 5513 τὴν
1765 5444 2008 5516 μοιχείαν
2111 5439 2257 5508 ψεως
2271 5443 2370 5513 τῆς
2387 5442 2447 5509 ἐξ
2469 5445 2650 5497 ἱκανοῦ
2672 5445 2851 5513 λόγου,
2877 5447 2970 5499 καὶ
2994 5446 3269 5502 ὲπιπλείον
3291 5426 3685 5522 ἐρευνηθέντος,

430 5517 746 5576 ύποϐάλλων
777 5525 1052 5598 λογισμὸς,
1089 5532 1235 5595 ὅστις
1267 5534 1481 5605 ἐνεργεῖ
1512 5536 1572 5589 τὸ
1610 5536 1875 5606 ἐμϐλέψαι
1913 5555 2009 5606 γυ-

429 5610 576 5660 ναικὶ
609 5611 744 5680 πρὸς
768 5615 827 5668 τὸ
849 5620 1184 5691 ἐπιθυμῆσαι
1213 5626 1380 5695 αὐτῆς
1404 5644 1416 5657 ·
1447 5621 1598 5691 οὗτος
1628 5630 1721 5681 ἐὰν
1765 5630 1837 5699 μὴ
1872 5633 2004 5683 ἀπο-

2111 5533 2484 5605 ἐγγινομένης,
2520 5536 2895 5601 ἀϐασανίστως
2927 5541 3061 5592 κατά
3089 5542 3415 5612 προπέτειαν
3442 5544 3540 5607 τὰς
3561 5548 3687 5615 περὶ

2112 5625 2339 5679 ἑκάστου
2383 5626 2649 5698 δόγματος
2688 5629 3002 5699 ῥιπτοῦντες
3035 5636 3472 5698 συγκαταθέσεις.
3520 5636 3582 5689 Ἡ
3627 5637 3680 5689 δὲ

502 5723 545 5757 "
569 5721 708 5778 Paul.
744 5741 852 5795 cm,
882 5730 971 5787 Q6.
1050 5735 1091 5765 ’³
1128 5734 1227 5790 lsa.
1266 5753 1321 5804 ιι,
1358 5738 1437 5793 l6.
1518 5741 1561 5771 ’⁸³
1586 5740 1727 5796 Psul.
1767 5757 1815 5811 c,
1842 5742 1890 5796 8.
1972 5743 2013 5774 ’⁸
2044 5740 2228 5798 Matth.
2262 5759 2346 5801 xv.
2385 5745 2467 5797 ἆυ.
2546 5745 2589 5775 ³⁸
2616 5742 2800 5797 Matth.
2837 5759 2886 5809 v,
2918 5744 3007 5800 ‘28.
3087 5747 3130 5777 ³⁷
3159 5746 3259 5801 lsa.
3292 5762 3342 5811 ν,
3378 5749 3460 5800 ll.
