4094 6220
1545 361 1606 416 D.
1647 362 1790 418 JUL
1832 361 2155 414 GAHNERII
2198 362 2583 418 l’H.-'EFATIO.

3516 379 3686 418 ςςικν

434 485 534 552 τῆς
577 482 917 551 διαλεκτικῆς
968 480 1126 549 φύσις
1171 480 1401 552 μάλιστα
1451 482 1803 534 πεπίστευται
1847 481 1993 534 ταῦτ(

2119 482 2394 534 centesimi
2449 480 2562 533 fuse
2627 490 2679 534 et
2730 481 3108 550 intempestive
3153 481 3252 535 sibi
3315 481 3684 550 explicandam

435 574 693 645 παρέχειν
724 572 1014 638 δύνασθαι,
1045 573 1272 643 διαιρεῖν
1300 574 1541 645 ἀκριϐῶς
1587 574 1683 636 τὰς
1727 573 1835 625 τῶν
1882 591 2014 643 πρα-

435 666 657 736 γμάτων
683 665 892 734 φύσεις,
925 666 1018 717 καὶ
1043 665 1111 718 τὰ
1135 666 1293 736 ὅμοια
1328 665 1635 738 γνωρίζειν,
1668 666 1763 718 καὶ
1795 664 1861 717 τὰ
1889 666 2014 716 ἐαυ-

433 758 532 829 τῆς
578 757 895 828 διακρίνειν.’
941 757 1140 828 Διόπερ
1190 756 1443 820 συνειδὼς
1491 756 1668 826 ἑαυτῷ
1709 756 1807 826 τὴν
1860 755 2010 807 θείαν

433 850 772 920 διαλεκτικὴν
815 851 1022 920 ἔχοντι,
1061 850 1246 918 ἔλεγεν
1289 853 1318 904 ὁ
1365 849 1528 902 Δαὸὶδ
1570 849 1650 911 τὸ,
1693 847 2005 914 Ἠδυνθείη

435 961 533 997 σοι
563 945 598 1010 ὴ
620 943 868 1014 διαλογὴ
892 963 1028 1014 μου.
1079 945 1142 997 'H
1164 945 1272 1014 γὰρ
1303 945 1409 998 τῶν
1432 943 1716 1015 ἐριστικῶς
1745 944 1838 996 καὶ
1868 942 2010 1010 φιλο-

435 1039 627 1102 νείκως
671 1038 1108 1109 ἐπεμϐαινόντων
1157 1040 1266 1099 τοῖς
1327 1037 1614 1107 πράγμασι
1675 1034 2006 1102 διαλεκτικὴ,

435 1130 532 1198 οὐχ
576 1130 749 1199 ἡδεῖα,
794 1129 926 1182 ἀλλὰ
955 1127 1465 1198 παραπικραίνουσά
1490 1126 1572 1190 τίς
1600 1128 1766 1178 ἐστιν.
1806 1144 1824 1176 ι
1859 1125 2006 1180 Multi

435 1231 670 1290 quaestus
699 1236 859 1275 causa
893 1235 1144 1288 perverse
1170 1219 1372 1289 judicia
1411 1218 1630 1282 ferunt,
1679 1217 1773 1271 sed
1819 1225 1867 1269 et
1904 1230 2005 1268 an-

437 1323 648 1381 tequam
680 1329 774 1381 per
811 1322 1122 1366 accuratum
1170 1326 1397 1364 examen
1438 1321 1492 1363 et
1536 1309 2004 1378 perquisitionem,

435 1414 537 1466 qua
570 1399 634 1452 de
682 1414 740 1452 re
780 1409 973 1469 agatur
1003 1398 1328 1467 intelligant,
1373 1408 1578 1452 temere
1615 1396 1839 1466 singulis
1882 1410 2007 1450 sen-

435 1491 618 1544 tentiis
647 1505 926 1545 assensum
958 1489 1220 1560 prtcbent.
1265 1491 1335 1542 At
1383 1503 1442 1542 ea
1476 1487 1773 1542 dialecticae
1813 1498 2003 1542 natura

433 1588 534 1647 est,
568 1590 623 1633 ut
652 1596 832 1635 rerum
862 1592 1082 1634 naturas
1105 1591 1358 1634 accurate
1391 1579 1774 1647 distinguendi,
1799 1589 1848 1632 et
1882 1593 2003 1646 qua:

435 1673 500 1726 ad
545 1690 602 1728 se
652 1674 963 1742 pertineant
1009 1671 1348 1728 discernendi
1395 1670 1703 1724 facultatem
1748 1680 2002 1740 praastare

433 1782 588 1836 posse
625 1774 856 1833 putetur.
907 1764 1268 1831 Quamobrem
1323 1763 1488 1817 David
1540 1778 1662 1818 cum
1710 1777 1771 1818 se
1817 1763 1996 1816 divina

2117 574 2497 642 proposuisse?
2521 573 2641 626 Hrec
2672 585 2821 627 certe
2848 574 3097 642 scriptori
3131 574 3335 626 ultimm
3365 574 3550 632 sortis.
3579 589 3684 625 nun

2115 665 2312 718 oratori
2346 664 2532 734 primae
2568 672 2708 718 nota:
2735 665 2786 717 in
2819 673 3051 719 mentem
3101 664 3284 719 venire
3321 673 3630 734 potuerunt.

2183 843 2273 896 GI.
2310 842 2525 898 Eusebii
2561 844 2983 898 commentarios
3029 854 3083 897 et
3116 843 3530 912 pseudo-Basilii
3558 859 3678 898 cum

2113 935 2426 999 considero,
2476 950 2580 988 non
2609 950 2828 1002 possum
2886 935 3015 1004 quin
3062 937 3278 988 credam
3316 936 3457 989 hunc
3498 936 3564 989 ab
3592 937 3680 988 illu

2111 1030 2398 1080 maximam
2431 1027 2511 1080 sui
2543 1029 2722 1095 operis
2761 1035 2968 1096 partem
3003 1030 3070 1080 ad
3105 1026 3324 1080 verbum
3362 1027 3675 1096 sumpsisse.

2111 1119 2282 1173 Tanta
2311 1132 2392 1173 est
2413 1123 2558 1174 enim
2588 1121 2641 1175 in
2674 1130 2900 1189 utroque
2925 1118 3314 1174 commentario
3345 1120 3676 1174 convenien-

2111 1210 2186 1263 tia
2229 1210 2384 1280 styli,
2437 1219 2695 1278 tantaque
2733 1210 3065 1273 similitudo,
3114 1210 3165 1262 id
3203 1219 3260 1262 ut
3291 1209 3421 1262 mihi
3457 1210 3679 1264 minime

2109 1298 2328 1352 dubium
2361 1315 2483 1354 esse
2520 1300 2786 1353 videatur.
2819 1299 2923 1354 Sed
2966 1315 3087 1352 cum
3114 1313 3240 1368 pars
3275 1299 3534 1352 duntaxat
3569 1300 3678 1352 En-

2107 1390 2312 1443 Sebiani
2352 1391 2726 1444 commentarii
2768 1391 2833 1444 ad
2884 1405 2981 1444 nos
3018 1391 3361 1459 pervenerit,
3397 1405 3558 1460 quam
3610 1407 3674 1443 ex

2106 1482 2312 1534 catenis
2365 1481 2626 1534 edendam
2696 1482 2906 1536 curavit
2972 1481 3443 1548 Moutfauconius,
3497 1485 3676 1537 omnia

2103 1570 2519 1640 pseudovBasilii
2576 1573 2716 1626 furta
2773 1575 3028 1642 detegere
3080 1575 3280 1629 frustra
3333 1591 3671 1636 conaremur.

2101 1663 2351 1717 Attamen
2387 1675 2582 1733 praeter
2609 1681 2672 1718 ea
2701 1681 2821 1730 qua:
2845 1666 2952 1734 jam
2987 1667 3314 1732 notavimus,
3339 1677 3392 1721 ct
3419 1669 3520 1722 alia
3541 1684 3677 1738 quo-

2103 1768 2209 1822 que
2253 1771 2356 1808 non
2398 1771 2562 1824 pauca
2607 1757 2794 1811 eodem
2839 1773 2904 1812 ex
2953 1757 3103 1812 fonte
3146 1760 3212 1812 ab
3265 1760 3448 1814 eodem
3482 1760 3674 1814 hausta

433 1856 712 1911 dialectica
763 1858 1084 1910 instructum
1128 1870 1246 1909 esse
1301 1865 1684 1925 cognosceret,
1738 1853 1994 1907 dicebat:
2030 1845 2071 1899 Β
2101 1863 2221 1902 esse
2265 1849 2410 1902 nullo
2451 1852 2696 1920 negotio,
2744 1854 2846 1905 nisi
2905 1853 3058 1907 valde
3109 1854 3298 1917 fallor,
3344 1856 3670 1923 pervincam.

431 1945 733 1998 Iucundum
760 1945 826 1997 sit
873 1946 964 1997 tibi
1009 1945 1269 2011 eloquium
1307 1961 1513 2006 meum,
1557 1946 1670 1999 sive
1713 1944 1995 1998 dialeCLica

434 2052 573 2091 mea.
605 2035 741 2090 Nam
773 2035 1052 2091 dialectica
1091 2051 1276 2090 eorum
1318 2035 1407 2104 qui
1440 2035 1736 2090 altercandi
1771 2051 1834 2090 ac
1866 2050 1996 2090 con-

434 2131 681 2184 tendendi
714 2129 890 2184 animo
916 2143 1003 2183 res
1032 2129 1415 2199 aggrediuntur
1435 2140 1584 2192 ,‘non
1607 2128 1864 2197 jucunda,
1901 2127 1995 2181 sed

430 2224 607 2292 potius
631 2237 958 2290 exasperans
985 2234 1087 2275 est.
1124 2241 1142 2272 ι
1179 2221 1246 2275 Et
1272 2223 1382 2276 bzec
1409 2236 1623 2290 quoque
1659 2219 1993 2289 pseudo-Ba-

431 2315 584 2379 silius
614 2316 848 2369 insuum
879 2314 1326 2368 commentarium
1369 2313 1664 2367 transferre
1706 2328 1808 2366 non
1839 2312 1993 2366 dubi-

431 2407 566 2461 tavit
603 2408 771 2475 (num.
807 2405 952 2475 I75),
995 2420 1115 2458 cum
1159 2404 1270 2467 illa,
1319 2402 1410 2458 Va:
1455 2405 1547 2474 qui
1576 2403 1750 2457 dicitis
1797 2405 1994 2457 malum

431 2503 616 2552 bonum
633 2499 699 2564 ’⁸,
728 2506 854 2561 etc.,
879 2495 1190 2564 explicaret.
1214 2495 1529 2564 Exemplum
1550 2495 1793 2548 ultimum
1816 2505 1992 2564 petam

430 2603 461 2641 e
489 2587 694 2657 psalmo
721 2587 1013 2641 centesimo
1043 2588 1313 2654 secundo,
1359 2587 1514 2654 cujus
1554 2586 1762 2638 initium
1793 2587 1870 2639 sic
1907 2587 1991 2638 in-

431 2689 757 2749 terpretatur
798 2679 1102 2733 Eusebius:
1144 2679 1268 2741 Τοῖς
1317 2678 1465 2742 ὲντὸς
1513 2675 1676 2730 αὐτοῦ
1724 2677 1994 2748 προστάσ-

430 2788 511 2825 σει
573 2770 813 2839 εὐλογεῖν
859 2769 920 2821 τὸ
965 2768 1132 2838 ὄνομα
1175 2768 1399 2839 Κυρίου,
1446 2769 1692 2822 τουτέστι
1727 2771 1792 2840 τῇ
1835 2767 1992 2835 φύσει

426 2863 534 2915 τῶν
577 2861 777 2915 ἔσωθεν
822 2858 1186 2930 ἐξερχομένων
1228 2857 1620 2928 διαλογισμῶν,
1663 2851 1736 2911 ὧν
1774 2855 1992 2909 διπλοῦν

427 2956 542 3006 ἐστι
597 2953 657 3006 τὸ
714 2952 918 3022 τάγμα.
969 2953 1030 3002 OI
1081 2951 1178 3022 μὲν
1238 2949 1345 3021 γὰρ
1394 2949 1656 3019 μοχθηροί
1708 2949 1850 3011 είσι,
1900 2948 1993 3017 φύ-

425 3063 526 3107 νοι,
560 3047 813 3115 μοιχεῖαι,
853 3041 1074 3096 κλοπαί
1131 3043 1177 3093 οἱ
1216 3040 1273 3093 δὲ
1312 3041 1515 3092 ἀστεῖοι
1572 3039 1666 3092 καὶ
1715 3039 1990 3109 σωτήριοι,

427 3139 833 3210 φιλανθρωπία,
881 3137 1231 3207 σωφροσύνη,
1265 3134 1324 3187 τὸ
1355 3133 1682 3186 κοινωνικόν.
1719 3127 1789 3202 ᾯ.
1813 3133 1992 3184 τοίνυν

2102 1940 2306 1994 Monuit
2344 1941 2395 1994 in
2427 1943 2566 1996 notis
2592 1944 2704 1997 suis
2736 1944 2873 1998 idem
2896 1944 3000 2006 ille,
3027 1960 3185 2012 quem
3217 1960 3339 1999 mox
3374 1946 3668 2010 nominavi,

2100 2031 2405 2087 Bernardus
2450 2033 2901 2101 Montlauconius,
2959 2034 3344 2107 Hieronymum
3394 2037 3560 2090 multa
3604 2054 3669 2090 ex

2100 2124 2316 2180 Eusebii
2366 2127 2422 2180 in
2481 2126 2683 2180 Isaiam
2737 2129 3129 2181 commentario
3191 2129 3257 2182 ad
3304 2130 3522 2183 verbum
3557 2128 3671 2183 fere

2100 2217 2466 2282 convertisse,
2492 2233 2662 2287 eaque
2703 2219 2754 2272 in
2799 2233 2954 2272 suum
3005 2220 3347 2275 transtulisse
3380 2237 3394 2274 :
3430 2223 3572 2290 quod
3605 2238 3665 2276 ex

2099 2309 2338 2364 locorum
2377 2311 2665 2365 collatione
2705 2310 3044 2380 perspicuum
3089 2323 3190 2367 est.
3233 2313 3374 2383 Ergo
3419 2315 3464 2369 si
3490 2326 3670 2370 osten-

2099 2403 2228 2456 dero
2267 2401 2428 2454 multa
2489 2403 2588 2471 legi
2625 2404 2762 2473 apud
2796 2403 3206 2474 Hieronymum.
3243 2421 3362 2474 qua:
3393 2416 3576 2476 aperte
3602 2424 3665 2460 ex

2100 2493 2514 2563 pseudo-Basilii
2550 2498 2960 2552 commentariis
2998 2512 3254 2566 expressa
3283 2499 3421 2563 sint,
3455 2499 3578 2568 jure
3606 2519 3669 2552 ac

2099 2587 2292 2641 merito
2323 2596 2546 2656 uterque
2581 2597 2690 2640 tum
2737 2587 3098 2660 Hieronymus
3143 2599 3252 2642 tum
3284 2591 3670 2660 pseudo-Basi-

2098 2678 2202 2732 lius
2245 2679 2359 2733 Itmc
2400 2682 2466 2733 ab
2520 2677 2749 2733 Eusebio
2811 2682 3108 2750 sumpsisse
3169 2683 3518 2750 putabuntur.
3561 2682 3669 2736 Nec

2098 2787 2426 2842 quemquam
2474 2772 2745 2826 dicturum
2785 2783 2944 2842 puto,
2979 2773 3364 2841 Hieronymum
3401 2773 3665 2842 ejusmodi

2099 2863 2213 2916 loca
2254 2878 2319 2916 ex
2364 2864 2463 2918 hoc
2505 2864 2620 2934 ipso
2652 2865 2744 2934 qui
2787 2864 2972 2918 Basilii
3026 2867 3245 2919 nomine
3289 2863 3668 2920 circumfertur

2098 2954 2491 3007 commentario
2533 2954 2766 3008 mutuari
2815 2955 3094 3024 potuisse,
3137 2971 3258 3010 cum
3303 2956 3351 3008 id
3396 2970 3530 3024 opus
3563 2957 3664 3026 ipsi

2099 3053 2282 3097 notum
2313 3057 2417 3098 non
2444 3043 2607 3099 fuisse
2627 3046 2923 3100 videamus.
2965 3047 3324 3118 Hieronymus
3348 3049 3490 3103 enim
3516 3045 3667 3103 Isaiae

2101 3133 2421 3203 interpretes
2447 3135 2498 3188 in
2530 3151 2628 3190 suo
2657 3137 2878 3207 prologo
2921 3153 3228 3201 recensens,
3261 3139 3375 3207 ejus
3397 3140 3489 3208 qui
3514 3139 3664 3194 Basi-

428 3231 601 3285 πάντα
632 3229 701 3282 τὰ
732 3229 881 3291 ἐντὸς
900 3227 1254 3298 κατώρθωται
1282 3227 1359 3288 εἰς
1385 3225 1704 3296 ἑτοιμότητα
1731 3223 1824 3276 τοῦ
1854 3224 1993 3276 εὐλο-

2099 3223 2152 3277 lii
2181 3239 2371 3279 nomen
2397 3225 2615 3296 praefert
2645 3227 3016 3280 commentarii
3037 3229 3232 3282 uultam
3264 3231 3479 3283 omnino
3509 3244 3661 3283 men-

427 3326 541 3393 γείν
579 3325 639 3374 τὸ
661 3321 834 3391 ὄνομα
855 3319 949 3372 τοῦ
979 3318 1113 3372 Θεοῦ
1151 3319 1210 3371 τὸ
1249 3317 1420 3385 ἅγιον,
1458 3310 1610 3380 οὗτος
1639 3316 1818 3380 καλῶς
1860 3333 1996 3386 συμ·

428 3412 842 3484 παραλαμϐάνει
879 3411 977 3482 τὴν
1010 3409 1157 3465 ἔνδον
1194 3409 1460 3474 διάθεσιν,
1505 3410 1582 3472 εἰς
1604 3407 1700 3480 τὴν
1728 3407 1820 3460 τοῦ
1859 3405 1994 3460 Θεοῦ

427 3504 795 3576 εὐχαριστίαν.
860 3519 878 3552 ι
925 3499 1137 3553 Nemini
1203 3499 1411 3552 Domini
1473 3499 1793 3552 benedicere
1843 3496 1996 3565 jubet

427 3596 684 3650 interiora
716 3607 842 3659 sua,
873 3592 923 3646 id
965 3601 1046 3645 cst
1091 3589 1444 3659 cogitationes
1473 3603 1620 3652 suas,
1651 3603 1769 3656 quae
1816 3589 1884 3640 ab
1915 3587 1994 3640 in-

429 3693 511 3736 tus
550 3683 878 3749 procedunt,
919 3693 1140 3747 quarum
1175 3678 1366 3747 duplex
1393 3689 1477 3732 est
1501 3678 1651 3731 ordo.
1681 3677 1813 3730 AHIB
1849 3677 1991 3729 enim

427 3789 601 3842 prava:
630 3781 792 3836 sunt,
832 3785 1023 3839 nempe
1055 3770 1257 3831 aedes,
1307 3769 1688 3822 fornicationes
1732 3779 1787 3823 et
1851 3768 1991 3824 furta

426 3873 761 3933 spectantes;
803 3863 920 3917 alia:
973 3876 1102 3914 vero
1135 3861 1352 3914 urbana:
1385 3871 1438 3914 et
1471 3859 1767 3923 salutares,
1800 3875 1992 3929 nempe

429 3957 752 4019 humanitas,
803 3953 1156 4021 temperantia
1195 3960 1249 4006 et
1288 3951 1666 4006 communitas.
1722 3951 1771 4005 ls
1812 3952 1991 4020 itaque

431 4048 583 4116 cujus
613 4046 792 4100 onmia
823 4047 1081 4098 interiora
1113 4053 1257 4097 recta
1287 4053 1484 4097 suntet
1514 4052 1700 4110 parata
1732 4043 1797 4095 ad
1830 4043 1992 4096 bene-

426 4138 707 4194 dicendum
747 4134 947 4190 nomini
993 4142 1179 4188 sancto
1215 4131 1345 4199 Dei,
1397 4132 1640 4186 interiori
1672 4145 1770 4185 suo
1795 4131 1988 4185 affectu

428 4239 567 4283 recte
598 4228 766 4281 utitur
796 4227 862 4280 ad
902 4225 1194 4295 gratiarum
1239 4223 1481 4277 actiones
1523 4222 1628 4276 Deo
1669 4224 1921 4290 agendas.
1962 4240 1982 4274 ι

425 4319 548 4374 Ηίιεο
581 4319 800 4374 totidem
831 4315 1052 4387 syllabis
1081 4325 1134 4369 et
1158 4313 1380 4368 vocibus
1412 4313 1750 4380 reperiuntur
1772 4311 1986 4379 quidem

423 4413 560 4482 apud
589 4408 1077 4480 pseudo—Basilium
1111 4407 1283 4476 (num.
1310 4404 1455 4476 5H),
1492 4406 1653 4457 verba
1697 4405 1782 4456 illa
1813 4420 1826 4455 :
1858 4403 1986 4458 Ideo

423 4516 592 4560 tenter
613 4519 756 4556 meus
782 4517 938 4568 super
960 4499 1115 4553 Moab
1137 4501 1288 4567 quasi
1310 4499 1514 4550 cithara
1541 4497 1742 4550 sonabit
1769 4497 1835 4562 ”,
1854 4507 1984 4560 etc.,

423 4597 863 4663 interpretantem
905 4609 920 4644 :
963 4591 1057 4645 sed
1113 4590 1190 4644 sic
1240 4598 1454 4655 tamen,
1505 4597 1566 4642 ut
1620 4588 1672 4640 in
1717 4601 1782 4640 eo
1831 4587 1987 4656 paulo

421 4687 528 4740 sint
555 4684 776 4738 fusiora.
812 4683 890 4737 Ex
917 4697 1022 4750 quo
1057 4681 1135 4745 fit,
1169 4690 1225 4734 ut
1265 4679 1517 4733 librarios
1561 4680 1650 4747 qui
1682 4675 1985 4734 Eusebiana

420 4780 845 4848 exscripserunt,
891 4774 1091 4843 aliquid
1129 4773 1230 4826 huc
1285 4773 1403 4825 loco
1445 4771 1691 4825 omisisse
1721 4771 1982 4839 suspicer.

421 4870 563 4924 Satis
590 4880 705 4933 est,
731 4868 784 4921 ni
821 4865 1008 4928 fallor,
1041 4864 1155 4918 lucc
1191 4862 1466 4928 retulisse,
1496 4871 1554 4914 ut
1587 4861 1884 4930 imperfecti
1920 4860 1985 4913 il-

420 4964 520 5018 lius
550 4964 602 5016 in
645 4961 834 5015 Isaiam
869 4955 1238 5012 commentarii
1271 4953 1452 5008 νοθεία
1490 4955 1843 5019 ostendatur;
1885 4967 1985 5006 nec

421 5055 602 5110 multis
656 5032 832 5108 verbis
883 5065 1016 5118 opus
1065 5062 1185 5102 esse
1233 5048 1298 5100 ad
1364 5047 1416 5100 id
1457 5047 1792 5116 probandum
1836 5045 1983 5099 arbi-

422 5157 553 5201 trur.
581 5144 714 5198 Nam
749 5159 834 5198 res
879 5142 992 5211 ipsa
1031 5140 1261 5205 clamat,
1307 5139 1750 5193 facundissimum
1794 5148 1976 5192 orato-

423 5255 532 5292 rem
588 5236 877 5300 Basilinm,
920 5234 964 5286 si
1018 5231 1204 5285 Isaiam
1250 5231 1634 5300 interpretatus
1685 5239 1866 5295 esset,
1917 5231 1983 5283 de

421 5329 754 5400 compilando
783 5324 1169 5382 commentario
1197 5324 1412 5377 Eusebii
1443 5324 1496 5376 in
1526 5320 1766 5376 Psalmos
1801 5336 1865 5376 ne
1892 5336 1984 5376 co-

419 5423 708 5492 gitaturum
730 5419 1143 5488 quidemfuisse.
1161 5417 1386 5479 Etvero,
1407 5424 1462 5467 ut
1495 5429 1560 5468 ne
1577 5415 1763 5481 loquar
1792 5417 1854 5467 dc
1878 5428 1982 5468 cce-

423 5515 572 5578 teris,
612 5513 732 5583 quis
752 5512 851 5566 sibi
891 5510 1043 5564 facile
1068 5507 1677 5578 persuadebitBasilium
1704 5505 1978 5574 Magnum,

421 5623 538 5661 cum
571 5606 755 5661 Isaiam
802 5603 1147 5673 interpretari
1189 5601 1496 5665 debuisset,
1539 5610 1745 5671 partem
1789 5601 1980 5670 psalmi

489 5785 532 5817 ’⁸
561 5781 807 5848 lsa.v,‘20.
841 5785 883 5817 ’θ
918 5786 1017 5840 lsa.
1058 5799 1165 5848 ιιι,
1199 5781 1284 5836 Il.

2100 3313 2297 3367 tione'm
2339 3315 2484 3368 facit.
2537 3314 2721 3384 Neque
2756 3330 2883 3370 vero
2913 3318 3058 3372 credi
3096 3319 3286 3374 merito
3329 3329 3505 3390 potest
3535 3319 3661 3374 Hic-

2100 3419 2353 3482 ronymus
2386 3406 2502 3460 ideo
2546 3407 2613 3460 de
2641 3407 2743 3460 hoc
2783 3409 3174 3463 commentario
3222 3419 3428 3477 tacere,
3465 3419 3526 3464 ut
3568 3427 3664 3464 sua

2096 3495 2239 3548 furta
2287 3496 2454 3562 celet;
2499 3513 2624 3551 cum
2679 3497 2746 3554 de
2800 3497 3102 3553 Eusebiano
3152 3500 3542 3554 commentario
3589 3501 3665 3553 lu-

2095 3599 2313 3655 quatur,
2359 3603 2389 3642 c
2433 3604 2538 3658 quo
2579 3588 2844 3658 permulta
2904 3599 3221 3644 convertere
3271 3607 3376 3645 non
3436 3592 3661 3646 dubitat.

2095 3679 2303 3735 ltursus
2355 3681 2553 3735 dixerit
2599 3696 2792 3743 nemo,
2844 3681 3143 3747 imperfecti
3202 3682 3345 3736 illius
3389 3698 3666 3738 commen-

2097 3773 2217 3826 tarii
2252 3783 2523 3826 auctorem
2564 3787 2627 3827 ea
2686 3788 2806 3842 quae
2859 3773 3048 3827 Latine
3111 3775 3162 3826 in
3213 3774 3538 3845 Hieronymo
3583 3776 3661 3828 le-

2093 3874 2262 3933 gerat,
2287 3864 2470 3919 Graece
2500 3865 2814 3920 reddidisse.
2855 3865 3256 3920 Alienissitnum
3286 3867 3427 3920 enim
3466 3868 3516 3921 id
3543 3883 3664 3921 esse

2093 3970 2121 4007 a
2163 3955 2474 4009 Graecorum
2533 3957 2775 4011 moribus
2818 3972 3028 4020 oumes,
3081 3971 3138 4012 ut
3183 3959 3398 4028 opinor,
3453 3961 3656 4014 sciunt.

2093 4047 2361 4102 Praeterea
2418 4064 2539 4102 cum
2596 4059 2870 4103 exstarent
2935 4051 3268 4119 temporibus
3338 4051 3442 4106 illis
3510 4053 3660 4105 multi

2093 4141 2266 4196 Graeci
2298 4142 2349 4194 iu
2385 4140 2579 4195 Isaiam
2612 4143 3008 4210 commentarii,
3043 4143 3260 4198 dubium
3287 4160 3391 4198 non
3422 4155 3503 4199 est
3531 4147 3658 4215 quin

2091 4233 2327 4302 scriptor
2372 4234 2594 4289 Graecus
2644 4233 2861 4290 Graecos
2913 4236 3092 4305 potius
3155 4238 3459 4305 compilarit
3502 4255 3661 4308 quam

2091 4341 2258 4379 unum
2286 4325 2520 4396 aliquem
2561 4327 2880 4396 scriptorem
2939 4326 3216 4382 Latinum.
3253 4329 3536 4398 Reliquum
3579 4343 3661 4385 est

2093 4418 2253 4486 igitur
2279 4428 2336 4471 ut
2367 4429 2620 4486 uterque,
2676 4418 3038 4488 Ilieronymus
3089 4430 3144 4474 et
3196 4421 3662 4492 pseudo-Basilius

2089 4509 2209 4564 loca
2245 4510 2334 4564 illa
2389 4511 2489 4565 sibi
2511 4514 2836 4565 communia
2875 4514 2943 4566 ab
2998 4512 3180 4581 aliquo
3228 4525 3502 4566 mutuatus
3538 4515 3608 4566 sit
3644 4532 3658 4564 :

2088 4611 2247 4665 quem
2270 4613 2371 4665 ego
2408 4597 2674 4652 aflirmare
2713 4615 2871 4669 posse
2910 4600 3099 4656 videor
3129 4603 3289 4655 alium
3326 4603 3392 4656 ab
3428 4603 3661 4656 Eusebio

2089 4703 2194 4740 non
2219 4703 2361 4749 esse,
2388 4699 2581 4742 cumet
2605 4689 2988 4760 Hieronymum
3017 4701 3069 4746 et
3093 4693 3462 4745 commentarii
3486 4694 3656 4746 Grani

2090 4779 2411 4847 scriptorem
2475 4782 2641 4833 multa
2711 4784 2780 4837 ab
2833 4783 3066 4838 Eusebio
3108 4783 3404 4852 sumpsisse
3443 4784 3660 4838 aliunde

2089 4879 2322 4924 constet.
2356 4869 2474 4924 Jam
2527 4871 2866 4940 proferamus
2894 4875 3159 4943 exempla,
3197 4874 3390 4942 quibus
3447 4884 3656 4927 utrum-

2088 4973 2194 5026 que
2229 4959 2295 5012 ab
2328 4960 2515 5014 eodem
2547 4961 2694 5016 fonte
2722 4963 2965 5018 hausisse
2995 4973 3144 5019 certo
3182 4965 3432 5035 cegnosci
3467 4967 3658 5034 possit.

2091 5047 2184 5103 Sic
2209 5051 2371 5117 igitur
2402 5051 2640 5118 loquitur
2657 5053 3124 5120 pseudo-Basilius
3143 5054 3220 5125 (‘3,
3252 5055 3338 5118 I5,
3370 5071 3517 5108 num.
3543 5055 3653 5124 9|):

2087 5141 2247 5212 Φέρει
2275 5143 2331 5195 δὲ
2362 5143 2421 5195 τὸ
2447 5142 2660 5214 δένδρον
2689 5143 2847 5196 τοῦτο
2877 5145 3108 5215 καρπὸν,
3137 5145 3271 5198 ἀλλὰ
3312 5145 3508 5216 χοίρων
3537 5164 3659 5216 τρο-

2089 5234 2217 5304 φήν.
2249 5233 2347 5286 Διὰ
2390 5232 2548 5285 τοῦτο
2591 5233 2804 5303 δένδρον
2835 5232 3096 5305 αἰσχύνης
3136 5235 3404 5305 ὠνόμασε.
3433 5234 3505 5285 Τὸ
3549 5236 3658 5306 γὰρ

2084 5324 2266 5378 Βασὰν
2287 5328 2364 5387 εἰς
2393 5326 2490 5394 τὴν
2516 5325 2775 5396 αἰσχύνην
2807 5325 3330 5395 μεταλαμϐάνουσιν.
3362 5320 3460 5376 Ὧν
3493 5320 3583 5378 οὖν
3620 5329 3656 5396 ἡ

2087 5419 2211 5482 δόξα
2234 5418 2334 5487 τῆς
2371 5418 2745 5488 καρποφορίας
2769 5419 2996 5490 αἰσχύνη
3034 5419 3170 5483 ἐστὶ,
3204 5420 3294 5471 καὶ
3325 5419 3414 5470 ἐπὶ
3449 5417 3657 5480 τούτοις

2089 5508 2239 5561 ἔσται
2263 5511 2298 5579 ἠ
2335 5508 2514 5579 ἡμέρα
2542 5508 2636 5560 τοῦ
2679 5509 2904 5580 Κυρίου.
2924 5510 3052 5577 Qua:
3080 5511 3155 5563 sic
3186 5523 3441 5577 expressa
3474 5508 3658 5577 legun-

2090 5611 2179 5656 tur
2210 5601 2347 5671 apud
2412 5601 2795 5671 Hieronymum
2857 5618 2976 5672 pag.
3039 5602 3129 5666 27,
3184 5601 3431 5664 liberius,
3470 5599 3657 5665 idest,
