4094 6220
473 369 668 409 ccxxvt
1833 350 2365 410 PROLEGOMENA.

477 467 784 538 Hieronymi
831 480 1024 521 more:
1061 485 1080 518 ι
1121 465 1250 534 Qua:
1283 467 1382 522 etsi
1435 467 1658 524 fecerint
1690 461 1923 536 fructus,
1948 485 2042 541 pe-
2075 477 2120 531 Α
2149 470 2316 523 dituin
2363 482 2480 522 esse
2530 469 2598 524 ab
2649 466 2976 540 Hieronymo
3019 483 3510 539 παραφραστικως,
3552 482 3713 538 quem

475 574 663 612 corum
695 566 821 613 sunt
842 557 1167 612 alimenta...
1197 567 1251 613 et
1288 558 1669 628 interpretatur
1699 562 1950 633 αἰσχύνη,
1992 562 2044 616 id
2149 559 2316 613 multo
2361 569 2605 628 tempore
2687 561 3140 615 desideraverant.
3204 560 3559 632 Hieronymus
3589 578 3711 630 pag.

479 648 970 718 est,ignominia...
1025 647 1200 717 Super
1229 664 1420 704 omnes
1452 665 1582 722 ergo
1626 653 1718 721 qui
1764 655 2046 724 eriguntur
2147 649 2238 713 Η,
2273 649 2326 702 in
2363 648 2520 703 verba
2561 648 2688 702 illa:
2715 649 2846 703 Cum
2892 649 3117 702 nbluerit
3153 648 3406 703 Dominus
3433 651 3610 703 sordes
3646 651 3717 718 β·
3757 699 3759 701 ,

479 741 532 794 in
564 738 890 808 superbiam,
926 747 982 794 et
1015 740 1219 794 faciunt
1259 754 1420 808 opera
1449 742 1773 813 ignominiaa,
1809 746 2044 813 atquein
2148 741 2340 794 liarum
2367 739 2499 796 Sion
2535 741 2601 806 ³⁸,
2633 743 2710 796 sic
2739 741 2957 810 scripsit
2985 759 2998 794 :
3035 759 3054 792 ι
3097 741 3161 796 Ει
3200 751 3325 797 nota
3355 742 3498 810 quod
3525 743 3718 797 sordes

481 844 637 884 caeno
664 829 950 883 libidinum
980 829 1316 894 volutantur,
1365 829 1580 886 Domini
1623 833 1859 886 vindicta
1917 848 2047 890 eon-
2149 834 2380 888 ﬁliarum
2407 833 2604 888 laverit
2630 834 2826 902 spiritu
2853 832 3396 903 judicii,sanguinem
3423 840 3600 886 autem
3627 830 3716 886 Je-

483 929 689 989 surget.
731 938 751 972 ι
790 920 932 987 Quin
969 929 1022 974 et
1049 919 1409 990 Hieronymus
1454 935 1576 974 cum
1611 922 1772 990 paulo
1813 936 1934 992 post
1967 924 2048 978 sic
2150 925 2382 980 rusalem
2457 925 2650 995 spiritu
2711 924 3126 979 combustionis.
3189 923 3341 991 Quod
3402 924 3546 978 enim
3598 923 3716 978 leve

482 1009 745 1066 scriberet
779 1027 794 1062 :
830 1028 849 1061 ι
881 1009 947 1064 Ει
969 1025 1113 1063 nunc
1134 1009 1278 1064 diem
1307 1008 1516 1064 Domini
1541 1026 1702 1078 super
1728 1014 1922 1067 cedros
1958 1012 2048 1066 Li-
2149 1025 2249 1079 est,
2287 1017 2496 1068 lavatur
2525 1033 2539 1068 :
2587 1011 2730 1082 quod
2781 1013 3022 1081 gravius,
3050 1011 3319 1075 exuritur,
3372 1020 3502 1078 etc.,
3541 1028 3561 1063 ι
3597 1023 3718 1079 quae

479 1101 606 1156 bani
641 1115 822 1156 sermo
861 1100 1207 1168 propheticus
1260 1101 1652 1167 comminetur;
1693 1120 1712 1152 ι
1750 1102 2050 1170 respexisse
2149 1105 2276 1175 quin
2308 1119 2340 1160 e
2378 1102 2581 1158 Graecis
2613 1118 2870 1173 expressa
2925 1103 3055 1166 sint,
3109 1099 3342 1155 dubitari
3400 1114 3559 1169 posse
3608 1116 3718 1154 non

478 1194 693 1248 videtur
726 1193 793 1246 ad
847 1193 1034 1246 Grieca
1073 1191 1188 1255 illa,
1223 1206 1344 1260 quae
1399 1191 1597 1246 ibidem
1643 1192 1934 1262 leguntur:
1982 1194 2049 1246 Ἡ
2152 1208 2302 1265 puto.
2331 1194 2435 1250 Sed
2467 1209 2588 1264 quae
2651 1195 2772 1249 fuse
2807 1193 2943 1248 dixit
2990 1191 3477 1260 pseudo-Basilius,
3530 1193 3717 1246 eadem

477 1283 574 1338 τοῦ
603 1285 811 1357 Κυρίου
854 1285 1038 1356 ἡμέρα
1076 1285 1170 1337 καὶ
1201 1287 1314 1347 τοῖς
1356 1284 1596 1355 δένδροις
1642 1287 1740 1354 τῆς
1787 1284 2049 1355 αἰσχύνης

2153 1281 2513 1351 Hieronymus
2541 1282 2777 1337 breviter
2807 1282 3150 1352 perstrinxit.
3181 1281 3312 1350 Legi
3353 1288 3530 1351 potest
3554 1295 3716 1350 pseu-

479 1381 556 1444 ὼς
594 1378 803 1450 φοϐερὰ
860 1377 1182 1432 ἀπειλεῖται.
1221 1376 1694 1433 Pseudo-Basilius
1733 1393 1918 1433 rursus
1971 1378 2051 1433 sic

2150 1372 2480 1428 do-Basilius
2528 1375 2581 1427 in
2640 1374 2784 1428 hunc
2838 1373 3014 1440 ipsum
3059 1370 3210 1426 Isaiae
3257 1371 3454 1428 locum.
3491 1369 3714 1425 Dubium

480 1472 720 1540 loquitur
752 1472 828 1539 ('5,
875 1469 928 1535 9,
971 1485 1118 1524 num.
1181 1470 1304 1538 115)
1340 1489 1352 1523 :
1387 1470 1597 1540 ’Ὠσπερ
1628 1471 1894 1526 ἐκεῖνοι...
1930 1469 2051 1540 οὐχὶ

2149 1479 2368 1532 quoque
2396 1479 2503 1518 non
2543 1474 2624 1518 est
2653 1463 2784 1532 quin
2816 1461 3174 1534 Hieronymus
3200 1476 3320 1532 pag.
3345 1460 3413 1515 49
3445 1459 3718 1531 exemplar

387 1588 390 1590 τ
483 1566 721 1635 ῥήμασιν
753 1562 1126 1634 εὐπροσώποις
1165 1563 1264 1633 τὴν
1297 1560 1582 1630 ἀσέλγειαν
1630 1562 2004 1614 συνεκάλυπτοι

2150 1554 2398 1610 Graecum
2452 1555 2706 1610 habuerit
2757 1557 2826 1610 ob
2882 1555 3090 1619 oculos,
3147 1571 3272 1610 cum
3313 1555 3399 1608 illa
3439 1569 3455 1605 :
3499 1553 3586 1607 Va:
3629 1555 3719 1624 qui

483 1657 592 1709 Ποῦ
632 1656 737 1728 γάρ
775 1657 902 1720 εἰσι,
939 1657 1126 1724 φησιν,
1154 1657 1203 1707 οἰ
1233 1653 1424 1724 ἄνδρες
1460 1653 1510 1706 οἰ
1541 1652 1869 1716 εἰσελθόντες
1902 1653 2052 1726 παρά

2151 1645 2472 1715 conjungitis
2499 1644 2712 1698 domum
2747 1647 2816 1699 ad
2851 1646 3061 1698 domum
3087 1645 3153 1713 ³³,
3185 1654 3315 1710 etc.,
3344 1645 3414 1698 ita
3459 1645 3721 1714 interpre-

483 1748 598 1812 σοί;
637 1747 899 1815 Ἐξάγαγε
942 1747 1142 1808 αὐτοὺς
1175 1745 1310 1816 πρὸς
1344 1746 1514 1815 ἡμᾶς,
1537 1745 1623 1796 ἵνα
1645 1744 1828 1808 αὐτοῖς
1851 1761 2050 1813 συγγε-
2087 1810 2100 1816 _

2101 1811 2124 1816 _
2155 1743 2364 1789 taretur
2392 1751 2408 1791 :
2439 1752 2458 1786 ι
2499 1733 2658 1788 Juxta
2691 1734 3047 1804 tropologiam
3086 1743 3270 1788 contra
3296 1733 3576 1788 haereticos
3598 1734 3718 1802 qui-

483 1810 722 1906 νώμεθα.
761 1810 1003 1906 Ἐκείνην
1037 1810 1347 1906 ἐμιμήσατο
1367 1810 1468 1905 τὴν
1488 1834 1788 1905 ἁμαρτίαν·
1823 1810 2054 1906 τὴν-γὰρ
2087 1810 2100 1869 1

2102 1811 2132 1869 Β
2158 1825 2280 1879 dam
2305 1827 2408 1880 hoc
2434 1825 2636 1880 dictum
2669 1826 3096 1880 arbitrantur....
3130 1835 3184 1880 et
3219 1826 3441 1879 audiunt
3469 1826 3566 1880 sub
3601 1824 3719 1878 aliis

483 1929 754 1999 ἁμαρτίαν
781 1928 978 1993 αὐτῶν,
1011 1928 1086 1992 ὡς
1109 1927 1354 1998 Σοδόμων
1388 1925 1719 1997 ἀνήγγειλαν
1747 1927 1839 1979 καὶ
1868 1928 2059 1996 ἐνεφά-

2157 1917 2336 1971 verbis
2364 1933 2378 1972 :
2405 1916 2596 1970 Audite
2630 1917 2762 1981 lucc,
2806 1921 2961 1970 duces
3004 1916 3188 1969 domus
3219 1915 3404 1978 Jacob,
3437 1926 3485 1968 et
3528 1915 3722 1968 residui

486 2038 661 2075 νισαν.
705 2020 1067 2090 Hieronymus
1111 2035 1232 2088 pag.
1267 2018 1336 2072 38
1375 2041 1386 2073 ;
1423 2035 1443 2068 ι
1484 2018 1550 2070 Et
1582 2018 1850 2087 quomodo
1887 2017 2059 2071 Sodo-
2157 2011 2341 2060 domus
2371 2005 2563 2070 Israel,
2592 2007 2681 2074 qui
2733 2007 3110 2060 abominamini
3153 2007 3440 2074 judicium,
3463 2017 3509 2058 et
3540 2007 3718 2057 omnia

487 2115 653 2176 mitae,
676 2127 798 2166 cum
823 2114 968 2166 omni
998 2111 1242 2166 libertate
1272 2121 1579 2178 peccantes,
1614 2119 1670 2164 et
1705 2123 1773 2163 ne
1800 2108 2057 2178 pudorem

2161 2105 2305 2148 recta
2342 2097 2659 2164 pervertitis,
2682 2096 2772 2164 qui
2799 2095 3074 2162 wdi/icatis
3103 2092 3231 2149 Sion
3265 2098 3319 2148 in
3357 2096 3720 2164 sanguinibus,

487 2204 704 2274 quidem
733 2204 898 2258 ullum
931 2203 1190 2258 habentes
1212 2203 1264 2257 in
1292 2202 1516 2266 scelere,
1543 2204 1794 2256 dixerunt
1821 2203 1886 2256 ad
1918 2200 2056 2256 Lot:

2157 2195 2205 2239 et
2227 2183 2525 2238 Jerusalem
2555 2186 2609 2238 in
2635 2185 2906 2256 iniquitate
2935 2185 3002 2240 ³⁸.
3039 2183 3130 2239 Isti
3163 2187 3350 2240 domos
3375 2186 3638 2248 domibus,
3671 2187 3720 2238 id

485 2296 638 2350 Educ
666 2295 811 2361 [oras
833 2295 991 2358 viros,
1021 2303 1078 2346 ut
1107 2293 1510 2346 concumbamus
1537 2308 1652 2345 cum
1681 2292 1757 2345 eis
1789 2291 1854 2346 ³ο.
1882 2291 1972 2344 Sic
2005 2299 2061 2345 et

2157 2287 2260 2340 est,
2287 2276 2536 2344 dogmata
2567 2277 2904 2346 conjungunt
2941 2276 3280 2346 dogmatibus
3314 2293 3327 2329 :
3365 2277 3556 2346 quibus
3586 2279 3720 2331 dici-

492 2386 581 2440 isti
607 2383 822 2454 publice
850 2383 1267 2452 proclamantes,
1299 2397 1453 2437 suum
1479 2382 1845 2453 praedicavere
1865 2395 2059 2450 pecca-

2161 2372 2251 2416 tur
2273 2378 2373 2432 per
2404 2362 2684 2418 Michzeam
2733 2381 2745 2417 :
2803 2361 2984 2418 Nolite
3031 2365 3297 2433 wdiﬁcare
3344 2367 3397 2420 in
3453 2368 3604 2419 domo
3648 2369 3722 2418 ri-

486 2486 622 2532 tum.
670 2494 689 2528 ι
721 2475 908 2530 Priora
951 2487 1132 2529 autem
1188 2473 1500 2544 Hieronymi
1555 2474 1719 2529 verba
1749 2457 1895 2528 credi
1931 2489 2059 2543 pos-

2157 2471 2274 2509 sum
2307 2455 2352 2486 ³⁸
2381 2472 2396 2509 :
2425 2469 2493 2509 ne
2531 2471 2694 2526 supra
2728 2457 3135 2512 fundamentum
3177 2457 3378 2513 Christi
3409 2459 3549 2528 quod
3585 2473 3719 2527 apo-

485 2579 614 2624 sunt
640 2582 898 2638 expressa
929 2567 1096 2622 fuisse
1131 2582 1198 2620 ex
1230 2565 1440 2621 Graecis
1473 2567 1579 2620 illis
1615 2581 1736 2635 qua:
1774 2566 1962 2620 eodem
2003 2567 2057 2620 in
2159 2547 2330 2602 stolus
2364 2547 2564 2602 Paulus
2609 2549 2806 2617 posuit,
2828 2557 2882 2602 et
2908 2549 2958 2602 in
2987 2563 3095 2618 quo
3131 2549 3426 2604 debuerant
3455 2548 3729 2604 adilicare

486 2661 606 2716 loco
643 2659 891 2729 leguntur
922 2674 935 2710 :
977 2657 1278 2728 Ἀμαρτίαν
1299 2657 1366 2727 ἢν
1405 2657 1527 2726 οὐχὶ
1545 2657 1721 2728 λάθρα
1746 2657 1866 2710 οὐδὲ
1898 2658 2058 2711 ὲπαι-

2159 2655 2373 2707 aurum,
2407 2650 2710 2708 argentum,
2757 2641 2958 2709 lapides
3017 2642 3278 2710 pretiosos
3302 2682 3319 2709 ,
3393 2655 3424 2695 e
3457 2641 3729 2695 contrario

487 2751 800 2822 σχυνόμενοι
815 2751 1194 2820 πεποιήκασιν.
1211 2747 1679 2804 Pseudo-Basilius
1699 2749 1774 2815 (ὃ,
1796 2751 1886 2813 23,
1909 2766 2054 2804 nutu.

2158 2733 2426 2788 tedilicent
2458 2733 2621 2803 ligna,
2649 2732 2850 2797 fenum,
2881 2732 3152 2801 stipulam.
3177 2750 3201 2786 s
3222 2732 3555 2788 Ascribimus
3578 2731 3729 2786 Grai:-

486 2820 611 2912 1έ9)
639 2820 867 2896 εῖἜοικε
908 2839 969 2891 τὸ
1003 2838 1284 2911 θέριστρον
1322 2839 1597 2909 ἐπίϐλημα
1637 2835 1776 2892 εἶναι
1829 2839 2056 2910 θερινὸν,

2160 2839 2223 2878 ca
2251 2834 2310 2879 ut
2331 2839 2450 2878 cum
2487 2823 2920 2894 Hieronymianis
2945 2826 3151 2896 possint
3173 2825 3494 2894 coiiiparari.
3527 2820 3603 2877 Ita
3632 2823 3732 2892 ig.‘

485 2931 561 2995 ὼς
583 2932 676 2985 καὶ
705 2930 1048 3003 περιϐάλλειν
1087 2932 1284 2991 δοκεῖν,
1319 2931 1414 2984 xui.
1455 2931 1530 3000 μὴ
1578 2930 1830 3001 βαρύνειν
1877 2933 1934 2983 ὲν
1982 2929 2060 3001 τῷ

2161 2923 2250 2970 tur
2277 2915 2466 2970 eadem
2504 2916 2782 2985 propheta:
2829 2917 2992 2970 verba
3029 2915 3284 2984 explanat
3337 2913 3726 2983 pseudo-Basi-

485 3023 758 3077 καύσωνι.
811 3023 887 3086 ὡς
915 3023 1010 3074 καὶ
1057 3024 1114 3074 ἐν
1140 3025 1206 3092 τῇ
1255 3022 1473 3075 Γενέσει
1519 3021 1920 3092 μεμαθήκαμεν
1961 3020 2059 3091 τὴν
2160 3007 2262 3062 lius
2293 3008 2466 3077 (num.
2509 3006 2632 3075 152)
2667 3024 2680 3058 :
2712 3006 2946 3060 Δυνατδν
2975 3006 3031 3059 δὲ
3047 3005 3124 3076 τῷ
3156 3005 3423 3075 φιλοπόνῳ
3462 3004 3605 3057 κατά
3647 3005 3734 3056 ἀν-

496 3114 791 3188 Ῥεϐεκκαν
825 3113 1289 3184 περιϐαλλομένην
1324 3113 1384 3165 τὸ
1433 3111 1737 3184 θέριστρον.
1792 3112 2056 3182 Hierony-
2083 3146 2126 3204 ε
2160 3099 2380 3170 αγωγὴν
2515 3097 2695 3150 πλεῖον
2717 3097 2952 3204 ᾇγεινοτές
2985 3096 3221 3204 ἁξτὸθτῆς
3244 3096 3575 3204 προφηῖείας

489 3221 606 3260 mus
629 3187 750 3275 pag.
782 3204 890 3258 ωε
931 3222 950 3256 ι
985 3203 1196 3275 Habent
1235 3214 1290 3258 et
1325 3203 1595 3264 theristra,
1639 3219 1758 3272 qua:
1802 3217 1900 3256 nos
1933 3205 2051 3272 pal-
2085 3187 2106 3204 “

2117 3187 2126 3202 ’
2160 3209 2336 3262 σιμον.
2393 3189 2623 3244 Δύναται
2678 3191 2787 3261 γὰρ
2840 3188 2989 3242 οἰκία
3019 3188 3250 3241 ἑκάστου
3291 3187 3620 3242 νοεῖσθαιτά
3644 3187 3734 3239 6'3-

490 3294 560 3348 lia
610 3308 892 3362 possumus
941 3293 1213 3362 appellare
1251 3309 1266 3346 :
1313 3307 1421 3361 quo
1453 3291 1703 3347 obvoluta
1731 3303 1816 3348 est
1861 3303 1915 3346 et
1941 3292 2052 3346 Re-

2154 3300 2406 3354 γματα...
2443 3285 2598 3337 Ὅσοι
2623 3278 2716 3335 οὗν
2748 3281 2809 3334 τὸ
2832 3280 2928 3351 τῆς
2955 3279 3190 3344 πίστεως
3226 3279 3421 3349 δόγμα,
3447 3280 3584 3349 ὅπερ
3617 3277 3732 3350 ἔχει

489 3387 720 3439 becca...
745 3385 931 3440 Graece
961 3383 1222 3456 θέριστρα
1258 3401 1272 3438 :
1305 3383 1374 3438 ab
1409 3397 1476 3438 eo
1498 3384 1641 3452 quod
1671 3384 1721 3438 in
1750 3383 1918 3453 θέρει,
1949 3383 2054 3437 hoc

2155 3373 2401 3446 θεμέλιον
2423 3375 2517 3428 καὶ
2543 3372 2716 3444 ἀρχὴν
2743 3373 2834 3427 τὸν
2856 3371 3226 3444 Κύριονὴμῶν
3251 3369 3456 3442 Ἰησοῦν
3478 3369 3732 3439 Χριστὸν,

487 3483 590 3534 est.
626 3475 679 3528 in
713 3482 900 3528 testate
937 3485 993 3530 et
1018 3485 1289 3540 caumate,
1314 3489 1542 3544 corpora
1569 3482 1862 3543 protegunt
1893 3473 2055 3528 femi-

2153 3467 2416 3540 δόγμασιν
2438 3467 2737 3540 ἀλλοτρίοις
2763 3466 2858 3518 xui.
2885 3465 3055 3531 ξένοις
3076 3465 3174 3535 τῆς
3193 3462 3500 3524 θεοσεϐείας
3517 3463 3729 3514 ἐπισυν-

488 3581 742 3621 narum.)
779 3564 1256 3622 Pseudo-Basilius
1288 3583 1301 3620 :
1337 3567 1565 3636 Εἴρηται
1591 3565 1648 3618 δέ
1676 3582 1836 3630 τισιν,
1881 3565 1964 3618 ὅτι
1998 3565 2055 3616 αἱ
2155 3561 2482 3615 ἅπτουσιν...
2517 3563 2565 3613 εἰ
2603 3559 2659 3612 δέ
2718 3577 2804 3622 τις
2844 3557 3186 3627 ἐποικοδομεῖ
3231 3557 3324 3610 ἐπὶ
3352 3555 3442 3610 τὸν
3486 3553 3737 3626 θεμέλιον

486 3657 628 3710 ἑπτὰ
647 3660 924 3728 γυναῖκες,
958 3657 1099 3713 ἐπτά
1117 3658 1405 3730 πνεύματά
1439 3660 1596 3722 εἰσιν,
1622 3658 1658 3710 ἃ
1688 3657 1878 3729 μικρὸν
1903 3655 2057 3710 bats—
2156 3652 2344 3706 τοῦτον
2385 3652 2610 3723 χρυσὸν,
2644 3651 2906 3722 ἄργυρον,
2947 3648 3128 3712 λίθους
3161 3647 3398 3719 τιμίους,
3431 3643 3580 3712 ξύλα,
3609 3646 3738 3718 χόρ⁴

489 3767 581 3821 ρον
609 3749 640 3802 ὁ
672 3750 833 3814 αὐτὸς
861 3743 1014 3814 οὗτος
1035 3751 1322 3822 προφήτης
1351 3749 1806 3822 καταριθμεῖσθαι
1851 3750 2054 3820 μέλλει,
2156 3762 2267 3809 τον,
2291 3745 2605 3816 καλάμην...
2629 3745 2657 3796 ὁ
2690 3743 2930 3813 Μιχαίας
2954 3742 3229 3813 καθαίρων
3261 3739 3331 3793 τά
3356 3741 3591 3810 οἰήματα
3616 3737 3727 3790 τῶν

484 3842 561 3905 ὼς
598 3842 1099 3911 ἐπαναπαυόμενα
1133 3843 1232 3896 ἐπὶ
1263 3843 1379 3910 τὴν
1402 3843 1470 3895 ἐκ
1502 3840 1610 3910 τῆς
1623 3840 1794 3910 ῥίζης
1839 3843 2056 3895 Ἰεσσαί
2159 3838 2598 3906 καταγελάστων,
2635 3837 2720 3888 Ἐν
2760 3835 2886 3900 Γὲθ,
2921 3834 3075 3906 φησί,
3113 3834 3186 3904 μὴ
3221 3830 3606 3902 μεγαλύνεσθε,
3640 3828 3737 3882 xui.

483 3931 846 3999 ἐξανθήσειν
872 3933 1192 4002 μέλλοντα,
1222 3933 1462 4002 Πνεῦμα
1513 3936 1734 4003 σοφίας
1777 3934 1872 3988 καὶ
1912 3949 2061 3988 συν-
2160 3931 2207 3982 οἰ
2237 3931 2292 3982 ὲν
2317 3929 2583 3999 Ἀκαρεὶμ
2619 3928 2692 3998 μὴ
2732 3926 3131 3996 ἀνοικοδομεῖτε
3179 3923 3239 3989 ἐξ
3277 3923 3426 3976 οἴκου
3458 3921 3600 3975 κατά
3637 3922 3736 3990 γέ-

485 4019 694 4087 ἐισεως,
725 4023 959 4090 πνεῦμα
981 4022 1220 4090 ,ϐουλῆς
1251 4023 1348 4077 καὶ
1391 4024 1623 4093 ἰσχύος,
1649 4024 1884 4092 πνεῦμα
1913 4023 2060 4094 γνώ-
2160 4023 2305 4076 λωτα
2355 4021 2528 4092 ὑμῶν.
2585 4021 2695 4072 Καὶ
2729 4019 2887 4073 πάλιν
2917 4021 2944 4072 ό
2966 4018 3127 4081 αὐτὸς
3158 4015 3500 4086 ἐπιπλήττων
3536 4012 3738 4084 μοχθη-

485 4126 640 4178 σεως
678 4114 774 4164 καὶ
801 4115 1131 4180 εὐσεϐείας,
1174 4115 1406 4183 πνεῦμα
1451 4117 1638 4184 φόϐου
1681 4116 1846 4170 Θεοῦ.
1882 4117 2060 4188 ’Ἄπερ
2164 4117 2277 4186 ροῖς
2305 4113 2664 4177 διδασκάλοις,
2704 4113 2867 4182 φησίν
2890 4128 2901 4140 ’
2948 4111 3275 4164 Ἀκούσατε
3313 4107 3388 4175 δὴ
3439 4105 3648 4168 ταῦτα,
3680 4107 3737 4157 οι

485 4200 574 4254 διά
593 4201 653 4252 τὸ
686 4203 891 4264 πάντας
933 4202 1197 4268 ἐκκλῖναι,
1241 4205 1334 4257 καὶ
1385 4205 1502 4274 ἅμα
1547 4205 1933 4277 ἀχρειωθῆναι,
1962 4207 2062 4260 οὐκ
2161 4205 2478 4272 ἡγούμενοι
2508 4203 2677 4256 οἴκου
2714 4202 2930 4264 Ἰακὼϐ,
2954 4201 3054 4253 καὶ
3085 4203 3138 4257 οἱ
3171 4197 3521 4253 κατάλοιποι
3559 4196 3735 4248 οἴκου

485 4291 676 4363 ἔχοντα
722 4285 766 4359 ᾧ
810 4292 1262 4346 ἐπαναπαύσεται
1301 4295 1621 4366 ἀγαπητῶς,
1671 4296 1766 4348 τοῦ
1801 4296 1944 4349 κατά
1969 4296 2061 4349 τὸν
2175 4294 2434 4362 Ἰσραὴλ,
2465 4297 2518 4347 οἰ
2539 4293 3035 4362 ,Βδελυσσόμενοι
3063 4291 3262 4360 κρῖμα,
3295 4289 3391 4343 καὶ
3432 4287 3627 4341 πάντα
3664 4285 3738 4339 τὰ

485 4381 690 4452 Κύριον
734 4380 1022 4455 ἀνθρώπου
1076 4382 1374 4454 λαϐόμενα,
1420 4388 1563 4438 ποιεῖ
1582 4385 1650 4439 τὰ
1710 4387 2062 4456 ἀναγεγραμ-
2161 4385 2307 4453 ὀρθὰ
2353 4384 2835 4454 διαστρέφοντες,
2879 4387 2934 4437 οἱ
2978 4381 3435 4451 οἰκοδομοῦντες
3475 4377 3629 4432 Σιὼν
3666 4377 3738 4430 ἐν

489 4471 650 4542 μένα,
684 4469 1044 4542 Hieronymus
1074 4487 1197 4542 pag.
1246 4473 1316 4527 45
1346 4483 1556 4528 tantum
1588 4490 1692 4534 non
1735 4477 1801 4528 ad
1833 4479 2054 4530 verbum
2085 4481 2106 4536 1

2118 4485 2131 4532 ι
2160 4477 2369 4544 αἵμασι
2401 4473 2502 4527 καί
2529 4473 2915 4544 Ἰερουσαλὴμ
2938 4474 3008 4526 ἐν
3039 4473 3316 4538 ἀδικίαις.
3345 4469 3552 4524 Pseudo
3579 4469 3735 4522 Basi-

485 4562 606 4618 hazc
648 4562 722 4616 ita
777 4563 1048 4618 convertit
1079 4581 1093 4616 :
1130 4581 1150 4614 ι
1191 4564 1410 4633 Septem
1445 4564 1722 4630 mulieres,
1749 4565 1801 4619 id
1832 4575 1937 4632 est,
1977 4580 2061 4622 se-

2163 4566 2268 4620 lius
2297 4566 2380 4637 (v,
2416 4565 2506 4631 12,
2535 4581 2682 4618 num.
2719 4564 2843 4636 159)
2885 4581 2899 4617 :
2936 4558 3102 4627 Οὗτος
3132 4560 3394 4635 [Ἰουὸἀλ]
3417 4556 3532 4632 ἦνὸ
3568 4574 3735 4612 κατα-

487 4663 629 4724 ptem
651 4655 838 4725 gratiae
855 4654 1092 4724 Spiritus
1120 4655 1398 4720 sancti,de
1423 4656 1617 4723 quibus
1638 4656 1690 4708 in
1723 4670 2058 4724 consequen-

2162 4657 2335 4720 δείξας
2377 4656 2674 4727 ψαλτήριον
2703 4656 2798 4708 καὶ
2846 4653 3101 4726 κιθάραν.
3151 4652 3514 4722 Hieronymus
3539 4650 3733 4719 pagina

487 4744 632 4798 tibus
663 4743 803 4797 idem
828 4743 1092 4813 propheta
1117 4745 1360 4799 dicturus
1380 4755 1461 4798 est
1489 4760 1504 4798 :
1538 4743 1690 4798 Exiet
1708 4746 1852 4816 virga
1884 4747 1947 4798 de
1975 4763 2064 4800 ra-
2165 4765 2260 4802 seu
2298 4747 2547 4802 columna
2577 4747 2636 4800 51
2673 4764 2687 4801 :
2720 4765 2738 4798 ι
2763 4746 3007 4814 Requirit
3037 4746 3301 4798 citharam
3329 4753 3384 4796 et
3408 4739 3728 4810 psalterium

485 4834 602 4889 dice
628 4834 809 4890 Iesse:
846 4846 895 4890 et
929 4838 1026 4906 ﬂos
1057 4837 1123 4890 de
1153 4838 1330 4890 radice
1367 4837 1479 4906 ejus
1529 4839 1832 4890 conscendet
1861 4854 1876 4890 :
1905 4848 1950 4890 et
1981 4853 2061 4891 re-
2171 4839 2324 4907 cujus
2373 4849 2621 4906 repertor
2667 4846 2752 4892 est
2797 4837 3007 4892 Joubal.
3052 4855 3070 4888 ι
3108 4836 3465 4905 Hieronymus
3487 4831 3735 4886 columna

413 4969 415 4971 .
485 4925 712 4992 quiescet
736 4943 890 4996 super
909 4944 1023 4980 eum
1050 4927 1277 4996 Spiritus
1303 4927 1532 4992 Domini,
1551 4927 1769 4995 spiritus
1792 4929 2061 4996 sapientiw
2166 4933 2375 4993 eadem,
2403 4947 2422 4980 ι
2457 4929 2610 4997 Quod
2645 4941 2827 4983 autem
2875 4929 3108 4998 primum
3143 4937 3348 4996 tempus
3375 4927 3624 4980 humanae
3649 4937 3738 4976 sa~

487 5027 535 5069 et
563 5017 879 5085 intellectus,
909 5020 1128 5088 spiritus
1157 5021 1363 5074 consilii
1415 5031 1462 5074 et
1501 5021 1852 5088 fortitudinis,
1899 5021 2059 5081 spiri-
2165 5020 2405 5089 pientiaz,
2425 5019 2642 5087 quando
2671 5019 2984 5088 egredimur
3017 5018 3326 5086 pueritiam,
3366 5025 3422 5068 et
3454 5016 3520 5067 ad
3560 5012 3729 5066 ratio-

487 5116 574 5160 tus
601 5108 836 5162 scientia:
865 5118 913 5162 et
935 5109 1140 5178 pietatis
1170 5120 1250 5163 :et
1275 5106 1504 5178 implebit
1528 5125 1644 5162 eum
1660 5111 1874 5176 spiritus
1906 5110 2059 5162 timo-
2165 5109 2339 5164 nalem
2373 5111 2623 5164 venimus
2651 5120 2892 5174 (etatem,
2922 5124 3080 5163 mane
3107 5107 3159 5161 in
3197 5104 3494 5174 Scripturis
3536 5101 3734 5156 intelli-

487 5199 561 5251 ris
608 5197 820 5252 Domini
875 5201 954 5268 ⁸¹;
1004 5201 1413 5269 appreliendent
1471 5199 1654 5254 Jesum
1694 5215 1853 5268 quem
1891 5200 2055 5254 multo
2162 5211 2346 5270 gatur,
2379 5201 2547 5255 multa
2595 5202 2904 5257 testimonia
2955 5204 3151 5255 docere
3204 5213 3298 5253 nos
3336 5203 3590 5266 poterunt
3623 5211 3636 5246 :
3669 5196 3735 5246 de

490 5298 732 5361 tempore
764 5291 1228 5358 desideraverant,
1261 5293 1389 5363 quia
1437 5293 1642 5348 nullum
1679 5293 1841 5345 alium
1898 5301 2051 5362 pote-
2159 5292 2356 5362 quibus
2383 5295 2615 5364 exempli
2648 5309 2809 5349 causa
2837 5294 3083 5364 ponenda
3117 5301 3245 5347 sunt
3267 5305 3436 5358 pauca
3471 5303 3486 5341 :
3522 5304 3540 5339 ι
3576 5284 3734 5339 Mane

489 5391 610 5434 rant
661 5382 924 5450 invenire,
962 5383 1016 5436 in
1057 5398 1163 5453 quo
1199 5395 1400 5438 aeterna
1459 5384 1694 5438 statione
1743 5384 2054 5452 rcquiesce-
2159 5387 2432 5439 mittebam
2457 5393 2736 5454 prophetas
2769 5385 2836 5452 ³⁸,
2871 5395 2959 5441 et:
2985 5384 3143 5440 Mane
3165 5382 3417 5439 exaudies
3441 5381 3731 5433 orationem

492 5481 627 5526 rent.
664 5491 686 5526 ι
723 5473 1140 5532 Animadvertus
1180 5475 1339 5532 velim
1383 5475 1533 5543 illud,
1565 5474 1892 5546 ἀγαπητῶς,
1929 5475 2054 5530 red-
2161 5495 2330 5534 meam
2354 5521 2368 5546 ,
2423 5494 2577 5534 mane
2631 5479 2876 5535 assistam
2916 5479 3031 5544 tibi,
3067 5488 3113 5533 et
3159 5477 3338 5532 videbo
3389 5473 3468 5539 ³⁷;
3503 5479 3560 5526 et
3598 5484 3613 5521 :
3658 5464 3734 5521 De

594 5695 638 5728 ³⁸
663 5695 798 5752 Gen.
829 5714 937 5763 xix,
973 5697 1023 5752 5.
1096 5695 1404 5767 I,"_lsa.x1,
1441 5692 1554 5767 11-3.
1655 5697 1698 5728 “
1724 5695 1824 5751 lsa.
1853 5687 1922 5757 tv,
1958 5699 2010 5750 ι.
2145 5697 2188 5730 ³³

2145 5697 2188 5730 ³³
2221 5696 2322 5755 lsa.
2369 5714 2422 5767 ν,
2461 5705 2520 5754 δ.
2639 5699 2685 5739 ⁸⁸
2717 5698 2874 5754 Mich.
2917 5715 2995 5764 ιιι,
3034 5700 3089 5765 9,
3138 5697 3222 5753 10.
3324 5699 3369 5731 ⁸⁵
3406 5697 3558 5754 Mich.
3599 5710 3640 5764 ι,
3673 5691 3727 5752 9.

486 5768 530 5801 ³⁸
556 5763 756 5822 Jerent.
803 5785 927 5830 χιι,
951 5768 1002 5821 tl.
1084 5768 1124 5799 ⁸⁷
1175 5764 1316 5820 Psal.
1350 5778 1427 5831 tu,
1461 5765 1514 5818 6.
