  <div class='ocr_page' id='page_1' title='image "/cluster/home/n/w/nwhite01/storage/ocr_20150623/29/mdp.39015012934371/236.png"; bbox 0 0 4094 6220; ppageno 0'>
   <div class='ocr_carea' id='block_1_1' title="bbox 1488 369 2532 426">
    <p class='ocr_par' dir='ltr' id='par_1_1' title="bbox 1488 369 2532 426">
     <span class='ocr_line' id='line_1_1' title="bbox 1488 369 2532 426; baseline 0.004 -5"><span class='ocrx_word' id='word_1_1' title='bbox 1488 369 1551 425; x_wconf 92' lang='lat' dir='ltr'><strong><em>D.</em></strong></span> <span class='ocrx_word' id='word_1_2' title='bbox 1591 369 1735 426; x_wconf 81' lang='lat' dir='ltr'><strong><em>JUL.</em></strong></span> <span class='ocrx_word' id='word_1_3' title='bbox 1776 369 2099 426; x_wconf 78' lang='lat' dir='ltr'><strong><em>GARNERH</em></strong></span> <span class='ocrx_word' id='word_1_4' title='bbox 2136 369 2532 426; x_wconf 81' lang='lat' dir='ltr'><strong><em>PR.~EFAT|O.</em></strong></span> 
     </span>
    </p>
   </div>
   <div class='ocr_carea' id='block_1_2' title="bbox 3390 390 3613 431">
    <p class='ocr_par' dir='ltr' id='par_1_2' title="bbox 3390 390 3613 431">
     <span class='ocr_line' id='line_1_2' title="bbox 3390 390 3613 431; baseline 0.004 -2"><span class='ocrx_word' id='word_1_5' title='bbox 3390 390 3613 431; x_wconf 66' lang='grc' dir='ltr'>εεχιιισιι</span> 
     </span>
    </p>
   </div>
   <div class='ocr_carea' id='block_1_3' title="bbox 374 483 1923 564">
    <p class='ocr_par' dir='ltr' id='par_1_3' title="bbox 374 483 1919 554">
     <span class='ocr_line' id='line_1_3' title="bbox 374 483 1919 554; baseline 0.006 -20"><span class='ocrx_word' id='word_1_6' title='bbox 374 491 523 535; x_wconf 89' lang='lat' dir='ltr'><strong><em>nocte</em></strong></span> <span class='ocrx_word' id='word_1_7' title='bbox 545 492 817 553; x_wconf 87' lang='lat' dir='ltr'><strong><em>consurget</em></strong></span> <span class='ocrx_word' id='word_1_8' title='bbox 834 483 1051 552; x_wconf 84' lang='lat' dir='ltr'><strong><em>spiritus</em></strong></span> <span class='ocrx_word' id='word_1_9' title='bbox 1073 501 1218 540; x_wconf 89' lang='lat' dir='ltr'><strong><em>meus</em></strong></span> <span class='ocrx_word' id='word_1_10' title='bbox 1240 485 1310 551; x_wconf 83' lang='grc'><strong><em>³⁸;</em></strong></span> <span class='ocrx_word' id='word_1_11' title='bbox 1328 494 1410 541; x_wconf 85' lang='lat' dir='ltr'><strong><em>et:</em></strong></span> <span class='ocrx_word' id='word_1_12' title='bbox 1436 486 1598 554; x_wconf 86' lang='lat' dir='ltr'><strong><em>Deus,</em></strong></span> <span class='ocrx_word' id='word_1_13' title='bbox 1620 487 1757 542; x_wconf 98' lang='lat' dir='ltr'><strong><em>Deus</em></strong></span> <span class='ocrx_word' id='word_1_14' title='bbox 1775 504 1919 542; x_wconf 88' lang='lat' dir='ltr'><strong><em>meus</em></strong></span> 
     </span>
    </p>
   </div>
   <div class='ocr_carea' id='block_1_4' title="bbox 2028 483 3616 564">
    <p class='ocr_par' dir='ltr' id='par_1_4' title="bbox 2050 487 3616 564">
     <span class='ocr_line' id='line_1_4' title="bbox 2050 487 3616 564; baseline 0.003 -23"><span class='ocrx_word' id='word_1_15' title='bbox 2050 504 2196 543; x_wconf 90' lang='lat' dir='ltr'><strong><em>num.</em></strong></span> <span class='ocrx_word' id='word_1_16' title='bbox 2226 487 2349 557; x_wconf 81' lang='grc'>166)</span> <span class='ocrx_word' id='word_1_17' title='bbox 2391 506 2402 540; x_wconf 88' lang='lat'>:</span> <span class='ocrx_word' id='word_1_18' title='bbox 2435 489 2508 541; x_wconf 78' lang='grc' dir='ltr'><strong><em>Οὐ</em></strong></span> <span class='ocrx_word' id='word_1_19' title='bbox 2539 488 2647 559; x_wconf 88' lang='grc' dir='ltr'>γὰρ</span> <span class='ocrx_word' id='word_1_20' title='bbox 2676 489 2739 559; x_wconf 86' lang='grc' dir='ltr'>δὴ</span> <span class='ocrx_word' id='word_1_21' title='bbox 2766 488 2902 553; x_wconf 81' lang='grc' dir='ltr'><strong><em>ζῶόν</em></strong></span> <span class='ocrx_word' id='word_1_22' title='bbox 2924 507 2976 541; x_wconf 84' lang='grc' dir='ltr'><strong><em>τι</em></strong></span> <span class='ocrx_word' id='word_1_23' title='bbox 3002 490 3032 542; x_wconf 98' lang='lat'><strong><em>6</em></strong></span> <span class='ocrx_word' id='word_1_24' title='bbox 3062 489 3214 561; x_wconf 68' lang='grc' dir='ltr'>ᾅδης,</span> <span class='ocrx_word' id='word_1_25' title='bbox 3237 490 3358 544; x_wconf 82' lang='grc' dir='ltr'>οὐδὲ</span> <span class='ocrx_word' id='word_1_26' title='bbox 3388 492 3616 564; x_wconf 77' lang='grc' dir='ltr'>δύναμις</span> 
     </span>
    </p>
   </div>
   <div class='ocr_carea' id='block_1_5' title="bbox 372 574 1923 656">
    <p class='ocr_par' dir='ltr' id='par_1_5' title="bbox 372 574 1923 648">
     <span class='ocr_line' id='line_1_5' title="bbox 372 574 1923 648; baseline 0.006 -23"><span class='ocrx_word' id='word_1_27' title='bbox 372 574 443 626; x_wconf 86' lang='lat' dir='ltr'><strong><em>ad</em></strong></span> <span class='ocrx_word' id='word_1_28' title='bbox 478 586 528 628; x_wconf 87' lang='lat' dir='ltr'><strong><em>te</em></strong></span> <span class='ocrx_word' id='word_1_29' title='bbox 565 577 630 628; x_wconf 85' lang='lat' dir='ltr'><strong><em>de</em></strong></span> <span class='ocrx_word' id='word_1_30' title='bbox 669 575 788 630; x_wconf 86' lang='lat' dir='ltr'><strong><em>luce</em></strong></span> <span class='ocrx_word' id='word_1_31' title='bbox 833 574 991 647; x_wconf 81' lang='lat' dir='ltr'><strong><em>vigilo</em></strong></span> <span class='ocrx_word' id='word_1_32' title='bbox 1014 577 1090 645; x_wconf 81' lang='grc'><strong><em>⁸⁹;</em></strong></span> <span class='ocrx_word' id='word_1_33' title='bbox 1115 586 1168 633; x_wconf 90' lang='lat' dir='ltr'><strong><em>et</em></strong></span> <span class='ocrx_word' id='word_1_34' title='bbox 1198 596 1212 632; x_wconf 88' lang='lat'><strong>:</strong></span> <span class='ocrx_word' id='word_1_35' title='bbox 1239 577 1307 633; x_wconf 90' lang='lat' dir='ltr'><strong><em>In</em></strong></span> <span class='ocrx_word' id='word_1_36' title='bbox 1344 579 1618 633; x_wconf 74' lang='lat' dir='ltr'><strong><em>matutinis</em></strong></span> <span class='ocrx_word' id='word_1_37' title='bbox 1668 580 1923 648; x_wconf 82' lang='lat' dir='ltr'><strong><em>interﬁcie</em></strong></span> 
     </span>
    </p>
   </div>
   <div class='ocr_carea' id='block_1_6' title="bbox 2028 574 3617 656">
    <p class='ocr_par' dir='ltr' id='par_1_6' title="bbox 2047 579 3617 656">
     <span class='ocr_line' id='line_1_6' title="bbox 2047 579 3617 656; baseline 0.003 -24"><span class='ocrx_word' id='word_1_38' title='bbox 2047 579 2446 649; x_wconf 82' lang='grc' dir='ltr'>ὲπιτεταγμένη</span> <span class='ocrx_word' id='word_1_39' title='bbox 2475 582 2586 642; x_wconf 83' lang='grc' dir='ltr'>τοῖς</span> <span class='ocrx_word' id='word_1_40' title='bbox 2630 580 3051 650; x_wconf 82' lang='grc' dir='ltr'>ἀποθνήσκουσι,</span> <span class='ocrx_word' id='word_1_41' title='bbox 3110 583 3254 637; x_wconf 85' lang='grc' dir='ltr'>κατὰ</span> <span class='ocrx_word' id='word_1_42' title='bbox 3297 584 3399 656; x_wconf 82' lang='grc' dir='ltr'>τὴν</span> <span class='ocrx_word' id='word_1_43' title='bbox 3452 584 3617 654; x_wconf 86' lang='grc' dir='ltr'>μυθο-</span> 
     </span>
    </p>
   </div>
   <div class='ocr_carea' id='block_1_7' title="bbox 373 667 1947 739">
    <p class='ocr_par' dir='ltr' id='par_1_7' title="bbox 373 667 1947 739">
     <span class='ocr_line' id='line_1_7' title="bbox 373 667 1947 739; baseline 0.004 -20"><span class='ocrx_word' id='word_1_44' title='bbox 373 667 489 720; x_wconf 88' lang='lat' dir='ltr'><strong><em>bam</em></strong></span> <span class='ocrx_word' id='word_1_45' title='bbox 515 684 692 723; x_wconf 87' lang='lat' dir='ltr'><strong><em>omnes</em></strong></span> <span class='ocrx_word' id='word_1_46' title='bbox 721 681 1023 738; x_wconf 81' lang='lat' dir='ltr'><strong><em>peccatores</em></strong></span> <span class='ocrx_word' id='word_1_47' title='bbox 1048 682 1203 726; x_wconf 75' lang='lat' dir='ltr'><strong><em>terra:</em></strong></span> <span class='ocrx_word' id='word_1_48' title='bbox 1253 687 1273 727; x_wconf 90' lang='lat'><strong><em>:</em></strong></span> <span class='ocrx_word' id='word_1_49' title='bbox 1314 682 1369 726; x_wconf 93' lang='lat' dir='ltr'><strong><em>ut</em></strong></span> <span class='ocrx_word' id='word_1_50' title='bbox 1396 672 1745 739; x_wconf 83' lang='lat' dir='ltr'><strong><em>disperderem</em></strong></span> <span class='ocrx_word' id='word_1_51' title='bbox 1770 673 1833 726; x_wconf 86' lang='lat' dir='ltr'><strong><em>de</em></strong></span> <span class='ocrx_word' id='word_1_52' title='bbox 1870 673 1947 726; x_wconf 88' lang='lat' dir='ltr'><strong><em>ci-</em></strong></span> 
     </span>
    </p>
   </div>
   <div class='ocr_carea' id='block_1_8' title="bbox 370 761 1946 835">
    <p class='ocr_par' dir='ltr' id='par_1_8' title="bbox 370 761 1946 835">
     <span class='ocr_line' id='line_1_8' title="bbox 370 761 1946 835; baseline 0.004 -22"><span class='ocrx_word' id='word_1_53' title='bbox 370 761 529 814; x_wconf 80' lang='lat' dir='ltr'><strong><em>vitate</em></strong></span> <span class='ocrx_word' id='word_1_54' title='bbox 560 761 776 816; x_wconf 78' lang='lat' dir='ltr'><strong><em>Domini</em></strong></span> <span class='ocrx_word' id='word_1_55' title='bbox 797 778 977 818; x_wconf 81' lang='lat' dir='ltr'><strong><em>omnes</em></strong></span> <span class='ocrx_word' id='word_1_56' title='bbox 1001 766 1091 833; x_wconf 88' lang='lat' dir='ltr'><strong><em>qui</em></strong></span> <span class='ocrx_word' id='word_1_57' title='bbox 1115 774 1401 833; x_wconf 74' lang='lat' dir='ltr'><strong><em>operantur</em></strong></span> <span class='ocrx_word' id='word_1_58' title='bbox 1428 765 1759 835; x_wconf 84' lang='lat' dir='ltr'><strong><em>iniquitatem</em></strong></span> <span class='ocrx_word' id='word_1_59' title='bbox 1787 764 1834 796; x_wconf 75' lang='lat'><strong><em>“’</em></strong></span> <span class='ocrx_word' id='word_1_60' title='bbox 1854 782 1868 830; x_wconf 93' lang='lat'><strong>;</strong></span> <span class='ocrx_word' id='word_1_61' title='bbox 1891 774 1946 820; x_wconf 87' lang='lat' dir='ltr'><strong><em>et</em></strong></span> 
     </span>
    </p>
   </div>
   <div class='ocr_carea' id='block_1_9' title="bbox 370 852 1944 924">
    <p class='ocr_par' dir='ltr' id='par_1_9' title="bbox 370 852 1944 924">
     <span class='ocr_line' id='line_1_9' title="bbox 370 852 1944 924; baseline 0.003 -19"><span class='ocrx_word' id='word_1_62' title='bbox 370 852 424 906; x_wconf 90' lang='lat' dir='ltr'><strong><em>in</em></strong></span> <span class='ocrx_word' id='word_1_63' title='bbox 452 852 559 907; x_wconf 89' lang='lat' dir='ltr'><strong><em>alio</em></strong></span> <span class='ocrx_word' id='word_1_64' title='bbox 587 853 739 909; x_wconf 88' lang='lat' dir='ltr'><strong><em>loco:</em></strong></span> <span class='ocrx_word' id='word_1_65' title='bbox 778 854 857 907; x_wconf 79' lang='lat' dir='ltr'><strong><em>Ad</em></strong></span> <span class='ocrx_word' id='word_1_66' title='bbox 882 871 1149 924; x_wconf 76' lang='lat' dir='ltr'><strong><em>uesperam</em></strong></span> <span class='ocrx_word' id='word_1_67' title='bbox 1182 854 1541 909; x_wconf 85' lang='lat' dir='ltr'><strong><em>demorabitur</em></strong></span> <span class='ocrx_word' id='word_1_68' title='bbox 1582 857 1757 924; x_wconf 84' lang='lat' dir='ltr'><strong><em>ﬂetus,</em></strong></span> <span class='ocrx_word' id='word_1_69' title='bbox 1796 865 1845 909; x_wconf 89' lang='lat' dir='ltr'><strong><em>et</em></strong></span> <span class='ocrx_word' id='word_1_70' title='bbox 1874 857 1944 909; x_wconf 87' lang='lat' dir='ltr'><strong><em>ad</em></strong></span> 
     </span>
    </p>
   </div>
   <div class='ocr_carea' id='block_1_10' title="bbox 368 943 1945 1000">
    <p class='ocr_par' dir='ltr' id='par_1_10' title="bbox 368 943 1945 1000">
     <span class='ocr_line' id='line_1_10' title="bbox 368 943 1945 1000; baseline 0.003 -6"><span class='ocrx_word' id='word_1_71' title='bbox 368 946 690 997; x_wconf 84' lang='lat' dir='ltr'><strong><em>matutinum</em></strong></span> <span class='ocrx_word' id='word_1_72' title='bbox 744 943 931 999; x_wconf 66' lang='lat' dir='ltr'><strong><em>latitia</em></strong></span> <span class='ocrx_word' id='word_1_73' title='bbox 972 944 1039 998; x_wconf 58' lang='grc' dir='ltr'><strong><em>δ’.</em></strong></span> <span class='ocrx_word' id='word_1_74' title='bbox 1073 944 1549 1000; x_wconf 86' lang='lat' dir='ltr'><strong><em>Pseudo-Basilius</em></strong></span> <span class='ocrx_word' id='word_1_75' title='bbox 1582 961 1596 997; x_wconf 89' lang='lat'><strong>:</strong></span> <span class='ocrx_word' id='word_1_76' title='bbox 1635 946 1754 998; x_wconf 85' lang='grc' dir='ltr'><strong><em>Ἵνα</em></strong></span> <span class='ocrx_word' id='word_1_77' title='bbox 1780 944 1837 999; x_wconf 81' lang='grc' dir='ltr'><strong><em>δὲ</em></strong></span> <span class='ocrx_word' id='word_1_78' title='bbox 1864 944 1945 999; x_wconf 75' lang='grc' dir='ltr'>ἔτι</span> 
     </span>
    </p>
   </div>
   <div class='ocr_carea' id='block_1_11' title="bbox 371 1034 1938 1110">
    <p class='ocr_par' dir='ltr' id='par_1_11' title="bbox 371 1034 1938 1110">
     <span class='ocr_line' id='line_1_11' title="bbox 371 1034 1938 1110; baseline 0.003 -23"><span class='ocrx_word' id='word_1_79' title='bbox 371 1034 569 1108; x_wconf 77' lang='grc' dir='ltr'>μᾶλλον</span> <span class='ocrx_word' id='word_1_80' title='bbox 604 1038 735 1106; x_wconf 83' lang='grc' dir='ltr'>ἡμῖν</span> <span class='ocrx_word' id='word_1_81' title='bbox 783 1036 845 1089; x_wconf 85' lang='grc' dir='ltr'><strong><em>τὸ</em></strong></span> <span class='ocrx_word' id='word_1_82' title='bbox 882 1036 984 1106; x_wconf 81' lang='grc' dir='ltr'><strong><em>τῆς</em></strong></span> <span class='ocrx_word' id='word_1_83' title='bbox 1030 1037 1241 1109; x_wconf 77' lang='grc' dir='ltr'><strong><em>πρωίας</em></strong></span> <span class='ocrx_word' id='word_1_84' title='bbox 1277 1038 1450 1108; x_wconf 76' lang='grc' dir='ltr'>ὄνομα</span> <span class='ocrx_word' id='word_1_85' title='bbox 1488 1037 1763 1109; x_wconf 81' lang='grc' dir='ltr'>τρανωθῇ,</span> <span class='ocrx_word' id='word_1_86' title='bbox 1791 1038 1873 1091; x_wconf 82' lang='grc' dir='ltr'><strong><em>ὅτι</em></strong></span> <span class='ocrx_word' id='word_1_87' title='bbox 1905 1042 1938 1110; x_wconf 86' lang='grc' dir='ltr'>ή</span> 
     </span>
    </p>
   </div>
   <div class='ocr_carea' id='block_1_12' title="bbox 365 1125 1943 1199">
    <p class='ocr_par' dir='ltr' id='par_1_12' title="bbox 365 1125 1943 1199">
     <span class='ocr_line' id='line_1_12' title="bbox 365 1125 1943 1199; baseline 0.001 -20"><span class='ocrx_word' id='word_1_88' title='bbox 365 1125 475 1179; x_wconf 81' lang='grc' dir='ltr'>ἀπὸ</span> <span class='ocrx_word' id='word_1_89' title='bbox 500 1126 723 1189; x_wconf 84' lang='grc' dir='ltr'><strong><em>σκότους</em></strong></span> <span class='ocrx_word' id='word_1_90' title='bbox 758 1127 1035 1193; x_wconf 74' lang='grc' dir='ltr'>ἐπάνοδος,</span> <span class='ocrx_word' id='word_1_91' title='bbox 1066 1128 1179 1180; x_wconf 82' lang='grc' dir='ltr'>εἴτε</span> <span class='ocrx_word' id='word_1_92' title='bbox 1215 1126 1311 1181; x_wconf 86' lang='grc' dir='ltr'><strong><em>τοῦ</em></strong></span> <span class='ocrx_word' id='word_1_93' title='bbox 1333 1127 1476 1182; x_wconf 85' lang='grc' dir='ltr'>κατὰ</span> <span class='ocrx_word' id='word_1_94' title='bbox 1496 1127 1594 1199; x_wconf 78' lang='grc' dir='ltr'>τὴν</span> <span class='ocrx_word' id='word_1_95' title='bbox 1625 1130 1687 1181; x_wconf 80' lang='grc' dir='ltr'>ὲκ</span> <span class='ocrx_word' id='word_1_96' title='bbox 1708 1128 1808 1198; x_wconf 79' lang='grc' dir='ltr'>τῆς</span> <span class='ocrx_word' id='word_1_97' title='bbox 1834 1128 1943 1182; x_wconf 87' lang='grc' dir='ltr'><strong><em>νεό-</em></strong></span> 
     </span>
    </p>
   </div>
   <div class='ocr_carea' id='block_1_13' title="bbox 363 1217 1938 1289">
    <p class='ocr_par' dir='ltr' id='par_1_13' title="bbox 363 1217 1938 1289">
     <span class='ocr_line' id='line_1_13' title="bbox 363 1217 1938 1289; baseline 0.003 -18"><span class='ocrx_word' id='word_1_98' title='bbox 363 1235 525 1289; x_wconf 87' lang='grc' dir='ltr'>τητος</span> <span class='ocrx_word' id='word_1_99' title='bbox 572 1217 815 1286; x_wconf 81' lang='grc' dir='ltr'><strong><em>ἀλογίαν,</em></strong></span> <span class='ocrx_word' id='word_1_100' title='bbox 851 1220 958 1273; x_wconf 77' lang='grc' dir='ltr'>εἶτε</span> <span class='ocrx_word' id='word_1_101' title='bbox 987 1217 1080 1273; x_wconf 88' lang='grc' dir='ltr'><strong><em>τοῦ</em></strong></span> <span class='ocrx_word' id='word_1_102' title='bbox 1114 1222 1178 1274; x_wconf 80' lang='grc' dir='ltr'><strong><em>ἐκ</em></strong></span> <span class='ocrx_word' id='word_1_103' title='bbox 1222 1221 1321 1287; x_wconf 85' lang='grc' dir='ltr'>τῆς</span> <span class='ocrx_word' id='word_1_104' title='bbox 1356 1220 1628 1289; x_wconf 81' lang='grc' dir='ltr'><strong><em>ἀγνωσίας</em></strong></span> <span class='ocrx_word' id='word_1_105' title='bbox 1673 1220 1765 1274; x_wconf 90' lang='grc' dir='ltr'><strong><em>τοῦ</em></strong></span> <span class='ocrx_word' id='word_1_106' title='bbox 1804 1219 1938 1275; x_wconf 86' lang='grc' dir='ltr'>Θεοῦ</span> 
     </span>
    </p>
   </div>
   <div class='ocr_carea' id='block_1_14' title="bbox 362 1310 1936 1385">
    <p class='ocr_par' dir='ltr' id='par_1_14' title="bbox 362 1310 1936 1385">
     <span class='ocr_line' id='line_1_14' title="bbox 362 1310 1936 1385; baseline 0.003 -24"><span class='ocrx_word' id='word_1_107' title='bbox 362 1313 485 1373; x_wconf 84' lang='grc' dir='ltr'>ταῖς</span> <span class='ocrx_word' id='word_1_108' title='bbox 524 1310 722 1380; x_wconf 77' lang='grc' dir='ltr'>ψυχαῖς</span> <span class='ocrx_word' id='word_1_109' title='bbox 768 1311 1141 1382; x_wconf 81' lang='grc' dir='ltr'><strong><em>ἐγγινομένου,</em></strong></span> <span class='ocrx_word' id='word_1_110' title='bbox 1175 1314 1208 1383; x_wconf 86' lang='grc' dir='ltr'><strong>ή</strong></span> <span class='ocrx_word' id='word_1_111' title='bbox 1247 1312 1438 1383; x_wconf 83' lang='grc' dir='ltr'><strong><em>πρώτη</em></strong></span> <span class='ocrx_word' id='word_1_112' title='bbox 1480 1312 1685 1377; x_wconf 79' lang='grc' dir='ltr'>εἴσοδος</span> <span class='ocrx_word' id='word_1_113' title='bbox 1721 1313 1800 1376; x_wconf 89' lang='grc' dir='ltr'><strong><em>εἰς</em></strong></span> <span class='ocrx_word' id='word_1_114' title='bbox 1834 1313 1936 1385; x_wconf 82' lang='grc' dir='ltr'><strong><em>τὴν</em></strong></span> 
     </span>
    </p>
   </div>
   <div class='ocr_carea' id='block_1_15' title="bbox 362 1400 1937 1476">
    <p class='ocr_par' dir='ltr' id='par_1_15' title="bbox 362 1400 1937 1476">
     <span class='ocr_line' id='line_1_15' title="bbox 362 1400 1937 1476; baseline 0.004 -22"><span class='ocrx_word' id='word_1_115' title='bbox 362 1400 621 1472; x_wconf 84' lang='grc' dir='ltr'>ἀλήθειαν</span> <span class='ocrx_word' id='word_1_116' title='bbox 642 1403 822 1472; x_wconf 84' lang='grc' dir='ltr'>πρωία</span> <span class='ocrx_word' id='word_1_117' title='bbox 844 1402 1081 1471; x_wconf 81' lang='grc' dir='ltr'>λέγεται.</span> <span class='ocrx_word' id='word_1_118' title='bbox 1107 1405 1361 1470; x_wconf 84' lang='grc' dir='ltr'>Συνάξεις</span> <span class='ocrx_word' id='word_1_119' title='bbox 1386 1406 1443 1459; x_wconf 86' lang='grc' dir='ltr'>δὲ</span> <span class='ocrx_word' id='word_1_120' title='bbox 1466 1406 1534 1460; x_wconf 85' lang='grc' dir='ltr'>τὰ</span> <span class='ocrx_word' id='word_1_121' title='bbox 1548 1406 1814 1476; x_wconf 87' lang='grc' dir='ltr'>πολλαχοῦ</span> <span class='ocrx_word' id='word_1_122' title='bbox 1830 1406 1937 1461; x_wconf 84' lang='grc' dir='ltr'>τῶν</span> 
     </span>
    </p>
   </div>
   <div class='ocr_carea' id='block_1_16' title="bbox 361 1494 1935 1571">
    <p class='ocr_par' dir='ltr' id='par_1_16' title="bbox 361 1494 1935 1571">
     <span class='ocr_line' id='line_1_16' title="bbox 361 1494 1935 1571; baseline 0.006 -27"><span class='ocrx_word' id='word_1_123' title='bbox 361 1494 655 1563; x_wconf 81' lang='grc' dir='ltr'><strong><em>προφητῶν</em></strong></span> <span class='ocrx_word' id='word_1_124' title='bbox 684 1495 811 1566; x_wconf 73' lang='grc' dir='ltr'>περὶ</span> <span class='ocrx_word' id='word_1_125' title='bbox 842 1496 1074 1567; x_wconf 85' lang='grc' dir='ltr'><strong><em>πρωίας,</em></strong></span> <span class='ocrx_word' id='word_1_126' title='bbox 1106 1496 1138 1568; x_wconf 80' lang='grc' dir='ltr'>ἢ</span> <span class='ocrx_word' id='word_1_127' title='bbox 1174 1497 1301 1568; x_wconf 85' lang='grc' dir='ltr'><strong><em>περί</em></strong></span> <span class='ocrx_word' id='word_1_128' title='bbox 1328 1497 1546 1569; x_wconf 79' lang='grc' dir='ltr'>ὄρθρου,</span> <span class='ocrx_word' id='word_1_129' title='bbox 1576 1500 1716 1571; x_wconf 84' lang='grc' dir='ltr'>ὑπὲρ</span> <span class='ocrx_word' id='word_1_130' title='bbox 1736 1499 1831 1553; x_wconf 88' lang='grc' dir='ltr'><strong><em>τοῦ</em></strong></span> <span class='ocrx_word' id='word_1_131' title='bbox 1868 1502 1935 1571; x_wconf 87' lang='grc' dir='ltr'>τῇ</span> 
     </span>
    </p>
   </div>
   <div class='ocr_carea' id='block_1_17' title="bbox 360 1583 1931 1663">
    <p class='ocr_par' dir='ltr' id='par_1_17' title="bbox 360 1583 1931 1663">
     <span class='ocr_line' id='line_1_17' title="bbox 360 1583 1931 1663; baseline 0.006 -27"><span class='ocrx_word' id='word_1_132' title='bbox 360 1583 472 1639; x_wconf 82' lang='grc' dir='ltr'>τῶν</span> <span class='ocrx_word' id='word_1_133' title='bbox 500 1585 760 1641; x_wconf 84' lang='grc' dir='ltr'>πλειόνων</span> <span class='ocrx_word' id='word_1_134' title='bbox 805 1587 1105 1659; x_wconf 77' lang='grc' dir='ltr'>παραθέσει</span> <span class='ocrx_word' id='word_1_135' title='bbox 1155 1590 1388 1660; x_wconf 82' lang='grc' dir='ltr'>φανῆναι</span> <span class='ocrx_word' id='word_1_136' title='bbox 1429 1590 1491 1643; x_wconf 83' lang='grc' dir='ltr'>τὸ</span> <span class='ocrx_word' id='word_1_137' title='bbox 1537 1592 1931 1663; x_wconf 89' lang='grc' dir='ltr'>προκείμενον·</span> 
     </span>
    </p>
   </div>
   <div class='ocr_carea' id='block_1_18' title="bbox 359 1670 1933 1749">
    <p class='ocr_par' dir='ltr' id='par_1_18' title="bbox 359 1670 1933 1749">
     <span class='ocr_line' id='line_1_18' title="bbox 359 1670 1933 1749; baseline 0.004 -22"><span class='ocrx_word' id='word_1_138' title='bbox 359 1670 491 1739; x_wconf 71' lang='grc' dir='ltr'>οἷον,</span> <span class='ocrx_word' id='word_1_139' title='bbox 539 1674 932 1731; x_wconf 79' lang='grc' dir='ltr'>Ἀπέστελλον</span> <span class='ocrx_word' id='word_1_140' title='bbox 962 1677 1173 1746; x_wconf 80' lang='grc' dir='ltr'>ὄρθρου</span> <span class='ocrx_word' id='word_1_141' title='bbox 1205 1679 1349 1745; x_wconf 83' lang='grc' dir='ltr'>τοὺς</span> <span class='ocrx_word' id='word_1_142' title='bbox 1370 1680 1708 1749; x_wconf 72' lang='grc' dir='ltr'>προφήτας-ο</span> <span class='ocrx_word' id='word_1_143' title='bbox 1738 1680 1933 1748; x_wconf 76' lang='grc' dir='ltr'>καὶτὸ,</span> 
     </span>
    </p>
   </div>
   <div class='ocr_carea' id='block_1_19' title="bbox 360 1762 1934 1839">
    <p class='ocr_par' dir='ltr' id='par_1_19' title="bbox 360 1762 1934 1839">
     <span class='ocr_line' id='line_1_19' title="bbox 360 1762 1934 1839; baseline 0.005 -23"><span class='ocrx_word' id='word_1_144' title='bbox 360 1762 517 1831; x_wconf 74' lang='grc' dir='ltr'>Πρωὶ</span> <span class='ocrx_word' id='word_1_145' title='bbox 560 1767 890 1835; x_wconf 78' lang='grc' dir='ltr'>εὶσακούσῃ</span> <span class='ocrx_word' id='word_1_146' title='bbox 938 1764 1049 1835; x_wconf 85' lang='grc' dir='ltr'>τῆς</span> <span class='ocrx_word' id='word_1_147' title='bbox 1097 1767 1303 1837; x_wconf 67' lang='grc' dir='ltr'>φωνῆς</span> <span class='ocrx_word' id='word_1_148' title='bbox 1344 1786 1491 1838; x_wconf 82' lang='grc' dir='ltr'><strong><em>μου·</em></strong></span> <span class='ocrx_word' id='word_1_149' title='bbox 1522 1771 1616 1823; x_wconf 81' lang='grc' dir='ltr'>καὶ</span> <span class='ocrx_word' id='word_1_150' title='bbox 1669 1771 1749 1837; x_wconf 87' lang='grc' dir='ltr'><strong><em>τὸ,</em></strong></span> <span class='ocrx_word' id='word_1_151' title='bbox 1780 1771 1934 1839; x_wconf 82' lang='grc' dir='ltr'><em>Πρωὶ</em></span> 
     </span>
    </p>
   </div>
   <div class='ocr_carea' id='block_1_20' title="bbox 2046 670 3615 749">
    <p class='ocr_par' dir='ltr' id='par_1_20' title="bbox 2046 670 3615 749">
     <span class='ocr_line' id='line_1_20' title="bbox 2046 670 3615 749; baseline 0.006 -26"><span class='ocrx_word' id='word_1_152' title='bbox 2046 671 2232 724; x_wconf 87' lang='grc' dir='ltr'>ποιίαν</span> <span class='ocrx_word' id='word_1_153' title='bbox 2260 670 2368 724; x_wconf 87' lang='grc' dir='ltr'>τῶν</span> <span class='ocrx_word' id='word_1_154' title='bbox 2399 670 2619 734; x_wconf 79' lang='grc' dir='ltr'>ἔξωθεν.</span> <span class='ocrx_word' id='word_1_155' title='bbox 2660 670 2813 728; x_wconf 83' lang='lat' dir='ltr'><strong><em>Haud</em></strong></span> <span class='ocrx_word' id='word_1_156' title='bbox 2850 674 3004 728; x_wconf 82' lang='lat' dir='ltr'><strong><em>aliter</em></strong></span> <span class='ocrx_word' id='word_1_157' title='bbox 3044 675 3426 749; x_wconf 81' lang='lat' dir='ltr'><strong><em>Hieronymus,</em></strong></span> <span class='ocrx_word' id='word_1_158' title='bbox 3461 677 3615 748; x_wconf 85' lang='lat' dir='ltr'><strong><em>cujus</em></strong></span> 
     </span>
    </p>
   </div>
   <div class='ocr_carea' id='block_1_21' title="bbox 2044 759 3612 825">
    <p class='ocr_par' dir='ltr' id='par_1_21' title="bbox 2044 759 3612 825">
     <span class='ocr_line' id='line_1_21' title="bbox 2044 759 3612 825; baseline 0.005 -13"><span class='ocrx_word' id='word_1_159' title='bbox 2044 759 2317 814; x_wconf 71' lang='lat' dir='ltr'><strong><em>sunthaec</em></strong></span> <span class='ocrx_word' id='word_1_160' title='bbox 2363 761 2610 813; x_wconf 79' lang='lat' dir='ltr'><strong><em>columna</em></strong></span> <span class='ocrx_word' id='word_1_161' title='bbox 2646 759 2755 814; x_wconf 87' lang='lat'><strong><em>52:</em></strong></span> <span class='ocrx_word' id='word_1_162' title='bbox 2788 780 2807 813; x_wconf 87' lang='grc'><strong>‹</strong></span> <span class='ocrx_word' id='word_1_163' title='bbox 2849 761 3097 825; x_wconf 85' lang='lat' dir='ltr'><strong><em>lnfernus</em></strong></span> <span class='ocrx_word' id='word_1_164' title='bbox 3136 775 3316 821; x_wconf 88' lang='lat' dir='ltr'><strong><em>autem</em></strong></span> <span class='ocrx_word' id='word_1_165' title='bbox 3372 768 3612 822; x_wconf 89' lang='lat' dir='ltr'><strong><em>animam</em></strong></span> 
     </span>
    </p>
   </div>
   <div class='ocr_carea' id='block_1_22' title="bbox 2044 849 3611 924">
    <p class='ocr_par' dir='ltr' id='par_1_22' title="bbox 2044 849 3611 924">
     <span class='ocr_line' id='line_1_22' title="bbox 2044 849 3611 924; baseline 0.004 -19"><span class='ocrx_word' id='word_1_166' title='bbox 2044 849 2247 905; x_wconf 87' lang='lat' dir='ltr'><strong><em>habere</em></strong></span> <span class='ocrx_word' id='word_1_167' title='bbox 2273 851 2491 917; x_wconf 88' lang='lat' dir='ltr'><strong><em>dicitur,</em></strong></span> <span class='ocrx_word' id='word_1_168' title='bbox 2525 866 2631 904; x_wconf 90' lang='lat' dir='ltr'><strong><em>non</em></strong></span> <span class='ocrx_word' id='word_1_169' title='bbox 2664 852 2805 919; x_wconf 91' lang='lat' dir='ltr'><strong><em>quod</em></strong></span> <span class='ocrx_word' id='word_1_170' title='bbox 2838 852 3037 908; x_wconf 88' lang='lat' dir='ltr'><strong><em>animal</em></strong></span> <span class='ocrx_word' id='word_1_171' title='bbox 3065 855 3156 921; x_wconf 86' lang='lat' dir='ltr'><strong><em>sit,</em></strong></span> <span class='ocrx_word' id='word_1_172' title='bbox 3184 857 3335 924; x_wconf 82' lang='lat' dir='ltr'><strong><em>juxta</em></strong></span> <span class='ocrx_word' id='word_1_173' title='bbox 3367 873 3611 913; x_wconf 89' lang='lat' dir='ltr'><strong><em>errorem</em></strong></span> 
     </span>
    </p>
   </div>
   <div class='ocr_carea' id='block_1_23' title="bbox 2043 941 3608 1021">
    <p class='ocr_par' dir='ltr' id='par_1_23' title="bbox 2043 941 3608 1021">
     <span class='ocr_line' id='line_1_23' title="bbox 2043 941 3608 1021; baseline 0.005 -27"><span class='ocrx_word' id='word_1_174' title='bbox 2043 943 2419 1013; x_wconf 85' lang='lat' dir='ltr'><strong><em>quorumdam.</em></strong></span> <span class='ocrx_word' id='word_1_175' title='bbox 2473 961 2492 993; x_wconf 77' lang='grc' dir='ltr'><strong><em>ι</em></strong></span> <span class='ocrx_word' id='word_1_176' title='bbox 2521 941 2997 1000; x_wconf 84' lang='lat' dir='ltr'><strong><em>Pseudo-Basilius</em></strong></span> <span class='ocrx_word' id='word_1_177' title='bbox 3024 951 3101 1016; x_wconf 78' lang='grc' dir='ltr'>(ν,</span> <span class='ocrx_word' id='word_1_178' title='bbox 3144 948 3233 1013; x_wconf 92' lang='grc'>17,</span> <span class='ocrx_word' id='word_1_179' title='bbox 3263 965 3413 1004; x_wconf 82' lang='grc' dir='ltr'>ιιιιιιι.</span> <span class='ocrx_word' id='word_1_180' title='bbox 3436 949 3559 1021; x_wconf 78' lang='grc'><strong><em>170)</em></strong></span> <span class='ocrx_word' id='word_1_181' title='bbox 3595 966 3608 1002; x_wconf 90' lang='lat'><strong>:</strong></span> 
     </span>
    </p>
   </div>
   <div class='ocr_carea' id='block_1_24' title="bbox 2042 1034 3612 1107">
    <p class='ocr_par' dir='ltr' id='par_1_24' title="bbox 2042 1034 3612 1107">
     <span class='ocr_line' id='line_1_24' title="bbox 2042 1034 3612 1107; baseline 0.005 -19"><span class='ocrx_word' id='word_1_182' title='bbox 2042 1035 2294 1099; x_wconf 88' lang='grc' dir='ltr'>Δεθέντες</span> <span class='ocrx_word' id='word_1_183' title='bbox 2343 1034 2538 1107; x_wconf 84' lang='grc' dir='ltr'>χειρῶν</span> <span class='ocrx_word' id='word_1_184' title='bbox 2577 1036 2671 1089; x_wconf 70' lang='grc' dir='ltr'>καὶ</span> <span class='ocrx_word' id='word_1_185' title='bbox 2706 1034 2881 1090; x_wconf 82' lang='grc' dir='ltr'>ποδῶν</span> <span class='ocrx_word' id='word_1_186' title='bbox 2916 1038 2966 1090; x_wconf 89' lang='grc' dir='ltr'><strong><em>οἱ</em></strong></span> <span class='ocrx_word' id='word_1_187' title='bbox 3014 1039 3494 1105; x_wconf 72' lang='grc' dir='ltr'><strong><em>καταδικασθέντες</em></strong></span> <span class='ocrx_word' id='word_1_188' title='bbox 3520 1042 3612 1096; x_wconf 74' lang='grc' dir='ltr'><strong><em>ἐκ·</em></strong></span> 
     </span>
    </p>
   </div>
   <div class='ocr_carea' id='block_1_25' title="bbox 2043 1126 3611 1203">
    <p class='ocr_par' dir='ltr' id='par_1_25' title="bbox 2043 1126 3611 1203">
     <span class='ocr_line' id='line_1_25' title="bbox 2043 1126 3611 1203; baseline 0.005 -24"><span class='ocrx_word' id='word_1_189' title='bbox 2043 1127 2324 1181; x_wconf 78' lang='grc' dir='ltr'>ϐάλλονται</span> <span class='ocrx_word' id='word_1_190' title='bbox 2355 1130 2435 1190; x_wconf 89' lang='grc' dir='ltr'><strong><em>εἰς</em></strong></span> <span class='ocrx_word' id='word_1_191' title='bbox 2481 1127 2540 1180; x_wconf 83' lang='grc' dir='ltr'>τὸ</span> <span class='ocrx_word' id='word_1_192' title='bbox 2582 1126 2771 1192; x_wconf 86' lang='grc' dir='ltr'>σκότος</span> <span class='ocrx_word' id='word_1_193' title='bbox 2805 1128 2866 1181; x_wconf 88' lang='grc' dir='ltr'><strong><em>τὸ</em></strong></span> <span class='ocrx_word' id='word_1_194' title='bbox 2914 1128 3198 1200; x_wconf 80' lang='grc' dir='ltr'>ἐξώτερον.</span> <span class='ocrx_word' id='word_1_195' title='bbox 3251 1130 3611 1203; x_wconf 79' lang='lat' dir='ltr'><strong><em>Hieronymus</em></strong></span> 
     </span>
    </p>
   </div>
   <div class='ocr_carea' id='block_1_26' title="bbox 2041 1219 3607 1290">
    <p class='ocr_par' dir='ltr' id='par_1_26' title="bbox 2041 1219 3607 1290">
     <span class='ocr_line' id='line_1_26' title="bbox 2041 1219 3607 1290; baseline 0.003 -17"><span class='ocrx_word' id='word_1_196' title='bbox 2041 1220 2144 1273; x_wconf 92' lang='lat' dir='ltr'><strong><em>col.</em></strong></span> <span class='ocrx_word' id='word_1_197' title='bbox 2181 1219 2286 1273; x_wconf 80' lang='lat'><strong>55:</strong></span> <span class='ocrx_word' id='word_1_198' title='bbox 2323 1238 2341 1271; x_wconf 75' lang='grc' dir='ltr'><strong><em>ι</em></strong></span> <span class='ocrx_word' id='word_1_199' title='bbox 2369 1219 2604 1274; x_wconf 85' lang='lat' dir='ltr'><strong><em>Conviva</em></strong></span> <span class='ocrx_word' id='word_1_200' title='bbox 2625 1234 2837 1290; x_wconf 90' lang='lat' dir='ltr'><strong><em>quoque</em></strong></span> <span class='ocrx_word' id='word_1_201' title='bbox 2861 1233 3034 1275; x_wconf 71' lang='lat' dir='ltr'><strong><em>eterra:</em></strong></span> <span class='ocrx_word' id='word_1_202' title='bbox 3065 1221 3374 1288; x_wconf 59' lang='lat' dir='ltr'><strong><em>Dominicas,</em></strong></span> <span class='ocrx_word' id='word_1_203' title='bbox 3405 1235 3607 1278; x_wconf 84' lang='lat' dir='ltr'><strong><em>vestem</em></strong></span> 
     </span>
    </p>
   </div>
   <div class='ocr_carea' id='block_1_27' title="bbox 2041 1312 3609 1381">
    <p class='ocr_par' dir='ltr' id='par_1_27' title="bbox 2041 1312 3609 1381">
     <span class='ocr_line' id='line_1_27' title="bbox 2041 1312 3609 1381; baseline 0.001 -14"><span class='ocrx_word' id='word_1_204' title='bbox 2041 1328 2146 1367; x_wconf 89' lang='lat' dir='ltr'><strong><em>non</em></strong></span> <span class='ocrx_word' id='word_1_205' title='bbox 2179 1313 2382 1367; x_wconf 80' lang='lat' dir='ltr'><strong><em>habens</em></strong></span> <span class='ocrx_word' id='word_1_206' title='bbox 2404 1312 2723 1381; x_wconf 84' lang='lat' dir='ltr'><strong><em>nuptialem,</em></strong></span> <span class='ocrx_word' id='word_1_207' title='bbox 2755 1312 2968 1368; x_wconf 89' lang='lat' dir='ltr'><strong><em>vinctus</em></strong></span> <span class='ocrx_word' id='word_1_208' title='bbox 2996 1313 3222 1381; x_wconf 89' lang='lat' dir='ltr'><strong><em>pedibus</em></strong></span> <span class='ocrx_word' id='word_1_209' title='bbox 3257 1327 3322 1367; x_wconf 91' lang='lat' dir='ltr'><strong><em>ac</em></strong></span> <span class='ocrx_word' id='word_1_210' title='bbox 3359 1313 3609 1368; x_wconf 84' lang='lat' dir='ltr'><strong><em>manibus</em></strong></span> 
     </span>
    </p>
   </div>
   <div class='ocr_carea' id='block_1_28' title="bbox 2039 1404 3607 1475">
    <p class='ocr_par' dir='ltr' id='par_1_28' title="bbox 2039 1404 3607 1475">
     <span class='ocr_line' id='line_1_28' title="bbox 2039 1404 3607 1475; baseline -0.001 -15"><span class='ocrx_word' id='word_1_211' title='bbox 2039 1404 2258 1474; x_wconf 89' lang='lat' dir='ltr'><strong><em>ejicitur</em></strong></span> <span class='ocrx_word' id='word_1_212' title='bbox 2282 1404 2335 1459; x_wconf 92' lang='lat' dir='ltr'><strong><em>in</em></strong></span> <span class='ocrx_word' id='word_1_213' title='bbox 2368 1405 2622 1460; x_wconf 84' lang='lat' dir='ltr'><strong><em>tenebras</em></strong></span> <span class='ocrx_word' id='word_1_214' title='bbox 2645 1405 3030 1461; x_wconf 77' lang='lat' dir='ltr'><strong><em>exteriores“.</em></strong></span> <span class='ocrx_word' id='word_1_215' title='bbox 3070 1424 3089 1457; x_wconf 76' lang='grc' dir='ltr'><strong><em>ι</em></strong></span> <span class='ocrx_word' id='word_1_216' title='bbox 3126 1404 3218 1462; x_wconf 89' lang='lat' dir='ltr'><strong><em>Sic</em></strong></span> <span class='ocrx_word' id='word_1_217' title='bbox 3262 1407 3607 1475; x_wconf 86' lang='lat' dir='ltr'><strong><em>prosequitur</em></strong></span> 
     </span>
    </p>
   </div>
   <div class='ocr_carea' id='block_1_29' title="bbox 2038 1496 3608 1569">
    <p class='ocr_par' dir='ltr' id='par_1_29' title="bbox 2038 1496 3608 1569">
     <span class='ocr_line' id='line_1_29' title="bbox 2038 1496 3608 1569; baseline -0.001 -18"><span class='ocrx_word' id='word_1_218' title='bbox 2038 1497 2402 1569; x_wconf 83' lang='lat' dir='ltr'><strong><em>Hieronymus</em></strong></span> <span class='ocrx_word' id='word_1_219' title='bbox 2430 1516 2443 1551; x_wconf 93' lang='lat'><strong>:</strong></span> <span class='ocrx_word' id='word_1_220' title='bbox 2476 1516 2495 1549; x_wconf 79' lang='grc' dir='ltr'><strong><em>ι</em></strong></span> <span class='ocrx_word' id='word_1_221' title='bbox 2539 1496 2607 1551; x_wconf 86' lang='grc' dir='ltr'>Ει</span> <span class='ocrx_word' id='word_1_222' title='bbox 2638 1496 2899 1553; x_wconf 89' lang='lat' dir='ltr'><strong><em>Dominus</em></strong></span> <span class='ocrx_word' id='word_1_223' title='bbox 2928 1499 3097 1561; x_wconf 86' lang='lat' dir='ltr'><strong><em>venit,</em></strong></span> <span class='ocrx_word' id='word_1_224' title='bbox 3131 1504 3191 1552; x_wconf 91' lang='lat' dir='ltr'><strong><em>ut</em></strong></span> <span class='ocrx_word' id='word_1_225' title='bbox 3222 1497 3305 1551; x_wconf 88' lang='lat' dir='ltr'><strong><em>his</em></strong></span> <span class='ocrx_word' id='word_1_226' title='bbox 3330 1497 3422 1566; x_wconf 89' lang='lat' dir='ltr'><strong><em>qui</em></strong></span> <span class='ocrx_word' id='word_1_227' title='bbox 3452 1506 3608 1552; x_wconf 89' lang='lat' dir='ltr'><strong><em>erant</em></strong></span> 
     </span>
    </p>
   </div>
   <div class='ocr_carea' id='block_1_30' title="bbox 2038 1589 3605 1660">
    <p class='ocr_par' dir='ltr' id='par_1_30' title="bbox 2038 1589 3605 1660">
     <span class='ocr_line' id='line_1_30' title="bbox 2038 1589 3605 1660; baseline -0.001 -16"><span class='ocrx_word' id='word_1_228' title='bbox 2038 1590 2092 1644; x_wconf 91' lang='lat' dir='ltr'><strong><em>in</em></strong></span> <span class='ocrx_word' id='word_1_229' title='bbox 2119 1590 2346 1645; x_wconf 89' lang='lat' dir='ltr'><strong><em>vinculis</em></strong></span> <span class='ocrx_word' id='word_1_230' title='bbox 2368 1590 2589 1656; x_wconf 88' lang='lat' dir='ltr'><strong><em>diceret,</em></strong></span> <span class='ocrx_word' id='word_1_231' title='bbox 2621 1589 2775 1644; x_wconf 74' lang='lat' dir='ltr'><strong><em>Exite</em></strong></span> <span class='ocrx_word' id='word_1_232' title='bbox 2801 1590 2867 1657; x_wconf 76' lang='lat'><strong><em>”,</em></strong></span> <span class='ocrx_word' id='word_1_233' title='bbox 2918 1601 2974 1645; x_wconf 89' lang='lat' dir='ltr'><strong><em>et</em></strong></span> <span class='ocrx_word' id='word_1_234' title='bbox 3015 1590 3108 1660; x_wconf 92' lang='lat' dir='ltr'><strong><em>qui</em></strong></span> <span class='ocrx_word' id='word_1_235' title='bbox 3142 1591 3508 1646; x_wconf 85' lang='lat' dir='ltr'><strong><em>versabantur</em></strong></span> <span class='ocrx_word' id='word_1_236' title='bbox 3552 1590 3605 1643; x_wconf 92' lang='lat' dir='ltr'><strong><em>in</em></strong></span> 
     </span>
    </p>
   </div>
   <div class='ocr_carea' id='block_1_31' title="bbox 2042 1677 3606 1747">
    <p class='ocr_par' dir='ltr' id='par_1_31' title="bbox 2042 1677 3606 1747">
     <span class='ocr_line' id='line_1_31' title="bbox 2042 1677 3606 1747; baseline -0.002 -12"><span class='ocrx_word' id='word_1_237' title='bbox 2042 1681 2301 1747; x_wconf 86' lang='lat' dir='ltr'><strong><em>tenebris,</em></strong></span> <span class='ocrx_word' id='word_1_238' title='bbox 2347 1680 2677 1735; x_wconf 80' lang='lat' dir='ltr'><strong><em>Reuelamini</em></strong></span> <span class='ocrx_word' id='word_1_239' title='bbox 2706 1680 2772 1735; x_wconf 62' lang='grc' dir='ltr'><strong><em>δι.</em></strong></span> <span class='ocrx_word' id='word_1_240' title='bbox 2816 1698 2834 1732; x_wconf 73' lang='grc' dir='ltr'><strong><em>ι</em></strong></span> <span class='ocrx_word' id='word_1_241' title='bbox 2872 1680 3003 1747; x_wconf 73' lang='lat' dir='ltr'><strong><em>Quae</em></strong></span> <span class='ocrx_word' id='word_1_242' title='bbox 3030 1680 3199 1736; x_wconf 87' lang='lat' dir='ltr'><strong><em>verba</em></strong></span> <span class='ocrx_word' id='word_1_243' title='bbox 3246 1680 3389 1734; x_wconf 88' lang='lat' dir='ltr'><strong><em>haud</em></strong></span> <span class='ocrx_word' id='word_1_244' title='bbox 3443 1677 3606 1733; x_wconf 86' lang='lat' dir='ltr'><strong><em>dubie</em></strong></span> 
     </span>
    </p>
   </div>
   <div class='ocr_carea' id='block_1_32' title="bbox 2037 1771 3603 1841">
    <p class='ocr_par' dir='ltr' id='par_1_32' title="bbox 2037 1771 3603 1841">
     <span class='ocr_line' id='line_1_32' title="bbox 2037 1771 3603 1841; baseline -0.001 -18"><span class='ocrx_word' id='word_1_245' title='bbox 2037 1784 2293 1840; x_wconf 86' lang='lat' dir='ltr'><strong><em>expressa</em></strong></span> <span class='ocrx_word' id='word_1_246' title='bbox 2329 1786 2543 1841; x_wconf 86' lang='lat' dir='ltr'><strong><em>quoque</em></strong></span> <span class='ocrx_word' id='word_1_247' title='bbox 2571 1783 2697 1826; x_wconf 90' lang='lat' dir='ltr'><strong><em>sunt</em></strong></span> <span class='ocrx_word' id='word_1_248' title='bbox 2746 1787 2813 1826; x_wconf 82' lang='lat' dir='ltr'><strong><em>ex</em></strong></span> <span class='ocrx_word' id='word_1_249' title='bbox 2863 1771 3068 1827; x_wconf 67' lang='lat' dir='ltr'><strong><em>Graecis</em></strong></span> <span class='ocrx_word' id='word_1_250' title='bbox 3096 1771 3203 1825; x_wconf 89' lang='lat' dir='ltr'><strong><em>illis</em></strong></span> <span class='ocrx_word' id='word_1_251' title='bbox 3227 1772 3303 1841; x_wconf 91' lang='lat' dir='ltr'><strong><em>(v,</em></strong></span> <span class='ocrx_word' id='word_1_252' title='bbox 3333 1771 3420 1835; x_wconf 86' lang='grc'>17,</span> <span class='ocrx_word' id='word_1_253' title='bbox 3451 1785 3603 1823; x_wconf 89' lang='lat' dir='ltr'><strong><em>num.</em></strong></span> 
     </span>
    </p>
   </div>
   <div class='ocr_carea' id='block_1_33' title="bbox 360 1856 3605 1935">
    <p class='ocr_par' dir='ltr' id='par_1_33' title="bbox 360 1856 3605 1935">
     <span class='ocr_line' id='line_1_33' title="bbox 360 1856 3605 1935; baseline 0.003 -29"><span class='ocrx_word' id='word_1_254' title='bbox 360 1856 828 1926; x_wconf 74' lang='grc' dir='ltr'>παραστήσομαι</span> <span class='ocrx_word' id='word_1_255' title='bbox 879 1873 997 1922; x_wconf 84' lang='grc' dir='ltr'>σοι,</span> <span class='ocrx_word' id='word_1_256' title='bbox 1034 1859 1132 1912; x_wconf 77' lang='grc' dir='ltr'>καὶ</span> <span class='ocrx_word' id='word_1_257' title='bbox 1182 1859 1384 1929; x_wconf 73' lang='grc' dir='ltr'><strong><em>ἐπόψῃ</em></strong></span> <span class='ocrx_word' id='word_1_258' title='bbox 1417 1877 1527 1929; x_wconf 84' lang='grc' dir='ltr'><strong><em>με·</em></strong></span> <span class='ocrx_word' id='word_1_259' title='bbox 1570 1862 1663 1917; x_wconf 73' lang='grc' dir='ltr'>καὶ</span> <span class='ocrx_word' id='word_1_260' title='bbox 1704 1862 1785 1927; x_wconf 86' lang='grc' dir='ltr'><strong><em>τὸ,</em></strong></span> <span class='ocrx_word' id='word_1_261' title='bbox 1834 1864 1929 1916; x_wconf 85' lang='grc' dir='ltr'>Ἐκ</span> <span class='ocrx_word' id='word_1_262' title='bbox 1962 1861 2005 1914; x_wconf 85' lang='grc' dir='ltr'>Β</span> <span class='ocrx_word' id='word_1_263' title='bbox 2032 1865 2154 1935; x_wconf 82' lang='grc'>171)</span> <span class='ocrx_word' id='word_1_264' title='bbox 2188 1881 2201 1918; x_wconf 93' lang='lat'><strong>:</strong></span> <span class='ocrx_word' id='word_1_265' title='bbox 2237 1865 2468 1918; x_wconf 85' lang='grc' dir='ltr'>Δυνατὸν</span> <span class='ocrx_word' id='word_1_266' title='bbox 2502 1864 2683 1935; x_wconf 79' lang='grc' dir='ltr'>μέντοι</span> <span class='ocrx_word' id='word_1_267' title='bbox 2731 1865 3020 1935; x_wconf 85' lang='grc' dir='ltr'>γενόμενον</span> <span class='ocrx_word' id='word_1_268' title='bbox 3072 1864 3291 1935; x_wconf 82' lang='grc' dir='ltr'>δέσμιον</span> <span class='ocrx_word' id='word_1_269' title='bbox 3333 1861 3605 1935; x_wconf 84' lang='grc' dir='ltr'>ἁμαρτίας</span> 
     </span>
    </p>
   </div>
   <div class='ocr_carea' id='block_1_34' title="bbox 357 1943 1925 2019">
    <p class='ocr_par' dir='ltr' id='par_1_34' title="bbox 357 1943 1925 2019">
     <span class='ocr_line' id='line_1_34' title="bbox 357 1943 1925 2019; baseline 0.005 -21"><span class='ocrx_word' id='word_1_270' title='bbox 357 1943 581 2011; x_wconf 77' lang='grc' dir='ltr'>νυκτὸς</span> <span class='ocrx_word' id='word_1_271' title='bbox 610 1943 852 2015; x_wconf 82' lang='grc' dir='ltr'>ὀρθρίζει</span> <span class='ocrx_word' id='word_1_272' title='bbox 890 1947 1213 2019; x_wconf 69' lang='grc' dir='ltr'><strong><em>τὰπγεῦμά</em></strong></span> <span class='ocrx_word' id='word_1_273' title='bbox 1226 1966 1351 2019; x_wconf 13' lang='grc' dir='ltr'>μου.</span> <span class='ocrx_word' id='word_1_274' title='bbox 1385 1950 1534 2019; x_wconf 82' lang='grc' dir='ltr'>πρὸς</span> <span class='ocrx_word' id='word_1_275' title='bbox 1563 1950 1655 2015; x_wconf 86' lang='grc' dir='ltr'><strong><em>σὲ,</em></strong></span> <span class='ocrx_word' id='word_1_276' title='bbox 1681 1952 1925 2019; x_wconf 67' lang='grc' dir='ltr'><strong><em>ἀθεός·</em></strong></span> 
     </span>
    </p>
   </div>
   <div class='ocr_carea' id='block_1_35' title="bbox 360 2036 1931 2112">
    <p class='ocr_par' dir='ltr' id='par_1_35' title="bbox 360 2036 1931 2112">
     <span class='ocr_line' id='line_1_35' title="bbox 360 2036 1931 2112; baseline 0.006 -24"><span class='ocrx_word' id='word_1_277' title='bbox 360 2038 480 2100; x_wconf 77' lang='grc' dir='ltr'>καὶ,</span> <span class='ocrx_word' id='word_1_278' title='bbox 516 2036 567 2089; x_wconf 89' lang='grc' dir='ltr'><em>Ὁ</em></span> <span class='ocrx_word' id='word_1_279' title='bbox 602 2039 767 2105; x_wconf 81' lang='grc' dir='ltr'>Θεὸς,</span> <span class='ocrx_word' id='word_1_280' title='bbox 811 2042 844 2094; x_wconf 80' lang='grc' dir='ltr'><em>ὁ</em></span> <span class='ocrx_word' id='word_1_281' title='bbox 879 2041 1022 2106; x_wconf 82' lang='grc' dir='ltr'>Θεός</span> <span class='ocrx_word' id='word_1_282' title='bbox 1047 2059 1189 2110; x_wconf 84' lang='grc' dir='ltr'>μου,</span> <span class='ocrx_word' id='word_1_283' title='bbox 1221 2044 1371 2110; x_wconf 82' lang='grc' dir='ltr'>πρὸς</span> <span class='ocrx_word' id='word_1_284' title='bbox 1417 2042 1494 2096; x_wconf 84' lang='grc' dir='ltr'><strong><em>σὲ</em></strong></span> <span class='ocrx_word' id='word_1_285' title='bbox 1532 2044 1800 2112; x_wconf 79' lang='grc' dir='ltr'>ὀρθρίζω·</span> <span class='ocrx_word' id='word_1_286' title='bbox 1837 2044 1931 2098; x_wconf 83' lang='grc' dir='ltr'><strong><em>καὶ</em></strong></span> 
     </span>
    </p>
   </div>
   <div class='ocr_carea' id='block_1_36' title="bbox 356 2126 1930 2205">
    <p class='ocr_par' dir='ltr' id='par_1_36' title="bbox 356 2126 1930 2205">
     <span class='ocr_line' id='line_1_36' title="bbox 356 2126 1930 2205; baseline 0.006 -26"><span class='ocrx_word' id='word_1_287' title='bbox 356 2126 440 2190; x_wconf 80' lang='grc' dir='ltr'><strong><em>τὸ,</em></strong></span> <span class='ocrx_word' id='word_1_288' title='bbox 459 2129 561 2193; x_wconf 82' lang='grc' dir='ltr'>Εἰς</span> <span class='ocrx_word' id='word_1_289' title='bbox 591 2128 698 2194; x_wconf 83' lang='grc' dir='ltr'>τὰς</span> <span class='ocrx_word' id='word_1_290' title='bbox 717 2130 939 2198; x_wconf 81' lang='grc' dir='ltr'><strong><em>πρωίας</em></strong></span> <span class='ocrx_word' id='word_1_291' title='bbox 955 2130 1309 2185; x_wconf 79' lang='grc' dir='ltr'><strong><em>ἀπέκτεινον</em></strong></span> <span class='ocrx_word' id='word_1_292' title='bbox 1333 2133 1561 2200; x_wconf 76' lang='grc' dir='ltr'>πάντας</span> <span class='ocrx_word' id='word_1_293' title='bbox 1592 2134 1734 2200; x_wconf 82' lang='grc' dir='ltr'>τοὺς</span> <span class='ocrx_word' id='word_1_294' title='bbox 1748 2136 1930 2205; x_wconf 81' lang='grc' dir='ltr'>ἀμαρ-</span> 
     </span>
    </p>
   </div>
   <div class='ocr_carea' id='block_1_37' title="bbox 355 2220 1931 2293">
    <p class='ocr_par' dir='ltr' id='par_1_37' title="bbox 355 2220 1931 2293">
     <span class='ocr_line' id='line_1_37' title="bbox 355 2220 1931 2293; baseline 0.005 -20"><span class='ocrx_word' id='word_1_295' title='bbox 355 2220 586 2286; x_wconf 76' lang='grc' dir='ltr'>τωλοὺς</span> <span class='ocrx_word' id='word_1_296' title='bbox 610 2220 717 2289; x_wconf 80' lang='grc' dir='ltr'>τῆς</span> <span class='ocrx_word' id='word_1_297' title='bbox 741 2221 853 2291; x_wconf 77' lang='grc' dir='ltr'>γῆς</span> <span class='ocrx_word' id='word_1_298' title='bbox 874 2238 887 2253; x_wconf 80' lang='grc'><em>’</em></span> <span class='ocrx_word' id='word_1_299' title='bbox 916 2224 1010 2276; x_wconf 72' lang='grc' dir='ltr'><strong><em>καὶ</em></strong></span> <span class='ocrx_word' id='word_1_300' title='bbox 1049 2224 1132 2288; x_wconf 85' lang='grc' dir='ltr'><strong><em>τὸ,</em></strong></span> <span class='ocrx_word' id='word_1_301' title='bbox 1170 2224 1457 2292; x_wconf 85' lang='grc' dir='ltr'>Ἑσπέρας</span> <span class='ocrx_word' id='word_1_302' title='bbox 1498 2226 1931 2293; x_wconf 77' lang='grc' dir='ltr'>αὑλισθήσεται</span> 
     </span>
    </p>
   </div>
   <div class='ocr_carea' id='block_1_38' title="bbox 355 2314 1929 2387">
    <p class='ocr_par' dir='ltr' id='par_1_38' title="bbox 355 2314 1929 2387">
     <span class='ocr_line' id='line_1_38' title="bbox 355 2314 1929 2387; baseline 0.005 -21"><span class='ocrx_word' id='word_1_303' title='bbox 355 2315 682 2383; x_wconf 75' lang='grc' dir='ltr'>κλαυθμὸς,</span> <span class='ocrx_word' id='word_1_304' title='bbox 697 2314 966 2383; x_wconf 51' lang='grc' dir='ltr'>καλεῖςτί)</span> <span class='ocrx_word' id='word_1_305' title='bbox 978 2317 1125 2384; x_wconf 80' lang='grc' dir='ltr'>πρωὶ</span> <span class='ocrx_word' id='word_1_306' title='bbox 1142 2315 1788 2387; x_wconf 58' lang='grc' dir='ltr'>ἀγηλλίασιςθικϋιιειῐι</span> <span class='ocrx_word' id='word_1_307' title='bbox 1803 2334 1929 2374; x_wconf 87' lang='lat' dir='ltr'><strong><em>eum</em></strong></span> 
     </span>
    </p>
   </div>
   <div class='ocr_carea' id='block_1_39' title="bbox 356 2404 1928 2483">
    <p class='ocr_par' dir='ltr' id='par_1_39' title="bbox 356 2404 1928 2483">
     <span class='ocr_line' id='line_1_39' title="bbox 356 2404 1928 2483; baseline 0.006 -26"><span class='ocrx_word' id='word_1_308' title='bbox 356 2420 469 2472; x_wconf 89' lang='lat' dir='ltr'><strong><em>quo</em></strong></span> <span class='ocrx_word' id='word_1_309' title='bbox 509 2404 625 2460; x_wconf 88' lang='lat' dir='ltr'><strong><em>loca</em></strong></span> <span class='ocrx_word' id='word_1_310' title='bbox 660 2405 955 2477; x_wconf 73' lang='lat' dir='ltr'><strong><em>Scriptura:</em></strong></span> <span class='ocrx_word' id='word_1_311' title='bbox 996 2407 1308 2462; x_wconf 78' lang='lat' dir='ltr'><strong><em>referuntur</em></strong></span> <span class='ocrx_word' id='word_1_312' title='bbox 1337 2409 1583 2483; x_wconf 88' lang='lat' dir='ltr'><strong><em>quisquis</em></strong></span> <span class='ocrx_word' id='word_1_313' title='bbox 1611 2410 1928 2467; x_wconf 88' lang='lat' dir='ltr'><strong><em>considera-</em></strong></span> 
     </span>
    </p>
   </div>
   <div class='ocr_carea' id='block_1_40' title="bbox 353 2495 1927 2567">
    <p class='ocr_par' dir='ltr' id='par_1_40' title="bbox 353 2495 1927 2567">
     <span class='ocr_line' id='line_1_40' title="bbox 353 2495 1927 2567; baseline 0.006 -20"><span class='ocrx_word' id='word_1_314' title='bbox 353 2495 518 2559; x_wconf 86' lang='lat' dir='ltr'><strong><em>verit,</em></strong></span> <span class='ocrx_word' id='word_1_315' title='bbox 551 2497 619 2560; x_wconf 90' lang='lat' dir='ltr'><strong><em>is,</em></strong></span> <span class='ocrx_word' id='word_1_316' title='bbox 655 2498 868 2567; x_wconf 81' lang='lat' dir='ltr'><strong><em>Opinor,</em></strong></span> <span class='ocrx_word' id='word_1_317' title='bbox 897 2498 1088 2553; x_wconf 87' lang='lat' dir='ltr'><strong><em>Latina</em></strong></span> <span class='ocrx_word' id='word_1_318' title='bbox 1113 2514 1143 2553; x_wconf 90' lang='lat' dir='ltr'><strong><em>e</em></strong></span> <span class='ocrx_word' id='word_1_319' title='bbox 1165 2498 1370 2555; x_wconf 64' lang='lat' dir='ltr'><strong><em>Graecis</em></strong></span> <span class='ocrx_word' id='word_1_320' title='bbox 1398 2515 1661 2556; x_wconf 88' lang='lat' dir='ltr'><strong><em>conversa</em></strong></span> <span class='ocrx_word' id='word_1_321' title='bbox 1688 2516 1807 2558; x_wconf 87' lang='lat' dir='ltr'><strong><em>esse</em></strong></span> <span class='ocrx_word' id='word_1_322' title='bbox 1841 2501 1927 2557; x_wconf 82' lang='lat' dir='ltr'><strong><em>fa-</em></strong></span> 
     </span>
    </p>
   </div>
   <div class='ocr_carea' id='block_1_41' title="bbox 354 2585 1926 2661">
    <p class='ocr_par' dir='ltr' id='par_1_41' title="bbox 354 2585 1926 2661">
     <span class='ocr_line' id='line_1_41' title="bbox 354 2585 1926 2661; baseline 0.004 -22"><span class='ocrx_word' id='word_1_323' title='bbox 354 2585 461 2640; x_wconf 88' lang='lat' dir='ltr'><strong><em>cile</em></strong></span> <span class='ocrx_word' id='word_1_324' title='bbox 514 2586 789 2643; x_wconf 81' lang='lat' dir='ltr'><strong><em>fatebitur.</em></strong></span> <span class='ocrx_word' id='word_1_325' title='bbox 842 2588 1150 2644; x_wconf 90' lang='lat' dir='ltr'><strong><em>Notandum</em></strong></span> <span class='ocrx_word' id='word_1_326' title='bbox 1202 2591 1380 2645; x_wconf 90' lang='lat' dir='ltr'><strong><em>obiter</em></strong></span> <span class='ocrx_word' id='word_1_327' title='bbox 1433 2591 1926 2661; x_wconf 80' lang='lat' dir='ltr'><strong><em>pseudo-Basiliam</em></strong></span> 
     </span>
    </p>
   </div>
   <div class='ocr_carea' id='block_1_42' title="bbox 353 2677 1926 2752">
    <p class='ocr_par' dir='ltr' id='par_1_42' title="bbox 353 2677 1926 2752">
     <span class='ocr_line' id='line_1_42' title="bbox 353 2677 1926 2752; baseline 0.006 -22"><span class='ocrx_word' id='word_1_328' title='bbox 353 2677 549 2746; x_wconf 86' lang='grc'>(5,12,</span> <span class='ocrx_word' id='word_1_329' title='bbox 584 2695 731 2735; x_wconf 92' lang='lat' dir='ltr'><strong><em>num.</em></strong></span> <span class='ocrx_word' id='word_1_330' title='bbox 792 2680 916 2752; x_wconf 86' lang='grc'>161)</span> <span class='ocrx_word' id='word_1_331' title='bbox 952 2681 1113 2736; x_wconf 87' lang='lat' dir='ltr'><strong><em>etiam</em></strong></span> <span class='ocrx_word' id='word_1_332' title='bbox 1146 2681 1363 2737; x_wconf 88' lang='lat' dir='ltr'><strong><em>Eusebii</em></strong></span> <span class='ocrx_word' id='word_1_333' title='bbox 1417 2682 1474 2736; x_wconf 87' lang='lat' dir='ltr'><strong><em>in</em></strong></span> <span class='ocrx_word' id='word_1_334' title='bbox 1505 2681 1749 2737; x_wconf 84' lang='lat' dir='ltr'><strong><em>Psalmos</em></strong></span> <span class='ocrx_word' id='word_1_335' title='bbox 1777 2699 1926 2739; x_wconf 87' lang='lat' dir='ltr'><strong><em>com-</em></strong></span> 
     </span>
    </p>
   </div>
   <div class='ocr_carea' id='block_1_43' title="bbox 355 2771 1921 2846">
    <p class='ocr_par' dir='ltr' id='par_1_43' title="bbox 355 2771 1921 2846">
     <span class='ocr_line' id='line_1_43' title="bbox 355 2771 1921 2846; baseline 0.007 -23"><span class='ocrx_word' id='word_1_336' title='bbox 355 2771 706 2840; x_wconf 89' lang='lat' dir='ltr'><strong><em>mentarium,</em></strong></span> <span class='ocrx_word' id='word_1_337' title='bbox 734 2783 796 2827; x_wconf 90' lang='lat' dir='ltr'><strong><em>ut</em></strong></span> <span class='ocrx_word' id='word_1_338' title='bbox 834 2774 1089 2845; x_wconf 87' lang='lat' dir='ltr'><strong><em>vidimus,</em></strong></span> <span class='ocrx_word' id='word_1_339' title='bbox 1120 2776 1221 2829; x_wconf 91' lang='lat' dir='ltr'><strong><em>hoc</em></strong></span> <span class='ocrx_word' id='word_1_340' title='bbox 1250 2775 1369 2831; x_wconf 89' lang='lat' dir='ltr'><strong><em>loco</em></strong></span> <span class='ocrx_word' id='word_1_341' title='bbox 1422 2775 1514 2830; x_wconf 90' lang='lat' dir='ltr'><strong><em>hic</em></strong></span> <span class='ocrx_word' id='word_1_342' title='bbox 1563 2776 1921 2846; x_wconf 83' lang='lat' dir='ltr'><strong><em>compilasse:</em></strong></span> 
     </span>
    </p>
   </div>
   <div class='ocr_carea' id='block_1_44' title="bbox 351 2863 1926 2937">
    <p class='ocr_par' dir='ltr' id='par_1_44' title="bbox 351 2863 1926 2937">
     <span class='ocr_line' id='line_1_44' title="bbox 351 2863 1926 2937; baseline 0.004 -21"><span class='ocrx_word' id='word_1_343' title='bbox 351 2877 517 2931; x_wconf 90' lang='lat' dir='ltr'><strong><em>quam</em></strong></span> <span class='ocrx_word' id='word_1_344' title='bbox 549 2863 844 2919; x_wconf 89' lang='lat' dir='ltr'><strong><em>inauditam</em></strong></span> <span class='ocrx_word' id='word_1_345' title='bbox 898 2866 1295 2937; x_wconf 84' lang='lat' dir='ltr'><strong><em>interpretandi</em></strong></span> <span class='ocrx_word' id='word_1_346' title='bbox 1328 2866 1597 2921; x_wconf 90' lang='lat' dir='ltr'><strong><em>rationem</em></strong></span> <span class='ocrx_word' id='word_1_347' title='bbox 1649 2868 1926 2937; x_wconf 87' lang='lat' dir='ltr'><strong><em>sapienter</em></strong></span> 
     </span>
    </p>
   </div>
   <div class='ocr_carea' id='block_1_45' title="bbox 350 2954 1917 3031">
    <p class='ocr_par' dir='ltr' id='par_1_45' title="bbox 350 2954 1917 3031">
     <span class='ocr_line' id='line_1_45' title="bbox 350 2954 1917 3031; baseline 0.003 -23"><span class='ocrx_word' id='word_1_348' title='bbox 350 2954 758 3024; x_wconf 88' lang='lat' dir='ltr'><strong><em>prudenterque</em></strong></span> <span class='ocrx_word' id='word_1_349' title='bbox 780 2957 925 3011; x_wconf 84' lang='lat' dir='ltr'><strong><em>cavit</em></strong></span> <span class='ocrx_word' id='word_1_350' title='bbox 962 2959 1198 3027; x_wconf 90' lang='lat' dir='ltr'><strong><em>optimus</em></strong></span> <span class='ocrx_word' id='word_1_351' title='bbox 1230 2959 1499 3028; x_wconf 89' lang='lat' dir='ltr'><strong><em>interpres</em></strong></span> <span class='ocrx_word' id='word_1_352' title='bbox 1534 2957 1917 3031; x_wconf 81' lang='lat' dir='ltr'><strong><em>Hieronymus.</em></strong></span> 
     </span>
    </p>
   </div>
   <div class='ocr_carea' id='block_1_46' title="bbox 351 3042 1924 3122">
    <p class='ocr_par' dir='ltr' id='par_1_46' title="bbox 351 3042 1924 3122">
     <span class='ocr_line' id='line_1_46' title="bbox 351 3042 1924 3122; baseline 0.003 -21"><span class='ocrx_word' id='word_1_353' title='bbox 351 3042 530 3101; x_wconf 88' lang='lat' dir='ltr'><strong><em>Unum</em></strong></span> <span class='ocrx_word' id='word_1_354' title='bbox 559 3048 802 3103; x_wconf 89' lang='lat' dir='ltr'><strong><em>omnium</em></strong></span> <span class='ocrx_word' id='word_1_355' title='bbox 838 3049 1304 3119; x_wconf 87' lang='lat' dir='ltr'><strong><em>imperitissimum</em></strong></span> <span class='ocrx_word' id='word_1_356' title='bbox 1340 3051 1662 3122; x_wconf 88' lang='lat' dir='ltr'><strong><em>scriptorem</em></strong></span> <span class='ocrx_word' id='word_1_357' title='bbox 1688 3052 1924 3121; x_wconf 86' lang='lat' dir='ltr'><strong><em>pseudo-</em></strong></span> 
     </span>
    </p>
   </div>
   <div class='ocr_carea' id='block_1_47' title="bbox 348 3136 1921 3210">
    <p class='ocr_par' dir='ltr' id='par_1_47' title="bbox 348 3136 1921 3210">
     <span class='ocr_line' id='line_1_47' title="bbox 348 3136 1921 3210; baseline 0.002 -21"><span class='ocrx_word' id='word_1_358' title='bbox 348 3136 605 3193; x_wconf 89' lang='lat' dir='ltr'><strong><em>Basilium</em></strong></span> <span class='ocrx_word' id='word_1_359' title='bbox 636 3146 785 3192; x_wconf 86' lang='lat' dir='ltr'><strong><em>tanta</em></strong></span> <span class='ocrx_word' id='word_1_360' title='bbox 813 3139 1013 3208; x_wconf 87' lang='lat' dir='ltr'><strong><em>ineptia</em></strong></span> <span class='ocrx_word' id='word_1_361' title='bbox 1036 3138 1278 3195; x_wconf 87' lang='lat' dir='ltr'><strong><em>decebat.</em></strong></span> <span class='ocrx_word' id='word_1_362' title='bbox 1298 3138 1661 3210; x_wconf 84' lang='lat' dir='ltr'><strong><em>Hieronymus</em></strong></span> <span class='ocrx_word' id='word_1_363' title='bbox 1676 3139 1921 3195; x_wconf 90' lang='lat' dir='ltr'><strong><em>columna</em></strong></span> 
     </span>
    </p>
   </div>
   <div class='ocr_carea' id='block_1_48' title="bbox 2036 1952 3603 2026">
    <p class='ocr_par' dir='ltr' id='par_1_48' title="bbox 2036 1952 3603 2026">
     <span class='ocr_line' id='line_1_48' title="bbox 2036 1952 3603 2026; baseline -0.002 -18"><span class='ocrx_word' id='word_1_364' title='bbox 2036 1954 2395 2025; x_wconf 83' lang='grc' dir='ltr'>ἀκολουθῆσαι</span> <span class='ocrx_word' id='word_1_365' title='bbox 2440 1952 2660 2026; x_wconf 83' lang='grc' dir='ltr'><strong><em>Χριστῷ</em></strong></span> <span class='ocrx_word' id='word_1_366' title='bbox 2704 1954 2780 2025; x_wconf 82' lang='grc' dir='ltr'>τῷ</span> <span class='ocrx_word' id='word_1_367' title='bbox 2814 1954 3025 2026; x_wconf 77' lang='grc' dir='ltr'>ἐροῦντι</span> <span class='ocrx_word' id='word_1_368' title='bbox 3072 1958 3186 2018; x_wconf 85' lang='grc' dir='ltr'>τοῖς</span> <span class='ocrx_word' id='word_1_369' title='bbox 3242 1956 3301 2007; x_wconf 82' lang='grc' dir='ltr'>ὲν</span> <span class='ocrx_word' id='word_1_370' title='bbox 3341 1953 3603 2024; x_wconf 84' lang='grc' dir='ltr'>δεσμίοις,</span> 
     </span>
    </p>
   </div>
   <div class='ocr_carea' id='block_1_49' title="bbox 2049 2044 3603 2116">
    <p class='ocr_par' dir='ltr' id='par_1_49' title="bbox 2049 2044 3603 2116">
     <span class='ocr_line' id='line_1_49' title="bbox 2049 2044 3603 2116; baseline -0.001 -17"><span class='ocrx_word' id='word_1_371' title='bbox 2049 2046 2372 2111; x_wconf 81' lang='grc' dir='ltr'>Ἐξέλθετε,</span> <span class='ocrx_word' id='word_1_372' title='bbox 2398 2046 2490 2099; x_wconf 74' lang='grc' dir='ltr'><strong><em>καὶ</em></strong></span> <span class='ocrx_word' id='word_1_373' title='bbox 2516 2048 2625 2109; x_wconf 86' lang='grc' dir='ltr'>τοῖς</span> <span class='ocrx_word' id='word_1_374' title='bbox 2641 2047 2697 2099; x_wconf 82' lang='grc' dir='ltr'>ὲν</span> <span class='ocrx_word' id='word_1_375' title='bbox 2724 2046 2801 2116; x_wconf 84' lang='grc' dir='ltr'>τῷ</span> <span class='ocrx_word' id='word_1_376' title='bbox 2834 2048 3032 2111; x_wconf 79' lang='grc' dir='ltr'>σκότει,</span> <span class='ocrx_word' id='word_1_377' title='bbox 3069 2044 3603 2114; x_wconf 75' lang='grc' dir='ltr'>Ἀποκαλυφθῆγαι.</span> 
     </span>
    </p>
   </div>
   <div class='ocr_carea' id='block_1_50' title="bbox 2034 2134 3607 2206">
    <p class='ocr_par' dir='ltr' id='par_1_50' title="bbox 2034 2134 3607 2206">
     <span class='ocr_line' id='line_1_50' title="bbox 2034 2134 3607 2206; baseline 0 -17"><span class='ocrx_word' id='word_1_378' title='bbox 2034 2134 2395 2206; x_wconf 85' lang='lat' dir='ltr'><strong><em>Hieronymus</em></strong></span> <span class='ocrx_word' id='word_1_379' title='bbox 2417 2138 2604 2190; x_wconf 90' lang='lat' dir='ltr'><strong><em>eadem</em></strong></span> <span class='ocrx_word' id='word_1_380' title='bbox 2637 2136 2740 2191; x_wconf 89' lang='lat' dir='ltr'><strong><em>col.</em></strong></span> <span class='ocrx_word' id='word_1_381' title='bbox 2767 2137 2836 2191; x_wconf 79' lang='lat'><strong><em>55</em></strong></span> <span class='ocrx_word' id='word_1_382' title='bbox 2869 2155 2883 2192; x_wconf 84' lang='lat'><strong>:</strong></span> <span class='ocrx_word' id='word_1_383' title='bbox 2917 2156 2936 2188; x_wconf 76' lang='grc' dir='ltr'><strong><em>ι</em></strong></span> <span class='ocrx_word' id='word_1_384' title='bbox 2959 2136 3278 2206; x_wconf 82' lang='lat' dir='ltr'><strong><em>Achitophel</em></strong></span> <span class='ocrx_word' id='word_1_385' title='bbox 3311 2151 3524 2206; x_wconf 87' lang='lat' dir='ltr'><strong><em>quoque</em></strong></span> <span class='ocrx_word' id='word_1_386' title='bbox 3552 2146 3607 2190; x_wconf 88' lang='lat' dir='ltr'><strong><em>et</em></strong></span> 
     </span>
    </p>
   </div>
   <div class='ocr_carea' id='block_1_51' title="bbox 2033 2226 3605 2298">
    <p class='ocr_par' dir='ltr' id='par_1_51' title="bbox 2033 2226 3605 2298">
     <span class='ocr_line' id='line_1_51' title="bbox 2033 2226 3605 2298; baseline 0 -17"><span class='ocrx_word' id='word_1_387' title='bbox 2033 2226 2266 2281; x_wconf 84' lang='lat' dir='ltr'><strong><em>Judas...</em></strong></span> <span class='ocrx_word' id='word_1_388' title='bbox 2299 2228 2509 2296; x_wconf 89' lang='lat' dir='ltr'><strong><em>periere</em></strong></span> <span class='ocrx_word' id='word_1_389' title='bbox 2542 2228 2858 2296; x_wconf 77' lang='lat' dir='ltr'><strong><em>suSpendio,</em></strong></span> <span class='ocrx_word' id='word_1_390' title='bbox 2914 2236 3169 2298; x_wconf 88' lang='lat' dir='ltr'><strong><em>putantes</em></strong></span> <span class='ocrx_word' id='word_1_391' title='bbox 3222 2227 3422 2281; x_wconf 89' lang='lat' dir='ltr'><strong><em>malum</em></strong></span> <span class='ocrx_word' id='word_1_392' title='bbox 3469 2241 3605 2281; x_wconf 89' lang='lat' dir='ltr'><strong><em>con-</em></strong></span> 
     </span>
    </p>
   </div>
   <div class='ocr_carea' id='block_1_52' title="bbox 2034 2318 3606 2388">
    <p class='ocr_par' dir='ltr' id='par_1_52' title="bbox 2034 2318 3606 2388">
     <span class='ocr_line' id='line_1_52' title="bbox 2034 2318 3606 2388; baseline 0.001 -17"><span class='ocrx_word' id='word_1_393' title='bbox 2034 2318 2277 2372; x_wconf 70' lang='lat' dir='ltr'><strong><em>scientiae</em></strong></span> <span class='ocrx_word' id='word_1_394' title='bbox 2331 2320 2582 2387; x_wconf 82' lang='lat' dir='ltr'><strong><em>praesenti</em></strong></span> <span class='ocrx_word' id='word_1_395' title='bbox 2617 2328 2792 2372; x_wconf 87' lang='lat' dir='ltr'><strong><em>morte</em></strong></span> <span class='ocrx_word' id='word_1_396' title='bbox 2822 2319 2985 2388; x_wconf 86' lang='lat' dir='ltr'><strong><em>llniri,</em></strong></span> <span class='ocrx_word' id='word_1_397' title='bbox 3027 2327 3082 2374; x_wconf 88' lang='lat' dir='ltr'><strong><em>et</em></strong></span> <span class='ocrx_word' id='word_1_398' title='bbox 3136 2318 3275 2373; x_wconf 86' lang='lat' dir='ltr'><strong><em>nihil</em></strong></span> <span class='ocrx_word' id='word_1_399' title='bbox 3323 2332 3446 2373; x_wconf 91' lang='lat' dir='ltr'><strong><em>esse</em></strong></span> <span class='ocrx_word' id='word_1_400' title='bbox 3482 2327 3606 2387; x_wconf 90' lang='lat' dir='ltr'><strong><em>post</em></strong></span> 
     </span>
    </p>
   </div>
   <div class='ocr_carea' id='block_1_53' title="bbox 2032 2408 3606 2481">
    <p class='ocr_par' dir='ltr' id='par_1_53' title="bbox 2032 2408 3606 2481">
     <span class='ocr_line' id='line_1_53' title="bbox 2032 2408 3606 2481; baseline -0.001 -18"><span class='ocrx_word' id='word_1_401' title='bbox 2032 2418 2285 2463; x_wconf 85' lang='lat' dir='ltr'><strong><em>mortem.</em></strong></span> <span class='ocrx_word' id='word_1_402' title='bbox 2318 2427 2338 2461; x_wconf 75' lang='grc' dir='ltr'><strong><em>ι</em></strong></span> <span class='ocrx_word' id='word_1_403' title='bbox 2374 2408 2832 2465; x_wconf 84' lang='lat' dir='ltr'><strong><em>Pseudo—Basilius</em></strong></span> <span class='ocrx_word' id='word_1_404' title='bbox 2866 2410 3111 2481; x_wconf 89' lang='lat' dir='ltr'><strong><em>(ibidem)</em></strong></span> <span class='ocrx_word' id='word_1_405' title='bbox 3146 2427 3159 2464; x_wconf 94' lang='lat'><strong>:</strong></span> <span class='ocrx_word' id='word_1_406' title='bbox 3206 2409 3486 2481; x_wconf 84' lang='grc' dir='ltr'>Ἀχιτόφελ</span> <span class='ocrx_word' id='word_1_407' title='bbox 3511 2410 3606 2462; x_wconf 77' lang='grc' dir='ltr'><strong><em>καὶ</em></strong></span> 
     </span>
    </p>
   </div>
   <div class='ocr_carea' id='block_1_54' title="bbox 2045 2500 3603 2574">
    <p class='ocr_par' dir='ltr' id='par_1_54' title="bbox 2045 2500 3603 2574">
     <span class='ocr_line' id='line_1_54' title="bbox 2045 2500 3603 2574; baseline 0.001 -21"><span class='ocrx_word' id='word_1_408' title='bbox 2045 2500 2309 2563; x_wconf 81' lang='grc' dir='ltr'><strong><em>Ἰούδας...</em></strong></span> <span class='ocrx_word' id='word_1_409' title='bbox 2365 2501 2455 2554; x_wconf 88' lang='grc' dir='ltr'><strong><em>τὸν</em></strong></span> <span class='ocrx_word' id='word_1_410' title='bbox 2488 2502 2556 2554; x_wconf 82' lang='grc' dir='ltr'>δι’</span> <span class='ocrx_word' id='word_1_411' title='bbox 2595 2503 2831 2574; x_wconf 83' lang='grc' dir='ltr'><strong><em>ἀγχόνης</em></strong></span> <span class='ocrx_word' id='word_1_412' title='bbox 2885 2501 3113 2557; x_wconf 83' lang='grc' dir='ltr'>θάνατον</span> <span class='ocrx_word' id='word_1_413' title='bbox 3157 2502 3252 2556; x_wconf 89' lang='grc' dir='ltr'><strong><em>τοῦ</em></strong></span> <span class='ocrx_word' id='word_1_414' title='bbox 3298 2502 3603 2573; x_wconf 81' lang='grc' dir='ltr'>αὐτομάτου</span> 
     </span>
    </p>
   </div>
   <div class='ocr_carea' id='block_1_55' title="bbox 2031 2592 3607 2665">
    <p class='ocr_par' dir='ltr' id='par_1_55' title="bbox 2031 2592 3607 2665">
     <span class='ocr_line' id='line_1_55' title="bbox 2031 2592 3607 2665; baseline 0 -20"><span class='ocrx_word' id='word_1_415' title='bbox 2031 2592 2423 2664; x_wconf 84' lang='grc' dir='ltr'>προετίμησαν.</span> <span class='ocrx_word' id='word_1_416' title='bbox 2453 2593 2565 2645; x_wconf 81' lang='grc' dir='ltr'>Οὐκ</span> <span class='ocrx_word' id='word_1_417' title='bbox 2598 2593 2661 2647; x_wconf 82' lang='grc' dir='ltr'>ἂν</span> <span class='ocrx_word' id='word_1_418' title='bbox 2687 2593 2797 2665; x_wconf 86' lang='grc' dir='ltr'>γὰρ</span> <span class='ocrx_word' id='word_1_419' title='bbox 2831 2594 3175 2658; x_wconf 69' lang='grc' dir='ltr'>πιστεύοντες</span> <span class='ocrx_word' id='word_1_420' title='bbox 3204 2595 3333 2665; x_wconf 81' lang='grc' dir='ltr'><strong><em>περί</em></strong></span> <span class='ocrx_word' id='word_1_421' title='bbox 3360 2593 3451 2647; x_wconf 86' lang='grc' dir='ltr'><strong><em>τοῦ</em></strong></span> <span class='ocrx_word' id='word_1_422' title='bbox 3486 2593 3607 2664; x_wconf 82' lang='grc' dir='ltr'><strong><em>μέλ-</em></strong></span> 
     </span>
    </p>
   </div>
   <div class='ocr_carea' id='block_1_56' title="bbox 2030 2684 3597 2755">
    <p class='ocr_par' dir='ltr' id='par_1_56' title="bbox 2030 2684 3597 2755">
     <span class='ocr_line' id='line_1_56' title="bbox 2030 2684 3597 2755; baseline -0.001 -18"><span class='ocrx_word' id='word_1_423' title='bbox 2030 2684 2211 2748; x_wconf 88' lang='grc' dir='ltr'>λοντος</span> <span class='ocrx_word' id='word_1_424' title='bbox 2241 2684 2435 2747; x_wconf 82' lang='grc' dir='ltr'>αἰῶνος</span> <span class='ocrx_word' id='word_1_425' title='bbox 2463 2685 2921 2755; x_wconf 84' lang='grc' dir='ltr'>ἀπηγχονίσαντο.</span> <span class='ocrx_word' id='word_1_426' title='bbox 2953 2685 3311 2755; x_wconf 79' lang='lat' dir='ltr'><strong><em>Hieronymus</em></strong></span> <span class='ocrx_word' id='word_1_427' title='bbox 3346 2685 3451 2741; x_wconf 80' lang='lat' dir='ltr'><strong><em>col.</em></strong></span> <span class='ocrx_word' id='word_1_428' title='bbox 3490 2685 3597 2739; x_wconf 83' lang='lat'><strong>55:</strong></span> 
     </span>
    </p>
   </div>
   <div class='ocr_carea' id='block_1_57' title="bbox 2037 2774 3603 2848">
    <p class='ocr_par' dir='ltr' id='par_1_57' title="bbox 2037 2774 3603 2848">
     <span class='ocr_line' id='line_1_57' title="bbox 2037 2774 3603 2848; baseline 0.001 -20"><span class='ocrx_word' id='word_1_429' title='bbox 2037 2794 2056 2828; x_wconf 78' lang='grc' dir='ltr'><strong><em>ι</em></strong></span> <span class='ocrx_word' id='word_1_430' title='bbox 2101 2774 2261 2830; x_wconf 84' lang='lat' dir='ltr'><strong><em>Juxta</em></strong></span> <span class='ocrx_word' id='word_1_431' title='bbox 2296 2776 2649 2846; x_wconf 83' lang='lat' dir='ltr'><strong><em>tropologiam</em></strong></span> <span class='ocrx_word' id='word_1_432' title='bbox 2699 2786 2826 2832; x_wconf 88' lang='lat' dir='ltr'><strong><em>ante</em></strong></span> <span class='ocrx_word' id='word_1_433' title='bbox 2878 2776 2987 2848; x_wconf 88' lang='lat' dir='ltr'><strong><em>jam</em></strong></span> <span class='ocrx_word' id='word_1_434' title='bbox 3032 2778 3289 2843; x_wconf 82' lang='lat' dir='ltr'><strong><em>diximus,</em></strong></span> <span class='ocrx_word' id='word_1_435' title='bbox 3324 2777 3467 2847; x_wconf 89' lang='lat' dir='ltr'><strong><em>quod</em></strong></span> <span class='ocrx_word' id='word_1_436' title='bbox 3512 2791 3603 2831; x_wconf 84' lang='lat' dir='ltr'><strong><em>sa-</em></strong></span> 
     </span>
    </p>
   </div>
   <div class='ocr_carea' id='block_1_58' title="bbox 2033 2866 3592 2938">
    <p class='ocr_par' dir='ltr' id='par_1_58' title="bbox 2033 2866 3592 2938">
     <span class='ocr_line' id='line_1_58' title="bbox 2033 2866 3592 2938; baseline -0.001 -15"><span class='ocrx_word' id='word_1_437' title='bbox 2033 2868 2285 2923; x_wconf 89' lang='lat' dir='ltr'><strong><em>cerdotes</em></strong></span> <span class='ocrx_word' id='word_1_438' title='bbox 2328 2867 2624 2938; x_wconf 80' lang='lat' dir='ltr'><strong><em>ingressuri</em></strong></span> <span class='ocrx_word' id='word_1_439' title='bbox 2654 2866 3059 2922; x_wconf 86' lang='lat' dir='ltr'><strong><em>tabernaculum</em></strong></span> <span class='ocrx_word' id='word_1_440' title='bbox 3086 2868 3204 2933; x_wconf 78' lang='lat' dir='ltr'><strong><em>Dei,</em></strong></span> <span class='ocrx_word' id='word_1_441' title='bbox 3236 2882 3343 2923; x_wconf 91' lang='lat' dir='ltr'><strong><em>non</em></strong></span> <span class='ocrx_word' id='word_1_442' title='bbox 3360 2870 3592 2924; x_wconf 86' lang='lat' dir='ltr'><strong><em>debeant</em></strong></span> 
     </span>
    </p>
   </div>
   <div class='ocr_carea' id='block_1_59' title="bbox 2031 2958 3599 3025">
    <p class='ocr_par' dir='ltr' id='par_1_59' title="bbox 2031 2958 3599 3025">
     <span class='ocr_line' id='line_1_59' title="bbox 2031 2958 3599 3025; baseline 0 -12"><span class='ocrx_word' id='word_1_443' title='bbox 2031 2961 2221 3014; x_wconf 89' lang='lat' dir='ltr'><strong><em>vinum</em></strong></span> <span class='ocrx_word' id='word_1_444' title='bbox 2270 2958 2457 3015; x_wconf 86' lang='lat' dir='ltr'><strong><em>bibere</em></strong></span> <span class='ocrx_word' id='word_1_445' title='bbox 2503 2968 2559 3013; x_wconf 90' lang='lat' dir='ltr'><strong><em>et</em></strong></span> <span class='ocrx_word' id='word_1_446' title='bbox 2605 2959 2858 3013; x_wconf 84' lang='lat' dir='ltr'><strong><em>siceram.</em></strong></span> <span class='ocrx_word' id='word_1_447' title='bbox 2893 2958 3098 3025; x_wconf 81' lang='lat' dir='ltr'><strong><em>Quibtts</em></strong></span> <span class='ocrx_word' id='word_1_448' title='bbox 3150 2975 3295 3014; x_wconf 89' lang='lat' dir='ltr'><strong><em>nunc</em></strong></span> <span class='ocrx_word' id='word_1_449' title='bbox 3328 2961 3599 3024; x_wconf 90' lang='lat' dir='ltr'><strong><em>addimus,</em></strong></span> 
     </span>
    </p>
   </div>
   <div class='ocr_carea' id='block_1_60' title="bbox 2028 3049 3604 3121">
    <p class='ocr_par' dir='ltr' id='par_1_60' title="bbox 2028 3049 3604 3121">
     <span class='ocr_line' id='line_1_60' title="bbox 2028 3049 3604 3121; baseline 0.001 -16"><span class='ocrx_word' id='word_1_450' title='bbox 2028 3051 2173 3121; x_wconf 89' lang='lat' dir='ltr'><strong><em>quod</em></strong></span> <span class='ocrx_word' id='word_1_451' title='bbox 2205 3049 2477 3106; x_wconf 82' lang='lat' dir='ltr'><strong><em>Nazaraeis</em></strong></span> <span class='ocrx_word' id='word_1_452' title='bbox 2502 3065 2717 3120; x_wconf 90' lang='lat' dir='ltr'><strong><em>quoque</em></strong></span> <span class='ocrx_word' id='word_1_453' title='bbox 2763 3058 3095 3121; x_wconf 83' lang='lat' dir='ltr'><strong><em>praeceptum</em></strong></span> <span class='ocrx_word' id='word_1_454' title='bbox 3143 3050 3237 3116; x_wconf 89' lang='lat' dir='ltr'><strong><em>sit,</em></strong></span> <span class='ocrx_word' id='word_1_455' title='bbox 3268 3053 3359 3121; x_wconf 91' lang='lat' dir='ltr'><strong><em>qui</em></strong></span> <span class='ocrx_word' id='word_1_456' title='bbox 3389 3066 3449 3107; x_wconf 90' lang='lat' dir='ltr'><strong><em>se</em></strong></span> <span class='ocrx_word' id='word_1_457' title='bbox 3478 3066 3604 3108; x_wconf 83' lang='lat' dir='ltr'><strong><em>san-</em></strong></span> 
     </span>
    </p>
   </div>
   <div class='ocr_carea' id='block_1_61' title="bbox 2029 3142 3602 3209">
    <p class='ocr_par' dir='ltr' id='par_1_61' title="bbox 2029 3142 3602 3209">
     <span class='ocr_line' id='line_1_61' title="bbox 2029 3142 3602 3209; baseline 0 -11"><span class='ocrx_word' id='word_1_458' title='bbox 2029 3144 2275 3198; x_wconf 83' lang='lat' dir='ltr'><strong><em>ctiﬁcant</em></strong></span> <span class='ocrx_word' id='word_1_459' title='bbox 2321 3143 2569 3209; x_wconf 90' lang='lat' dir='ltr'><strong><em>Domino,</em></strong></span> <span class='ocrx_word' id='word_1_460' title='bbox 2594 3152 2651 3195; x_wconf 93' lang='lat' dir='ltr'><strong><em>ut</em></strong></span> <span class='ocrx_word' id='word_1_461' title='bbox 2691 3142 2874 3196; x_wconf 87' lang='lat' dir='ltr'><strong><em>vinum</em></strong></span> <span class='ocrx_word' id='word_1_462' title='bbox 2925 3152 2981 3196; x_wconf 90' lang='lat' dir='ltr'><strong><em>et</em></strong></span> <span class='ocrx_word' id='word_1_463' title='bbox 3036 3142 3292 3209; x_wconf 84' lang='lat' dir='ltr'><strong><em>siceram,</em></strong></span> <span class='ocrx_word' id='word_1_464' title='bbox 3343 3152 3397 3198; x_wconf 84' lang='lat' dir='ltr'><strong><em>et</em></strong></span> <span class='ocrx_word' id='word_1_465' title='bbox 3442 3159 3602 3198; x_wconf 87' lang='lat' dir='ltr'><strong><em>omne</em></strong></span> 
     </span>
    </p>
   </div>
   <div class='ocr_carea' id='block_1_62' title="bbox 348 3224 3600 3303">
    <p class='ocr_par' dir='ltr' id='par_1_62' title="bbox 348 3224 3600 3303">
     <span class='ocr_line' id='line_1_62' title="bbox 348 3224 3600 3303; baseline 0.002 -20"><span class='ocrx_word' id='word_1_466' title='bbox 348 3229 536 3284; x_wconf 86' lang='lat' dir='ltr'><strong><em>itidem</em></strong></span> <span class='ocrx_word' id='word_1_467' title='bbox 562 3228 625 3286; x_wconf 84' lang='grc'>51</span> <span class='ocrx_word' id='word_1_468' title='bbox 664 3248 677 3284; x_wconf 94' lang='lat'>:</span> <span class='ocrx_word' id='word_1_469' title='bbox 718 3248 738 3283; x_wconf 81' lang='grc' dir='ltr'><strong><em>ι</em></strong></span> <span class='ocrx_word' id='word_1_470' title='bbox 777 3229 902 3284; x_wconf 59' lang='lat' dir='ltr'><strong><em>Haec</em></strong></span> <span class='ocrx_word' id='word_1_471' title='bbox 931 3229 1084 3293; x_wconf 84' lang='lat' dir='ltr'><strong><em>juxta</em></strong></span> <span class='ocrx_word' id='word_1_472' title='bbox 1125 3231 1362 3286; x_wconf 83' lang='lat' dir='ltr'><strong><em>litteram</em></strong></span> <span class='ocrx_word' id='word_1_473' title='bbox 1412 3232 1682 3287; x_wconf 90' lang='lat' dir='ltr'><strong><em>accidisse</em></strong></span> <span class='ocrx_word' id='word_1_474' title='bbox 1725 3231 1924 3302; x_wconf 90' lang='lat' dir='ltr'><strong><em>populo</em></strong></span> <span class='ocrx_word' id='word_1_475' title='bbox 1951 3224 1992 3283; x_wconf 75' lang='grc' dir='ltr'>α</span> <span class='ocrx_word' id='word_1_476' title='bbox 2028 3235 2171 3303; x_wconf 89' lang='lat' dir='ltr'><strong><em>quod</em></strong></span> <span class='ocrx_word' id='word_1_477' title='bbox 2200 3234 2267 3289; x_wconf 91' lang='lat' dir='ltr'><strong><em>de</em></strong></span> <span class='ocrx_word' id='word_1_478' title='bbox 2301 3234 2419 3289; x_wconf 86' lang='lat' dir='ltr'><strong><em>uvis</em></strong></span> <span class='ocrx_word' id='word_1_479' title='bbox 2443 3245 2546 3301; x_wconf 88' lang='lat' dir='ltr'><strong><em>est,</em></strong></span> <span class='ocrx_word' id='word_1_480' title='bbox 2573 3250 2677 3289; x_wconf 91' lang='lat' dir='ltr'><strong><em>non</em></strong></span> <span class='ocrx_word' id='word_1_481' title='bbox 2697 3235 2882 3290; x_wconf 90' lang='lat' dir='ltr'><strong><em>bibant</em></strong></span> <span class='ocrx_word' id='word_1_482' title='bbox 2906 3248 3004 3289; x_wconf 89' lang='lat' dir='ltr'><strong><em>nec</em></strong></span> <span class='ocrx_word' id='word_1_483' title='bbox 3019 3235 3327 3301; x_wconf 79' lang='lat' dir='ltr'><strong><em>comedunt,</em></strong></span> <span class='ocrx_word' id='word_1_484' title='bbox 3346 3250 3415 3288; x_wconf 91' lang='lat' dir='ltr'><strong><em>ne</em></strong></span> <span class='ocrx_word' id='word_1_485' title='bbox 3441 3250 3600 3289; x_wconf 86' lang='lat' dir='ltr'><strong><em>uvam</em></strong></span> 
     </span>
    </p>
   </div>
   <div class='ocr_carea' id='block_1_63' title="bbox 345 3321 1920 3395">
    <p class='ocr_par' dir='ltr' id='par_1_63' title="bbox 345 3321 1920 3395">
     <span class='ocr_line' id='line_1_63' title="bbox 345 3321 1920 3395; baseline 0.001 -18"><span class='ocrx_word' id='word_1_486' title='bbox 345 3322 655 3378; x_wconf 71' lang='lat' dir='ltr'><strong><em>Judaaorum</em></strong></span> <span class='ocrx_word' id='word_1_487' title='bbox 687 3323 786 3378; x_wconf 90' lang='lat' dir='ltr'><strong><em>sub</em></strong></span> <span class='ocrx_word' id='word_1_488' title='bbox 814 3321 1146 3395; x_wconf 80' lang='lat' dir='ltr'><strong><em>Vespasiano</em></strong></span> <span class='ocrx_word' id='word_1_489' title='bbox 1181 3333 1238 3378; x_wconf 90' lang='lat' dir='ltr'><strong><em>et</em></strong></span> <span class='ocrx_word' id='word_1_490' title='bbox 1260 3323 1383 3379; x_wconf 90' lang='lat' dir='ltr'><strong><em>Tito</em></strong></span> <span class='ocrx_word' id='word_1_491' title='bbox 1414 3322 1678 3380; x_wconf 84' lang='lat' dir='ltr'><strong><em>Romanis</em></strong></span> <span class='ocrx_word' id='word_1_492' title='bbox 1715 3325 1920 3395; x_wconf 78' lang='lat' dir='ltr'><strong><em>princi~</em></strong></span> 
     </span>
    </p>
   </div>
   <div class='ocr_carea' id='block_1_64' title="bbox 347 3414 1919 3487">
    <p class='ocr_par' dir='ltr' id='par_1_64' title="bbox 347 3414 1919 3487">
     <span class='ocr_line' id='line_1_64' title="bbox 347 3414 1919 3487; baseline 0 -18"><span class='ocrx_word' id='word_1_493' title='bbox 347 3415 528 3485; x_wconf 90' lang='lat' dir='ltr'><strong><em>pibus,</em></strong></span> <span class='ocrx_word' id='word_1_494' title='bbox 584 3425 690 3470; x_wconf 90' lang='lat' dir='ltr'><strong><em>tam</em></strong></span> <span class='ocrx_word' id='word_1_495' title='bbox 743 3414 931 3471; x_wconf 60' lang='lat' dir='ltr'><strong><em>Greca</em></strong></span> <span class='ocrx_word' id='word_1_496' title='bbox 966 3431 1131 3487; x_wconf 89' lang='lat' dir='ltr'><strong><em>quam</em></strong></span> <span class='ocrx_word' id='word_1_497' title='bbox 1185 3416 1379 3472; x_wconf 89' lang='lat' dir='ltr'><strong><em>Latina</em></strong></span> <span class='ocrx_word' id='word_1_498' title='bbox 1434 3428 1620 3472; x_wconf 89' lang='lat' dir='ltr'><strong><em>narrat</em></strong></span> <span class='ocrx_word' id='word_1_499' title='bbox 1670 3417 1919 3472; x_wconf 82' lang='lat' dir='ltr'><strong><em>historia.</em></strong></span> 
     </span>
    </p>
   </div>
   <div class='ocr_carea' id='block_1_65' title="bbox 351 3509 1921 3580">
    <p class='ocr_par' dir='ltr' id='par_1_65' title="bbox 351 3509 1921 3580">
     <span class='ocr_line' id='line_1_65' title="bbox 351 3509 1921 3580; baseline 0 -17"><span class='ocrx_word' id='word_1_500' title='bbox 351 3510 509 3577; x_wconf 87' lang='lat' dir='ltr'><strong><em>Quod</em></strong></span> <span class='ocrx_word' id='word_1_501' title='bbox 539 3510 759 3580; x_wconf 84' lang='lat' dir='ltr'><strong><em>quidem</em></strong></span> <span class='ocrx_word' id='word_1_502' title='bbox 796 3517 851 3563; x_wconf 91' lang='lat' dir='ltr'><strong><em>et</em></strong></span> <span class='ocrx_word' id='word_1_503' title='bbox 889 3509 1250 3578; x_wconf 87' lang='lat' dir='ltr'><strong><em>spiritualiter</em></strong></span> <span class='ocrx_word' id='word_1_504' title='bbox 1276 3509 1437 3564; x_wconf 88' lang='lat' dir='ltr'><strong><em>hodie</em></strong></span> <span class='ocrx_word' id='word_1_505' title='bbox 1458 3524 1673 3580; x_wconf 90' lang='lat' dir='ltr'><strong><em>quoque</em></strong></span> <span class='ocrx_word' id='word_1_506' title='bbox 1704 3509 1921 3579; x_wconf 88' lang='lat' dir='ltr'><strong><em>patiun-</em></strong></span> 
     </span>
    </p>
   </div>
   <div class='ocr_carea' id='block_1_66' title="bbox 350 3602 1919 3671">
    <p class='ocr_par' dir='ltr' id='par_1_66' title="bbox 350 3602 1919 3671">
     <span class='ocr_line' id='line_1_66' title="bbox 350 3602 1919 3671; baseline -0.001 -14"><span class='ocrx_word' id='word_1_507' title='bbox 350 3612 458 3669; x_wconf 88' lang='lat' dir='ltr'><strong><em>tur,</em></strong></span> <span class='ocrx_word' id='word_1_508' title='bbox 476 3602 803 3657; x_wconf 74' lang='lat' dir='ltr'><strong><em>sustinentes</em></strong></span> <span class='ocrx_word' id='word_1_509' title='bbox 830 3617 935 3656; x_wconf 91' lang='lat' dir='ltr'><strong><em>non</em></strong></span> <span class='ocrx_word' id='word_1_510' title='bbox 965 3602 1159 3657; x_wconf 75' lang='lat' dir='ltr'><strong><em>famem</em></strong></span> <span class='ocrx_word' id='word_1_511' title='bbox 1183 3603 1358 3671; x_wconf 89' lang='lat' dir='ltr'><strong><em>panis,</em></strong></span> <span class='ocrx_word' id='word_1_512' title='bbox 1384 3617 1558 3671; x_wconf 89' lang='lat' dir='ltr'><strong><em>neque</em></strong></span> <span class='ocrx_word' id='word_1_513' title='bbox 1583 3603 1727 3657; x_wconf 88' lang='lat' dir='ltr'><strong><em>sitim</em></strong></span> <span class='ocrx_word' id='word_1_514' title='bbox 1746 3616 1919 3671; x_wconf 76' lang='lat' dir='ltr'><strong><em>aquae,</em></strong></span> 
     </span>
    </p>
   </div>
   <div class='ocr_carea' id='block_1_67' title="bbox 348 3693 1918 3750">
    <p class='ocr_par' dir='ltr' id='par_1_67' title="bbox 348 3693 1918 3750">
     <span class='ocr_line' id='line_1_67' title="bbox 348 3693 1918 3750; baseline -0.003 0"><span class='ocrx_word' id='word_1_515' title='bbox 348 3695 444 3750; x_wconf 90' lang='lat' dir='ltr'><strong><em>sed</em></strong></span> <span class='ocrx_word' id='word_1_516' title='bbox 478 3694 675 3748; x_wconf 79' lang='lat' dir='ltr'><strong><em>{amem</em></strong></span> <span class='ocrx_word' id='word_1_517' title='bbox 713 3695 965 3749; x_wconf 88' lang='lat' dir='ltr'><strong><em>audiendi</em></strong></span> <span class='ocrx_word' id='word_1_518' title='bbox 1005 3696 1271 3750; x_wconf 88' lang='lat' dir='ltr'><strong><em>sermonis</em></strong></span> <span class='ocrx_word' id='word_1_519' title='bbox 1315 3695 1432 3749; x_wconf 92' lang='lat' dir='ltr'><strong><em>Dei.</em></strong></span> <span class='ocrx_word' id='word_1_520' title='bbox 1475 3714 1496 3747; x_wconf 73' lang='grc' dir='ltr'><strong><em>ι</em></strong></span> <span class='ocrx_word' id='word_1_521' title='bbox 1524 3693 1918 3749; x_wconf 82' lang='lat' dir='ltr'><strong><em>Pseudo-Basi-</em></strong></span> 
     </span>
    </p>
   </div>
   <div class='ocr_carea' id='block_1_68' title="bbox 351 3770 1921 3859">
    <p class='ocr_par' dir='ltr' id='par_1_68' title="bbox 351 3770 1921 3859">
     <span class='ocr_line' id='line_1_68' title="bbox 351 3770 1921 3859; baseline 0 -20"><span class='ocrx_word' id='word_1_522' title='bbox 351 3770 451 3841; x_wconf 88' lang='lat' dir='ltr'><strong><em>lius</em></strong></span> <span class='ocrx_word' id='word_1_523' title='bbox 477 3791 553 3857; x_wconf 78' lang='grc' dir='ltr'>(ν,</span> <span class='ocrx_word' id='word_1_524' title='bbox 583 3789 671 3854; x_wconf 78' lang='grc'>15,</span> <span class='ocrx_word' id='word_1_525' title='bbox 701 3803 850 3842; x_wconf 90' lang='lat' dir='ltr'><strong><em>num.</em></strong></span> <span class='ocrx_word' id='word_1_526' title='bbox 879 3788 1000 3859; x_wconf 82' lang='grc'>165)</span> <span class='ocrx_word' id='word_1_527' title='bbox 1026 3806 1040 3843; x_wconf 88' lang='lat'><strong>:</strong></span> <span class='ocrx_word' id='word_1_528' title='bbox 1075 3786 1261 3841; x_wconf 81' lang='grc' dir='ltr'>Ταῦτα</span> <span class='ocrx_word' id='word_1_529' title='bbox 1278 3786 1400 3841; x_wconf 88' lang='grc' dir='ltr'>καθ’</span> <span class='ocrx_word' id='word_1_530' title='bbox 1432 3786 1672 3859; x_wconf 82' lang='grc' dir='ltr'>ἱστορίαν</span> <span class='ocrx_word' id='word_1_531' title='bbox 1701 3785 1921 3840; x_wconf 82' lang='grc' dir='ltr'>δυνατὸν</span> 
     </span>
    </p>
   </div>
   <div class='ocr_carea' id='block_1_69' title="bbox 347 3877 1920 3951">
    <p class='ocr_par' dir='ltr' id='par_1_69' title="bbox 347 3877 1920 3951">
     <span class='ocr_line' id='line_1_69' title="bbox 347 3877 1920 3951; baseline 0.003 -25"><span class='ocrx_word' id='word_1_532' title='bbox 347 3880 528 3946; x_wconf 81' lang='grc' dir='ltr'>τυχεῖν</span> <span class='ocrx_word' id='word_1_533' title='bbox 574 3879 673 3948; x_wconf 82' lang='grc' dir='ltr'>τῆς</span> <span class='ocrx_word' id='word_1_534' title='bbox 722 3878 1030 3951; x_wconf 75' lang='grc' dir='ltr'>ἐξηγήσεως</span> <span class='ocrx_word' id='word_1_535' title='bbox 1054 3880 1144 3932; x_wconf 76' lang='grc' dir='ltr'>ἐπὶ</span> <span class='ocrx_word' id='word_1_536' title='bbox 1176 3879 1284 3931; x_wconf 84' lang='grc' dir='ltr'><strong><em>τῶν</em></strong></span> <span class='ocrx_word' id='word_1_537' title='bbox 1314 3879 1521 3950; x_wconf 84' lang='grc' dir='ltr'>καιρῶν</span> <span class='ocrx_word' id='word_1_538' title='bbox 1546 3880 1645 3949; x_wconf 80' lang='grc' dir='ltr'>τῆς</span> <span class='ocrx_word' id='word_1_539' title='bbox 1684 3877 1920 3948; x_wconf 76' lang='grc' dir='ltr'>ἐσχάτης</span> 
     </span>
    </p>
   </div>
   <div class='ocr_carea' id='block_1_70' title="bbox 349 3969 1919 4042">
    <p class='ocr_par' dir='ltr' id='par_1_70' title="bbox 349 3969 1919 4042">
     <span class='ocr_line' id='line_1_70' title="bbox 349 3969 1919 4042; baseline 0.002 -22"><span class='ocrx_word' id='word_1_540' title='bbox 349 3969 664 4040; x_wconf 80' lang='grc' dir='ltr'>πολιορκίας</span> <span class='ocrx_word' id='word_1_541' title='bbox 710 3973 817 4026; x_wconf 84' lang='grc' dir='ltr'>τῶν</span> <span class='ocrx_word' id='word_1_542' title='bbox 853 3971 1141 4035; x_wconf 86' lang='grc' dir='ltr'>Ἰουδαίων,</span> <span class='ocrx_word' id='word_1_543' title='bbox 1172 3971 1278 4024; x_wconf 83' lang='grc' dir='ltr'><strong><em>τῶν</em></strong></span> <span class='ocrx_word' id='word_1_544' title='bbox 1305 3972 1402 4042; x_wconf 83' lang='grc' dir='ltr'>μὲν</span> <span class='ocrx_word' id='word_1_545' title='bbox 1440 3976 1520 4035; x_wconf 87' lang='grc' dir='ltr'><strong><em>εἰς</em></strong></span> <span class='ocrx_word' id='word_1_546' title='bbox 1545 3970 1919 4042; x_wconf 89' lang='grc' dir='ltr'>αἰχμαλωσίαν</span> 
     </span>
    </p>
   </div>
   <div class='ocr_carea' id='block_1_71' title="bbox 348 4061 1917 4137">
    <p class='ocr_par' dir='ltr' id='par_1_71' title="bbox 348 4061 1917 4137">
     <span class='ocr_line' id='line_1_71' title="bbox 348 4061 1917 4137; baseline 0.001 -23"><span class='ocrx_word' id='word_1_547' title='bbox 348 4061 768 4131; x_wconf 79' lang='grc' dir='ltr'>ἀπαχθέντων...</span> <span class='ocrx_word' id='word_1_548' title='bbox 821 4065 961 4135; x_wconf 85' lang='grc' dir='ltr'>τάχα</span> <span class='ocrx_word' id='word_1_549' title='bbox 1001 4065 1057 4118; x_wconf 82' lang='grc' dir='ltr'>δὲ</span> <span class='ocrx_word' id='word_1_550' title='bbox 1105 4065 1200 4119; x_wconf 72' lang='grc' dir='ltr'>καὶ</span> <span class='ocrx_word' id='word_1_551' title='bbox 1228 4067 1263 4135; x_wconf 83' lang='grc' dir='ltr'>ἡ</span> <span class='ocrx_word' id='word_1_552' title='bbox 1299 4064 1504 4137; x_wconf 82' lang='grc' dir='ltr'>ἀληθὴς</span> <span class='ocrx_word' id='word_1_553' title='bbox 1548 4065 1813 4136; x_wconf 85' lang='grc' dir='ltr'>νέκρωσις</span> <span class='ocrx_word' id='word_1_554' title='bbox 1856 4064 1917 4116; x_wconf 80' lang='grc' dir='ltr'>οὐ</span> 
     </span>
    </p>
   </div>
   <div class='ocr_carea' id='block_1_72' title="bbox 347 4153 1917 4227">
    <p class='ocr_par' dir='ltr' id='par_1_72' title="bbox 347 4153 1917 4227">
     <span class='ocr_line' id='line_1_72' title="bbox 347 4153 1917 4227; baseline 0.001 -21"><span class='ocrx_word' id='word_1_555' title='bbox 347 4153 435 4207; x_wconf 79' lang='grc' dir='ltr'><strong><em>διὰ</em></strong></span> <span class='ocrx_word' id='word_1_556' title='bbox 459 4155 613 4224; x_wconf 86' lang='grc' dir='ltr'>λιμὸν</span> <span class='ocrx_word' id='word_1_557' title='bbox 643 4155 830 4227; x_wconf 81' lang='grc' dir='ltr'>ἄρτου,</span> <span class='ocrx_word' id='word_1_558' title='bbox 873 4157 993 4209; x_wconf 77' lang='grc' dir='ltr'>οὐδὲ</span> <span class='ocrx_word' id='word_1_559' title='bbox 1025 4156 1112 4210; x_wconf 79' lang='grc' dir='ltr'>διὰ</span> <span class='ocrx_word' id='word_1_560' title='bbox 1153 4155 1309 4226; x_wconf 69' lang='grc' dir='ltr'>δίψαν</span> <span class='ocrx_word' id='word_1_561' title='bbox 1344 4155 1534 4219; x_wconf 79' lang='grc' dir='ltr'>ὓδατος</span> <span class='ocrx_word' id='word_1_562' title='bbox 1587 4155 1776 4209; x_wconf 78' lang='grc' dir='ltr'>τούτου</span> <span class='ocrx_word' id='word_1_563' title='bbox 1820 4154 1917 4208; x_wconf 87' lang='grc' dir='ltr'><strong><em>τοῦ</em></strong></span> 
     </span>
    </p>
   </div>
   <div class='ocr_carea' id='block_1_73' title="bbox 349 4246 1913 4320">
    <p class='ocr_par' dir='ltr' id='par_1_73' title="bbox 349 4246 1913 4320">
     <span class='ocr_line' id='line_1_73' title="bbox 349 4246 1913 4320; baseline 0.003 -21"><span class='ocrx_word' id='word_1_564' title='bbox 349 4246 626 4317; x_wconf 76' lang='grc' dir='ltr'>αἰσθητοῦ,</span> <span class='ocrx_word' id='word_1_565' title='bbox 647 4248 782 4302; x_wconf 78' lang='grc' dir='ltr'>ἀλλὰ</span> <span class='ocrx_word' id='word_1_566' title='bbox 801 4248 887 4302; x_wconf 76' lang='grc' dir='ltr'>διὰ</span> <span class='ocrx_word' id='word_1_567' title='bbox 913 4249 1097 4320; x_wconf 81' lang='grc' dir='ltr'>λοιμὸν</span> <span class='ocrx_word' id='word_1_568' title='bbox 1117 4248 1210 4303; x_wconf 81' lang='grc' dir='ltr'><strong><em>τοῦ</em></strong></span> <span class='ocrx_word' id='word_1_569' title='bbox 1239 4248 1468 4302; x_wconf 83' lang='grc' dir='ltr'>ἀκοῦσαι</span> <span class='ocrx_word' id='word_1_570' title='bbox 1494 4247 1650 4316; x_wconf 88' lang='grc' dir='ltr'>λόγον</span> <span class='ocrx_word' id='word_1_571' title='bbox 1686 4246 1913 4317; x_wconf 86' lang='grc' dir='ltr'>Κυρίου.</span> 
     </span>
    </p>
   </div>
   <div class='ocr_carea' id='block_1_74' title="bbox 350 4337 1916 4411">
    <p class='ocr_par' dir='ltr' id='par_1_74' title="bbox 350 4337 1916 4411">
     <span class='ocr_line' id='line_1_74' title="bbox 350 4337 1916 4411; baseline -0.001 -18"><span class='ocrx_word' id='word_1_572' title='bbox 350 4337 827 4397; x_wconf 72' lang='grc' dir='ltr'>ΡεειιάοοΒιιείιὶιιε</span> <span class='ocrx_word' id='word_1_573' title='bbox 853 4344 1041 4397; x_wconf 89' lang='lat' dir='ltr'><strong><em>eodem</em></strong></span> <span class='ocrx_word' id='word_1_574' title='bbox 1067 4342 1121 4396; x_wconf 90' lang='lat' dir='ltr'><strong><em>in</em></strong></span> <span class='ocrx_word' id='word_1_575' title='bbox 1143 4342 1262 4397; x_wconf 81' lang='lat' dir='ltr'><strong><em>loco</em></strong></span> <span class='ocrx_word' id='word_1_576' title='bbox 1288 4342 1621 4411; x_wconf 89' lang='lat' dir='ltr'><strong><em>sicloquitur</em></strong></span> <span class='ocrx_word' id='word_1_577' title='bbox 1650 4358 1663 4393; x_wconf 90' lang='lat'><strong>:</strong></span> <span class='ocrx_word' id='word_1_578' title='bbox 1704 4341 1916 4393; x_wconf 84' lang='grc' dir='ltr'>Ἐκεῖνα</span> 
     </span>
    </p>
   </div>
   <div class='ocr_carea' id='block_1_75' title="bbox 348 4430 1916 4506">
    <p class='ocr_par' dir='ltr' id='par_1_75' title="bbox 348 4430 1916 4506">
     <span class='ocr_line' id='line_1_75' title="bbox 348 4430 1916 4506; baseline 0.001 -23"><span class='ocrx_word' id='word_1_579' title='bbox 348 4430 594 4503; x_wconf 80' lang='grc' dir='ltr'>λέγομεν,</span> <span class='ocrx_word' id='word_1_580' title='bbox 614 4434 697 4486; x_wconf 81' lang='grc' dir='ltr'><strong><em>ὅτι</em></strong></span> <span class='ocrx_word' id='word_1_581' title='bbox 721 4436 769 4486; x_wconf 85' lang='grc' dir='ltr'><strong><em>οἰ</em></strong></span> <span class='ocrx_word' id='word_1_582' title='bbox 787 4432 1070 4498; x_wconf 84' lang='grc' dir='ltr'>διώκοντες</span> <span class='ocrx_word' id='word_1_583' title='bbox 1099 4434 1161 4487; x_wconf 82' lang='grc' dir='ltr'>τὸ</span> <span class='ocrx_word' id='word_1_584' title='bbox 1178 4435 1498 4506; x_wconf 83' lang='grc' dir='ltr'>μέθυσμα...</span> <span class='ocrx_word' id='word_1_585' title='bbox 1518 4436 1631 4497; x_wconf 85' lang='grc' dir='ltr'>τοῖς</span> <span class='ocrx_word' id='word_1_586' title='bbox 1657 4433 1713 4485; x_wconf 83' lang='grc' dir='ltr'><strong><em>δὲ</em></strong></span> <span class='ocrx_word' id='word_1_587' title='bbox 1734 4432 1916 4504; x_wconf 79' lang='grc' dir='ltr'>ἔργοις</span> 
     </span>
    </p>
   </div>
   <div class='ocr_carea' id='block_1_76' title="bbox 2028 3324 3600 3396">
    <p class='ocr_par' dir='ltr' id='par_1_76' title="bbox 2028 3324 3600 3396">
     <span class='ocr_line' id='line_1_76' title="bbox 2028 3324 3600 3396; baseline 0 -17"><span class='ocrx_word' id='word_1_588' title='bbox 2028 3326 2244 3396; x_wconf 91' lang='lat' dir='ltr'><strong><em>quidem</em></strong></span> <span class='ocrx_word' id='word_1_589' title='bbox 2274 3340 2513 3395; x_wconf 88' lang='lat' dir='ltr'><strong><em>passam,</em></strong></span> <span class='ocrx_word' id='word_1_590' title='bbox 2539 3334 2593 3379; x_wconf 89' lang='lat' dir='ltr'><strong><em>et</em></strong></span> <span class='ocrx_word' id='word_1_591' title='bbox 2630 3334 2841 3380; x_wconf 89' lang='lat' dir='ltr'><strong><em>acetum</em></strong></span> <span class='ocrx_word' id='word_1_592' title='bbox 2881 3341 2947 3380; x_wconf 86' lang='lat' dir='ltr'><strong><em>ex</em></strong></span> <span class='ocrx_word' id='word_1_593' title='bbox 2982 3326 3126 3379; x_wconf 90' lang='lat' dir='ltr'><strong><em>vino.</em></strong></span> <span class='ocrx_word' id='word_1_594' title='bbox 3164 3324 3269 3380; x_wconf 86' lang='lat' dir='ltr'><strong><em>Sed</em></strong></span> <span class='ocrx_word' id='word_1_595' title='bbox 3301 3334 3352 3379; x_wconf 93' lang='lat' dir='ltr'><strong><em>et</em></strong></span> <span class='ocrx_word' id='word_1_596' title='bbox 3384 3325 3437 3379; x_wconf 92' lang='lat' dir='ltr'><strong><em>in</em></strong></span> <span class='ocrx_word' id='word_1_597' title='bbox 3468 3325 3600 3380; x_wconf 55' lang='lat' dir='ltr'><strong><em>Pro-</em></strong></span> 
     </span>
    </p>
   </div>
   <div class='ocr_carea' id='block_1_77' title="bbox 2028 3415 3603 3487">
    <p class='ocr_par' dir='ltr' id='par_1_77' title="bbox 2028 3415 3603 3487">
     <span class='ocr_line' id='line_1_77' title="bbox 2028 3415 3603 3487; baseline -0.001 -17"><span class='ocrx_word' id='word_1_598' title='bbox 2028 3418 2233 3473; x_wconf 84' lang='lat' dir='ltr'><strong><em>verbiis</em></strong></span> <span class='ocrx_word' id='word_1_599' title='bbox 2263 3418 2573 3487; x_wconf 77' lang='lat' dir='ltr'><strong><em>prtecipitur</em></strong></span> <span class='ocrx_word' id='word_1_600' title='bbox 2606 3433 2620 3470; x_wconf 90' lang='lat'><strong>:</strong></span> <span class='ocrx_word' id='word_1_601' title='bbox 2650 3415 2925 3481; x_wconf 81' lang='lat' dir='ltr'><strong><em>Potentes,</em></strong></span> <span class='ocrx_word' id='word_1_602' title='bbox 2963 3419 3053 3487; x_wconf 87' lang='lat' dir='ltr'><strong><em>qui</em></strong></span> <span class='ocrx_word' id='word_1_603' title='bbox 3077 3418 3319 3471; x_wconf 85' lang='lat' dir='ltr'><strong><em>iracundi</em></strong></span> <span class='ocrx_word' id='word_1_604' title='bbox 3347 3426 3489 3484; x_wconf 87' lang='lat' dir='ltr'><strong><em>sunt,</em></strong></span> <span class='ocrx_word' id='word_1_605' title='bbox 3525 3420 3603 3470; x_wconf 81' lang='lat' dir='ltr'><strong><em>ui-</em></strong></span> 
     </span>
    </p>
   </div>
   <div class='ocr_carea' id='block_1_78' title="bbox 2028 3509 3603 3574">
    <p class='ocr_par' dir='ltr' id='par_1_78' title="bbox 2028 3509 3603 3574">
     <span class='ocr_line' id='line_1_78' title="bbox 2028 3509 3603 3574; baseline -0.001 -11"><span class='ocrx_word' id='word_1_606' title='bbox 2028 3526 2153 3563; x_wconf 91' lang='lat' dir='ltr'><strong><em>num</em></strong></span> <span class='ocrx_word' id='word_1_607' title='bbox 2190 3527 2294 3563; x_wconf 91' lang='lat' dir='ltr'><strong><em>non</em></strong></span> <span class='ocrx_word' id='word_1_608' title='bbox 2326 3510 2523 3573; x_wconf 88' lang='lat' dir='ltr'><strong><em>bibant,</em></strong></span> <span class='ocrx_word' id='word_1_609' title='bbox 2551 3526 2632 3574; x_wconf 89' lang='lat' dir='ltr'><strong><em>ne,</em></strong></span> <span class='ocrx_word' id='word_1_610' title='bbox 2667 3526 2785 3562; x_wconf 89' lang='lat' dir='ltr'><strong><em>cum</em></strong></span> <span class='ocrx_word' id='word_1_611' title='bbox 2830 3509 3075 3574; x_wconf 85' lang='lat' dir='ltr'><strong><em>biberint,</em></strong></span> <span class='ocrx_word' id='word_1_612' title='bbox 3117 3509 3493 3563; x_wconf 83' lang='lat' dir='ltr'><strong><em>obliviscantur</em></strong></span> <span class='ocrx_word' id='word_1_613' title='bbox 3513 3525 3603 3561; x_wconf 87' lang='lat' dir='ltr'><strong><em>sa-</em></strong></span> 
     </span>
    </p>
   </div>
   <div class='ocr_carea' id='block_1_79' title="bbox 2022 3600 3601 3672">
    <p class='ocr_par' dir='ltr' id='par_1_79' title="bbox 2022 3600 3601 3672">
     <span class='ocr_line' id='line_1_79' title="bbox 2022 3600 3601 3672; baseline -0.002 -17"><span class='ocrx_word' id='word_1_614' title='bbox 2022 3602 2232 3671; x_wconf 62' lang='lat' dir='ltr'><strong><em>pientia</em></strong></span> <span class='ocrx_word' id='word_1_615' title='bbox 2260 3602 2326 3655; x_wconf 77' lang='lat'><strong><em>&quot;.</em></strong></span> <span class='ocrx_word' id='word_1_616' title='bbox 2362 3620 2381 3653; x_wconf 74' lang='grc' dir='ltr'><strong><em>ι</em></strong></span> <span class='ocrx_word' id='word_1_617' title='bbox 2412 3601 2621 3656; x_wconf 87' lang='lat' dir='ltr'><strong><em>Pseudo</em></strong></span> <span class='ocrx_word' id='word_1_618' title='bbox 2642 3600 2871 3655; x_wconf 88' lang='lat' dir='ltr'><strong><em>Basilius</em></strong></span> <span class='ocrx_word' id='word_1_619' title='bbox 2893 3602 2967 3671; x_wconf 83' lang='grc' dir='ltr'>(ν,</span> <span class='ocrx_word' id='word_1_620' title='bbox 2996 3600 3084 3663; x_wconf 86' lang='grc'><strong><em>22,</em></strong></span> <span class='ocrx_word' id='word_1_621' title='bbox 3112 3616 3263 3655; x_wconf 84' lang='grc' dir='ltr'>ηιιιιι.</span> <span class='ocrx_word' id='word_1_622' title='bbox 3296 3600 3454 3672; x_wconf 76' lang='grc' dir='ltr'>176)ι</span> <span class='ocrx_word' id='word_1_623' title='bbox 3488 3600 3601 3656; x_wconf 75' lang='grc' dir='ltr'><strong><em>Καὶ</em></strong></span> 
     </span>
    </p>
   </div>
   <div class='ocr_carea' id='block_1_80' title="bbox 2022 3687 3601 3760">
    <p class='ocr_par' dir='ltr' id='par_1_80' title="bbox 2022 3687 3601 3760">
     <span class='ocr_line' id='line_1_80' title="bbox 2022 3687 3601 3760; baseline 0 -20"><span class='ocrx_word' id='word_1_624' title='bbox 2022 3692 2135 3753; x_wconf 86' lang='grc' dir='ltr'>τοῖς</span> <span class='ocrx_word' id='word_1_625' title='bbox 2168 3688 2399 3760; x_wconf 83' lang='grc' dir='ltr'>ἱερεῦσιν</span> <span class='ocrx_word' id='word_1_626' title='bbox 2447 3687 2779 3759; x_wconf 85' lang='grc' dir='ltr'>ἀπαγορεύει</span> <span class='ocrx_word' id='word_1_627' title='bbox 2821 3689 2849 3740; x_wconf 90' lang='lat'><strong><em>6</em></strong></span> <span class='ocrx_word' id='word_1_628' title='bbox 2899 3689 3061 3759; x_wconf 85' lang='grc' dir='ltr'>νόμος</span> <span class='ocrx_word' id='word_1_629' title='bbox 3093 3688 3491 3759; x_wconf 81' lang='grc' dir='ltr'>εἰσερχομένοις</span> <span class='ocrx_word' id='word_1_630' title='bbox 3519 3689 3601 3752; x_wconf 89' lang='grc' dir='ltr'><strong><em>εἰς</em></strong></span> 
     </span>
    </p>
   </div>
   <div class='ocr_carea' id='block_1_81' title="bbox 2022 3778 3597 3850">
    <p class='ocr_par' dir='ltr' id='par_1_81' title="bbox 2022 3778 3597 3850">
     <span class='ocr_line' id='line_1_81' title="bbox 2022 3778 3597 3850; baseline -0.001 -17"><span class='ocrx_word' id='word_1_631' title='bbox 2022 3778 2092 3833; x_wconf 82' lang='grc' dir='ltr'>τὰ</span> <span class='ocrx_word' id='word_1_632' title='bbox 2124 3780 2276 3848; x_wconf 84' lang='grc' dir='ltr'>ἆγια,</span> <span class='ocrx_word' id='word_1_633' title='bbox 2308 3779 2436 3849; x_wconf 77' lang='grc' dir='ltr'>οἴνῳ</span> <span class='ocrx_word' id='word_1_634' title='bbox 2474 3780 2569 3833; x_wconf 78' lang='grc' dir='ltr'>καὶ</span> <span class='ocrx_word' id='word_1_635' title='bbox 2606 3779 2799 3850; x_wconf 72' lang='grc' dir='ltr'>σικέρᾳ</span> <span class='ocrx_word' id='word_1_636' title='bbox 2836 3778 3169 3850; x_wconf 79' lang='grc' dir='ltr'>κεχρῆσθαι·</span> <span class='ocrx_word' id='word_1_637' title='bbox 3199 3779 3293 3832; x_wconf 74' lang='grc' dir='ltr'><strong><em>καὶ</em></strong></span> <span class='ocrx_word' id='word_1_638' title='bbox 3337 3781 3450 3839; x_wconf 77' lang='grc' dir='ltr'>τοῖς</span> <span class='ocrx_word' id='word_1_639' title='bbox 3495 3793 3597 3832; x_wconf 77' lang='grc' dir='ltr'>κα·</span> 
     </span>
    </p>
   </div>
   <div class='ocr_carea' id='block_1_82' title="bbox 2023 3868 3598 3944">
    <p class='ocr_par' dir='ltr' id='par_1_82' title="bbox 2023 3868 3598 3944">
     <span class='ocr_line' id='line_1_82' title="bbox 2023 3868 3598 3944; baseline -0.002 -19"><span class='ocrx_word' id='word_1_640' title='bbox 2023 3873 2301 3944; x_wconf 78' lang='grc' dir='ltr'>λουμένοις</span> <span class='ocrx_word' id='word_1_641' title='bbox 2352 3870 2765 3944; x_wconf 76' lang='grc' dir='ltr'>Ναζωραίοις...</span> <span class='ocrx_word' id='word_1_642' title='bbox 2802 3872 2895 3926; x_wconf 78' lang='grc' dir='ltr'>καὶ</span> <span class='ocrx_word' id='word_1_643' title='bbox 2949 3873 3006 3925; x_wconf 84' lang='grc' dir='ltr'><strong><em>ὲν</em></strong></span> <span class='ocrx_word' id='word_1_644' title='bbox 3050 3873 3171 3934; x_wconf 89' lang='grc' dir='ltr'>ταῖς</span> <span class='ocrx_word' id='word_1_645' title='bbox 3208 3868 3536 3942; x_wconf 87' lang='grc' dir='ltr'>Παροιμίαις</span> <span class='ocrx_word' id='word_1_646' title='bbox 3568 3872 3598 3922; x_wconf 91' lang='lat'><strong><em>6</em></strong></span> 
     </span>
    </p>
   </div>
   <div class='ocr_carea' id='block_1_83' title="bbox 2022 3958 3596 4036">
    <p class='ocr_par' dir='ltr' id='par_1_83' title="bbox 2022 3958 3596 4036">
     <span class='ocr_line' id='line_1_83' title="bbox 2022 3958 3596 4036; baseline -0.003 -17"><span class='ocrx_word' id='word_1_647' title='bbox 2022 3965 2272 4036; x_wconf 77' lang='grc' dir='ltr'>Σολομῶν</span> <span class='ocrx_word' id='word_1_648' title='bbox 2320 3982 2516 4036; x_wconf 77' lang='grc' dir='ltr'>φησιν’</span> <span class='ocrx_word' id='word_1_649' title='bbox 2568 3966 2629 4018; x_wconf 88' lang='grc' dir='ltr'>Οἰ</span> <span class='ocrx_word' id='word_1_650' title='bbox 2662 3963 2917 4017; x_wconf 82' lang='grc' dir='ltr'>δυνάσται</span> <span class='ocrx_word' id='word_1_651' title='bbox 2948 3961 3215 4033; x_wconf 85' lang='grc' dir='ltr'>θυμὼδεις</span> <span class='ocrx_word' id='word_1_652' title='bbox 3269 3962 3425 4026; x_wconf 77' lang='grc' dir='ltr'>εἰσὶν,</span> <span class='ocrx_word' id='word_1_653' title='bbox 3453 3958 3596 4015; x_wconf 78' lang='grc' dir='ltr'>οἶνον</span> 
     </span>
    </p>
   </div>
   <div class='ocr_carea' id='block_1_84' title="bbox 2026 4053 3591 4129">
    <p class='ocr_par' dir='ltr' id='par_1_84' title="bbox 2026 4053 3591 4129">
     <span class='ocr_line' id='line_1_84' title="bbox 2026 4053 3591 4129; baseline 0 -21"><span class='ocrx_word' id='word_1_654' title='bbox 2026 4056 2101 4127; x_wconf 82' lang='grc' dir='ltr'><strong><em>μὴ</em></strong></span> <span class='ocrx_word' id='word_1_655' title='bbox 2135 4058 2460 4121; x_wconf 78' lang='grc' dir='ltr'>πινέτωσαν,</span> <span class='ocrx_word' id='word_1_656' title='bbox 2491 4057 2577 4110; x_wconf 79' lang='grc' dir='ltr'><strong><em>ἵνα</em></strong></span> <span class='ocrx_word' id='word_1_657' title='bbox 2612 4057 2687 4129; x_wconf 85' lang='grc' dir='ltr'>μὴ</span> <span class='ocrx_word' id='word_1_658' title='bbox 2716 4056 2932 4119; x_wconf 82' lang='grc' dir='ltr'>πίοντες</span> <span class='ocrx_word' id='word_1_659' title='bbox 2969 4054 3331 4109; x_wconf 81' lang='grc' dir='ltr'>ἐπιλάθωνται</span> <span class='ocrx_word' id='word_1_660' title='bbox 3366 4053 3467 4125; x_wconf 84' lang='grc' dir='ltr'>τῆς</span> <span class='ocrx_word' id='word_1_661' title='bbox 3507 4072 3591 4108; x_wconf 87' lang='grc' dir='ltr'><strong><em>σο-</em></strong></span> 
     </span>
    </p>
   </div>
   <div class='ocr_carea' id='block_1_85' title="bbox 2022 4149 3597 4225">
    <p class='ocr_par' dir='ltr' id='par_1_85' title="bbox 2022 4149 3597 4225">
     <span class='ocr_line' id='line_1_85' title="bbox 2022 4149 3597 4225; baseline -0.003 -20"><span class='ocrx_word' id='word_1_662' title='bbox 2022 4155 2170 4224; x_wconf 86' lang='grc' dir='ltr'>φίας.</span> <span class='ocrx_word' id='word_1_663' title='bbox 2202 4153 2564 4225; x_wconf 85' lang='lat' dir='ltr'><strong><em>Hieronymus</em></strong></span> <span class='ocrx_word' id='word_1_664' title='bbox 2607 4153 2856 4208; x_wconf 90' lang='lat' dir='ltr'><strong><em>columna</em></strong></span> <span class='ocrx_word' id='word_1_665' title='bbox 2888 4152 2957 4207; x_wconf 87' lang='lat'><em>56</em></span> <span class='ocrx_word' id='word_1_666' title='bbox 3005 4174 3017 4208; x_wconf 87' lang='lat'><strong>:</strong></span> <span class='ocrx_word' id='word_1_667' title='bbox 3063 4171 3083 4204; x_wconf 79' lang='grc' dir='ltr'><strong><em>ι</em></strong></span> <span class='ocrx_word' id='word_1_668' title='bbox 3124 4149 3191 4205; x_wconf 87' lang='grc' dir='ltr'>Ει</span> <span class='ocrx_word' id='word_1_669' title='bbox 3226 4151 3279 4206; x_wconf 89' lang='lat' dir='ltr'><strong><em>in</em></strong></span> <span class='ocrx_word' id='word_1_670' title='bbox 3332 4150 3439 4204; x_wconf 89' lang='lat' dir='ltr'><strong><em>alio</em></strong></span> <span class='ocrx_word' id='word_1_671' title='bbox 3474 4150 3597 4205; x_wconf 86' lang='lat' dir='ltr'><strong><em>loco</em></strong></span> 
     </span>
    </p>
   </div>
   <div class='ocr_carea' id='block_1_86' title="bbox 2018 4244 3592 4316">
    <p class='ocr_par' dir='ltr' id='par_1_86' title="bbox 2018 4244 3592 4316">
     <span class='ocr_line' id='line_1_86' title="bbox 2018 4244 3592 4316; baseline -0.003 -17"><span class='ocrx_word' id='word_1_672' title='bbox 2018 4245 2245 4316; x_wconf 81' lang='lat' dir='ltr'><strong><em>legimus</em></strong></span> <span class='ocrx_word' id='word_1_673' title='bbox 2285 4264 2299 4299; x_wconf 87' lang='lat'><strong>:</strong></span> <span class='ocrx_word' id='word_1_674' title='bbox 2337 4244 2579 4311; x_wconf 88' lang='lat' dir='ltr'><strong><em>Domine,</em></strong></span> <span class='ocrx_word' id='word_1_675' title='bbox 2606 4261 2667 4299; x_wconf 91' lang='lat' dir='ltr'><strong><em>ne</em></strong></span> <span class='ocrx_word' id='word_1_676' title='bbox 2691 4245 2747 4298; x_wconf 90' lang='lat' dir='ltr'><strong><em>in</em></strong></span> <span class='ocrx_word' id='word_1_677' title='bbox 2783 4244 2963 4314; x_wconf 80' lang='lat' dir='ltr'><strong><em>furore</em></strong></span> <span class='ocrx_word' id='word_1_678' title='bbox 2993 4252 3084 4298; x_wconf 92' lang='lat' dir='ltr'><strong><em>tuo</em></strong></span> <span class='ocrx_word' id='word_1_679' title='bbox 3126 4259 3317 4314; x_wconf 82' lang='lat' dir='ltr'><strong><em>arguas</em></strong></span> <span class='ocrx_word' id='word_1_680' title='bbox 3345 4258 3447 4309; x_wconf 90' lang='lat' dir='ltr'><strong><em>me,</em></strong></span> <span class='ocrx_word' id='word_1_681' title='bbox 3500 4259 3592 4296; x_wconf 83' lang='lat' dir='ltr'><strong><em>ne-</em></strong></span> 
     </span>
    </p>
   </div>
   <div class='ocr_carea' id='block_1_87' title="bbox 2017 4333 3591 4406">
    <p class='ocr_par' dir='ltr' id='par_1_87' title="bbox 2017 4333 3591 4406">
     <span class='ocr_line' id='line_1_87' title="bbox 2017 4333 3591 4406; baseline -0.004 -14"><span class='ocrx_word' id='word_1_682' title='bbox 2017 4354 2114 4406; x_wconf 86' lang='lat' dir='ltr'><strong><em>que</em></strong></span> <span class='ocrx_word' id='word_1_683' title='bbox 2146 4340 2198 4390; x_wconf 88' lang='lat' dir='ltr'><strong><em>in</em></strong></span> <span class='ocrx_word' id='word_1_684' title='bbox 2221 4338 2301 4391; x_wconf 90' lang='lat' dir='ltr'><strong><em>ira</em></strong></span> <span class='ocrx_word' id='word_1_685' title='bbox 2336 4348 2425 4390; x_wconf 89' lang='lat' dir='ltr'><strong><em>tua</em></strong></span> <span class='ocrx_word' id='word_1_686' title='bbox 2448 4337 2703 4405; x_wconf 79' lang='lat' dir='ltr'><strong><em>carripias</em></strong></span> <span class='ocrx_word' id='word_1_687' title='bbox 2723 4335 2789 4391; x_wconf 76' lang='lat'><strong><em>“.</em></strong></span> <span class='ocrx_word' id='word_1_688' title='bbox 2814 4335 2882 4389; x_wconf 90' lang='lat' dir='ltr'><strong><em>Et</em></strong></span> <span class='ocrx_word' id='word_1_689' title='bbox 2912 4334 3177 4390; x_wconf 81' lang='lat' dir='ltr'><strong><em>Jeremias</em></strong></span> <span class='ocrx_word' id='word_1_690' title='bbox 3201 4349 3217 4387; x_wconf 90' lang='lat'><strong>:</strong></span> <span class='ocrx_word' id='word_1_691' title='bbox 3246 4333 3460 4402; x_wconf 82' lang='lat' dir='ltr'><strong><em>Corripe</em></strong></span> <span class='ocrx_word' id='word_1_692' title='bbox 3478 4348 3591 4397; x_wconf 78' lang='lat' dir='ltr'><strong><em>nos,</em></strong></span> 
     </span>
    </p>
   </div>
   <div class='ocr_carea' id='block_1_88' title="bbox 2019 4425 3593 4499">
    <p class='ocr_par' dir='ltr' id='par_1_88' title="bbox 2019 4425 3593 4499">
     <span class='ocr_line' id='line_1_88' title="bbox 2019 4425 3593 4499; baseline -0.004 -16"><span class='ocrx_word' id='word_1_693' title='bbox 2019 4430 2214 4499; x_wconf 87' lang='lat' dir='ltr'><strong><em>inquit,</em></strong></span> <span class='ocrx_word' id='word_1_694' title='bbox 2261 4429 2505 4496; x_wconf 87' lang='lat' dir='ltr'><strong><em>Domine,</em></strong></span> <span class='ocrx_word' id='word_1_695' title='bbox 2540 4438 2898 4483; x_wconf 84' lang='lat' dir='ltr'><strong><em>verumtamen</em></strong></span> <span class='ocrx_word' id='word_1_696' title='bbox 2932 4428 2989 4480; x_wconf 88' lang='lat' dir='ltr'><strong><em>in</em></strong></span> <span class='ocrx_word' id='word_1_697' title='bbox 3033 4426 3267 4494; x_wconf 83' lang='lat' dir='ltr'><strong><em>judicio,</em></strong></span> <span class='ocrx_word' id='word_1_698' title='bbox 3294 4433 3344 4478; x_wconf 91' lang='lat' dir='ltr'><strong><em>et</em></strong></span> <span class='ocrx_word' id='word_1_699' title='bbox 3389 4441 3495 4478; x_wconf 89' lang='lat' dir='ltr'><strong><em>non</em></strong></span> <span class='ocrx_word' id='word_1_700' title='bbox 3536 4425 3593 4476; x_wconf 89' lang='lat' dir='ltr'><strong><em>in</em></strong></span> 
     </span>
    </p>
   </div>
   <div class='ocr_carea' id='block_1_89' title="bbox 344 4516 1923 4625">
    <p class='ocr_par' dir='ltr' id='par_1_89' title="bbox 344 4525 1913 4598">
     <span class='ocr_line' id='line_1_89' title="bbox 344 4525 1913 4598; baseline 0.001 -22"><span class='ocrx_word' id='word_1_701' title='bbox 344 4525 548 4596; x_wconf 83' lang='grc' dir='ltr'>Κυρίου</span> <span class='ocrx_word' id='word_1_702' title='bbox 592 4525 880 4596; x_wconf 74' lang='grc' dir='ltr'>ἐμϐλέπειν</span> <span class='ocrx_word' id='word_1_703' title='bbox 927 4527 1001 4597; x_wconf 81' lang='grc' dir='ltr'>μὴ</span> <span class='ocrx_word' id='word_1_704' title='bbox 1038 4528 1377 4598; x_wconf 85' lang='grc' dir='ltr'>ἀνεχόμενοι,</span> <span class='ocrx_word' id='word_1_705' title='bbox 1418 4526 1506 4580; x_wconf 74' lang='grc' dir='ltr'>διὰ</span> <span class='ocrx_word' id='word_1_706' title='bbox 1534 4525 1594 4579; x_wconf 81' lang='grc' dir='ltr'><strong><em>τὸ</em></strong></span> <span class='ocrx_word' id='word_1_707' title='bbox 1636 4525 1913 4597; x_wconf 83' lang='grc' dir='ltr'>φιλήδονοι</span> 
     </span>
    </p>
   </div>
   <div class='ocr_carea' id='block_1_90' title="bbox 2028 4516 3589 4625">
    <p class='ocr_par' dir='ltr' id='par_1_90' title="bbox 2028 4516 3589 4591">
     <span class='ocr_line' id='line_1_90' title="bbox 2028 4516 3589 4591; baseline -0.006 -14"><span class='ocrx_word' id='word_1_708' title='bbox 2028 4524 2198 4591; x_wconf 70' lang='lat' dir='ltr'><strong><em>furore</em></strong></span> <span class='ocrx_word' id='word_1_709' title='bbox 2234 4523 2304 4577; x_wconf 80' lang='lat'><strong><em>&quot;.</em></strong></span> <span class='ocrx_word' id='word_1_710' title='bbox 2360 4522 2564 4577; x_wconf 87' lang='lat' dir='ltr'><strong><em>Furere</em></strong></span> <span class='ocrx_word' id='word_1_711' title='bbox 2614 4530 2794 4575; x_wconf 91' lang='lat' dir='ltr'><strong><em>autem</em></strong></span> <span class='ocrx_word' id='word_1_712' title='bbox 2833 4518 3092 4573; x_wconf 88' lang='lat' dir='ltr'><strong><em>Dominus</em></strong></span> <span class='ocrx_word' id='word_1_713' title='bbox 3142 4516 3342 4572; x_wconf 89' lang='lat' dir='ltr'><strong><em>dicitur</em></strong></span> <span class='ocrx_word' id='word_1_714' title='bbox 3372 4516 3437 4581; x_wconf 70' lang='grc'><strong><em>⁸⁸,</em></strong></span> <span class='ocrx_word' id='word_1_715' title='bbox 3482 4530 3589 4569; x_wconf 91' lang='lat' dir='ltr'><strong><em>non</em></strong></span> 
     </span>
    </p>
   </div>
   <div class='ocr_carea' id='block_1_91' title="bbox 343 4609 1923 4691">
    <p class='ocr_par' dir='ltr' id='par_1_91' title="bbox 343 4614 1912 4691">
     <span class='ocr_line' id='line_1_91' title="bbox 343 4614 1912 4691; baseline -0.001 -21"><span class='ocrx_word' id='word_1_716' title='bbox 343 4614 480 4672; x_wconf 73' lang='grc' dir='ltr'>εἶναι</span> <span class='ocrx_word' id='word_1_717' title='bbox 518 4618 779 4691; x_wconf 81' lang='grc' dir='ltr'>μᾶλλονῆ</span> <span class='ocrx_word' id='word_1_718' title='bbox 837 4620 1093 4690; x_wconf 81' lang='grc' dir='ltr'>φιλόθεοι,</span> <span class='ocrx_word' id='word_1_719' title='bbox 1136 4620 1471 4691; x_wconf 82' lang='grc' dir='ltr'>αἰχμάλωτοι</span> <span class='ocrx_word' id='word_1_720' title='bbox 1522 4617 1765 4685; x_wconf 86' lang='grc' dir='ltr'>γίνονται</span> <span class='ocrx_word' id='word_1_721' title='bbox 1816 4617 1912 4669; x_wconf 71' lang='grc' dir='ltr'><strong><em>καί⁵</em></strong></span> 
     </span>
    </p>
   </div>
   <div class='ocr_carea' id='block_1_92' title="bbox 2028 4609 3591 4691">
    <p class='ocr_par' dir='ltr' id='par_1_92' title="bbox 2028 4609 3591 4688">
     <span class='ocr_line' id='line_1_92' title="bbox 2028 4609 3591 4688; baseline -0.004 -17"><span class='ocrx_word' id='word_1_722' title='bbox 2028 4619 2161 4688; x_wconf 79' lang='lat' dir='ltr'><strong><em>quod</em></strong></span> <span class='ocrx_word' id='word_1_723' title='bbox 2198 4618 2447 4673; x_wconf 80' lang='lat' dir='ltr'><strong><em>humanis</em></strong></span> <span class='ocrx_word' id='word_1_724' title='bbox 2504 4614 2999 4687; x_wconf 87' lang='lat' dir='ltr'><strong><em>perturbationibus</em></strong></span> <span class='ocrx_word' id='word_1_725' title='bbox 3054 4612 3397 4680; x_wconf 76' lang='lat' dir='ltr'><strong><em>subiaceat...</em></strong></span> <span class='ocrx_word' id='word_1_726' title='bbox 3461 4609 3591 4677; x_wconf 67' lang='lat' dir='ltr'><strong><em>Quae</em></strong></span> 
     </span>
    </p>
   </div>
   <div class='ocr_carea' id='block_1_93' title="bbox 344 4708 1914 4782">
    <p class='ocr_par' dir='ltr' id='par_1_93' title="bbox 344 4708 1914 4782">
     <span class='ocr_line' id='line_1_93' title="bbox 344 4708 1914 4782; baseline 0 -21"><span class='ocrx_word' id='word_1_727' title='bbox 344 4710 627 4782; x_wconf 73' lang='grc' dir='ltr'>ἐπιχείριοι</span> <span class='ocrx_word' id='word_1_728' title='bbox 650 4715 761 4776; x_wconf 81' lang='grc' dir='ltr'>τοῖς</span> <span class='ocrx_word' id='word_1_729' title='bbox 792 4713 1151 4777; x_wconf 83' lang='grc' dir='ltr'>ὑπεναντίοις.</span> <span class='ocrx_word' id='word_1_730' title='bbox 1182 4710 1341 4765; x_wconf 86' lang='grc' dir='ltr'><strong><em>Ἀλλὰ</em></strong></span> <span class='ocrx_word' id='word_1_731' title='bbox 1370 4711 1463 4764; x_wconf 74' lang='grc' dir='ltr'><strong><em>καί.</em></strong></span> <span class='ocrx_word' id='word_1_732' title='bbox 1501 4708 1704 4780; x_wconf 81' lang='grc' dir='ltr'>πλῆθος</span> <span class='ocrx_word' id='word_1_733' title='bbox 1734 4710 1791 4762; x_wconf 79' lang='grc' dir='ltr'><strong><em>ὲν</em></strong></span> <span class='ocrx_word' id='word_1_734' title='bbox 1818 4709 1914 4761; x_wconf 79' lang='grc' dir='ltr'><strong><em>αὑ-</em></strong></span> 
     </span>
    </p>
   </div>
   <div class='ocr_carea' id='block_1_94' title="bbox 341 4800 1906 4875">
    <p class='ocr_par' dir='ltr' id='par_1_94' title="bbox 341 4800 1906 4875">
     <span class='ocr_line' id='line_1_94' title="bbox 341 4800 1906 4875; baseline 0.003 -23"><span class='ocrx_word' id='word_1_735' title='bbox 341 4802 450 4863; x_wconf 84' lang='grc' dir='ltr'>τοῖς</span> <span class='ocrx_word' id='word_1_736' title='bbox 471 4802 679 4872; x_wconf 84' lang='grc' dir='ltr'>νεκρῶν</span> <span class='ocrx_word' id='word_1_737' title='bbox 708 4804 938 4875; x_wconf 85' lang='grc' dir='ltr'>ὲγενήθη</span> <span class='ocrx_word' id='word_1_738' title='bbox 971 4804 1058 4857; x_wconf 87' lang='grc' dir='ltr'>διὰ</span> <span class='ocrx_word' id='word_1_739' title='bbox 1090 4802 1298 4875; x_wconf 78' lang='grc' dir='ltr'>λοιμὸν,</span> <span class='ocrx_word' id='word_1_740' title='bbox 1324 4803 1417 4857; x_wconf 74' lang='grc' dir='ltr'><strong><em>καὶ</em></strong></span> <span class='ocrx_word' id='word_1_741' title='bbox 1434 4800 1625 4865; x_wconf 77' lang='grc' dir='ltr'>ὓδατος</span> <span class='ocrx_word' id='word_1_742' title='bbox 1646 4800 1906 4871; x_wconf 84' lang='grc' dir='ltr'>ἀπορίαν.</span> 
     </span>
    </p>
   </div>
   <div class='ocr_carea' id='block_1_95' title="bbox 345 4890 1906 4964">
    <p class='ocr_par' dir='ltr' id='par_1_95' title="bbox 345 4890 1906 4964">
     <span class='ocr_line' id='line_1_95' title="bbox 345 4890 1906 4964; baseline 0 -20"><span class='ocrx_word' id='word_1_743' title='bbox 345 4890 701 4961; x_wconf 85' lang='lat' dir='ltr'><strong><em>Hieronymus</em></strong></span> <span class='ocrx_word' id='word_1_744' title='bbox 760 4893 1044 4949; x_wconf 82' lang='lat' dir='ltr'><strong><em>manifeste</em></strong></span> <span class='ocrx_word' id='word_1_745' title='bbox 1085 4894 1333 4964; x_wconf 80' lang='lat' dir='ltr'><strong><em>vestigiis</em></strong></span> <span class='ocrx_word' id='word_1_746' title='bbox 1389 4893 1581 4947; x_wconf 88' lang='lat' dir='ltr'><strong><em>iisdem</em></strong></span> <span class='ocrx_word' id='word_1_747' title='bbox 1625 4891 1906 4957; x_wconf 89' lang='lat' dir='ltr'><strong><em>insistens,</em></strong></span> 
     </span>
    </p>
   </div>
   <div class='ocr_carea' id='block_1_96' title="bbox 341 4981 1916 5052">
    <p class='ocr_par' dir='ltr' id='par_1_96' title="bbox 341 4981 1916 5052">
     <span class='ocr_line' id='line_1_96' title="bbox 341 4981 1916 5052; baseline 0.001 -18"><span class='ocrx_word' id='word_1_748' title='bbox 341 4981 419 5035; x_wconf 87' lang='lat' dir='ltr'><strong><em>sic</em></strong></span> <span class='ocrx_word' id='word_1_749' title='bbox 450 4983 663 5051; x_wconf 85' lang='lat' dir='ltr'><strong><em>scripsit</em></strong></span> <span class='ocrx_word' id='word_1_750' title='bbox 695 4982 796 5037; x_wconf 91' lang='lat' dir='ltr'><strong><em>col.</em></strong></span> <span class='ocrx_word' id='word_1_751' title='bbox 830 4983 898 5038; x_wconf 86' lang='grc'>52</span> <span class='ocrx_word' id='word_1_752' title='bbox 926 5001 940 5037; x_wconf 89' lang='lat'><strong>:</strong></span> <span class='ocrx_word' id='word_1_753' title='bbox 982 5003 999 5036; x_wconf 82' lang='grc' dir='ltr'><strong><em>ι</em></strong></span> <span class='ocrx_word' id='word_1_754' title='bbox 1028 4984 1127 5052; x_wconf 86' lang='lat' dir='ltr'><strong><em>Qui</em></strong></span> <span class='ocrx_word' id='word_1_755' title='bbox 1159 4992 1511 5040; x_wconf 82' lang='lat' dir='ltr'><strong><em>surrexerunt</em></strong></span> <span class='ocrx_word' id='word_1_756' title='bbox 1535 4996 1693 5037; x_wconf 92' lang='lat' dir='ltr'><strong><em>mane</em></strong></span> <span class='ocrx_word' id='word_1_757' title='bbox 1733 4982 1799 5036; x_wconf 93' lang='lat' dir='ltr'><strong><em>ad</em></strong></span> <span class='ocrx_word' id='word_1_758' title='bbox 1830 4996 1916 5035; x_wconf 85' lang='lat' dir='ltr'><strong><em>se-</em></strong></span> 
     </span>
    </p>
   </div>
   <div class='ocr_carea' id='block_1_97' title="bbox 344 5075 1914 5148">
    <p class='ocr_par' dir='ltr' id='par_1_97' title="bbox 344 5075 1914 5148">
     <span class='ocr_line' id='line_1_97' title="bbox 344 5075 1914 5148; baseline 0.002 -22"><span class='ocrx_word' id='word_1_759' title='bbox 344 5076 863 5143; x_wconf 57' lang='lat' dir='ltr'><strong><em>ctandam;siceram,</em></strong></span> <span class='ocrx_word' id='word_1_760' title='bbox 887 5085 940 5132; x_wconf 91' lang='lat' dir='ltr'><strong><em>et</em></strong></span> <span class='ocrx_word' id='word_1_761' title='bbox 957 5087 1368 5148; x_wconf 86' lang='lat' dir='ltr'><strong><em>permanserunt</em></strong></span> <span class='ocrx_word' id='word_1_762' title='bbox 1390 5078 1441 5131; x_wconf 94' lang='lat' dir='ltr'><strong><em>in</em></strong></span> <span class='ocrx_word' id='word_1_763' title='bbox 1462 5075 1724 5132; x_wconf 82' lang='lat' dir='ltr'><strong><em>ebrietate</em></strong></span> <span class='ocrx_word' id='word_1_764' title='bbox 1745 5088 1914 5144; x_wconf 80' lang='lat' dir='ltr'><strong><em>usque</em></strong></span> 
     </span>
    </p>
   </div>
   <div class='ocr_carea' id='block_1_98' title="bbox 342 5164 1907 5239">
    <p class='ocr_par' dir='ltr' id='par_1_98' title="bbox 342 5164 1907 5239">
     <span class='ocr_line' id='line_1_98' title="bbox 342 5164 1907 5239; baseline 0.004 -24"><span class='ocrx_word' id='word_1_765' title='bbox 342 5164 406 5217; x_wconf 87' lang='lat' dir='ltr'><strong><em>ad</em></strong></span> <span class='ocrx_word' id='word_1_766' title='bbox 446 5181 744 5236; x_wconf 87' lang='lat' dir='ltr'><strong><em>vesperam,</em></strong></span> <span class='ocrx_word' id='word_1_767' title='bbox 764 5181 818 5224; x_wconf 91' lang='lat' dir='ltr'><strong><em>et</em></strong></span> <span class='ocrx_word' id='word_1_768' title='bbox 843 5170 1117 5239; x_wconf 85' lang='lat' dir='ltr'><strong><em>voluptate</em></strong></span> <span class='ocrx_word' id='word_1_769' title='bbox 1147 5186 1212 5226; x_wconf 92' lang='lat' dir='ltr'><strong><em>ac</em></strong></span> <span class='ocrx_word' id='word_1_770' title='bbox 1249 5170 1457 5226; x_wconf 87' lang='lat' dir='ltr'><strong><em>deliciis</em></strong></span> <span class='ocrx_word' id='word_1_771' title='bbox 1483 5168 1751 5239; x_wconf 83' lang='lat' dir='ltr'><strong><em>occupati,</em></strong></span> <span class='ocrx_word' id='word_1_772' title='bbox 1772 5181 1907 5235; x_wconf 90' lang='lat' dir='ltr'><strong><em>opus</em></strong></span> 
     </span>
    </p>
   </div>
   <div class='ocr_carea' id='block_1_99' title="bbox 344 5254 1905 5330">
    <p class='ocr_par' dir='ltr' id='par_1_99' title="bbox 344 5254 1905 5330">
     <span class='ocr_line' id='line_1_99' title="bbox 344 5254 1905 5330; baseline 0.003 -22"><span class='ocrx_word' id='word_1_773' title='bbox 344 5254 554 5312; x_wconf 89' lang='lat' dir='ltr'><strong><em>Domini</em></strong></span> <span class='ocrx_word' id='word_1_774' title='bbox 604 5260 871 5328; x_wconf 90' lang='lat' dir='ltr'><strong><em>respicere</em></strong></span> <span class='ocrx_word' id='word_1_775' title='bbox 923 5261 1232 5328; x_wconf 90' lang='lat' dir='ltr'><strong><em>noluerunt,</em></strong></span> <span class='ocrx_word' id='word_1_776' title='bbox 1285 5275 1387 5316; x_wconf 92' lang='lat' dir='ltr'><strong><em>nec</em></strong></span> <span class='ocrx_word' id='word_1_777' title='bbox 1441 5275 1604 5330; x_wconf 89' lang='lat' dir='ltr'><strong><em>opera</em></strong></span> <span class='ocrx_word' id='word_1_778' title='bbox 1650 5272 1905 5313; x_wconf 84' lang='lat' dir='ltr'><strong><em>manuum</em></strong></span> 
     </span>
    </p>
   </div>
   <div class='ocr_carea' id='block_1_100' title="bbox 344 5349 1902 5423">
    <p class='ocr_par' dir='ltr' id='par_1_100' title="bbox 344 5349 1902 5423">
     <span class='ocr_line' id='line_1_100' title="bbox 344 5349 1902 5423; baseline -0.002 -18"><span class='ocrx_word' id='word_1_779' title='bbox 344 5349 459 5417; x_wconf 87' lang='lat' dir='ltr'><strong><em>ejus</em></strong></span> <span class='ocrx_word' id='word_1_780' title='bbox 485 5352 829 5422; x_wconf 88' lang='lat' dir='ltr'><strong><em>contemplati</em></strong></span> <span class='ocrx_word' id='word_1_781' title='bbox 866 5364 993 5407; x_wconf 90' lang='lat' dir='ltr'><strong><em>sunt</em></strong></span> <span class='ocrx_word' id='word_1_782' title='bbox 1020 5369 1034 5405; x_wconf 91' lang='lat'><strong>:</strong></span> <span class='ocrx_word' id='word_1_783' title='bbox 1073 5363 1363 5423; x_wconf 87' lang='lat' dir='ltr'><strong><em>propterea</em></strong></span> <span class='ocrx_word' id='word_1_784' title='bbox 1394 5352 1537 5407; x_wconf 90' lang='lat' dir='ltr'><strong><em>ducti</em></strong></span> <span class='ocrx_word' id='word_1_785' title='bbox 1565 5360 1693 5406; x_wconf 91' lang='lat' dir='ltr'><strong><em>sunt</em></strong></span> <span class='ocrx_word' id='word_1_786' title='bbox 1720 5350 1773 5404; x_wconf 90' lang='lat' dir='ltr'><strong><em>in</em></strong></span> <span class='ocrx_word' id='word_1_787' title='bbox 1806 5363 1902 5403; x_wconf 89' lang='lat' dir='ltr'><strong><em>ca-</em></strong></span> 
     </span>
    </p>
   </div>
   <div class='ocr_carea' id='block_1_101' title="bbox 2003 4705 3587 4789">
    <p class='ocr_par' dir='ltr' id='par_1_101' title="bbox 2003 4705 3587 4789">
     <span class='ocr_line' id='line_1_101' title="bbox 2003 4705 3587 4789; baseline -0.006 -23"><span class='ocrx_word' id='word_1_788' title='bbox 2003 4711 2089 4789; x_wconf 36' lang='lat' dir='ltr'><strong><em>.sit</em></strong></span> <span class='ocrx_word' id='word_1_789' title='bbox 2118 4719 2295 4765; x_wconf 81' lang='lat' dir='ltr'><strong><em>autem</em></strong></span> <span class='ocrx_word' id='word_1_790' title='bbox 2351 4723 2541 4763; x_wconf 87' lang='lat' dir='ltr'><strong><em>manus</em></strong></span> <span class='ocrx_word' id='word_1_791' title='bbox 2577 4722 2697 4778; x_wconf 86' lang='lat' dir='ltr'><strong><em>quae</em></strong></span> <span class='ocrx_word' id='word_1_792' title='bbox 2732 4708 3066 4772; x_wconf 81' lang='lat' dir='ltr'><strong><em>extenditur,</em></strong></span> <span class='ocrx_word' id='word_1_793' title='bbox 3102 4706 3187 4760; x_wconf 90' lang='lat' dir='ltr'><strong><em>vel</em></strong></span> <span class='ocrx_word' id='word_1_794' title='bbox 3229 4705 3472 4760; x_wconf 89' lang='lat' dir='ltr'><strong><em>elevatur</em></strong></span> <span class='ocrx_word' id='word_1_795' title='bbox 3500 4718 3587 4759; x_wconf 84' lang='lat' dir='ltr'><strong><em>su-</em></strong></span> 
     </span>
    </p>
   </div>
   <div class='ocr_carea' id='block_1_102' title="bbox 2016 4795 3583 4872">
    <p class='ocr_par' dir='ltr' id='par_1_102' title="bbox 2016 4795 3583 4872">
     <span class='ocr_line' id='line_1_102' title="bbox 2016 4795 3583 4872; baseline -0.004 -16"><span class='ocrx_word' id='word_1_796' title='bbox 2016 4817 2113 4872; x_wconf 90' lang='lat' dir='ltr'><strong><em>per</em></strong></span> <span class='ocrx_word' id='word_1_797' title='bbox 2137 4801 2389 4872; x_wconf 89' lang='lat' dir='ltr'><strong><em>populum</em></strong></span> <span class='ocrx_word' id='word_1_798' title='bbox 2419 4811 2780 4868; x_wconf 83' lang='lat' dir='ltr'><strong><em>peccatorem,</em></strong></span> <span class='ocrx_word' id='word_1_799' title='bbox 2808 4798 2909 4854; x_wconf 82' lang='lat' dir='ltr'><strong><em>Job</em></strong></span> <span class='ocrx_word' id='word_1_800' title='bbox 2941 4798 3177 4869; x_wconf 90' lang='lat' dir='ltr'><strong><em>loquitur</em></strong></span> <span class='ocrx_word' id='word_1_801' title='bbox 3210 4795 3583 4851; x_wconf 83' lang='lat' dir='ltr'><strong><em>manifestius:</em></strong></span> 
     </span>
    </p>
   </div>
   <div class='ocr_carea' id='block_1_103' title="bbox 2016 4884 3589 4958">
    <p class='ocr_par' dir='ltr' id='par_1_103' title="bbox 2016 4884 3589 4958">
     <span class='ocr_line' id='line_1_103' title="bbox 2016 4884 3589 4958; baseline -0.005 -13"><span class='ocrx_word' id='word_1_802' title='bbox 2016 4891 2212 4945; x_wconf 84' lang='lat' dir='ltr'><strong><em>Manus</em></strong></span> <span class='ocrx_word' id='word_1_803' title='bbox 2239 4892 2376 4943; x_wconf 88' lang='lat' dir='ltr'><strong><em>enim</em></strong></span> <span class='ocrx_word' id='word_1_804' title='bbox 2407 4890 2620 4943; x_wconf 87' lang='lat' dir='ltr'><strong><em>Domini</em></strong></span> <span class='ocrx_word' id='word_1_805' title='bbox 2645 4890 2813 4958; x_wconf 83' lang='lat' dir='ltr'><strong><em>tetigit</em></strong></span> <span class='ocrx_word' id='word_1_806' title='bbox 2857 4903 2936 4942; x_wconf 89' lang='lat' dir='ltr'><strong><em>me</em></strong></span> <span class='ocrx_word' id='word_1_807' title='bbox 2962 4887 3029 4943; x_wconf 74' lang='lat'><strong><em>&quot;.</em></strong></span> <span class='ocrx_word' id='word_1_808' title='bbox 3070 4885 3225 4941; x_wconf 88' lang='lat' dir='ltr'><strong><em>Unde</em></strong></span> <span class='ocrx_word' id='word_1_809' title='bbox 3257 4894 3312 4942; x_wconf 89' lang='lat' dir='ltr'><strong><em>et</em></strong></span> <span class='ocrx_word' id='word_1_810' title='bbox 3340 4884 3589 4940; x_wconf 88' lang='lat' dir='ltr'><strong><em>diabolus</em></strong></span> 
     </span>
    </p>
   </div>
   <div class='ocr_carea' id='block_1_104' title="bbox 2014 4976 3586 5051">
    <p class='ocr_par' dir='ltr' id='par_1_104' title="bbox 2014 4976 3586 5051">
     <span class='ocr_line' id='line_1_104' title="bbox 2014 4976 3586 5051; baseline -0.004 -15"><span class='ocrx_word' id='word_1_811' title='bbox 2014 4983 2191 5036; x_wconf 79' lang='lat' dir='ltr'><strong><em>sciens</em></strong></span> <span class='ocrx_word' id='word_1_812' title='bbox 2226 4990 2500 5051; x_wconf 86' lang='lat' dir='ltr'><strong><em>potentem</em></strong></span> <span class='ocrx_word' id='word_1_813' title='bbox 2530 4996 2748 5035; x_wconf 90' lang='lat' dir='ltr'><strong><em>manum</em></strong></span> <span class='ocrx_word' id='word_1_814' title='bbox 2775 4978 3012 5043; x_wconf 90' lang='lat' dir='ltr'><strong><em>Domini,</em></strong></span> <span class='ocrx_word' id='word_1_815' title='bbox 3046 4986 3101 5033; x_wconf 87' lang='lat' dir='ltr'><strong><em>et</em></strong></span> <span class='ocrx_word' id='word_1_816' title='bbox 3138 4976 3420 5032; x_wconf 86' lang='lat' dir='ltr'><strong><em>brachium</em></strong></span> <span class='ocrx_word' id='word_1_817' title='bbox 3443 4976 3586 5045; x_wconf 90' lang='lat' dir='ltr'><strong><em>quod</em></strong></span> 
     </span>
    </p>
   </div>
   <div class='ocr_carea' id='block_1_105' title="bbox 2013 5072 3582 5144">
    <p class='ocr_par' dir='ltr' id='par_1_105' title="bbox 2013 5072 3582 5144">
     <span class='ocr_line' id='line_1_105' title="bbox 2013 5072 3582 5144; baseline -0.003 -15"><span class='ocrx_word' id='word_1_818' title='bbox 2013 5076 2282 5130; x_wconf 82' lang='lat' dir='ltr'><strong><em>universis</em></strong></span> <span class='ocrx_word' id='word_1_819' title='bbox 2304 5077 2555 5144; x_wconf 76' lang='lat' dir='ltr'><strong><em>gentibus</em></strong></span> <span class='ocrx_word' id='word_1_820' title='bbox 2581 5075 2877 5130; x_wconf 84' lang='lat' dir='ltr'><strong><em>revelatum</em></strong></span> <span class='ocrx_word' id='word_1_821' title='bbox 2905 5084 3008 5139; x_wconf 88' lang='lat' dir='ltr'><strong><em>est,</em></strong></span> <span class='ocrx_word' id='word_1_822' title='bbox 3031 5072 3161 5128; x_wconf 89' lang='lat' dir='ltr'><strong><em>dicit</em></strong></span> <span class='ocrx_word' id='word_1_823' title='bbox 3186 5073 3252 5127; x_wconf 91' lang='lat' dir='ltr'><strong><em>ad</em></strong></span> <span class='ocrx_word' id='word_1_824' title='bbox 3269 5073 3550 5127; x_wconf 89' lang='lat' dir='ltr'><strong><em>Dominum</em></strong></span> <span class='ocrx_word' id='word_1_825' title='bbox 3567 5087 3582 5101; x_wconf 89' lang='grc'><strong>·</strong></span> 
     </span>
    </p>
   </div>
   <div class='ocr_carea' id='block_1_106' title="bbox 2012 5164 3586 5236">
    <p class='ocr_par' dir='ltr' id='par_1_106' title="bbox 2012 5164 3586 5236">
     <span class='ocr_line' id='line_1_106' title="bbox 2012 5164 3586 5236; baseline -0.003 -15"><span class='ocrx_word' id='word_1_826' title='bbox 2012 5166 2166 5221; x_wconf 81' lang='lat' dir='ltr'><strong><em>Mitte</em></strong></span> <span class='ocrx_word' id='word_1_827' title='bbox 2194 5183 2406 5220; x_wconf 75' lang='lat' dir='ltr'><strong><em>manuni</em></strong></span> <span class='ocrx_word' id='word_1_828' title='bbox 2434 5178 2601 5233; x_wconf 90' lang='lat' dir='ltr'><strong><em>tuam,</em></strong></span> <span class='ocrx_word' id='word_1_829' title='bbox 2649 5176 2697 5222; x_wconf 86' lang='lat' dir='ltr'><strong><em>et</em></strong></span> <span class='ocrx_word' id='word_1_830' title='bbox 2738 5174 2892 5236; x_wconf 79' lang='lat' dir='ltr'><strong><em>tange</em></strong></span> <span class='ocrx_word' id='word_1_831' title='bbox 2920 5166 3097 5220; x_wconf 87' lang='lat' dir='ltr'><strong><em>omnia</em></strong></span> <span class='ocrx_word' id='word_1_832' title='bbox 3127 5181 3243 5235; x_wconf 71' lang='lat' dir='ltr'><strong><em>qua:</em></strong></span> <span class='ocrx_word' id='word_1_833' title='bbox 3278 5164 3453 5227; x_wconf 83' lang='lat' dir='ltr'><strong><em>habet,</em></strong></span> <span class='ocrx_word' id='word_1_834' title='bbox 3486 5164 3586 5217; x_wconf 88' lang='lat' dir='ltr'><strong><em>nisi</em></strong></span> 
     </span>
    </p>
   </div>
   <div class='ocr_carea' id='block_1_107' title="bbox 2011 5255 3581 5326">
    <p class='ocr_par' dir='ltr' id='par_1_107' title="bbox 2011 5255 3581 5326">
     <span class='ocr_line' id='line_1_107' title="bbox 2011 5255 3581 5326; baseline -0.001 -16"><span class='ocrx_word' id='word_1_835' title='bbox 2011 5258 2067 5311; x_wconf 90' lang='lat' dir='ltr'><strong><em>in</em></strong></span> <span class='ocrx_word' id='word_1_836' title='bbox 2104 5258 2291 5326; x_wconf 75' lang='lat' dir='ltr'><strong><em>facient</em></strong></span> <span class='ocrx_word' id='word_1_837' title='bbox 2350 5259 2672 5312; x_wconf 70' lang='lat' dir='ltr'><strong><em>benedixerit</em></strong></span> <span class='ocrx_word' id='word_1_838' title='bbox 2729 5258 2822 5312; x_wconf 91' lang='lat' dir='ltr'><strong><em>tibi</em></strong></span> <span class='ocrx_word' id='word_1_839' title='bbox 2876 5257 2944 5314; x_wconf 76' lang='grc' dir='ltr'><strong><em>⁸ο.</em></strong></span> <span class='ocrx_word' id='word_1_840' title='bbox 2997 5276 3017 5311; x_wconf 76' lang='grc' dir='ltr'><strong><em>ι</em></strong></span> <span class='ocrx_word' id='word_1_841' title='bbox 3064 5255 3581 5312; x_wconf 87' lang='lat' dir='ltr'><strong><em>Pseudo-Basilius:</em></strong></span> 
     </span>
    </p>
   </div>
   <div class='ocr_carea' id='block_1_108' title="bbox 2009 5344 3585 5417">
    <p class='ocr_par' dir='ltr' id='par_1_108' title="bbox 2009 5344 3585 5417">
     <span class='ocr_line' id='line_1_108' title="bbox 2009 5344 3585 5417; baseline 0.001 -18"><span class='ocrx_word' id='word_1_842' title='bbox 2009 5344 2162 5401; x_wconf 83' lang='grc' dir='ltr'><strong><em>Οὐδὲ</em></strong></span> <span class='ocrx_word' id='word_1_843' title='bbox 2194 5348 2305 5416; x_wconf 71' lang='grc' dir='ltr'>γὰρ</span> <span class='ocrx_word' id='word_1_844' title='bbox 2327 5345 2519 5412; x_wconf 84' lang='grc' dir='ltr'>πάθος</span> <span class='ocrx_word' id='word_1_845' title='bbox 2547 5347 2717 5417; x_wconf 84' lang='grc' dir='ltr'>Θεοῦ,</span> <span class='ocrx_word' id='word_1_846' title='bbox 2753 5346 2897 5401; x_wconf 84' lang='grc' dir='ltr'>οὐδὲ</span> <span class='ocrx_word' id='word_1_847' title='bbox 2915 5346 3069 5416; x_wconf 85' lang='grc' dir='ltr'><strong><em>αὐτῇ</em></strong></span> <span class='ocrx_word' id='word_1_848' title='bbox 3093 5347 3169 5416; x_wconf 77' lang='grc' dir='ltr'>τῇ</span> <span class='ocrx_word' id='word_1_849' title='bbox 3191 5347 3369 5414; x_wconf 78' lang='grc' dir='ltr'>οὐσίᾳ</span> <span class='ocrx_word' id='word_1_850' title='bbox 3399 5345 3585 5400; x_wconf 82' lang='grc' dir='ltr'>αὐτοῦ</span> 
     </span>
    </p>
   </div>
   <div class='ocr_carea' id='block_1_109' title="bbox 340 5438 1923 5515">
    <p class='ocr_par' dir='ltr' id='par_1_109' title="bbox 340 5442 1904 5515">
     <span class='ocr_line' id='line_1_109' title="bbox 340 5442 1904 5515; baseline 0.003 -22"><span class='ocrx_word' id='word_1_851' title='bbox 340 5442 703 5504; x_wconf 86' lang='lat' dir='ltr'><strong><em>ptivitatem...</em></strong></span> <span class='ocrx_word' id='word_1_852' title='bbox 728 5454 785 5498; x_wconf 91' lang='lat' dir='ltr'><strong><em>et</em></strong></span> <span class='ocrx_word' id='word_1_853' title='bbox 815 5445 870 5498; x_wconf 90' lang='lat' dir='ltr'><strong><em>in</em></strong></span> <span class='ocrx_word' id='word_1_854' title='bbox 911 5446 1027 5513; x_wconf 90' lang='lat' dir='ltr'><strong><em>ipsa</em></strong></span> <span class='ocrx_word' id='word_1_855' title='bbox 1068 5445 1385 5515; x_wconf 85' lang='lat' dir='ltr'><strong><em>captivitate</em></strong></span> <span class='ocrx_word' id='word_1_856' title='bbox 1438 5444 1587 5498; x_wconf 84' lang='lat' dir='ltr'><strong><em>fame</em></strong></span> <span class='ocrx_word' id='word_1_857' title='bbox 1620 5442 1904 5511; x_wconf 87' lang='lat' dir='ltr'><strong><em>perierunt</em></strong></span> 
     </span>
    </p>
   </div>
   <div class='ocr_carea' id='block_1_110' title="bbox 2028 5438 3585 5515">
    <p class='ocr_par' dir='ltr' id='par_1_110' title="bbox 2028 5438 3585 5512">
     <span class='ocr_line' id='line_1_110' title="bbox 2028 5438 3585 5512; baseline 0 -20"><span class='ocrx_word' id='word_1_858' title='bbox 2028 5441 2451 5509; x_wconf 67' lang='grc' dir='ltr'>νυμϐεϐηκός...</span> <span class='ocrx_word' id='word_1_859' title='bbox 2508 5440 2652 5495; x_wconf 87' lang='grc' dir='ltr'>κατὰ</span> <span class='ocrx_word' id='word_1_860' title='bbox 2693 5440 2755 5493; x_wconf 83' lang='grc' dir='ltr'><strong><em>τὸ</em></strong></span> <span class='ocrx_word' id='word_1_861' title='bbox 2806 5440 3114 5512; x_wconf 81' lang='grc' dir='ltr'>εἰρημένον,</span> <span class='ocrx_word' id='word_1_862' title='bbox 3161 5441 3242 5494; x_wconf 83' lang='grc' dir='ltr'>ὅτι</span> <span class='ocrx_word' id='word_1_863' title='bbox 3284 5440 3379 5494; x_wconf 76' lang='grc' dir='ltr'><strong><em>Ἐν</em></strong></span> <span class='ocrx_word' id='word_1_864' title='bbox 3421 5438 3585 5509; x_wconf 81' lang='grc' dir='ltr'>θυμῷ</span> 
     </span>
    </p>
   </div>
   <div class='ocr_carea' id='block_1_111' title="bbox 340 5528 1898 5609">
    <p class='ocr_par' dir='ltr' id='par_1_111' title="bbox 340 5528 1898 5609">
     <span class='ocr_line' id='line_1_111' title="bbox 340 5528 1898 5609; baseline 0.004 -28"><span class='ocrx_word' id='word_1_865' title='bbox 340 5546 401 5585; x_wconf 86' lang='lat' dir='ltr'><strong><em>ac</em></strong></span> <span class='ocrx_word' id='word_1_866' title='bbox 439 5545 694 5589; x_wconf 89' lang='lat' dir='ltr'><strong><em>aruerunt</em></strong></span> <span class='ocrx_word' id='word_1_867' title='bbox 713 5528 829 5589; x_wconf 84' lang='lat' dir='ltr'><strong><em>siti.</em></strong></span> <span class='ocrx_word' id='word_1_868' title='bbox 861 5534 1072 5609; x_wconf 71' lang='lat' dir='ltr'><strong><em>sPergtt</em></strong></span> <span class='ocrx_word' id='word_1_869' title='bbox 1094 5534 1559 5607; x_wconf 87' lang='lat' dir='ltr'><strong><em>pseudo-Basilius</em></strong></span> <span class='ocrx_word' id='word_1_870' title='bbox 1593 5534 1671 5591; x_wconf 90' lang='lat' dir='ltr'><strong><em>sic</em></strong></span> <span class='ocrx_word' id='word_1_871' title='bbox 1701 5532 1781 5605; x_wconf 86' lang='lat'><strong><em>(5,</em></strong></span> <span class='ocrx_word' id='word_1_872' title='bbox 1808 5532 1898 5601; x_wconf 70' lang='grc'>14,</span> 
     </span>
    </p>
   </div>
   <div class='ocr_carea' id='block_1_112' title="bbox 411 5729 1923 5805">
    <p class='ocr_par' dir='ltr' id='par_1_112' title="bbox 411 5729 1923 5805">
     <span class='ocr_line' id='line_1_112' title="bbox 411 5729 1923 5805; baseline 0.003 -20"><span class='ocrx_word' id='word_1_873' title='bbox 411 5729 455 5762; x_wconf 77' lang='grc'><strong><em>³⁸</em></strong></span> <span class='ocrx_word' id='word_1_874' title='bbox 496 5732 609 5805; x_wconf 81' lang='lat' dir='ltr'><strong><em>lsa.</em></strong></span> <span class='ocrx_word' id='word_1_875' title='bbox 634 5751 784 5800; x_wconf 77' lang='lat' dir='ltr'><strong><em>xxvr,</em></strong></span> <span class='ocrx_word' id='word_1_876' title='bbox 814 5735 866 5792; x_wconf 89' lang='lat'><strong><em>9.</em></strong></span> <span class='ocrx_word' id='word_1_877' title='bbox 940 5736 985 5768; x_wconf 77' lang='grc'><strong><em>³⁵</em></strong></span> <span class='ocrx_word' id='word_1_878' title='bbox 1018 5735 1161 5791; x_wconf 85' lang='lat' dir='ltr'><strong><em>Psal.</em></strong></span> <span class='ocrx_word' id='word_1_879' title='bbox 1198 5750 1330 5797; x_wconf 79' lang='lat' dir='ltr'><strong><em>mm,</em></strong></span> <span class='ocrx_word' id='word_1_880' title='bbox 1357 5736 1411 5790; x_wconf 90' lang='grc'>2.</span> <span class='ocrx_word' id='word_1_881' title='bbox 1487 5737 1534 5768; x_wconf 72' lang='grc' dir='ltr'><strong><em>’⁵ο</em></strong></span> <span class='ocrx_word' id='word_1_882' title='bbox 1571 5734 1710 5790; x_wconf 86' lang='lat' dir='ltr'><strong><em>Psal.</em></strong></span> <span class='ocrx_word' id='word_1_883' title='bbox 1746 5750 1798 5799; x_wconf 88' lang='lat' dir='ltr'><strong><em>c,</em></strong></span> <span class='ocrx_word' id='word_1_884' title='bbox 1838 5733 1923 5805; x_wconf 15' lang='lat'><strong><em>8.,</em></strong></span> 
     </span>
    </p>
   </div>
   <div class='ocr_carea' id='block_1_113' title="bbox 2028 5729 3301 5805">
    <p class='ocr_par' dir='ltr' id='par_1_113' title="bbox 2065 5735 3301 5805">
     <span class='ocr_line' id='line_1_113' title="bbox 2065 5735 3301 5805; baseline 0.005 -16"><span class='ocrx_word' id='word_1_885' title='bbox 2065 5735 2205 5791; x_wconf 85' lang='lat' dir='ltr'><strong><em>Psal.</em></strong></span> <span class='ocrx_word' id='word_1_886' title='bbox 2258 5754 2405 5803; x_wconf 67' lang='grc' dir='ltr'>χχιιι,</span> <span class='ocrx_word' id='word_1_887' title='bbox 2450 5739 2503 5793; x_wconf 91' lang='grc'><strong><em>6.</em></strong></span> <span class='ocrx_word' id='word_1_888' title='bbox 2580 5740 2625 5772; x_wconf 68' lang='grc' dir='ltr'><strong><em>δ’</em></strong></span> <span class='ocrx_word' id='word_1_889' title='bbox 2660 5740 2850 5797; x_wconf 83' lang='lat' dir='ltr'><strong><em>Matth.</em></strong></span> <span class='ocrx_word' id='word_1_890' title='bbox 2908 5755 3049 5805; x_wconf 70' lang='grc' dir='ltr'>χχιι,</span> <span class='ocrx_word' id='word_1_891' title='bbox 3085 5740 3171 5805; x_wconf 87' lang='grc'><strong><em>12,</em></strong></span> <span class='ocrx_word' id='word_1_892' title='bbox 3215 5740 3301 5795; x_wconf 78' lang='grc'>15.</span> 
     </span>
    </p>
   </div>
   <div class='ocr_carea' id='block_1_114' title="bbox 348 5802 1923 5879">
    <p class='ocr_par' dir='ltr' id='par_1_114' title="bbox 348 5803 1923 5873">
     <span class='ocr_line' id='line_1_114' title="bbox 348 5803 1923 5873; baseline 0.003 -17"><span class='ocrx_word' id='word_1_893' title='bbox 348 5814 487 5867; x_wconf 75' lang='lat' dir='ltr'><strong><em>xm,</em></strong></span> <span class='ocrx_word' id='word_1_894' title='bbox 513 5804 563 5859; x_wconf 91' lang='lat'><strong><em>9.</em></strong></span> <span class='ocrx_word' id='word_1_895' title='bbox 600 5804 647 5835; x_wconf 74' lang='lat'><strong>“</strong></span> <span class='ocrx_word' id='word_1_896' title='bbox 670 5807 800 5861; x_wconf 90' lang='lat' dir='ltr'><strong><em>ibid.</em></strong></span> <span class='ocrx_word' id='word_1_897' title='bbox 875 5806 919 5841; x_wconf 77' lang='grc'><strong><em>⁸⁸</em></strong></span> <span class='ocrx_word' id='word_1_898' title='bbox 950 5806 1107 5863; x_wconf 84' lang='lat' dir='ltr'><strong><em>Prov.</em></strong></span> <span class='ocrx_word' id='word_1_899' title='bbox 1139 5822 1288 5873; x_wconf 78' lang='lat' dir='ltr'><strong><em>xxxi,</em></strong></span> <span class='ocrx_word' id='word_1_900' title='bbox 1312 5805 1365 5862; x_wconf 74' lang='grc' dir='ltr'>ι.</span> <span class='ocrx_word' id='word_1_901' title='bbox 1404 5806 1450 5839; x_wconf 79' lang='grc'><strong><em>’⁵⁸</em></strong></span> <span class='ocrx_word' id='word_1_902' title='bbox 1480 5806 1621 5863; x_wconf 76' lang='lat' dir='ltr'><strong><em>l’sal.</em></strong></span> <span class='ocrx_word' id='word_1_903' title='bbox 1659 5821 1732 5869; x_wconf 77' lang='lat' dir='ltr'><strong><em>vr,</em></strong></span> <span class='ocrx_word' id='word_1_904' title='bbox 1759 5806 1815 5861; x_wconf 87' lang='lat'><strong><em>2.</em></strong></span> <span class='ocrx_word' id='word_1_905' title='bbox 1849 5803 1923 5860; x_wconf 61' lang='grc' dir='ltr'><strong><em>δτι</em></strong></span> 
     </span>
    </p>
   </div>
   <div class='ocr_carea' id='block_1_115' title="bbox 2028 5802 3146 5879">
    <p class='ocr_par' dir='ltr' id='par_1_115' title="bbox 2052 5802 3146 5879">
     <span class='ocr_line' id='line_1_115' title="bbox 2052 5802 3146 5879; baseline 0.005 -19"><span class='ocrx_word' id='word_1_906' title='bbox 2052 5822 2109 5875; x_wconf 81' lang='lat' dir='ltr'><strong><em>x,</em></strong></span> <span class='ocrx_word' id='word_1_907' title='bbox 2137 5808 2227 5862; x_wconf 75' lang='grc'><strong><em>24.</em></strong></span> <span class='ocrx_word' id='word_1_908' title='bbox 2281 5809 2326 5840; x_wconf 73' lang='grc'>⁸⁸</span> <span class='ocrx_word' id='word_1_909' title='bbox 2356 5802 2495 5865; x_wconf 80' lang='lat' dir='ltr'><strong><em>PSal.</em></strong></span> <span class='ocrx_word' id='word_1_910' title='bbox 2535 5824 2595 5879; x_wconf 88' lang='grc' dir='ltr'><strong><em>ιι,</em></strong></span> <span class='ocrx_word' id='word_1_911' title='bbox 2623 5811 2676 5867; x_wconf 85' lang='lat'><strong><em>5.</em></strong></span> <span class='ocrx_word' id='word_1_912' title='bbox 2766 5812 2810 5844; x_wconf 73' lang='grc'>⁸³</span> <span class='ocrx_word' id='word_1_913' title='bbox 2841 5810 2940 5868; x_wconf 81' lang='lat' dir='ltr'><strong><em>Job</em></strong></span> <span class='ocrx_word' id='word_1_914' title='bbox 2966 5802 3146 5879; x_wconf 76' lang='lat' dir='ltr'><strong><em>tx,2i.</em></strong></span> 
     </span>
    </p>
   </div>
   <div class='ocr_carea' id='block_1_116' title="bbox 2001 5529 3585 5602">
    <p class='ocr_par' dir='ltr' id='par_1_116' title="bbox 2001 5529 3585 5602">
     <span class='ocr_line' id='line_1_116' title="bbox 2001 5529 3585 5602; baseline -0.001 -17"><span class='ocrx_word' id='word_1_915' title='bbox 2001 5531 2189 5586; x_wconf 84' lang='grc' dir='ltr'>αὐτοῦ</span> <span class='ocrx_word' id='word_1_916' title='bbox 2240 5530 2480 5601; x_wconf 80' lang='grc' dir='ltr'>ταράξει</span> <span class='ocrx_word' id='word_1_917' title='bbox 2532 5532 2822 5601; x_wconf 84' lang='grc' dir='ltr'>αὐτοὺς...</span> <span class='ocrx_word' id='word_1_918' title='bbox 2854 5534 2936 5588; x_wconf 84' lang='grc' dir='ltr'><strong><em>ὅτι</em></strong></span> <span class='ocrx_word' id='word_1_919' title='bbox 2969 5535 3107 5589; x_wconf 83' lang='grc' dir='ltr'>Τότε</span> <span class='ocrx_word' id='word_1_920' title='bbox 3141 5531 3402 5602; x_wconf 78' lang='grc' dir='ltr'>λαλήσει</span> <span class='ocrx_word' id='word_1_921' title='bbox 3432 5529 3585 5600; x_wconf 82' lang='grc' dir='ltr'>πρὸς</span> 
     </span>
    </p>
   </div>
   <div class='ocr_carea' id='block_1_117' title="bbox 3402 5737 3576 5791">
    <p class='ocr_par' dir='ltr' id='par_1_117' title="bbox 3402 5737 3576 5791">
     <span class='ocr_line' id='line_1_117' title="bbox 3402 5737 3576 5791; baseline 0 0"><span class='ocrx_word' id='word_1_922' title='bbox 3402 5740 3449 5771; x_wconf 69' lang='grc'><strong><em>⁸³</em></strong></span> <span class='ocrx_word' id='word_1_923' title='bbox 3473 5737 3576 5791; x_wconf 87' lang='lat' dir='ltr'><strong><em>lsa.</em></strong></span> 
     </span>
    </p>
   </div>
   <div class='ocr_carea' id='block_1_118' title="bbox 3241 5806 3577 5877">
    <p class='ocr_par' dir='ltr' id='par_1_118' title="bbox 3241 5806 3577 5877">
     <span class='ocr_line' id='line_1_118' title="bbox 3241 5806 3577 5877; baseline -0.006 -13"><span class='ocrx_word' id='word_1_924' title='bbox 3241 5811 3288 5843; x_wconf 82' lang='grc'><strong><em>⁵⁸</em></strong></span> <span class='ocrx_word' id='word_1_925' title='bbox 3312 5806 3411 5866; x_wconf 83' lang='lat' dir='ltr'><strong><em>Job</em></strong></span> <span class='ocrx_word' id='word_1_926' title='bbox 3430 5824 3491 5877; x_wconf 87' lang='grc' dir='ltr'><strong><em>ιι,</em></strong></span> <span class='ocrx_word' id='word_1_927' title='bbox 3522 5806 3577 5862; x_wconf 91' lang='grc'><strong><em>5.</em></strong></span> 
     </span>
    </p>
   </div>
  </div>
