4094 6220
472 352 701 395 ΒΕΧΧἫΙΙ

1821 329 2351 387 PROLEGOMENA.

468 458 691 525 αὐτοὺς
713 458 782 511 ἐν
808 455 954 526 ὀργῇ
974 454 1158 508 αὑτοῦ
1179 471 1191 483 ⁸
1221 456 1375 524 χεῖρα
1392 452 1564 521 λέγων
1594 452 1690 524 τὴν
1721 451 2031 523 κολαστικὴη

2147 465 2239 506 ant
2268 464 2526 519 expressa
2552 463 2694 505 esse.
2728 448 2860 506 Cum
2902 448 3067 518 igitur
3092 448 3541 505 commentarium
3581 465 3705 507 eum

466 550 713 622 δύναμιν,
745 557 886 603 κατά
930 548 1022 600 τὸν
1051 545 1170 600 Ἱώὸ
1190 562 1202 575 ’
1243 544 1380 613 Χείρ
1410 544 1521 614 γὰρ
1563 545 1783 613 Κυρίου
1814 545 1853 612 ἡ
1883 544 2040 613 ἀψα-

463 642 616 712 μένη
651 643 768 712 μού
796 642 950 705 ἐστι,
973 639 1067 693 καὶ
1100 641 1157 693 ἐν
1178 637 1354 710 τούτῳ
1376 637 1471 691 τοῦ
1490 637 1736 691 διαϐόλου
1771 640 1927 709 χεῖρα
1956 637 2041 690 λέ-

472 749 657 802 γοντος
691 735 749 787 ἐν
795 731 883 803 τῷν
912 731 1090 803 καιρῷ
1136 731 1234 802 τῆς
1284 728 1556 793 κολάσεως
1579 746 1592 759 ο
1639 731 1723 783 Οὐ
1775 728 1904 798 μὴν
1951 729 2039 797 δὲ,

469 825 633 879 ἀλλά
680 825 1047 879 ἀπόστειλον
1070 822 1187 891 τὴν
1231 820 1400 891 χεῖρά
1429 835 1569 888 σου,
1611 820 1709 874 καὶ
1746 820 1895 888 ἅψαι
1924 818 2042 872 τῶν

469 916 664 973 ὀστῶν
688 917 898 973 αὐτοῦ.
932 917 1297 989 Hieronymus
1319 916 1419 971 col.
1452 915 1514 969 61
1547 929 1563 968 :
1598 933 1618 967 ι
1646 915 1710 968 Et
1743 914 2040 981 Abraham,

469 1018 761 1080 postquam
795 1009 941 1075 vidit,
976 1010 1281 1073 Dominum,
1314 1018 1370 1063 et
1419 1004 1631 1061 audivit
1668 1020 1857 1061 vocem
1902 1005 2039 1073 ejus,

470 1112 672 1158 terram
705 1110 761 1157 et
816 1103 1054 1158 cinerem
1082 1116 1202 1156 esse
1228 1116 1288 1155 se
1320 1101 1451 1154 dicit
1475 1099 1544 1152 ⁸⁸.
1593 1118 1612 1151 ι
1649 1096 2043 1152 Pseudo-Basi-

468 1195 573 1249 lius
596 1194 696 1265 (v1,
733 1195 784 1259 1,
818 1210 965 1248 num.
1003 1193 1125 1264 182)
1167 1213 1180 1248 :
1222 1192 1376 1245 Ἐπεὶ
1433 1191 1528 1245 καὶ
1559 1192 1589 1243 6
1626 1188 1900 1259 Ἀϐραὰμ,
1953 1190 2042 1242 ὅτε

467 1284 623 1356 ὤφθη
656 1284 805 1356 αὐτῷ
831 1287 860 1337 6
892 1285 1044 1349 Θεὸς,
1078 1284 1200 1337 τότε
1230 1283 1646 1353 ἀναγέγραπται
1679 1279 1916 1352 εἰρηκὼς
1957 1281 2038 1347 τὸ,

478 1376 619 1445 Ἐγὼ
643 1376 710 1430 δέ
738 1379 856 1446 ειμι
884 1377 961 1445 γῆ
1002 1374 1103 1428 καὶ
1132 1374 1380 1439 σποδός.
1411 1374 1769 1442 Hieronymus
1796 1370 1900 1426 col.
1927 1370 1996 1426 69
2021 1387 2035 1424 :

478 1483 488 1516 l
527 1466 671 1537 Ergo
697 1470 840 1522 sicut
871 1465 1220 1536 profundum,
1280 1465 1552 1518 infernum
1604 1462 1911 1533 signiﬁcat;
1962 1462 2037 1517 ita

462 1557 741 1613 excelsum
765 1572 932 1627 supra
976 1555 1145 1610 ctelos
1197 1556 1499 1625 intelligere
1526 1553 1855 1609 debemus...
1884 1552 2037 1619 Quod

465 1660 763 1718 utrumque,
805 1652 872 1705 ad
929 1658 1110 1719 typum
1181 1649 1417 1717 pertinet
1472 1647 1664 1702 mortis
1711 1647 1922 1701 Domini
1982 1656 2038 1702 et

462 1739 796 1797 ascensionis
845 1753 860 1793 :
898 1738 1004 1805 Qui
1056 1740 1193 1794 enim
1245 1740 1532 1805 descendit,
1590 1741 1700 1809 ipse
1735 1748 1812 1793 est
1850 1738 1940 1807 qui
1987 1749 2034 1793 et

2140 546 2233 616 qui
2252 558 2447 598 nomen
2472 543 2654 599 Basilii
2679 542 2923 614 praefert,
2954 558 3062 597 non
3088 541 3295 597 noverit
3320 540 3703 614 Hieronymus,

2140 653 2241 692 nec
2275 636 2531 690 credibile
2577 636 2648 690 sit
2680 635 3057 690 commentarii
3097 635 3414 705 scriptorem
3443 635 3708 701 Hierony-

2139 730 2321 782 miana
2352 727 2540 782 Graece
2572 726 2891 791 reddidisse,
2943 728 3239 796 praesertim
3277 742 3400 783 cum
3446 710 3501 782 in
3537 730 3708 782 mani-

2140 818 2240 874 bus
2270 819 2511 874 omnium
2543 826 2724 873 essent
2752 819 3123 874 commentarii
3155 818 3353 885 Graeci,
3395 821 3536 875 unde
3572 820 3708 875 faci-

2140 909 2243 964 lius
2275 911 2493 964 baurire
2536 918 2767 978 poterat,
2813 922 2962 966 certe
3017 919 3210 967 neuter
3253 911 3322 966 ab
3350 911 3523 968 altero
3552 914 3705 983 quiil—

2139 1016 2304 1071 quam
2340 1001 2636 1069 sumpsisse
2664 1001 2932 1071 putandus
2971 1011 3075 1057 est.
3110 1003 3309 1070 Quare,
3339 1011 3399 1058 ut
3430 1004 3560 1058 mihi
3588 1008 3708 1073 qui-

2140 1092 2261 1146 dem
2295 1092 2529 1159 videtur,
2560 1092 2793 1147 dubitari
2844 1093 2934 1147 vix
2985 1103 3163 1162 potest
3202 1086 3332 1164 quin
3375 1104 3623 1164 uterque,
3653 1107 3707 1150 et

2140 1180 2499 1253 Hieronymus
2513 1190 2566 1237 et
2596 1183 2970 1237 commentarii
2999 1185 3235 1252 scriptor
3265 1199 3332 1239 ea
3364 1198 3485 1254 qua:
3511 1188 3708 1239 exscri-

2140 1272 2345 1341 psimus
2375 1272 2490 1327 loca
2533 1270 2601 1326 ab
2634 1271 2868 1328 Eusebio
2910 1275 3223 1343 sumpserit,
3269 1276 3702 1347 quandoquidem

2138 1362 2254 1431 ejus
2280 1364 2333 1416 in
2360 1361 2560 1416 Isaiam
2588 1364 3006 1420 commentarios
3037 1366 3105 1420 ab
3129 1376 3357 1436 utroque
3385 1368 3704 1439 compilatos

2137 1469 2259 1509 esse
2304 1455 2519 1510 aliunde
2562 1455 2826 1511 novimus.
2887 1457 3021 1512 Illud
3054 1465 3230 1512 tamen
3282 1468 3521 1514 notatum
3558 1461 3698 1525 volo,

2136 1544 2453 1613 scriptorem
2487 1546 2860 1600 commentarii
2900 1546 2968 1600 ab
3003 1546 3329 1618 Hieronymo
3368 1551 3422 1604 in
3448 1565 3512 1605 eo
3543 1552 3700 1606 dissi-

2136 1636 2286 1701 dere,
2314 1638 2456 1709 quod
2476 1638 2563 1694 ille
2587 1638 2802 1694 Eusebii
2835 1639 3132 1709 fragmenta
3169 1643 3222 1696 in
3246 1658 3399 1697 suum
3433 1659 3705 1699 commen-

2139 1727 2332 1781 tarium
2361 1730 2425 1783 ad
2441 1730 2664 1784 verbum
2694 1732 3016 1801 transferat;
3050 1735 3138 1789 hic
3162 1749 3288 1789 vero
3316 1735 3385 1789 ita
3405 1735 3702 1791 Eusebiaua

459 1831 694 1887 ascendit
729 1831 798 1884 ³³.
831 1830 900 1885 Et
924 1831 980 1885 in
1034 1829 1292 1901 Apostolo
1320 1830 1551 1899 legimus
1584 1846 1600 1885 :
1632 1828 1716 1883 Ne
1747 1829 1946 1883 dixeris
1978 1830 2034 1881 in
2065 1826 2111 1885 Β
2138 1830 2437 1889 mutuetur.
2470 1833 2528 1875 υι
2559 1838 2624 1876 ea
2675 1832 2729 1878 el
2781 1827 3027 1881 ornando
3055 1836 3110 1881 et
3150 1827 3395 1882 addendo
3442 1844 3537 1887 sua
3566 1846 3699 1899 qm)-

459 1922 727 1976 cordetuo
754 1936 773 1975 :
800 1921 931 1988 Quis
953 1921 1194 1975 ascendet
1219 1924 1274 1974 in
1302 1920 1487 1976 caelum
1506 1921 1533 1974 7
1559 1919 1655 1972 hoc
1675 1930 1750 1974 est
1775 1918 2037 1975 Christum

457 2014 741 2077 deducere;
785 2022 901 2079 aut,
937 2011 1070 2078 Quis
1101 2013 1375 2066 descendet
1412 2013 1465 2064 in
1488 2010 1779 2081 abyssum?
1822 2013 1920 2062 hoc
1959 2020 2036 2064 est

457 2103 726 2158 Christum
775 2104 840 2157 de
886 2103 1109 2157 mortuis
1155 2104 1400 2157 reducere
1451 2102 1516 2156 ⁵³.
1565 2124 1585 2155 ι
1648 2100 2038 2156 Pseudo-Basi-

458 2196 562 2251 lius
586 2196 664 2266 (7,
702 2196 789 2261 11,
832 2211 984 2249 num.
1019 2194 1143 2264 198)
1178 2211 1193 2247 :
1228 2195 1300 2249 Ἦ
1326 2193 1469 2264 τάχα
1494 2193 1655 2265 βάθος
1685 2192 1937 2264 σημαίνει
1967 2193 2035 2246 τὰ

456 2285 743 2340 κατώτατα
784 2285 879 2338 τοῦ
931 2284 1081 2356 ᾅδου,
1126 2284 1259 2354 ὕψος
1291 2284 1347 2338 δὲ
1387 2284 1485 2356 τὴν
1515 2284 1905 2356 ὑπερθυράνιον
1930 2282 2035 2354 χὼ-

459 2395 582 2448 ραν,
604 2378 679 2443 ὡς
713 2381 742 2432 6
778 2378 1099 2442 Ἀπόστολος
1136 2380 1269 2451 ἡμῖν
1312 2379 1609 2451 παρίστησι
1661 2378 1869 2448 λέγων’
1933 2379 2031 2446 Μὴ

453 2471 633 2541 εἴπῃς
689 2472 761 2525 ἐν
807 2470 885 2541 τῇ
935 2469 1150 2539 καρδίᾳ
1192 2485 1309 2524 σου
1333 2511 1349 2536 ,
1395 2472 1485 2536 τίς
1540 2470 1903 2537 ἀναϐήσεται
1946 2475 2033 2537 εὶς

452 2563 563 2617 τὸν
603 2564 897 2632 οὐρανόν;
941 2564 1219 2618 τουτέστι
1255 2564 1516 2632 Χριστὸν
1566 2564 1922 2635 καταγαγεῖν
1941 2580 1954 2595 ·
1992 2563 2029 2632 ἢ

453 2655 547 2722 τίς
598 2656 999 2727 καταϐήσεται
1073 2659 1154 2724 εις
1204 2656 1318 2725 τὴν
1368 2656 1685 2723 (immotae;
1755 2657 2032 2712 τουτέστι

451 2743 711 2810 Χριστὸν
749 2744 817 2797 ἐκ
869 2743 1099 2813 νεκρῶν
1149 2744 1495 2814 ἀναγαγεῖν.
1553 2746 1703 2800 Ἐπεὶ
1734 2742 1825 2800 οὖν
1868 2749 1897 2800 6
1933 2764 2032 2800 κα·-

450 2832 624 2898 ταόἀς
664 2834 829 2900 αὐτός
880 2838 998 2889 ἐστι
1053 2838 1147 2892 καὶ
1200 2836 1428 2901 ἀναϐὰς,
1470 2838 1531 2891 τὸ
1589 2841 1669 2902 εἰς
1723 2838 1886 2909 βάθος
1937 2842 2030 2895 καὶ

450 2924 533 2987 είς
562 2921 694 2994 ὕψος
722 2927 946 2996 σημεῖον
973 2926 1104 2998 περὶ
1132 2926 1235 2996 τῆς
1264 2926 1488 2980 καθόδου
1515 2928 1581 2981 ἂν
1610 2928 1696 2998 εἴη
1739 2929 2030 2999 λεγόμενον

450 3015 550 3086 τῆς
573 3013 670 3069 τοῦ
696 3015 905 3086 Κυρίου
926 3032 939 3045 ο
975 3016 1070 3069 καὶ
1090 3018 1119 3069 6
1154 3016 1362 3080 ἀνα6ἀς
1398 3017 1562 3081 αὐτός
1596 3020 1743 3071 ἐστιν
1774 3019 2029 3090 ὑπεράνω

452 3103 670 3159 πάντων
705 3106 814 3160 τῶν
861 3106 1127 3177 οὐρανῶν.
1176 3106 1536 3179 Hieronymus
1588 3112 1692 3163 col.
1741 3109 1810 3163 70
1839 3128 1852 3163 :
1885 3126 1905 3161 ι
1960 3110 2028 3163 Ει

2138 1911 2426 1968 dammodo
2460 1913 2676 1970 alliciat.
2718 1916 2793 1969 Ex
2834 1918 3031 1987 quibus
3052 1919 3303 1974 omnibus
3341 1920 3596 1990 colligere
3639 1922 3702 1975 li-

2136 2010 2224 2055 cet
2247 2015 2389 2069 eum,
2409 2005 2498 2072 qui
2532 2006 2908 2074 imperfectum
2939 2008 3089 2062 illum
3118 2011 3172 2064 in
3196 2010 3397 2066 Isaiam
3426 2027 3702 2067 commen—

2140 2093 2333 2146 tarium
2389 2097 2627 2164 scripsit,
2668 2101 2961 2153 maximam
3010 2102 3091 2156 sui
3137 2104 3318 2171 operis
3370 2114 3577 2170 partem
3633 2107 3700 2158 ab

2135 2182 2370 2239 Eusebio
2400 2190 2466 2239 ad
2495 2189 2715 2241 verbum
2743 2200 3044 2244 mutuatum
3081 2208 3220 2247 esse.
3249 2193 3398 2260 Quod
3434 2195 3577 2250 enim
3604 2210 3700 2250 no-

2137 2274 2368 2329 tavimus
2395 2289 2669 2346 sumptum‘
2701 2280 2865 2336 fuisse
2903 2284 2971 2337 ab
3001 2282 3331 2356 Hieronymo
3362 2302 3393 2339 ο
3427 2302 3699 2342 commen-

2137 2366 2293 2420 tariis
2326 2368 2563 2434 Eusebii,
2592 2371 2641 2423 id
2685 2387 2899 2442 quoque
2940 2384 3134 2443 praeter
3172 2385 3363 2431 cmlera
3408 2377 3510 2433 sibi
3556 2392 3699 2432 sum-

2133 2459 2240 2526 psit
2266 2459 2352 2512 hic
2373 2461 2683 2531 plagiarius.
2722 2464 2852 2530 Quis
2876 2475 3057 2520 autem
3088 2466 3299 2522 futurus
3343 2477 3426 2523 est
3457 2478 3563 2523 tam
3595 2471 3697 2522 ini-

2133 2564 2271 2616 quns
2297 2566 2476 2606 rerum
2508 2556 2828 2621 aestimator,
2861 2566 2919 2610 ut
2950 2572 3203 2625 magnum
3235 2558 3489 2615 Basiliqu
3524 2570 3602 2616 tot
3629 2576 3694 2616 ac

2136 2649 2409 2698 tantorum
2447 2645 2711 2700 furtorum
2747 2663 2901 2702 reum
2933 2649 3247 2707 existimet?

2204 2812 2293 2868 62.
2329 2812 2555 2870 Temere
2585 2823 2687 2871 no'n
2737 2818 2862 2883 fuit,
2898 2821 3044 2892 quod
3080 2824 3384 2879 nctavimus
3421 2824 3697 2897 aliquanto

2131 2918 2278 2975 ante,
2313 2924 2461 2963 num.
2500 2909 2590 2976 66,
2651 2923 2925 2968 auctorem
2966 2915 3262 2986 imperfecti
3324 2923 3695 2976 commentarii

2128 3002 2488 3069 ejvariorum
2562 3004 2883 3074 scriptorum
2941 3006 3255 3077 fragmentis
3324 3026 3458 3079 opus
3538 3030 3696 3069 suum

2128 3095 2517 3160 composuisse.
2540 3096 2616 3167 (a)
2658 3096 2721 3150 Et
2754 3098 2966 3166 quidem
3004 3115 3066 3154 ea
3108 3113 3190 3155 est
3217 3104 3500 3158 verborum
3534 3113 3697 3175 atque

457 3195 563 3250 hoc
593 3196 887 3250 notandum
918 3172 1064 3266 ἀυοά
1097 3197 1277 3252 Acha;
1308 3172 1433 3269 rege
1456 3199 1777 3270 ειηρείεείιηο
1812 3200 2027 3256 "olente
2052 3172 2095 3229 (ἶ
2128 3186 2512 3239 sententiarum
2551 3185 2798 3242 confusio
2852 3190 2904 3243 in
2959 3191 3064 3245 boc
3111 3195 3525 3261 commentario,
3557 3205 3696 3249 tam-

447 3287 663 3355 signum
690 3294 893 3356 petere,
929 3301 1110 3342 sermo
1160 3289 1509 3359 prepheticus
1549 3289 1617 3343 ad
1666 3291 1884 3345 domum
1924 3290 2025 3345 Da-

451 3376 605 3430 vid...
641 3386 1011 3432 convertatur.
1062 3398 1082 3431 ι
1118 3377 1583 3437 Pseudo-Basilius
1611 3381 1687 3451 (Ἰ,
1739 3381 1828 3446 12,
1873 3398 2020 3436 num.

452 3465 575 3535 199)
603 3482 616 3517 :
645 3467 718 3520 Οὐ
753 3467 865 3539 γὰρ
905 3469 1166 3542 εὐλαϐείᾳ
1202 3472 1310 3525 τινὶ
1351 3474 1646 3544 παρῃτεῖτο
1678 3472 1774 3544 τὴν
1810 3473 2024 3544 αἴτησιν

445 3555 542 3610 τοῦ
567 3558 795 3629 σημείου
852 3562 881 3614 6
925 3561 1160 3632 Ἀχάζ...
1206 3563 1557 3635 ἀποστρέψας
1597 3564 1706 3635 γὰρ
1743 3564 1833 3618 τὸν
1868 3565 2023 3633 λόγον

448 3648 543 3701 ἐπὶ
572 3649 669 3704 τοῦ
699 3650 882 3718 saeta,
912 3661 1019 3709 etc.
1053 3654 1183 3723 Quae
1210 3654 1378 3710 refert
1405 3654 1785 3728 Hieronymus,
1816 3656 2024 3724 col.7t,

450 3740 518 3793 de
548 3742 730 3809 puella
755 3743 909 3812 cujus
938 3744 1000 3800 fit
1046 3746 1251 3802 mentio
1299 3747 1354 3802 in
1378 3737 1834 3814 'Deuteronomio,
1870 3758 1925 3804 et.
1957 3752 2023 3805 de

449 3831 671 3904 Abisag,
715 3848 777 3890 ea
824 3837 940 3907 ipsa
973 3852 1238 3908 quoquee
1266 3839 1471 3895 Graecis
1497 3853 1750 3909 expressa
1779 3855 1899 3896 esse
1921 3854 2020 3895 ne-

446 3925 563 3992 gari
592 3940 699 3979 non
720 3937 920 3997 potest.
957 3930 1124 3986 Velim
1163 3931 1416 3987 conferas
1446 3929 1637 3985 Latina
1666 3947 1788 3987 cum
1816 3931 2020 3988 Graecis

448 4028 599 4069 num.
630 4014 755 4069 201.
782 4017 1143 4091 Hieronymus
1163 4022 1269 4077 col.
1302 4021 1371 4076 76
1399 4038 1414 4076 :
1454 4040 1474 4073 ‹
1512 4021 1738 4089 Quidam
1784 4024 2017 4093 prophe-

448 4103 634 4157 tissam
658 4116 902 4160 sanctam
944 4106 1172 4163 Mariam
1220 4109 1664 4179 interpretantur,
1700 4125 1861 4180 quam
1890 4127 2018 4181 pro-

448 4194 635 4261 phetin
685 4194 854 4251 fuisse
882 4212 990 4252 non
1018 4199 1238 4256 dubium
1269 4210 1392 4256 est:
1429 4202 1542 4272 ipsa
1587 4203 1732 4257 enim
1781 4202 2019 4272 loquitur

2127 3290 2233 3345 que
2263 3291 2405 3346 saepe
2428 3279 2617 3332 eadem
2652 3278 2946 3351 Scriptura:
2978 3282 3097 3338 loca
3134 3284 3217 3340 bis
3246 3295 3339 3340 aut
3370 3296 3451 3341 ter
3472 3298 3562 3343 aut
3587 3303 3698 3343 am-

2125 3367 2267 3436 plius
2292 3368 2654 3438 explicantur,
2680 3382 2738 3425 ut
2764 3374 2997 3442 quodam
3038 3380 3193 3445 quasi
3220 3377 3425 3448 impetu
3454 3381 3505 3434 in
3546 3381 3695 3449 ejus—

2127 3460 2269 3512 modi
2317 3460 2678 3528 suspicionem
2733 3463 2950 3520 adducti
3001 3467 3191 3523 simus.
3231 3468 3306 3522 Ita
3339 3481 3517 3526 autem
3551 3487 3695 3539 esse,

2124 3564 2246 3619 quae
2279 3566 2342 3605 ex
2375 3552 2491 3621 ipso
2539 3551 2743 3608 Basilio
2793 3556 3111 3624 subjicimus
3134 3560 3376 3631 exempla
3419 3563 3697 3617 evidenter

2125 3643 2377 3712 probant.
2412 3643 2595 3699 Basilii
2630 3646 2933 3714 igiturltmc
2963 3658 3088 3702 sunt
3135 3666 3164 3705 e
3220 3653 3391 3721 prima
3449 3655 3695 3711 oratiOne

2124 3733 2180 3786 in
2204 3732 2467 3802 jejunium
2496 3751 2515 3789 :
2541 3735 2711 3789 Τοῦτο
2733 3738 2839 3809 γάρ
2869 3741 3013 3794 ἐστιν
3039 3741 3068 3793 ὃ
3112 3758 3273 3812 φησιν
3296 3746 3324 3797 ὁ
3352 3744 3691 3810 Ἀπὸστολος,

2123 3827 2206 3880 ὅτι
2235 3828 2416 3882 Ὅσον
2455 3832 2489 3884 ὁ
2529 3829 2752 3895 ἔξωθεν
2789 3832 3099 3902 ἄνθρωπος
3142 3835 3559 3906 διαφθείρεται,
3598 3856 3694 3892 το-

2122 3919 2347 3973 σοῦτον
2388 3922 2421 3974 ὁ
2463 3920 2691 3975 ἔσωθεν
2739 3924 3185 3979 ἀνακαινοῦται.
3224 3930 3334 3981 Καὶ
3381 3931 3460 3996 τὸ,
3508 3930 3693 3982 ’Ὅταν

2120 4012 2375 4079 ἀσθενῶ,
2411 4015 2544 4068 τότε
2573 4016 2832 4084 δυνατός
2865 4021 3049 4088 ειμι...
3092 4021 3184 4074 Ἐκ
3209 4022 3317 4095 γὰρ
3339 4025 3437 4094 τῆς
3462 4023 3691 4093 παχείας

2119 4106 2327 4178 τροφῆς
2349 4102 2458 4162 οἷον
2481 4108 2798 4174 αἰθαλώδεις
2817 4094 3206 4183 ἀναθυμιάσεις
3218 4094 3686 4186 ἀναπεμπόμεναι,

2121 4198 2348 4269 νεφέλης
2372 4198 2528 4269 δίκην
2551 4202 2782 4273 πυκνῆς,
2822 4203 2919 4266 τὰς
2940 4205 3047 4258 ἀπὸ
3071 4207 3163 4260 τοῦ
3190 4208 3343 4276 ἁγίου
3376 4208 3689 4279 Πνεύματος

448 4286 499 4336 in
532 4284 826 4355 Evangelio
859 4306 874 4342 :
903 4288 1040 4343 Ecce
1073 4292 1212 4344 enim
1240 4293 1432 4347 amodo
1464 4295 1665 4348 beatam
1715 4309 1795 4348 me
1845 4294 2016 4348 dicent

2132 4288 2473 4361 ἐγγινομένας
2515 4292 2809 4364 ἐλλάμψεις
2856 4297 2949 4349 ἐπὶ
2990 4297 3083 4350 τὸν
3124 4298 3248 4353 νοῦν
3285 4299 3685 4355 διακόπτουσιν.

444 4393 621 4432 omnes
665 4382 1051 4448 generationes.
1084 4402 1101 4435 ι
1152 4383 1622 4439 Pseudo-Basilius
1651 4385 1728 4453 (8,
1766 4384 1819 4448 5,
1864 4400 2012 4440 num.
2126 4399 2146 4433 ι
2175 4382 2289 4437 Hoc
2310 4385 2452 4439 enim
2476 4392 2561 4439 est
2592 4389 2734 4456 quod
2782 4388 2857 4442 ait
2900 4389 3211 4459 Apostolus,
3248 4394 3389 4461 quod
3421 4393 3689 4457 Quantum

442 4467 619 4538 208)“
645 4485 658 4522 :
691 4469 814 4523 Ὅτι
843 4470 899 4525 δὲ
929 4475 1247 4547 προφῆτιςή
1283 4476 1537 4547 Μαρία...
1572 4475 1745 4540 οὐδεὶς
1780 4478 2014 4548 ἀντερεῖ,

2132 4483 2364 4547 externus
2393 4476 2546 4529 homo
2569 4481 2943 4549 corrumpitur,
2975 4490 3178 4537 tantum
3204 4485 3436 4539 internus
3468 4502 3688 4540 renova-

447 4578 514 4628 με
522 4577 626 4633 μνη
636 4561 795 4633 μένος
811 4564 980 4636 αὐτῆς
995 4565 1104 4621 τῶν
1120 4567 1450 4645 ῥημάτων...
1469 4567 1623 4623 Ἰδοὺ
1643 4568 1753 4638 γὰρ
1773 4568 1890 4623 ἀπὸ
1907 4568 2014 4623 τοῦ

2132 4576 2207 4620 rur
2247 4567 2315 4622 ".
2373 4569 2510 4622 ltem
2564 4569 2693 4624 illud
2749 4589 2762 4625 :
2811 4570 2944 4628 Cum
2999 4575 3263 4644 inﬁrmor,
3326 4588 3451 4631 tunc
3506 4589 3688 4645 potens

444 4656 563 4711 νῦν
575 4658 941 4726 μακαριοῦσι
967 4676 1045 4729 με
1068 4659 1259 4715 πᾶσαι
1294 4640 1353 4715 ἀι
1386 4662 1606 4732 γενεαί.
1657 4660 2017 4732 Hieronymus

2132 4672 2231 4710 tum
2270 4658 2385 4713 ⁸⁸...
2431 4657 2567 4715 Nam
2630 4662 2927 4733 fuliginosae
2977 4668 3221 4735 quaedam
3259 4668 3630 4723 exlmlationes
3659 4685 3689 4723 e

445 4746 551 4801 col.
581 4747 649 4802 82
678 4764 692 4802 :
728 4766 748 4800 ι
786 4748 895 4804 Hoc
915 4750 1059 4804 scire
1085 4751 1313 4819 debetis,
1342 4752 1484 4821 quod
1516 4766 1854 4822 unaquaeque
1882 4766 2016 4821 gens
2114 4750 2299 4819 pingui
2344 4751 2597 4808 alimento
2639 4758 2873 4822 emissae,
2909 4759 3089 4814 densae
3128 4760 3287 4814 nubis
3340 4761 3512 4815 instar
3546 4762 3690 4815 infu-

450 4837 699 4906 proprios
734 4839 979 4894 consulat
1013 4840 1163 4905 deos,
1193 4851 1249 4894 et
1278 4842 1347 4896 de
1376 4842 1620 4896 vivorum
1662 4841 1833 4897 salute
1866 4857 2014 4895 mor-
2116 4852 2232 4893 sam
2267 4843 2463 4898 animm
2485 4861 2514 4898 a
2548 4844 2756 4916 Spiritu
2787 4859 2977 4906 sancto
3007 4850 3426 4906 illustrationem
3460 4854 3689 4907 interci-

452 4939 570 4982 tuos
594 4931 952 4986 sciscitetur.»
970 4931 1442 4987 Pseudo-Basilius
1467 4932 1543 5005 (8,
1576 4932 1662 5000 19,
1684 4949 1829 4987 num.
1851 4932 1977 5005 218)
2000 4949 2013 4987 :
2114 4929 2291 5000 piunt.
2314 4952 2333 4985 ι
2369 4932 2496 4989 Haec
2512 4935 2611 4991 sibi
2639 4941 2868 5008 sumpsit
2893 4942 3350 5010 pseudo-Basilius
3377 4945 3551 5013 (num.
3571 4943 3685 5011 52),

450 5019 717 5075 Ἕκαστον
753 5021 903 5087 ἔθνος
925 5022 1004 5094 τῷ
1031 5020 1232 5077 ’ἑαυτοῦ
1274 5022 1384 5094 θεῷ,
1423 5024 1689 5095 προσάγει
1734 5023 1835 5095 τὴν
1888 5014 2016 5094 περὶ

2132 5037 2237 5076 :um
2264 5024 2714 5095 interpretaretur
2738 5032 2864 5087 illud
2895 5050 2907 5085 :
2944 5034 3216 5104 Jejunium
3250 5046 3297 5091 et
3332 5037 3497 5090 otium
3526 5048 3572 5091 et
3601 5055 3689 5090 so-

445 5104 506 5163 οὖ
536 5111 783 5182 βούλεται
800 5116 990 5186 μαθεῖν
1017 5115 1310 5187 ζήτησιν...
1336 5117 1561 5187 νεκροὺς
1585 5116 1695 5188 γὰρ
1721 5115 1875 5179 θεοὺς
1893 5117 2017 5168 ὐπο-

2132 5116 2404 5173 εηιηίιαιεδ
2444 5130 2640 5176 vestras
2683 5126 2791 5178 odit
2833 5127 3012 5179 anima
3052 5144 3165 5181 mea
3191 5128 3258 5184 ⁵⁷.
3292 5128 3432 5196 Quin
3484 5140 3539 5184 et
3582 5130 3686 5183 alia

444 5201 684 5273 θέμενοι,
716 5205 909 5270 αὐτοὺς
928 5206 1243 5277 ἐπερωτῶσι
1266 5206 1393 5277 περὶ
1418 5206 1527 5260 τῶν
1554 5206 1787 5272 ζώντων.
1821 5208 1886 5261 Ει
1911 5208 2014 5261 alia

2132 5206 2277 5276 adjici
2322 5224 2546 5279 possunt
2591 5230 2622 5269 e
2660 5218 2893 5271 secunda
2938 5220 3185 5273 oratione
3219 5222 3284 5275 de
3324 5222 3549 5289 jejunio,
3594 5222 3685 5275 ubi

448 5291 502 5344 id
533 5307 702 5362 genus
728 5309 1024 5367 congerere
1056 5312 1413 5366 paraveram;
1445 5298 1539 5353 sed
1571 5298 1856 5368 nihilopus
1889 5312 2010 5354 esse

2132 5296 2193 5351 sic
2216 5299 2407 5370 legitur
2431 5305 2529 5359 sub
2553 5305 2711 5360 finem
2746 5324 2759 5360 :
2790 5308 2864 5361 Οὐ
2882 5310 3063 5380 μέντοι
3091 5311 3313 5385 ἐξαρκεῖ
3336 5314 3457 5367 καθ’
3486 5316 3686 5388 ἑαυτὴν

448 5381 701 5451 arbitror,
726 5400 847 5440 cum
872 5402 938 5443 ex
969 5388 1145 5445 allatis
1190 5389 1514 5445 testimoniis
1567 5388 1701 5444 satis
1735 5403 2005 5458 superque

2132 5408 2143 5461 ι
2168 5393 2338 5466 ὲποχὴ
2362 5396 2470 5450 τῶν
2491 5397 2793 5471 βρωμάτων
2822 5404 2958 5475 πρὸς
2984 5404 3081 5477 τὴν
3106 5407 3394 5479 ἐπαινετὴν
3408 5410 3682 5479 νηστείανυ

444 5486 657 5532 constet
680 5478 846 5533 multa
879 5481 947 5536 ab
983 5480 1311 5550 Hieronymo
1342 5498 1374 5540 e
1405 5482 1609 5538 Graecis
1633 5490 1724 5537 aut
1749 5495 2005 5536 conversa

2132 5483 2246 5538 ιλλά
2298 5489 2645 5558 νηστεύωμεν
2695 5497 2950 5567 νηστείαν
3005 5498 3217 5571 δεκτὴν,
3271 5478 3564 5572 εὐάρεστον
3603 5503 3683 5573 τῷ

442 5590 701 5729 vlgem
717 5596 982 5716 :lei,27.
1057 5598 1102 5631 ⁵¹
1141 5598 1334 5667 Ephes.
1365 5614 1443 5664 tv,
1464 5598 1553 5654 10.
1646 5598 1694 5630 ⁵³
1721 5598 1876 5655 Rom.
1904 5615 1960 5667 ι,
1980 5598 2031 5667 6,

2194 5602 2240 5635 ⁸⁵
2272 5601 2401 5662 Luc.
2444 5623 2482 5677 ι,
2506 5607 2595 5664 48.
2671 5612 2770 5668 “ll
2799 5613 2919 5671 Cor.
2954 5631 3027 5684 tv,
3058 5615 3143 5672 16.
3219 5618 3265 5651 ⁵⁸
3290 5617 3334 5674 ll
3356 5620 3479 5677 Cor.
3503 5636 3557 5687 ι,
3590 5619 3677 5675 te.

511 5760 588 5830 (a)
610 5755 753 5829 Lege
782 5758 1283 5829 interpretationem
1308 5760 1499 5830 capitis
1530 5776 1581 5815 v.
