4094 6220
1519 338 1578 390 D.
1623 337 1765 392 JUL.
1812 335 2139 393 GAB'NERII
2181 335 2565 391 Pli/EFATIO.

3479 356 3671 397 σοχιιι

663 454 791 508 ’Δπὺ
814 454 994 525 μέντοι
1026 453 1123 524 τῆς
1156 457 1212 507 ἐν
1244 454 1321 525 τῷ
1351 455 1575 525 κρυπτῷ
1610 456 1862 526 νηστείας
1895 474 1988 525 φυ-

2095 462 2275 510 natum
2305 454 2663 524 expendendi,
2695 462 2752 508 ut
2780 470 2844 510 ex
2880 464 3027 511 recto
3054 456 3247 511 borum
3276 458 3465 512 ordine
3508 460 3675 531 Opili-

428 545 739 618 laEtbpeﬂa,
790 548 917 618 περὶ
958 542 1023 619 ἧς
1062 551 1090 601 ό
1136 551 1418 619 προφήτης
1446 549 1748 621 ἀπεύχεται
1793 552 1994 619 λέγων’

433 641 515 694 Οὐ
546 639 968 708 λιμοκτονήσει
1009 642 1217 707 Κύριος
1246 642 1449 711 ψυχὰς
1472 641 1717 695 δικαίων
1738 659 1751 673 ·
1796 643 1890 696 καὶ
1916 642 1995 707 τὸ,

430 733 552 785 Οὐκ
576 726 739 786 εἶδον
799 731 1032 786 δίκαιον
1074 735 1697 804 ἐγκαταλελειμμένον,
1747 734 1890 791 οὐδὲ
1931 734 1999 789 τὸ

426 825 662 897 σπέρμα
702 825 887 878 αὑτοῦ
913 822 1127 893 ζητοῦν
1161 826 1397 895 ἄρτους.
1425 848 1443 879 ι
1485 830 1739 883 Attamen
1771 829 1838 883 ad
1872 829 1996 892 hoc,

433 924 492 969 ut
524 914 736 969 laudem
792 927 1169 983 promereatur
1218 916 1500 986 jejunium,
1533 932 1638 973 non
1691 927 1774 974 est
1818 933 1915 989 per
1939 932 1998 973 se

428 1007 560 1060 satis
593 1006 868 1060 abstinere
904 1021 934 1060 a
959 1007 1116 1073 cibis,
1149 1010 1242 1063 sed
1276 1009 1540 1078 jejunium
1571 1010 1873 1081 jejunemus
1901 1025 1996 1064 ac-

428 1098 720 1166 ceptabile,
759 1096 868 1153 Deo
897 1110 1181 1168 gratum...
1225 1100 1431 1155 Rursus
1460 1100 1528 1154 ab
1559 1102 1773 1155 interno
1802 1101 1998 1157 mentis

420 1186 625 1256 jejunio
680 1205 990 1255 caveamus,
1042 1194 1183 1261 quod
1237 1204 1291 1246 et
1337 1194 1597 1262 prepheta
1654 1194 1995 1263 deprecatur,

427 1280 510 1333 bis
541 1282 720 1336 verbis
750 1300 763 1336 :
805 1282 927 1336 Non
956 1285 1150 1337 occidet
1181 1283 1436 1338 Dominus
1466 1285 1603 1353 {mne
1646 1288 1856 1340 animas
1905 1286 1997 1354 ju-

429 1357 629 1425 slorum'
658 1374 723 1439 ⁸⁸,
753 1390 814 1427 ac
845 1390 1031 1429 rursus
1066 1396 1077 1430 :
1115 1373 1237 1429 Non
1284 1376 1391 1429 vidi
1419 1378 1629 1444 justum
1670 1378 1993 1442 derelictum,

429 1481 520 1517 nec
558 1482 731 1518 semen
759 1465 873 1534 ejus
904 1482 1141 1534 qurerens
1162 1483 1347 1532 partem
1371 1468 1436 1519 ".
1472 1486 1490 1517 ι
1523 1466 1647 1520 “(BC
1670 1482 1883 1536 quoque
1906 1481 1993 1521 re-

422 1564 603 1626 perire
626 1569 711 1611 est
739 1561 877 1629 apud
917 1558 1398 1628 pseudo-Basilium
1448 1557 1510 1630 (ι,
1540 1561 1627 1623 14,
1661 1576 1805 1613 num.
1835 1560 1898 1614 51
1942 1570 1997 1614 et

418 1647 516 1719 .52)
547 1650 597 1701 in
636 1651 823 1703 eadem
848 1650 996 1702 lsaize
1030 1649 1211 1715 verba,
1240 1650 1319 1703 sic
1361 1658 1559 1711 tamen,
1593 1660 1649 1702 ut
1682 1650 1747 1703 de
1775 1665 1871 1703 suo
1900 1650 1997 1702 ali-

428 1760 528 1811 qua
564 1744 874 1797 iuterserat.
910 1743 1228 1813 Exemplum
1253 1741 1395 1796 aliud
1433 1743 1521 1796 hic
1546 1757 1847 1813 proponere
1877 1742 1995 1796 libi—

2100 560 2217 601 cem
2250 546 2568 616 intelligant.
2602 545 2706 599 Sed
2738 548 2919 601 statim
2953 548 3243 617 incipiente
3270 548 3353 603 die
3396 552 3670 606 convivio-

2100 653 2218 692 rum
2246 654 2466 694 suorum
2501 638 2617 693 loca
2671 640 2932 709 tapetibus
2964 642 3129 696 variis
3163 655 3226 696 ac
3246 641 3455 697 tﬂoridis
3488 641 3674 698 animis

2099 739 2332 797 ornant;
2381 742 2543 801 atque
2594 733 2829 786 studium
2870 748 2933 787 ac
2982 733 3309 803 diligentiam
3362 735 3415 789 in
3467 734 3671 803 poeulis

2100 823 2419 893 apparandis
2447 826 2758 890 ostendunt,
2789 838 2917 878 vasa
2940 826 3005 879 ad
3036 824 3459 894 refrigerandum
3488 825 3672 880 vinum

2098 924 2445 985 craterasque
2468 926 2522 971 et
2550 915 2756 985 phialas
2782 915 2925 970 velut
2946 916 2997 970 in
3021 931 3210 987 pompa
3238 917 3414 988 aliqua
3447 933 3512 974 ac
3540 932 3670 973 con-

2097 1013 2256 1062 ventu
2286 1007 2500 1077 publico
2526 1008 2891 1077 disponentes,
2918 1016 2976 1063 ut
2996 1022 3249 1063 vasorum
3279 1008 3564 1066 diversitas
3587 1026 3672 1066 sa-

2098 1097 2334 1153 tietatein
2366 1098 2492 1167 ipsis
2523 1099 2799 1167 surripiat.
2842 1110 2895 1153 et
2936 1098 3221 1154 alternatio
3263 1101 3573 1169 poculorum
3607 1118 3670 1154 ac

2096 1190 2421 1259 permutatio
2452 1203 2547 1245 eos
2578 1190 2665 1245 diu
2698 1190 2749 1243 in
2776 1189 3009 1244 bibendo
3039 1190 3294 1245 detineat.
3350 1192 3557 1246 Adsunt
3590 1193 3672 1245 in~

2097 1294 2260 1349 super
2308 1281 2528 1350 quidam
2578 1280 2807 1335 convivii
2864 1280 3127 1350 magistri,
3182 1294 3245 1335 ac
3290 1282 3668 1350 piucernarum

2097 1369 2390 1438 principes,
2428 1383 2635 1424 necnon
2684 1369 3039 1425 architriclini
3072 1388 3089 1429 ,ι
3120 1372 3225 1426 imo
3274 1372 3405 1427 ordo
3459 1373 3510 1426 in
3536 1388 3668 1427 ροη-

2094 1458 2325 1524 fusione,
2360 1474 2424 1514 ac
2452 1460 2729 1530 dispositio
2752 1460 2805 1513 in
2829 1474 2887 1514 re
2915 1461 3268 1530 incomposita
3299 1463 3669 1531 exc0gitatui-:

2098 1561 2154 1604 ut
2183 1552 2641 1621 quemadmodum
2670 1552 2851 1607 saeculi
2883 1553 3285 1622 magistratibus
3320 1568 3388 1607 ex
3415 1554 3669 1608 satelliti-

2094 1643 2195 1699 bus
2253 1643 2424 1712 major
2482 1646 2775 1700 auctoritas
2832 1647 3057 1711 accedit,
3099 1649 3172 1701 ita
3213 1650 3375 1702 etiam
3419 1649 3668 1705 ebrietati

2098 1736 2245 1791 velut
2286 1739 2487 1807 regina:
2530 1738 2745 1793 cuidam
2775 1739 3099 1793 fainulitium
3137 1743 3465 1809 praebentes,
3493 1744 3671 1798 studio

430 1846 537 1888 tum
569 1844 652 1889 est
676 1850 743 1889 ex
790 1835 1037 1890 oratione
1092 1835 1144 1890 in
1190 1834 1511 1889 ebrietatem
1560 1844 1617 1889 et
1668 1834 1871 1900 luxum,
1906 1834 1994 1889 ubi
2026 1823 2069 1878 Β
2097 1845 2255 1898 quam
2291 1832 2524 1885 ιηίὶιῖιηο
2550 1831 2779 1887 dedecus
2811 1832 2930 1901 Cius
2965 1848 3031 1887 ac
3060 1833 3445 1903 turpitudinem
3481 1846 3672 1890 001M“

422 1925 658 1981 Basilius
688 1928 769 1981 sic
796 1927 1033 1996 loquitur
1060 1946 1072 1981 :
1099 1928 1322 1997 Σίκερα,
1355 1928 1461 1979 πᾶν
1491 1925 1552 1979 τὸ
1579 1925 1872 1996 δυνάμενον
1905 1926 1997 1996 μέ-

427 2022 523 2091 θην
549 2019 842 2090 ἐμποιῆσαι
861 2019 1010 2089 πόμα
1032 2022 1144 2082 τοῖς
1172 2018 1733 2090 Ἐϐραίοιςόνομάζειν
1750 2018 1994 2089 σύνηθες.

422 2112 488 2165 Οἱ
523 2107 613 2166 οὖν
633 2111 939 2183 ἀρχομένης
964 2112 1174 2183 ἡμέρας
1204 2110 1685 2182 περισκοποῦντες,
1713 2110 1812 2164 πού
1847 2110 1997 2163 πότοι

426 2203 681 2271 γίνονται,
711 2200 803 2254 καὶ
819 2200 1107 2253 οἰνοπώλια
1132 2202 1223 2253 καὶ
1251 2200 1520 2273 καπηλεῖα
1554 2200 1992 2271 περιαθροῦντες,

422 2294 518 2347 καὶ
563 2292 821 2364 ἀλλήλους
856 2293 947 2346 ἐπὶ
998 2294 1057 2345 τὸ
1108 2292 1284 2345 πίνειν
1318 2291 1851 2363 παραλαμϐάνοντες,
1902 2292 1996 2346 καὶ

424 2387 601 2439 πᾶσαν
628 2385 725 2456 τῆς
770 2384 947 2456 ψυχῆς
975 2384 1071 2454 τὴν
1111 2385 1378 2455 μέριμναν
1408 2384 1536 2454 περὶ
1570 2383 1666 2454 τὴν
1696 2383 1801 2435 τῶν
1824 2384 1997 2435 τοιού-

419 2492 526 2527 των
550 2475 803 2546 φροντίδα
840 2476 1345 2539 καταναλίσκοντες,
1396 2467 1542 2527 οὗτοι
1590 2475 1694 2526 ὑπὸ
1733 2474 1827 2526 τοῦ
1860 2492 1993 2545 προ-

425 2569 590 2637 φήτου
632 2564 1118 2637 καταθρηνοῦνται,
1180 2567 1256 2629 ὡς
1304 2567 1493 2638 καιρὸν
1550 2566 1736 2619 οὐδένα
1783 2567 1995 2628 ἑαυτοῖς

425 2658 560 2730 πρὸς
615 2660 712 2728 τὴν
769 2659 879 2713 τῶν
932 2659 1251 2729 Θαυμασίων
1301 2659 1392 2713 τοῦ
1457 2660 1592 2712 Θεοῦ
1670 2658 1993 2729 κατανόησιν

421 2750 825 2814 ἀπολείποντες.
876 2751 951 2805 Ού
1001 2752 1108 2825 γὰρ
1153 2752 1345 2820 ἄγουσι
1396 2752 1589 2823 σχολὴν
1635 2752 1684 2803 oi
1730 2750 1994 2820 ὀφθαλμοὶ

422 2842 598 2897 αὐτῶν
646 2842 935 2897 ἀνανεῦσαι
990 2844 1125 2915 πρὸς
1172 2843 1421 2915 οὐρανὸν,
1473 2845 1566 2897 καὶ
1620 2843 1690 2896 τὰ
1738 2845 1793 2895 ἐν
1848 2843 1993 2912 αὐτῷ

422 2935 589 3008 κάλλη
650 2937 1010 3006 καταμαθεῖν,
1069 2938 1163 2990 καὶ
1216 2938 1399 2991 πᾶσαν
1453 2936 1551 3007 τὴν
1591 2938 1647 2989 ἐν
1706 2939 1816 2998 τοῖς
1874 2932 1992 2988 οὖσι

421 3027 778 3101 διακόσμησιν
826 3029 1248 3099 ἐπισκέψασθαι,
1294 3029 1435 3082 ὥστε
1494 3032 1557 3082 ἐκ
1619 3029 1715 3098 τῆς
1784 3029 1991 3083 τούτων

416 3119 669 3188 εὐταξίας
699 3120 1137 3193 τὸνΔημιουργὸν
1166 3121 1445 3190 ἐννοῆσαι’
1484 3119 1598 3173 ἀλλ’
1633 3118 1791 3181 εὐθὺς
1827 3120 1986 3189 ἀρχο-

425 3210 587 3282 μένης
618 3212 849 3285 ἡμέρας,
872 3211 1166 3283 κοσμοῦσιν
1196 3210 1402 3266 ἑαυτῶν
1431 3212 1498 3263 τά
1521 3210 1794 3281 συμπόσια
1828 3211 1995 3280 τάπη-

425 3317 475 3354 σι
508 3302 767 3366 ποικίλοις
796 3304 889 3356 καὶ
912 3302 1145 3365 ἀνθίνοις
1171 3303 1654 3372 παραπετάσμασι,
1678 3302 1909 3371 σπουδήν
1934 3318 1993 3354 τε

420 3400 515 3449 καὶ
538 3394 852 3464 ἐπιμέλειαν
898 3397 976 3458 εἰς
1014 3397 1117 3465 τὴν
1135 3394 1243 3448 τῶν
1265 3394 1609 3463 ἐκπωμάτων
1646 3395 1993 3464 παρασκευὴν

420 3486 1025 3559 ἐπιδείκνυνται,ψυκτῆ
1036 3504 1131 3557 ρας
1149 3488 1240 3539 καὶ
1257 3488 1536 3559 κρατῆρας
1556 3487 1646 3539 καὶ
1676 3486 1892 3555 φιάλας,
1919 3486 1992 3548 ὡς

418 3584 478 3635 ὲν
503 3586 692 3654 πομπῇ
720 3601 823 3637 τινι
861 3585 956 3637 καὶ
993 3583 1315 3655 πανηγύρει,
1344 3584 1691 3645 διατιθέντες,
1741 3585 1815 3646 ὡς
1841 3583 1903 3636 ἂν
1933 3584 1993 3636 τὸ

418 3672 524 3726 τῶν
557 3672 794 3741 ἀγγείων
834 3673 1089 3745 διάφορον
1126 3674 1216 3727 τὸν
1246 3674 1405 3745 κόρον
1442 3674 1623 3735 αὐτοῖς
1658 3673 1989 3743 ὑποκλέπτῃ,

419 3763 510 3817 καὶ
541 3766 576 3835 ἡ
610 3765 717 3818 τῶν
741 3766 1085 3837 ἐκπωμάτων
1112 3764 1396 3836 ὑπαλλαγὴ
1424 3766 1517 3817 καὶ
1548 3765 1840 3834 μετάϐασις
1874 3767 1994 3817 ἱκα-

418 3854 509 3926 νὴν
551 3858 733 3920 αὐτοῖς
766 3859 846 3921 είς
887 3858 947 3911 τὸ
979 3859 1153 3911 πίνειν
1194 3858 1472 3929 διατριϐὴν
1505 3860 1725 3927 ἐμποιῇ.
1777 3857 1991 3926 Συμπο-

420 3946 630 4019 σίαρχοι
662 3948 718 4002 δέ
748 3967 891 4012 τινες
916 3950 1007 4002 ἐπὶ
1032 3949 1240 4013 τούτοις
1270 3950 1364 4001 καὶ
1386 3949 1760 4019 ἁρχιοινοχόοι,
1790 3950 1883 4001 καὶ
1902 3949 1994 4018 ἀρ-

416 4040 752 4111 χιτρίκλινοι,
803 4042 898 4094 καὶ
957 4040 1107 4108 τάξις
1158 4044 1215 4094 ἐν
1268 4040 1481 4111 ἀταξία,
1527 4040 1620 4092 καὶ
1661 4039 1897 4102 διάθεσις
1935 4041 1992 4089 ἐν

416 4130 639 4203 ἀκόσμῳ
672 4134 955 4201 πράγματι
983 4133 1355 4203 ἐπινενόηται·
1397 4131 1482 4195 ἵν’,
1518 4132 1706 4203 ὧσπερ
1748 4134 1868 4194 ταῖς
1896 4132 1993 4201 ἀρ-

416 4226 536 4294 χαῖς
574 4226 692 4288 ταῖς
727 4224 922 4288 ἔξωθεν
954 4227 1017 4278 ἐκ
1044 4224 1149 4277 τῶν
1178 4223 1615 4295 δορυφορούντων
1652 4225 1685 4293 ἡ
1728 4223 1993 4293 σεμνότης

420 4312 763 4378 συναύξεται,
796 4313 938 4366 οὕτω
968 4314 1063 4366 καὶ
1092 4316 1159 4385 τῇ
1186 4315 1326 4387 μέθῃ
1360 4308 1471 4366 οἷον
1502 4312 1732 4383 βασιλίδι
1762 4313 1868 4365 τινὶ
1906 4314 1993 4366 θε.

420 4404 645 4469 ραπεὶαν
684 4406 1127 4475 περιστήσαντες,
1182 4404 1242 4456 τὸ
1284 4403 1643 4457 ἐπονείδιστον
1696 4403 1866 4472 αὐτῆς
1914 4400 1992 4471 τῷ

418 4495 804 4566 ὑπερϐάλλοντι
850 4500 949 4569 τῆς
998 4498 1235 4567 σπουδῆς
1282 4496 1689 4569 περιστέλλωσι.
1731 4496 1989 4564 Στέφανοι
2020 4512 2067 4569 ι)

414 4586 505 4637 ἐπὶ
551 4586 757 4650 τούτοις
807 4590 900 4643 καὶ
936 4589 1069 4660 ἄνθη
1102 4591 1197 4642 καὶ
1231 4588 1376 4661 μύρα
1405 4590 1498 4642 καὶ
1527 4588 1865 4659 θυμιάματα,
1897 4587 1992 4640 καὶ

418 4674 609 4742 μυρίαι
669 4677 813 4740 τινές
850 4679 1044 4743 ἔξωθεν
1079 4678 1368 4749 θυμηδίαι,
1410 4677 1629 4730 πλείονα
1680 4678 1778 4748 τὴν
1829 4679 1992 4747 ἀσχο-

413 4762 532 4816 λίαν
573 4767 683 4829 τοῖς
730 4768 1118 4838 ἀπολλυμένοις
1159 4770 1687 4842 παρασκευάζουσιν.
1738 4787 1757 4818 ι
1805 4768 1991 4822 Polum

414 4868 647 4922 omnem,
684 4860 773 4928 qui
810 4860 1075 4914 inebriare
1108 4872 1300 4929 potest,
1324 4862 1499 4915 solent
1528 4862 1734 4914 Hebraei
1765 4862 1990 4914 siceram

416 4943 698 5012 appellare.
729 4949 914 5020 Itaque
956 4954 1044 5020 qui
1085 4953 1302 5006 ineunte
1325 4953 1409 5005 die
1438 4953 1724 5017 eitplorant
1753 4952 1837 5003 ubi
1868 4952 1996 5003 ﬁant

416 5039 861 5106 compotationes,
916 5046 1117 5113 quique
1174 5054 1230 5099 et
1274 5044 1541 5113 mnopolia
1603 5058 1667 5097 ac
1719 5057 1988 5109 caupones

415 5126 810 5194 collustrantes,
862 5147 920 5186 se
965 5146 1148 5189 mutuo
1198 5136 1263 5188 ad
1304 5136 1715 5202 computandum
1758 5134 1987 5203 conjun-

416 5228 563 5287 gunt,
595 5235 659 5273 ac
696 5236 854 5276 omne
888 5227 1053 5279 animi
1088 5226 1324 5280 studium
1373 5227 1896 5294 sollieitudinemque
1935 5227 1987 5279 in

415 5308 676 5375 ejusmodi
728 5314 872 5368 curis
914 5316 1209 5382 insumunt,
1255 5319 1353 5373 hos
1405 5320 1667 5386 pr0pheta
1724 5319 1989 5385 deplorat,

418 5411 669 5468 tanquam
714 5405 804 5473 qui
846 5406 1046 5460 nullum
1088 5410 1188 5463 sibi
1223 5420 1431 5479 tempus
1480 5411 1545 5463 ad
1587 5408 1678 5461 Dei
1730 5408 1989 5462 miracula

416 5495 801 5549 consideranda
860 5507 1151 5553 reservent.
1212 5500 1321 5553 Nec
1377 5500 1522 5553 enim
1578 5498 1749 5553 oculis
1800 5512 1985 5551 eorum

415 5584 581 5637 otium
620 5592 702 5639 est
730 5586 1050 5653 suspiciendi
1092 5589 1143 5640 in
1178 5589 1397 5653 caelum,
1429 5589 1652 5659 ejusque
1688 5587 1987 5657 pulchritu-

416 5675 586 5729 dinem
608 5677 971 5741 condiscendi,
994 5690 1046 5732 et
1068 5695 1282 5733 onmem
1314 5696 1493 5733 rerum
1530 5681 1866 5735 conditarum
1896 5693 1987 5731 or-

482 5766 529 5799 ⁸⁸
554 5766 711 5822 Prov.
747 5784 799 5833 κ,
834 5771 886 5823 3.
961 5772 1007 5803 "
1047 5773 1187 5827 [‘sal.
1220 5791 1405 5842 xuvr,
1434 5778 1524 5834 25.
1603 5778 1647 5808 “
1679 5776 1779 5833 lsa.
1809 5792 1861 5843 ν,
1892 5777 1979 5830 ll.

657 5862 926 5923 Ριτιιοι..
961 5865 1080 5927 Gn.
1127 5866 1367 5933 XXIX.

2097 1932 2242 1991 gant.
2284 1921 2551 1977 Praeterea
2599 1939 2831 1989 coronae,
2856 1924 3036 1990 ﬂores,
3070 1937 3360 1996 unguenta,
3387 1927 3595 1983 suﬂitus
3617 1940 3672 1983 et

2099 2014 2381 2068 innumera
2435 2018 2678 2086 quaedam
2725 2028 2947 2073 externa
3002 2019 3392 2075 oblectamenta
3432 2021 3668 2090 perdito:

2097 2106 2295 2161 diutius
2329 2120 2614 2177 occupant.
2656 2129 2675 2161 ι
2732 2108 2859 2166 Ιιιεο
2911 2112 3089 2182 legere
3132 2123 3215 2167 est
3266 2117 3403 2185 apud
3442 2116 3667 2183 pseudo-

2096 2194 2348 2250 Basilium
2376 2213 2439 2253 eo
2472 2199 2611 2267 loco,
2642 2200 2728 2255 ubi
2760 2200 3143 2270 interpretatur
3178 2204 3262 2258 illa
3293 2206 3366 2276 (ν,
3402 2207 3486 2274 Η,
3517 2224 3667 2262 num.

2097 2284 2217 2356 154)
2253 2304 2265 2341 ι
2312 2285 2423 2353 ναι,
2452 2288 2544 2358 qui
2568 2302 2787 2359 surgunt
2816 2308 2986 2358 mane,
3018 2304 3066 2348 et
3099 2296 3324 2349 siceram
3358 2311 3663 2369 sequuntur,

2094 2379 2184 2445 qui
2252 2388 2548 2446 exspectant
2604 2397 2869 2451 vesperam
2896 2383 2970 2449 ⁸ο,
3035 2393 3140 2441 etc.
3210 2386 3402 2444 Videas
3454 2390 3668 2459 quidem

2096 2470 2584 2537 pseudo-Basilium
2622 2485 2677 2527 ut
2708 2477 2975 2545 superius,
3018 2479 3091 2533 ita
3136 2479 3226 2535 hic
3259 2497 3424 2551 pauca
3468 2485 3535 2538 de
3572 2500 3673 2539 sua.

2095 2565 2376 2620 Basilianis
2413 2567 2767 2623 immiscuisse
2805 2588 2817 2622 :
2860 2573 2951 2624 sed
2985 2587 3168 2628 eorum
3213 2589 3339 2644 pars
3383 2579 3436 2631 in
3480 2581 3668 2634 eadem

2094 2658 2335 2712 oratione
2367 2660 2548 2712 statim
2571 2660 2782 2730 legitur.
2814 2662 2981 2727 Quale
3003 2674 3085 2719 est
3110 2666 3237 2721 illud
3274 2684 3289 2720 :
3322 2671 3385 2722 Οί
3416 2670 3665 2743 ἡττώμεη

2093 2765 2192 2810 νοι,
2219 2750 2496 2813 νικῶντες,
2524 2750 2723 2815 πάντες
2765 2754 3073 2822 μεθύουσιν.
3105 2757 3233 2812 Item
3255 2758 3381 2815 illud
3416 2781 3428 2815 :
3472 2763 3664 2817 Ἐλεει-

2092 2841 2181 2893 νὸν
2214 2841 2391 2912 θέαμα
2420 2843 2760 2913 Χριστιανῶν
2799 2846 3116 2919 ὀφθαλμοῖς.
3159 2850 3340 2921 Neque
3379 2869 3505 2910 vero
3535 2862 3666 2913 satis

2095 2931 2193 2983 fuit
2222 2932 2655 3001 pseudo-Basilio
2682 2932 3040 3005 fragmentum
3066 2946 3269 2992 tantum
3300 2956 3363 2994 ex
3393 2942 3491 2996 liae
3514 2944 3659 2998 Basi-

2094 3024 2149 3076 lii
2185 3024 2431 3078 oratione
2461 3025 2563 3079 sibi
2590 3041 2823 3082 sumere.
2852 3027 3048 3083 Ibidem
3076 3044 3141 3085 ex
3169 3044 3231 3085 ea
3258 3035 3487 3103 sumpsit
3516 3046 3575 3091 et
3600 3038 3665 3091 il-

2096 3115 2141 3166 la
2176 3135 2188 3169 :
2218 3118 2278 3169 Οἱ
2307 3117 2557 3186 μένοντες
2582 3118 2641 3171 τὸ
2666 3117 2783 3188 ὀψὲ,
2808 3121 2903 3173 καὶ
2924 3118 3331 3193 διημερεύοντες
3352 3129 3409 3179 ἐν
3428 3129 3492 3199 τῇ
3527 3129 3667 3203 μέθη

2094 3207 2168 3269 ὼς
2201 3208 2400 3278 μηδένα
2436 3210 2626 3280 καιρὸν
2656 3212 2867 3274 ἑαυτοῖς
2900 3215 3162 3286 παρέχειν
3200 3219 3279 3281 είς
3314 3219 3376 3271 τὸ
3414 3221 3483 3273 τὰ
3528 3221 3666 3292 ἔργα

2096 3298 2299 3369 Κυρίου
2325 3300 2637 3369 ἐμϐλέπειν,
2666 3303 2760 3355 καὶ
2779 3303 2847 3355 τὰ
2871 3303 3007 3375 ἔργα
3028 3306 3135 3360 τῶν
3163 3308 3361 3379 χειρῶν
3379 3312 3541 3364 αὐτοῦ
3570 3330 3665 3366 κα-

2095 3393 2319 3441 τανοεῖν.
2370 3392 2420 3442 Ὁ
2454 3392 2563 3459 γὰρ
2586 3388 2748 3457 οἶνος
2775 3391 2995 3461 αὐτοὺς
3024 3402 3386 3467 συγκαύσειο
3424 3403 3559 3456 διότι
3604 3407 3666 3457 τὸ

2096 3483 2160 3534 ὲκ
2200 3482 2292 3535 τοῦ
2331 3483 2470 3535 οἴνου
2508 3482 2709 3554 θερμὸν
2748 3486 3095 3558 ἐγγινόμενον
3125 3494 3189 3562 τῇ
3230 3493 3412 3563 σαρκὶ,
3448 3496 3669 3567 ἔξαμμα

2092 3572 2302 3641 ⁴γίνεται
2322 3574 2431 3627 τῶν
2456 3577 2864 3648 πεπυρωμένων
2893 3578 3062 3647 βελῶν
3082 3582 3173 3635 τοῦ
3198 3584 3389 3654 ἐχθροῦ
3406 3602 3418 3615 ο
3449 3588 3537 3641 τὸν
3567 3591 3665 3659 μὲν

2094 3665 2202 3736 γὰρ
2263 3664 2522 3735 λογισμὸν
2572 3667 2667 3719 καὶ
2720 3668 2811 3721 τὸν
2862 3669 2983 3722 νοῦν
3043 3673 3071 3725 ὁ
3122 3668 3261 3737 οἶνος
3329 3676 3669 3731 καταϐαπτί-

2095 3754 2198 3819 ζει.
2233 3774 2251 3807 ι
2279 3754 2381 3821 Qui
2416 3764 2722 3825 respectant
2747 3772 3048 3828 vesperam,
3073 3771 3128 3814 et
3156 3762 3295 3816 diem
3324 3765 3375 3817 in
3405 3766 3668 3833 ebrietate

2096 3848 2395 3917 transigunt
2428 3847 2528 3913 sic,
2554 3858 2606 3901 ut
2633 3848 2835 3903 nullum
2868 3851 2967 3905 sibi
3003 3851 3129 3907 dent
3160 3863 3369 3921 tempus
3400 3856 3465 3910 ad
3500 3858 3664 3925 opera

2094 3938 2306 3993 Domini
2338 3937 2667 4007 inspicienda
2699 3950 2753 3993 et
2783 3940 2848 3995 ad
2874 3956 3036 4010 opera
3068 3960 3319 3997 manuum
3346 3947 3462 4014 ejus
3489 3963 3669 4002 consi-

2093 4028 2353 4083 deranda.
2401 4025 2593 4082 Vinum
2615 4030 2751 4083 enim
2774 4046 2859 4083 eos
2887 4031 3175 4097 comburat,
3215 4042 3496 4102 propterea
3526 4039 3668 4104 quod

2095 4120 2205 4174 vini
2258 4119 2407 4175 calor
2460 4119 2609 4175 carni
2660 4122 2945 4185 accedens,
2990 4123 3254 4193 igniculus
3294 4126 3667 4195 iitignitorum

2095 4214 2298 4267 inimici
2329 4212 2655 4285 jacnlorum.
2680 4210 2876 4267 Vinum
2908 4230 3139 4285 namque
3175 4227 3436 4271 rationem
3462 4220 3672 4275 demer-

2094 4303 2169 4370 git
2202 4312 2257 4355 et
2283 4312 2534 4356 mentem.
2579 4321 2597 4353 ι
2636 4301 2779 4365 llaec,
2810 4304 3051 4370 inquam,
3075 4305 3216 4358 edita
3249 4307 3492 4361 invenias
3528 4311 3669 4377 apud

2094 4394 2580 4461 pseudo—Basilium
2633 4394 2685 4446 in
2734 4408 2797 4447 eo
2843 4410 3005 4462 quem
3046 4395 3275 4450 iudicavi
3310 4396 3427 4452 loco
3468 4399 3543 4466 (ν,
3577 4399 3667 4458 Η,

2095 4500 2244 4540 num.
2269 4484 2414 4555 156),
2455 4500 2559 4539 non
2583 4485 2925 4539 continenter
2948 4487 3184 4556 quidem,
3216 4490 3309 4543 sed
3336 4490 3521 4557 paucis
3543 4490 3667 4557 qui-

2093 4577 2321 4630 busdam
2353 4576 2671 4643 iuterjectis.
2710 4577 2785 4630 Ex
2820 4577 2903 4631 his
2928 4586 3093 4645 patet,
3134 4579 3275 4647 quod
3310 4580 3542 4633 maxime
3567 4594 3667 4633 no-

2095 4677 2264 4722 tatum
2292 4668 2431 4731 volo,
2457 4670 2778 4736 scriptorem
2812 4672 3185 4724 commentarii
3218 4672 3288 4724 ita
3319 4672 3551 4740 psalmos
3576 4672 3667 4726 ali-

2095 4774 2229 4828 quos
2265 4760 2437 4813 citare
2461 4760 2511 4813 in
2544 4761 2947 4830 interpretando
2974 4761 3129 4825 Isaia,
3168 4771 3227 4815 ut
3260 4763 3386 4817 inde
3421 4765 3665 4818 occasio-

2098 4868 2219 4905 nem
2275 4853 2503 4921 arripiat
2553 4853 2841 4907 Eusebiani
2885 4854 2941 4907 in
2996 4851 3238 4907 Psalmos
3293 4856 3662 4909 commentarii

2097 4945 2443 5013 compilandi.
2485 4945 2597 5013 Ego
2637 4957 2814 4999 autem
2864 4954 3119 5013 praestare
3153 4946 3349 5009 ausim,
3388 4946 3664 5009 Basilium.

2091 5030 2213 5086 cum
2272 5043 2379 5088 tam
2440 5049 2581 5103 saepe
2628 5035 2681 5087 in
2740 5035 2853 5088 suis
2902 5034 3157 5103 operibus
3202 5050 3307 5088 non
3354 5044 3667 5090 controver-

2092 5124 2168 5177 sis
2231 5126 2465 5193 psalmos
2530 5126 2695 5191 citet,
2761 5139 3035 5193 nunquam
3098 5134 3275 5179 tamen
3338 5126 3440 5179 bac
3504 5140 3665 5180 occa-

2092 5216 2242 5269 sione
2297 5216 2573 5270 inductum
2623 5215 2811 5282 fuisse,
2865 5227 2925 5270 ut
2972 5231 3115 5280 eum,
3157 5231 3316 5285 quem
3363 5230 3487 5270 mox
3531 5217 3662 5280 dixi.

2094 5305 2309 5361 Eusebii
2375 5307 2820 5360 commentarium
2880 5323 3114 5377 unquam
3180 5306 3512 5377 compilaret.
3557 5307 3667 5364 Cur

2091 5415 2221 5467 ergo
2258 5400 2308 5453 in
2345 5399 2751 5469 interpretando
2776 5399 2963 5453 Isaiam
2995 5400 3152 5453 aliter
3178 5414 3237 5455 se
3265 5398 3561 5469 gessisset?

2166 5490 2254 5543 63.
2300 5489 2424 5545 litec
2462 5501 2609 5555 sunt,
2646 5492 2839 5558 quibus
2881 5491 3167 5555 adductus,
3196 5507 3225 5544 a
3262 5493 3532 5545 communi
3572 5507 3665 5545 ve-

2096 5584 2304 5654 terique
2332 5586 2601 5639 sententia
2634 5585 2910 5640 discedere
2948 5599 3054 5639 non
3079 5584 3337 5640 dubitavi.
3381 5584 3490 5641 Nec
3521 5585 3664 5641 enim

2094 5677 2224 5733 mihi
2257 5676 2579 5747 persuadere
2606 5690 2845 5745 possum,
2890 5691 2987 5732 nec
3021 5692 3254 5747 unquam
3292 5684 3501 5746 potero,
3538 5691 3664 5745 gra-

3318 5883 3349 5926 ο
