4094 6220
483 250 659 295 θεία

1854 232 2391 291 PROLECOMENA.

483 351 765 408 vissimum
787 351 1141 422 eumdemque
1165 352 1580 409 disertissimum
1610 353 1926 423 scriptorem
1954 356 2057 409 Ba-
2082 365 2130 422 Α
2158 353 2475 408 sententiam
2511 352 2914 420 stabilientlam,
2943 352 3066 408 nolo
3124 360 3322 409 tamen.
3354 351 3560 409 Vereor
3592 354 3742 411 enim

482 440 663 496 silium
698 452 805 495 tam
838 442 1018 511 inepte
1042 452 1256 511 tamque
1291 441 1619 512 ineleganter
1649 442 1885 498 locutum
1923 445 2059 500 fuis-

481 546 578 597 se,
610 547 841 603 eumque
872 548 979 589 non
1009 548 1132 588 raro
1158 534 1347 589 eadem
1376 532 1671 604 Scripturae
1713 536 1831 591 loca
1858 547 1942 592 ter
1968 546 2062 593 aut

482 631 676 691 quater
716 634 1043 692 praepostere
1083 624 1425 693 explanasse.
1465 624 1650 695 Neque
1694 642 1927 697 unquam
1960 628 2058 682 ad-

483 713 652 766 ducar
682 723 738 766 ut
769 714 983 768 credam
1014 714 1185 783 ipsum
1224 717 1515 772 maximam
1556 718 1639 774 sui
1684 719 2058 773 commentarii

458 812 688 872 ,partem
719 818 783 858 ex
807 801 1110 860 Euscbiana
1140 808 1577 877 interpretatione
1596 809 1661 863 ad
1686 811 1908 864 verbum
1943 826 2058 864 mu-

479 904 688 948 tuatum
724 910 862 950 esse.
899 896 967 950 Et
994 912 1123 954 vero
1148 898 1277 952 mihi
1308 901 1780 968 persuasissimum
1816 912 1916 966 est,
1942 909 2054 955 tum

468 985 547 1039 iob
587 984 888 1056 fragmenta
921 1003 1041 1057 quae
1074 989 1376 1053 retulimus,
1404 1000 1514 1045 tum
1552 993 1621 1046 ob
1646 991 1769 1062 styli
1803 991 2047 1046 similitu-

476 1076 681 1142 dinem,
712 1078 1009 1147 imperfecti
1039 1081 1181 1136 illius
1222 1083 1276 1136 in
1297 1081 1497 1136 Isaiam
1524 1085 1895 1139 commentarii
1930 1100 2054 1154 par-

474 1175 584 1222 tem
632 1171 923 1226 maximam
963 1186 1031 1228 ex
1071 1172 1290 1229 Eusebii
1336 1174 1391 1228 in
1435 1175 1683 1230 eumdem
1737 1176 2052 1246 praphetam

473 1263 869 1319 commentario
925 1266 993 1319 ad
1045 1266 1268 1321 verbum
1312 1277 1581 1336 sumptam
1626 1282 1780 1333 esse;
1829 1276 1883 1323 et
1918 1283 2054 1337 prac-

471 1360 619 1406 stare
685 1353 896 1421 ausim,
957 1355 1002 1409 si
1062 1371 1296 1424 unquam
1359 1356 1696 1413 Eusebianus
1746 1358 1838 1412 ille
1902 1373 2052 1413 com-

472 1445 771 1501 mentarius
820 1449 1025 1517 integer
1075 1447 1129 1502 in
1180 1447 1350 1503 lucem
1408 1449 1650 1519 prodeat,
1703 1465 1816 1506 rem
1857 1462 2048 1506 eventu

466 1537 887 1606 comprobatum.
915 1538 1003 1592 iri.
1031 1538 1171 1593 Sane
1204 1540 1416 1604 quidvis
1434 1542 1635 1613 potius,
1662 1557 1824 1612 quam
1861 1553 1918 1597 ut
1948 1543 2051 1598 Ba-

462 1625 648 1680 silium
685 1636 763 1682 tot
791 1627 1055 1685 furtorum
1111 1643 1419 1701 suspectum
1474 1633 1837 1709 liabeant.‘Et
1881 1634 2048 1689 multo

2163 458 2251 507 ne,
2287 444 2377 513 qui
2404 443 2516 498 haec
2545 443 2744 512 legent,
2776 446 2828 498 in
2862 459 2921 499 re
2945 453 3130 514 aperta
3175 446 3291 516 plus
3319 446 3451 501 satis
3488 446 3748 502 immora-

2165 544 2273 590 tum
2304 550 2430 591 esse
2458 552 2542 591 me
2565 537 2811 605 judicent
2842 538 2972 592 :sed
3005 538 3350 592 meminerint
3377 538 3557 603 velim,
3590 547 3746 593 vete-

2161 642 2274 682 rem
2308 629 2640 698 0pinionem,
2676 639 2753 683 tot
2795 630 3163 684 celeberrimis
3192 631 3322 685 viris
3358 632 3534 685 omnis
3558 633 3739 686 aetatis

2159 720 2462 788 probatam,
2498 723 2712 778 nonnisi
2739 723 2792 777 vi
2841 733 3283 793 argumentorum
3309 736 3470 796 atque
3492 727 3649 797 copia
3672 740 3740 781 ex

2158 812 2340 868 animo
2368 814 2548 869 evelli.

2227 904 2314 960 64.
2352 906 2426 961 De
2448 908 2565 977 ipso
2586 911 3001 978 commentario,
3036 913 3208 983 deque
3232 912 3351 983 ejus
3386 920 3609 967 auctore
3634 910 3738 966 ali-

2157 998 2283 1067 quid
2314 999 2428 1070 jam
2455 1002 2637 1058 dicere
2680 1020 2857 1075 operae
2895 1006 3127 1075 pretium
3157 1016 3258 1061 est.
3296 1006 3407 1061 Etsi
3448 1008 3594 1061 enim
3633 1006 3739 1061 hoc

2155 1104 2289 1158 opus
2332 1092 2382 1144 in
2422 1106 2647 1148 numero
2678 1096 2985 1164 spuriorum
3027 1112 3056 1151 a
3091 1098 3244 1152 nobis
3294 1097 3591 1167 reponitur,
3622 1110 3737 1153 sta-

2156 1182 2251 1237 tim
2301 1191 2477 1237 tamen
2523 1187 2780 1254 rejectum
2841 1188 2914 1252 id,
2957 1199 3050 1244 aut
3084 1189 3307 1244 omnino
3365 1200 3736 1259 contemptum

2155 1270 2425 1328 nolumus.
2457 1273 2523 1329 Et
2556 1277 2773 1345 quidem
2808 1279 2850 1333 si
2877 1279 3010 1333 nihil
3042 1280 3206 1345 aliud,
3253 1290 3400 1335 certe
3442 1279 3738 1350 antiquitas

2153 1361 2280 1417 illud
2313 1369 2678 1426 commendat.
2709 1370 2983 1439 Scriptum
3009 1372 3153 1427 enim
3200 1372 3370 1441 ipsum
3411 1370 3581 1427 fuisse
3622 1370 3735 1443 ipsa

2151 1454 2333 1511 Basilii
2366 1468 2525 1514 aetate
2551 1462 2842 1516 obscurum
2868 1479 2977 1518 non
3012 1472 3117 1518 est.
3138 1462 3274 1517 Nam
3302 1464 3445 1534 quod
3471 1472 3728 1517 narratur

2152 1547 2217 1600 de
2244 1546 2397 1603 idolis
2424 1549 2570 1620 (pag.
2604 1551 2754 1620 445),
2777 1567 2896 1622 qua:
2921 1553 3032 1624 jam
3071 1553 3314 1623 neglecta
3362 1553 3415 1607 in
3449 1554 3734 1623 speluncas

2150 1651 2525 1710 cavernasque
2553 1651 2609 1696 et
2643 1643 3046 1698 abstrusissima
3076 1643 3194 1697 loca
3235 1643 3651 1714 dejiciebantur,
3681 1642 3733 1697 id

468 1716 639 1786 magis
666 1716 717 1771 in
754 1718 856 1772 hac
882 1734 1000 1774 mea
1037 1721 1306 1776 sententia
1336 1723 1650 1791 conﬁrmor,
1678 1724 1805 1779 dum
1831 1725 1962 1780 mihi
1994 1726 2045 1780 in
2077 1750 2121 1805 Β
2149 1728 2345 1784 saeculo
2374 1739 2571 1800 quarto
2619 1733 2825 1801 optime
2872 1734 3142 1789 convenit.
3178 1733 3363 1803 Neque
3411 1749 3517 1790 non
3548 1741 3733 1803 aperte

468 1816 706 1864 mentem
730 1810 897 1874 venit,
922 1811 1042 1879 ejus
1083 1812 1150 1868 de
1183 1828 1290 1883 quo
1319 1816 1527 1883 agimus
1554 1817 1737 1886 operis
1768 1828 2045 1873 auctorem

444 1898 635 1955 multa
683 1903 847 1958 etiam
909 1919 972 1960 ex
1004 1904 1242 1976 ejusdem
1277 1906 1494 1962 Eusebii
1540 1908 1599 1962 in
1628 1906 1871 1963 Psalmos
1901 1924 2048 1964 com-

462 1993 746 2050 mentariis
772 1997 838 2050 ad
859 1997 1081 2052 verbum
1112 1999 1468 2068 compilasse;
1501 2001 1643 2071 quod
1671 2016 1832 2071 quam
1857 2002 2048 2056 absur-

466 2086 594 2141 dum
623 2087 697 2143 sit
723 2086 1011 2145 et'Basilio
1045 2090 1235 2164 Magno
1270 2094 1570 2164 indignum,
1609 2108 1788 2161 nemo,
1829 2094 2040 2164 Opinor,

467 2191 574 2233 non
626 2179 789 2236 videt.
828 2181 1003 2237 Nolim
1053 2184 1226 2251 dicas,
1276 2186 1322 2240 si
1384 2194 1466 2241 tot
1512 2200 1576 2241 ac
1623 2194 1769 2240 tanta
1826 2185 2044 2242 Eusebii

464 2268 766 2341 fragmenta
814 2275 972 2330 hodie
1025 2276 1079 2331 in
1127 2278 1381 2335 omnibus
1441 2279 1601 2349 hujus
1665 2281 2045 2336 commentarii

462 2366 865 2435 exemplaribus
882 2377 1004 2424 tum
1034 2371 1269 2436 excusis,
1295 2381 1406 2426 tum
1440 2387 1601 2426 manu
1627 2373 1866 2428 exaratis
1892 2372 2044 2428 inve-

462 2459 703 2526 niantur,
727 2460 938 2530 culpam
970 2476 1092 2518 esse
1114 2478 1218 2518 non
1241 2464 1410 2534 ipsius
1433 2464 1735 2535 scriptoris,
1760 2466 1855 2520 sed
1878 2464 2045 2520 libra-

462 2553 688 2621 riorum,
716 2558 809 2627 qui
835 2557 1124 2624 interdum,
1148 2568 1206 2613 ut
1239 2567 1424 2612 notum
1463 2564 1566 2621 est,
1595 2556 1772 2612 aliena
1797 2558 2044 2628 genuinis

464 2655 764 2705 attexuere.
790 2648 986 2705 Fateor
1014 2651 1156 2706 enim
1193 2649 1466 2714 librarios,
1500 2664 1623 2705 cum
1665 2650 1846 2720 aliqua
1874 2665 2036 2719 opera

461 2741 854 2810 exscriberent,
883 2758 1268 2811 nonnunquam
1290 2744 1496 2814 aliquid
1526 2742 1800 2798 addidisse
1832 2745 1962 2798 :sed
1990 2743 2041 2798 id

460 2834 576 2890 fere
595 2835 823 2906 contigit
852 2835 905 2890 in
934 2834 1002 2891 iis
1041 2836 1402 2903 orationibus,
1428 2851 1547 2907 quae
1585 2835 1786 2892 habita:
1814 2844 1942 2892 sunt
1973 2837 2042 2891 ad

460 2928 742 2996 populum,
764 2941 992 2997 qumque
1019 2931 1236 2998 scriptae
1263 2939 1388 2983 sunt
1426 2942 1528 2982 non
1559 2929 1626 2982 ab
1654 2929 1767 2998 ipso
1795 2939 2038 2991 auctore,

458 3020 552 3074 sed
578 3019 837 3088 abaliquo
860 3020 1164 3075 auditorum
1182 3020 1274 3090 qui
1301 3021 1442 3099 notis
1457 3021 1694 3075 scribere
1715 3029 1916 3075 nosset.
1941 3019 2038 3075 Et-

2151 1818 2395 1874 eamdem
2420 1823 2676 1891 temporis
2702 1832 2881 1878 notam
2914 1823 3139 1891 indicat,
3169 1825 3309 1895 qucd
3348 1824 3501 1879 initio
3538 1824 3731 1892 capitis

2147 1907 2340 1965 decimi
2367 1911 2570 1966 editum
2605 1913 2930 1980 invenimus,
2964 1918 3354 1971 Anomwornm
3384 1915 3594 1970 scilicet
3615 1915 3727 1969 ha:-

2149 2002 2312 2056 resim
2366 2010 2495 2057 tunc
2537 2005 2798 2074 temporis
2851 2005 3165 2074 pullulasse.
3218 2004 3389 2060 Nemo
3442 2004 3584 2060 enim
3637 2005 3727 2073 qui

2147 2109 2331 2149 rerum
2360 2095 2855 2153 ecclesiasticarum
2883 2115 2987 2154 non
3020 2099 3242 2155 omnino
3277 2101 3425 2155 rudis
3448 2100 3538 2164 sit,
3563 2099 3734 2169 pessi-

2148 2200 2288 2240 mam
2335 2186 2480 2242 illam
2531 2189 2778 2245 haeresim
2835 2202 3031 2260 quarto
3074 2192 3278 2249 sarculo
3338 2202 3513 2247 ortam
3563 2191 3732 2245 fuisse

2147 2275 2386 2346 ignorat.
2415 2280 2596 2346 Quare
2627 2283 2669 2336 si
2698 2284 2827 2352 quid
2857 2299 2921 2339 eo
2957 2284 3009 2338 in
3047 2285 3440 2340 commentario
3464 2283 3725 2343 occurrit.

2146 2369 2289 2437 quod
2346 2382 2439 2424 aut
2481 2374 2545 2426 ad
2595 2372 2809 2442 dogma,
2858 2386 2951 2429 aut
2994 2375 3061 2429 ad
3106 2376 3468 2444 traditionem,
3516 2384 3608 2429 aut
3661 2374 3728 2428 ad

2149 2463 2486 2532 disciplinam
2514 2465 2940 2523 ecclesiasticam
2968 2471 3253 2540 pertineat,
3292 2469 3344 2525 id
3387 2469 3457 2524 ob
3486 2470 3727 2538 antiqui-

2145 2556 2274 2610 tatis
2338 2559 2694 2612 reverentiam
2745 2559 2964 2628 plurimi
3016 2561 3320 2616 faciendum
3350 2574 3471 2616 esse
3504 2560 3728 2613 arbitra-

2144 2659 2287 2699 mur.
2334 2644 2458 2700 Non
2510 2662 2769 2719 negamus
2811 2651 3027 2720 quidem
3075 2651 3127 2705 id
3165 2665 3301 2719 opus
3355 2651 3612 2706 indiserte
3656 2649 3726 2707 ab

2145 2736 2414 2791 indiserto
2473 2748 2695 2795 auctore
2759 2741 3122 2811 conscriptum
3182 2740 3386 2807 fuisse,
3450 2741 3545 2795 sed
3613 2755 3723 2794 non

2141 2839 2426 2898 propterea
2477 2832 2802 2889 attetoritate
2851 2835 2997 2889 omni
3050 2850 3239 2890 carere
3277 2834 3455 2898 debet,
3491 2848 3610 2888 cum
3655 2833 3722 2884 ab

2141 2921 2362 2978 homine
2400 2932 2450 2977 et
2483 2924 2863 2995 antiquissimo
2906 2936 2958 2981 et
2991 2926 3316 2996 probissimo
3352 2925 3715 2994 conscriptum

2141 3012 2310 3071 fuisse
2342 3016 2612 3072 videatur.
2640 3017 2767 3073 Haec
2790 3019 2856 3074 de
2878 3020 3267 3075 commentario
3295 3035 3309 3072 :
3343 3033 3486 3073 nunc
3514 3018 3579 3073 de
3606 3013 3724 3085 ejus

458 3111 603 3165 enim
632 3112 678 3167 si
701 3112 829 3182 quid
856 3112 1146 3169 excidisset
1179 3113 1430 3183 imperito
1452 3113 1608 3167 alicui
1633 3113 1865 3179 notario,
1893 3113 1944 3167 id
1972 3128 2037 3166 ex
2065 3098 2109 3158 C
2143 3118 2363 3164 auctore
2393 3109 2659 3179 reliquum
2694 3121 2778 3168 est
2828 3121 2886 3166 ut
2924 3113 3188 3167 dicamus.
3236 3111 3373 3165 Sunt
3404 3110 3495 3179 qui
3530 3108 3717 3163 existi-

457 3203 686 3257 aliorum
726 3204 945 3273 scriptis
989 3204 1242 3274 supplere
1279 3219 1385 3259 non
1434 3203 1760 3259 verebantur
1802 3203 2033 3259 librarii.

458 3288 610 3357 Quod
636 3305 816 3347 autem
846 3293 1038 3350 attinet
1058 3296 1125 3350 ad
1158 3294 1400 3365 longiora
1423 3308 1611 3363 opera,
1630 3308 1767 3363 quae
1799 3294 1868 3349 ab
1905 3295 2038 3364 ipsis

457 3381 770 3437 auctoribus
798 3383 1190 3452 scribebantur,
1223 3399 1323 3439 nec
1353 3384 1851 3454 pronuntiabantur
1873 3385 2040 3455 publi-

461 3486 545 3538 ce,
578 3471 631 3525 itt
667 3472 752 3528 his
778 3488 884 3528 non
919 3475 994 3529 ita
1024 3474 1191 3529 multa
1226 3491 1257 3530 a
1279 3474 1515 3531 librariis
1543 3475 1722 3531 addita
1752 3475 1922 3533 fuisse
1956 3478 2038 3532 in-

458 3562 730 3620 venimus.
767 3564 954 3636 Neque
982 3581 1109 3622 vero
1136 3566 1350 3623 dillicile
1381 3578 1521 3632 erat,
1562 3568 1607 3624 si
1640 3569 1770 3639 quid
1799 3570 2035 3623 additum

451 3652 673 3722 fuisset,
718 3654 1062 3710 librariorum
1117 3656 1297 3712 dolum
1347 3673 1411 3713 ac
1468 3657 1708 3713 fraudem
1763 3659 2033 3729 detegere,

447 3762 581 3803 acum
626 3762 814 3803 eorum
855 3749 1186 3819 exemplaria
1228 3764 1349 3804 cum
1385 3750 1736 3820 autographis
1786 3751 2037 3805 conferre

459 3840 655 3909 cuique
686 3840 892 3896 liceret.
936 3838 1224 3908 Praeterea,
1271 3852 1329 3897 ut
1374 3842 1504 3896 mihi
1550 3843 1766 3911 quidem
1802 3844 2035 3909 videtur,

459 3941 734 3995 nunquam
780 3926 1021 3981 librariis
1077 3928 1131 3981 in
1182 3936 1415 3982 mentem
1457 3929 1695 3984 venisset
1734 3928 1952 3982 Eusebii
1981 3930 2036 3981 in

459 4013 703 4071 Psatmos
740 4019 1202 4073 commentarium
1239 4019 1549 4088 compilare.
1608 4019 1721 4074 Hoc
1754 4020 1897 4074 enim
1928 4034 2036 4074 non

458 4110 513 4164 in
535 4110 699 4164 alium
724 4111 997 4175 convenit,
1023 4127 1183 4182 quam
1210 4111 1262 4164 itt
1282 4111 1458 4181 ipsum
1480 4112 1780 4177 auctorem,
1804 4111 2031 4180 quicum

457 4200 726 4256 scribendi
781 4201 960 4271 inopia
994 4201 1286 4266 laboraret,
1318 4201 1446 4257 hinc
1479 4203 1603 4257 inde
1634 4202 1702 4257 ad
1742 4201 2035 4257 conﬁcien-

457 4296 583 4347 dum
616 4294 811 4349 librant
845 4293 1153 4364 adiumenta
1191 4295 1487 4365 qurerebat.
1526 4294 1777 4349 Arbitror
1803 4293 2033 4363 proferri

2142 3209 2290 3254 ment
2316 3201 2691 3257 commentarii
2722 3202 3043 3273 scriptorem
3070 3203 3379 3273 episcopum
3412 3198 3605 3255 fuisse:
3627 3196 3721 3251 sed

2140 3290 2192 3344 id
2228 3307 2295 3345 ex
2321 3291 2466 3347 illius
2494 3294 2675 3349 verbis
2706 3294 2885 3364 colligi
2912 3305 3063 3350 certo
3089 3309 3247 3363 posse
3285 3308 3388 3347 non
3414 3301 3540 3359 puto
3572 3288 3717 3361 (938-

2130 3381 2243 3435 M—‘l
2276 3390 2331 3437 et
2362 3380 2508 3452 509).
2533 3382 2698 3438 Docet
2718 3385 2933 3454 quidem
2965 3385 3256 3456 aliquando
3286 3398 3344 3438 se
3371 3380 3548 3453 pepuli
3574 3381 3722 3449 prin-

2137 3473 2313 3543 cipem
2349 3488 2492 3538 esse,
2524 3489 2691 3543 seque
2738 3476 2787 3529 ei
2839 3475 3041 3546 praeﬁci
3079 3494 3093 3530 :
3131 3484 3188 3530 at
3217 3490 3320 3529 non
3351 3473 3587 3542 episcopi
3633 3484 3722 3525 so-

2136 3561 2270 3627 lum,
2296 3563 2389 3617 sed
2414 3563 2514 3633 ipsi
2537 3565 2697 3618 etiam
2736 3564 3035 3634 presbyteri
3061 3580 3159 3619 suo
3193 3567 3351 3617 tnmlo
3375 3562 3546 3631 plebis
3574 3561 3723 3629 prin-

2138 3653 2284 3722 cipes
2311 3664 2456 3721 sunt,
2484 3654 2643 3724 eique
2671 3655 3058 3725 przeliciuntttr.
3094 3655 3352 3724 Equidem
3385 3669 3445 3708 ea
3471 3655 3536 3708 de
3560 3667 3615 3704 re
3643 3651 3724 3702 ni-

2139 3745 2217 3800 hil
2249 3747 2383 3801 certi
2416 3748 2575 3801 statui
2613 3746 2993 3816 possejudico,
3018 3748 3112 3801 sed
3155 3746 3284 3800 mihi
3322 3755 3500 3801 tamen
3536 3742 3722 3798 nescia

2138 3839 2409 3909 quomodo
2474 3838 2824 3894 verisimilius
2884 3839 2944 3892 lit
3010 3839 3157 3892 illum
3227 3838 3573 3906 interpretem
3615 3848 3721 3887 non

2138 3927 2300 3980 alium
2351 3941 2514 3996 quam
2548 3927 2866 3998 presbyteri
2907 3928 3133 3999 gradum
3177 3926 3495 3981 obtinuisse.
3539 3923 3725 3992 quue

2136 4017 2390 4072 libentius
2424 4017 2478 4072 in
2504 4020 2773 4074 sententia
2800 4033 3112 4088 permaneo,
3147 4018 3290 4087 quod
3315 4016 3508 4072 litteris
3532 4015 3718 4085 prodi-

2136 4118 2250 4164 ttttn
2287 4113 2359 4166 sit
2381 4112 2525 4165 hunc
2555 4111 3007 4167 commentarium
3031 4126 3060 4166 a
3089 4110 3291 4165 Basilio
3318 4109 3533 4180 quidem
3569 4122 3720 4161 com-

2135 4203 2371 4272 positum
2400 4202 2589 4270 fuisse,
2611 4205 2704 4259 sed
2737 4214 2859 4274 post
2882 4204 3000 4268 eius
3030 4213 3258 4258 mortem
3293 4199 3592 4272 presbyteri
3619 4212 3718 4252 cn-

2130 4291 2348 4362 jusdatn
2394 4308 2558 4362 opera
2608 4295 2662 4348 in
2715 4293 2888 4348 lucem
2941 4293 3210 4363 prodiisse
3253 4291 3347 4363 (τι).
3402 4289 3528 4344 Mihi
3568 4285 3715 4338 enim

457 4402 562 4443 non
598 4401 757 4458 posse
777 4386 921 4442 aliud
943 4386 1108 4440 ullum
1138 4386 1442 4455 exemplum
1469 4387 1754 4451 scriptoris
1779 4386 2029 4456 alicujus,
2065 4418 2110 4473 Β
2135 4384 2627 4455 probabilissimum
2654 4384 3316 4455 videtur,.presbyterum,
3347 4380 3435 4449 qui
3468 4380 3569 4432 hoc
3586 4389 3721 4444 opus

456 4479 571 4548 qui,
599 4494 722 4533 cum
748 4477 947 4534 Isaiam
964 4478 1306 4549 interpretari
1328 4478 1509 4544 vellet,
1538 4478 1705 4532 multa
1726 4493 1792 4532 ex
1814 4478 2032 4533 Eusebii

454 4573 512 4624 in
546 4570 791 4627 Psalmos
835 4569 1230 4627 commentario
1269 4570 1582 4640 sumpserit.
1626 4568 1734 4627 Res
1764 4579 1851 4626 est
1888 4570 2032 4625 enim

456 4674 565 4719 tam
589 4679 750 4730 nova,
795 4672 855 4719 ut
885 4663 991 4721 nisi
1023 4663 1195 4719 oculis
1223 4664 1356 4733 ipsis
1380 4673 1717 4730 cerneretur,
1749 4663 1906 4717 ﬁdem
1945 4662 2031 4717 vix

458 4756 701 4811 haberet.
738 4756 801 4810 Et
830 4755 1046 4827 quidem
1060 4754 1436 4827 Hieronymus
1479 4765 1533 4811 et
1567 4755 1884 4825 Procopius,
1918 4754 2030 4825 qui,

457 4861 582 4902 cum
609 4844 805 4903 Isaiam
839 4848 1344 4917 interpretarentur,
1378 4856 1486 4901 tam
1514 4848 1681 4901 multa
1716 4861 1782 4901 ex
1814 4844 2032 4900 Eusebii

458 4940 514 4994 in
543 4939 792 4997 eumdem
824 4940 1141 5010 prophetam
1183 4939 1575 5017 commentario
1625 4937 1853 4992 mutuati
1886 4947 2032 5004 sunt,

460 5044 638 5087 tamen
668 5044 735 5087 ne
754 5032 1060 5102 cogitarunt
1095 5030 1311 5100 quidem
1351 5029 1644 5100 quidquam
1684 5043 1758 5083 ex
1790 5026 2033 5094 ejusdem

458 5122 675 5181 Eusebii
706 5124 763 5178 in
798 5122 1044 5179 Psalmos
1095 5122 1486 5191 commentario
1512 5120 1768 5175 mutuari.
1797 5118 1911 5174 Hoc
1943 5121 2035 5174 de-

455 5217 616 5273 cebat
644 5214 917 5272 hominem
952 5217 1068 5286 qui,
1088 5231 1210 5271 cum
1230 5214 1299 5269 de
1319 5228 1419 5270 suo
1442 5209 1854 5268 scriberenullo
1876 5208 2035 5264 modo

457 5317 665 5375 posset,
690 5316 745 5361 et
779 5318 958 5362 tamen
1000 5306 1242 5363 scribere
1282 5302 1626 5365 instituisset,
1664 5301 1856 5356 saltem
1899 5300 2036 5355 alio-

461 5415 578 5453 rum
610 5401 810 5470 scripta
846 5400 1205 5468 undecunque
1236 5397 1583 5467 compilabat.
1626 5393 1787 5449 Certe
1816 5394 2034 5463 quidem

459 5488 592 5544 mihi
644 5490 800 5545 facile
844 5489 1008 5546 fuerit
1062 5489 1214 5560 plura
1261 5490 1463 5543 addere
1500 5485 1572 5540 ad
1620 5487 1760 5541 hanc
1795 5493 2034 5539 nostram

2136 4483 2353 4531 mortuo
2373 4475 2483 4544 jam
2510 4476 2713 4533 Basilio
2740 4479 2792 4531 in
2825 4477 2998 4531 lucem
3036 4476 3276 4530 edidisse
3306 4473 3536 4534 dicitur,
3564 4481 3719 4522 eum-

2138 4568 2257 4622 dem
2282 4581 2426 4634 esse,
2450 4568 2540 4637 qui
2562 4576 2618 4621 et
2646 4567 2775 4622 illttd
2805 4566 3024 4637 proprio
3054 4575 3229 4620 marte
3259 4559 3615 4617 elucubravit.
3644 4556 3724 4611 1lt

2138 4668 2198 4712 ut
2242 4659 2358 4714 haec
2405 4668 2557 4722 sunt,
2598 4658 2833 4713 dubitari
2882 4673 2989 4713 non
3031 4666 3209 4727 potest
3269 4654 3399 4725 quin
3466 4648 3720 4717 scriptor,

2139 4750 2386 4819 quisquis
2412 4760 2521 4817 est,
2545 4749 2803 4805 Basiliam
2829 4748 2883 4803 in
2907 4748 3175 4819 aliquibus
3202 4744 3405 4802 imitari
3431 4740 3720 4797 studuerit.

2138 4839 2337 4895 Notum
2375 4851 2458 4896 est
2507 4841 2651 4897 enim
2702 4842 2843 4897 hanc
2888 4840 3101 4897 dicendi
3149 4836 3459 4899 formulam,
3508 4834 3566 4885 ὲν
3609 4831 3724 4891 τοῖς

2141 4935 2397 5002 κατόπιν,
2436 4934 2637 4991 Basilio
2685 4950 2947 5005 perquam
2989 4934 3312 4989 familiarem
3336 4941 3458 4982 esse
3489 4942 3504 4980 :
3538 4937 3643 4993 qua
3668 4932 3725 4973 et

2141 5029 2233 5085 ille
2279 5027 2661 5085 commentarii
2721 5031 2956 5099 scriptor
3006 5026 3303 5096 saepissime
3368 5032 3499 5074 usus
3552 5013 3724 5069 fuisse

2135 5119 2487 5187 comperitur.
2519 5116 2632 5174 Nec
2660 5116 3092 5188 praetereundum
3116 5113 3357 5176 silentio,
3387 5107 3554 5163 videri
3589 5108 3721 5161 scri-

2136 5222 2346 5284 ptorem
2375 5210 2773 5282 Cappadociam
2813 5211 3044 5280 patriam
3076 5205 3348 5263 habuisse.
3389 5200 3522 5255 Nam
3552 5199 3724 5251 alim-

2136 5304 2191 5359 bi
2224 5302 2612 5373 variasgentes
2631 5314 2885 5356 enumera
2896 5315 2952 5355 re
2974 5313 3095 5354 cum
3121 5293 3447 5349 instituisset
3468 5290 3545 5359 (p.
3568 5287 3717 5358 425),

2137 5394 2293 5461 quasi
2327 5390 2678 5462 pupularibus
2712 5392 2826 5444 suis
2852 5386 3159 5458 .gratilicari
3208 5381 3389 5446 vellet,
3434 5376 3726 5449 Cappado-

2140 5484 2279 5537 ciam
2309 5483 2537 5549 primam
2576 5478 2844 5535 nominat.

532 5694 610 5757 (α)
658 5692 801 5764 Lege
828 5693 1004 5748 Vitam
1046 5694 1226 5750 Basilii
1276 5710 1303 5747 a
1344 5692 1691 5750 Tillemontio
1734 5688 2023 5746 vernacula
2068 5685 2250 5758 lingua
2280 5684 2563 5754 scriptam,
2603 5696 2723 5753 pag.
2753 5680 2876 5736 683.
