  <div class='ocr_page' id='page_1' title='image "/cluster/home/n/w/nwhite01/storage/ocr_20150623/29/mdp.39015012934371/240.png"; bbox 0 0 4094 6220; ppageno 0'>
   <div class='ocr_carea' id='block_1_1' title="bbox 1579 342 2626 403">
    <p class='ocr_par' dir='ltr' id='par_1_1' title="bbox 1579 342 2626 403">
     <span class='ocr_line' id='line_1_1' title="bbox 1579 342 2626 403; baseline -0.003 -4"><span class='ocrx_word' id='word_1_1' title='bbox 1579 346 1641 400; x_wconf 91' lang='lat' dir='ltr'><strong>D.</strong></span> <span class='ocrx_word' id='word_1_2' title='bbox 1681 347 1826 403; x_wconf 82' lang='lat' dir='ltr'><strong>JUL.</strong></span> <span class='ocrx_word' id='word_1_3' title='bbox 1874 344 2200 400; x_wconf 76' lang='lat' dir='ltr'><strong>GARNERII</strong></span> <span class='ocrx_word' id='word_1_4' title='bbox 2242 342 2626 398; x_wconf 65' lang='lat' dir='ltr'><strong>PBEFATIO.</strong></span> 
     </span>
    </p>
   </div>
   <div class='ocr_carea' id='block_1_2' title="bbox 820 456 1713 532">
    <p class='ocr_par' dir='ltr' id='par_1_2' title="bbox 820 456 1713 532">
     <span class='ocr_line' id='line_1_2' title="bbox 820 456 1713 532; baseline 0.001 -18"><span class='ocrx_word' id='word_1_5' title='bbox 820 461 848 532; x_wconf 67' lang='grc' dir='ltr'>ς</span> <span class='ocrx_word' id='word_1_6' title='bbox 880 459 969 514; x_wconf 75' lang='lat' dir='ltr'><strong>XI.</strong></span> <span class='ocrx_word' id='word_1_7' title='bbox 1003 458 1080 513; x_wconf 87' lang='lat' dir='ltr'><strong>De</strong></span> <span class='ocrx_word' id='word_1_8' title='bbox 1112 458 1257 513; x_wconf 80' lang='lat' dir='ltr'><strong>libris</strong></span> <span class='ocrx_word' id='word_1_9' title='bbox 1287 458 1338 513; x_wconf 92' lang='lat' dir='ltr'><strong>in</strong></span> <span class='ocrx_word' id='word_1_10' title='bbox 1371 456 1713 516; x_wconf 85' lang='lat' dir='ltr'><strong>Eunomium.</strong></span> 
     </span>
    </p>
   </div>
   <div class='ocr_carea' id='block_1_3' title="bbox 552 551 2048 621">
    <p class='ocr_par' dir='ltr' id='par_1_3' title="bbox 552 551 2048 621">
     <span class='ocr_line' id='line_1_3' title="bbox 552 551 2048 621; baseline 0 -16"><span class='ocrx_word' id='word_1_11' title='bbox 552 553 637 606; x_wconf 82' lang='lat'><strong>65.</strong></span> <span class='ocrx_word' id='word_1_12' title='bbox 678 552 930 621; x_wconf 82' lang='lat' dir='ltr'><strong>Egregios</strong></span> <span class='ocrx_word' id='word_1_13' title='bbox 963 552 1177 619; x_wconf 85' lang='lat' dir='ltr'><strong>quidem</strong></span> <span class='ocrx_word' id='word_1_14' title='bbox 1220 552 1275 603; x_wconf 79' lang='lat' dir='ltr'><strong>in</strong></span> <span class='ocrx_word' id='word_1_15' title='bbox 1322 551 1642 605; x_wconf 81' lang='lat' dir='ltr'><strong>Eunomium</strong></span> <span class='ocrx_word' id='word_1_16' title='bbox 1692 554 1855 607; x_wconf 88' lang='lat' dir='ltr'><strong>libros</strong></span> <span class='ocrx_word' id='word_1_17' title='bbox 1889 570 1917 606; x_wconf 92' lang='lat' dir='ltr'><strong>a</strong></span> <span class='ocrx_word' id='word_1_18' title='bbox 1947 552 2048 605; x_wconf 84' lang='lat' dir='ltr'><strong>Ba-</strong></span> 
     </span>
    </p>
   </div>
   <div class='ocr_carea' id='block_1_4' title="bbox 479 643 2048 711">
    <p class='ocr_par' dir='ltr' id='par_1_4' title="bbox 479 643 2048 711">
     <span class='ocr_line' id='line_1_4' title="bbox 479 643 2048 711; baseline 0.001 -14"><span class='ocrx_word' id='word_1_19' title='bbox 479 645 600 697; x_wconf 74' lang='lat' dir='ltr'><strong>silio</strong></span> <span class='ocrx_word' id='word_1_20' title='bbox 628 644 821 711; x_wconf 80' lang='lat' dir='ltr'><strong>Magno</strong></span> <span class='ocrx_word' id='word_1_21' title='bbox 849 644 1192 711; x_wconf 88' lang='lat' dir='ltr'><strong>conscriptos</strong></span> <span class='ocrx_word' id='word_1_22' title='bbox 1223 643 1409 709; x_wconf 87' lang='lat' dir='ltr'><strong>fuisse,</strong></span> <span class='ocrx_word' id='word_1_23' title='bbox 1444 660 1564 698; x_wconf 89' lang='lat' dir='ltr'><strong>eum</strong></span> <span class='ocrx_word' id='word_1_24' title='bbox 1601 662 1667 699; x_wconf 83' lang='lat' dir='ltr'><strong>ex</strong></span> <span class='ocrx_word' id='word_1_25' title='bbox 1698 646 1924 699; x_wconf 89' lang='lat' dir='ltr'><strong>aliorum</strong></span> <span class='ocrx_word' id='word_1_26' title='bbox 1960 662 2048 698; x_wconf 84' lang='lat' dir='ltr'><strong>ve-</strong></span> 
     </span>
    </p>
   </div>
   <div class='ocr_carea' id='block_1_5' title="bbox 479 736 2043 805">
    <p class='ocr_par' dir='ltr' id='par_1_5' title="bbox 479 736 2043 805">
     <span class='ocr_line' id='line_1_5' title="bbox 479 736 2043 805; baseline 0.001 -16"><span class='ocrx_word' id='word_1_27' title='bbox 479 746 676 802; x_wconf 87' lang='lat' dir='ltr'><strong>terum,</strong></span> <span class='ocrx_word' id='word_1_28' title='bbox 715 746 823 789; x_wconf 90' lang='lat' dir='ltr'><strong>tum</strong></span> <span class='ocrx_word' id='word_1_29' title='bbox 869 750 935 789; x_wconf 82' lang='lat' dir='ltr'><strong>ex</strong></span> <span class='ocrx_word' id='word_1_30' title='bbox 987 736 1295 805; x_wconf 87' lang='lat' dir='ltr'><strong>Hieronymi</strong></span> <span class='ocrx_word' id='word_1_31' title='bbox 1338 736 1644 791; x_wconf 90' lang='lat' dir='ltr'><strong>testimonio</strong></span> <span class='ocrx_word' id='word_1_32' title='bbox 1695 748 1876 791; x_wconf 93' lang='lat' dir='ltr'><strong>notum</strong></span> <span class='ocrx_word' id='word_1_33' title='bbox 1920 746 2043 791; x_wconf 73' lang='lat' dir='ltr'><strong>est:</strong></span> 
     </span>
    </p>
   </div>
   <div class='ocr_carea' id='block_1_6' title="bbox 477 827 2045 900">
    <p class='ocr_par' dir='ltr' id='par_1_6' title="bbox 477 827 2045 900">
     <span class='ocr_line' id='line_1_6' title="bbox 477 827 2045 900; baseline 0.001 -19"><span class='ocrx_word' id='word_1_34' title='bbox 477 828 571 881; x_wconf 85' lang='lat' dir='ltr'><strong>sed</strong></span> <span class='ocrx_word' id='word_1_35' title='bbox 612 837 741 896; x_wconf 89' lang='lat' dir='ltr'><strong>quot</strong></span> <span class='ocrx_word' id='word_1_36' title='bbox 770 827 838 879; x_wconf 91' lang='lat' dir='ltr'><strong>ab</strong></span> <span class='ocrx_word' id='word_1_37' title='bbox 869 842 936 881; x_wconf 92' lang='lat' dir='ltr'><strong>eo</strong></span> <span class='ocrx_word' id='word_1_38' title='bbox 964 827 1091 880; x_wconf 94' lang='lat' dir='ltr'><strong>editi</strong></span> <span class='ocrx_word' id='word_1_39' title='bbox 1133 829 1277 889; x_wconf 90' lang='lat' dir='ltr'><strong>sint,</strong></span> <span class='ocrx_word' id='word_1_40' title='bbox 1324 842 1496 896; x_wconf 91' lang='lat' dir='ltr'><strong>neque</strong></span> <span class='ocrx_word' id='word_1_41' title='bbox 1534 827 1909 900; x_wconf 78' lang='lat' dir='ltr'><strong>Hieronymus,</strong></span> <span class='ocrx_word' id='word_1_42' title='bbox 1952 845 2045 883; x_wconf 89' lang='lat' dir='ltr'><strong>ne-</strong></span> 
     </span>
    </p>
   </div>
   <div class='ocr_carea' id='block_1_7' title="bbox 475 920 2041 989">
    <p class='ocr_par' dir='ltr' id='par_1_7' title="bbox 475 920 2041 989">
     <span class='ocr_line' id='line_1_7' title="bbox 475 920 2041 989; baseline 0.004 -18"><span class='ocrx_word' id='word_1_43' title='bbox 475 936 580 988; x_wconf 88' lang='lat' dir='ltr'><strong>que</strong></span> <span class='ocrx_word' id='word_1_44' title='bbox 607 921 747 974; x_wconf 90' lang='lat' dir='ltr'><strong>ullus</strong></span> <span class='ocrx_word' id='word_1_45' title='bbox 772 920 909 974; x_wconf 89' lang='lat' dir='ltr'><strong>alius</strong></span> <span class='ocrx_word' id='word_1_46' title='bbox 934 930 1120 972; x_wconf 91' lang='lat' dir='ltr'><strong>auctor</strong></span> <span class='ocrx_word' id='word_1_47' title='bbox 1138 921 1367 974; x_wconf 89' lang='lat' dir='ltr'><strong>idoneus</strong></span> <span class='ocrx_word' id='word_1_48' title='bbox 1390 920 1581 975; x_wconf 84' lang='lat' dir='ltr'><strong>litteris</strong></span> <span class='ocrx_word' id='word_1_49' title='bbox 1600 923 1851 989; x_wconf 73' lang='lat' dir='ltr'><strong>prodidit.</strong></span> <span class='ocrx_word' id='word_1_50' title='bbox 1887 922 2041 987; x_wconf 91' lang='lat' dir='ltr'><strong>Hinc,</strong></span> 
     </span>
    </p>
   </div>
   <div class='ocr_carea' id='block_1_8' title="bbox 472 1014 2045 1080">
    <p class='ocr_par' dir='ltr' id='par_1_8' title="bbox 472 1014 2045 1080">
     <span class='ocr_line' id='line_1_8' title="bbox 472 1014 2045 1080; baseline 0.001 -14"><span class='ocrx_word' id='word_1_51' title='bbox 472 1024 536 1066; x_wconf 87' lang='lat' dir='ltr'><strong>ut</strong></span> <span class='ocrx_word' id='word_1_52' title='bbox 566 1015 645 1075; x_wconf 89' lang='lat' dir='ltr'><strong>fit,</strong></span> <span class='ocrx_word' id='word_1_53' title='bbox 692 1024 826 1066; x_wconf 74' lang='lat' dir='ltr'><strong>orta:</strong></span> <span class='ocrx_word' id='word_1_54' title='bbox 860 1022 985 1067; x_wconf 87' lang='lat' dir='ltr'><strong>sunt</strong></span> <span class='ocrx_word' id='word_1_55' title='bbox 1028 1014 1402 1067; x_wconf 84' lang='lat' dir='ltr'><strong>contentiones</strong></span> <span class='ocrx_word' id='word_1_56' title='bbox 1444 1014 1581 1067; x_wconf 90' lang='lat' dir='ltr'><strong>inter</strong></span> <span class='ocrx_word' id='word_1_57' title='bbox 1624 1016 1883 1080; x_wconf 89' lang='lat' dir='ltr'><strong>eruditos,</strong></span> <span class='ocrx_word' id='word_1_58' title='bbox 1926 1016 2045 1069; x_wconf 90' lang='lat' dir='ltr'><strong>aliis</strong></span> 
     </span>
    </p>
   </div>
   <div class='ocr_carea' id='block_1_9' title="bbox 476 1105 2047 1177">
    <p class='ocr_par' dir='ltr' id='par_1_9' title="bbox 476 1105 2047 1177">
     <span class='ocr_line' id='line_1_9' title="bbox 476 1105 2047 1177; baseline 0.003 -20"><span class='ocrx_word' id='word_1_59' title='bbox 476 1105 634 1158; x_wconf 86' lang='lat' dir='ltr'><strong>aliam</strong></span> <span class='ocrx_word' id='word_1_60' title='bbox 680 1106 986 1173; x_wconf 81' lang='lat' dir='ltr'><strong>Opinionem</strong></span> <span class='ocrx_word' id='word_1_61' title='bbox 1027 1105 1460 1159; x_wconf 84' lang='lat' dir='ltr'><strong>defendentibus.</strong></span> <span class='ocrx_word' id='word_1_62' title='bbox 1513 1106 1643 1161; x_wconf 91' lang='lat' dir='ltr'><strong>Pars</strong></span> <span class='ocrx_word' id='word_1_63' title='bbox 1683 1109 1894 1177; x_wconf 86' lang='lat' dir='ltr'><strong>quidem</strong></span> <span class='ocrx_word' id='word_1_64' title='bbox 1942 1124 2047 1162; x_wconf 87' lang='lat' dir='ltr'><strong>ma-</strong></span> 
     </span>
    </p>
   </div>
   <div class='ocr_carea' id='block_1_10' title="bbox 476 1196 2044 1264">
    <p class='ocr_par' dir='ltr' id='par_1_10' title="bbox 476 1196 2044 1264">
     <span class='ocr_line' id='line_1_10' title="bbox 476 1196 2044 1264; baseline 0.003 -16"><span class='ocrx_word' id='word_1_65' title='bbox 476 1196 620 1249; x_wconf 76' lang='lat' dir='ltr'><strong>xima</strong></span> <span class='ocrx_word' id='word_1_66' title='bbox 654 1196 895 1264; x_wconf 82' lang='lat' dir='ltr'><strong>vulgatos</strong></span> <span class='ocrx_word' id='word_1_67' title='bbox 941 1196 1178 1264; x_wconf 90' lang='lat' dir='ltr'><strong>quinque</strong></span> <span class='ocrx_word' id='word_1_68' title='bbox 1220 1197 1388 1251; x_wconf 92' lang='lat' dir='ltr'><strong>libros</strong></span> <span class='ocrx_word' id='word_1_69' title='bbox 1440 1198 1681 1252; x_wconf 92' lang='lat' dir='ltr'><strong>tribuunt</strong></span> <span class='ocrx_word' id='word_1_70' title='bbox 1716 1199 1914 1253; x_wconf 86' lang='lat' dir='ltr'><strong>Basilio</strong></span> <span class='ocrx_word' id='word_1_71' title='bbox 1946 1216 2044 1253; x_wconf 90' lang='lat' dir='ltr'><strong>no-</strong></span> 
     </span>
    </p>
   </div>
   <div class='ocr_carea' id='block_1_11' title="bbox 476 1286 2045 1355">
    <p class='ocr_par' dir='ltr' id='par_1_11' title="bbox 476 1286 2045 1355">
     <span class='ocr_line' id='line_1_11' title="bbox 476 1286 2045 1355; baseline 0.001 -15"><span class='ocrx_word' id='word_1_72' title='bbox 476 1296 591 1340; x_wconf 87' lang='lat' dir='ltr'><strong>stro</strong></span> <span class='ocrx_word' id='word_1_73' title='bbox 620 1305 633 1340; x_wconf 90' lang='lat'>:</span> <span class='ocrx_word' id='word_1_74' title='bbox 666 1287 757 1340; x_wconf 89' lang='lat' dir='ltr'><strong>sed</strong></span> <span class='ocrx_word' id='word_1_75' title='bbox 798 1286 1036 1339; x_wconf 87' lang='lat' dir='ltr'><strong>nonnulli</strong></span> <span class='ocrx_word' id='word_1_76' title='bbox 1069 1298 1244 1340; x_wconf 85' lang='lat' dir='ltr'><strong>tamen</strong></span> <span class='ocrx_word' id='word_1_77' title='bbox 1267 1327 1282 1351; x_wconf 94' lang='lat'><strong>,</strong></span> <span class='ocrx_word' id='word_1_78' title='bbox 1315 1287 1453 1339; x_wconf 84' lang='lat' dir='ltr'><strong>inter</strong></span> <span class='ocrx_word' id='word_1_79' title='bbox 1480 1302 1614 1355; x_wconf 92' lang='lat' dir='ltr'><strong>quos</strong></span> <span class='ocrx_word' id='word_1_80' title='bbox 1639 1288 1920 1342; x_wconf 74' lang='lat' dir='ltr'><strong>Erasmum</strong></span> <span class='ocrx_word' id='word_1_81' title='bbox 1947 1306 2045 1342; x_wconf 87' lang='lat' dir='ltr'><strong>nu-</strong></span> 
     </span>
    </p>
   </div>
   <div class='ocr_carea' id='block_1_12' title="bbox 472 1377 2044 1446">
    <p class='ocr_par' dir='ltr' id='par_1_12' title="bbox 472 1377 2044 1446">
     <span class='ocr_line' id='line_1_12' title="bbox 472 1377 2044 1446; baseline 0.003 -15"><span class='ocrx_word' id='word_1_82' title='bbox 472 1393 687 1432; x_wconf 82' lang='lat' dir='ltr'><strong>merare</strong></span> <span class='ocrx_word' id='word_1_83' title='bbox 734 1377 881 1441; x_wconf 89' lang='lat' dir='ltr'><strong>licet,</strong></span> <span class='ocrx_word' id='word_1_84' title='bbox 936 1378 1218 1432; x_wconf 77' lang='lat' dir='ltr'><strong>adversam</strong></span> <span class='ocrx_word' id='word_1_85' title='bbox 1253 1379 1577 1432; x_wconf 88' lang='lat' dir='ltr'><strong>sententiam</strong></span> <span class='ocrx_word' id='word_1_86' title='bbox 1610 1380 1679 1432; x_wconf 92' lang='lat' dir='ltr'><strong>ita</strong></span> <span class='ocrx_word' id='word_1_87' title='bbox 1711 1390 1948 1446; x_wconf 88' lang='lat' dir='ltr'><strong>tuentur,</strong></span> <span class='ocrx_word' id='word_1_88' title='bbox 1984 1393 2044 1435; x_wconf 86' lang='lat' dir='ltr'><strong>ut</strong></span> 
     </span>
    </p>
   </div>
   <div class='ocr_carea' id='block_1_13' title="bbox 471 1467 2046 1536">
    <p class='ocr_par' dir='ltr' id='par_1_13' title="bbox 471 1467 2046 1536">
     <span class='ocr_line' id='line_1_13' title="bbox 471 1467 2046 1536; baseline 0.003 -16"><span class='ocrx_word' id='word_1_89' title='bbox 471 1468 520 1521; x_wconf 90' lang='lat' dir='ltr'><strong>ei</strong></span> <span class='ocrx_word' id='word_1_90' title='bbox 557 1467 771 1536; x_wconf 86' lang='lat' dir='ltr'><strong>quidem</strong></span> <span class='ocrx_word' id='word_1_91' title='bbox 812 1467 1085 1521; x_wconf 86' lang='lat' dir='ltr'><strong>ascribant</strong></span> <span class='ocrx_word' id='word_1_92' title='bbox 1119 1476 1227 1522; x_wconf 91' lang='lat' dir='ltr'><strong>tres</strong></span> <span class='ocrx_word' id='word_1_93' title='bbox 1276 1469 1487 1534; x_wconf 88' lang='lat' dir='ltr'><strong>priores</strong></span> <span class='ocrx_word' id='word_1_94' title='bbox 1522 1468 1688 1523; x_wconf 90' lang='lat' dir='ltr'><strong>libros</strong></span> <span class='ocrx_word' id='word_1_95' title='bbox 1714 1509 1730 1532; x_wconf 90' lang='lat'><strong>,</strong></span> <span class='ocrx_word' id='word_1_96' title='bbox 1785 1470 1880 1523; x_wconf 90' lang='lat' dir='ltr'><strong>sed</strong></span> <span class='ocrx_word' id='word_1_97' title='bbox 1911 1470 2046 1526; x_wconf 91' lang='lat' dir='ltr'><strong>duos</strong></span> 
     </span>
    </p>
   </div>
   <div class='ocr_carea' id='block_1_14' title="bbox 464 1558 2047 1631">
    <p class='ocr_par' dir='ltr' id='par_1_14' title="bbox 464 1558 2047 1631">
     <span class='ocr_line' id='line_1_14' title="bbox 464 1558 2047 1631; baseline 0.005 -22"><span class='ocrx_word' id='word_1_98' title='bbox 464 1560 797 1629; x_wconf 78' lang='lat' dir='ltr'><strong>posteriores</strong></span> <span class='ocrx_word' id='word_1_99' title='bbox 849 1558 948 1627; x_wconf 91' lang='lat' dir='ltr'><strong>ipsi</strong></span> <span class='ocrx_word' id='word_1_100' title='bbox 1009 1558 1169 1614; x_wconf 89' lang='lat' dir='ltr'><strong>tribui</strong></span> <span class='ocrx_word' id='word_1_101' title='bbox 1236 1559 1432 1616; x_wconf 88' lang='lat' dir='ltr'><strong>debere</strong></span> <span class='ocrx_word' id='word_1_102' title='bbox 1492 1570 1704 1631; x_wconf 81' lang='lat' dir='ltr'><strong>negent.</strong></span> <span class='ocrx_word' id='word_1_103' title='bbox 1774 1561 2047 1618; x_wconf 83' lang='lat' dir='ltr'><strong>Dissident</strong></span> 
     </span>
    </p>
   </div>
   <div class='ocr_carea' id='block_1_15' title="bbox 459 1650 2045 1724">
    <p class='ocr_par' dir='ltr' id='par_1_15' title="bbox 459 1650 2045 1724">
     <span class='ocr_line' id='line_1_15' title="bbox 459 1650 2045 1724; baseline 0.002 -17"><span class='ocrx_word' id='word_1_104' title='bbox 459 1666 684 1719; x_wconf 86' lang='lat' dir='ltr'><strong>.quoque</strong></span> <span class='ocrx_word' id='word_1_105' title='bbox 720 1650 861 1704; x_wconf 86' lang='lat' dir='ltr'><strong>inter</strong></span> <span class='ocrx_word' id='word_1_106' title='bbox 900 1665 957 1704; x_wconf 87' lang='lat' dir='ltr'><strong>se</strong></span> <span class='ocrx_word' id='word_1_107' title='bbox 991 1659 1100 1704; x_wconf 88' lang='lat' dir='ltr'><strong>tum</strong></span> <span class='ocrx_word' id='word_1_108' title='bbox 1146 1651 1353 1709; x_wconf 86' lang='lat' dir='ltr'><strong>calamo</strong></span> <span class='ocrx_word' id='word_1_109' title='bbox 1382 1654 1585 1715; x_wconf 82' lang='lat' dir='ltr'><strong>notati,</strong></span> <span class='ocrx_word' id='word_1_110' title='bbox 1622 1663 1731 1707; x_wconf 90' lang='lat' dir='ltr'><strong>tum</strong></span> <span class='ocrx_word' id='word_1_111' title='bbox 1766 1656 1907 1724; x_wconf 85' lang='lat' dir='ltr'><strong>typis</strong></span> <span class='ocrx_word' id='word_1_112' title='bbox 1954 1657 2045 1710; x_wconf 86' lang='lat' dir='ltr'><strong>de-</strong></span> 
     </span>
    </p>
   </div>
   <div class='ocr_carea' id='block_1_16' title="bbox 462 1741 2041 1811">
    <p class='ocr_par' dir='ltr' id='par_1_16' title="bbox 462 1741 2041 1811">
     <span class='ocr_line' id='line_1_16' title="bbox 462 1741 2041 1811; baseline 0.003 -16"><span class='ocrx_word' id='word_1_113' title='bbox 462 1742 652 1811; x_wconf 80' lang='lat' dir='ltr'><strong>scripti</strong></span> <span class='ocrx_word' id='word_1_114' title='bbox 688 1742 830 1795; x_wconf 91' lang='lat' dir='ltr'><strong>libri.</strong></span> <span class='ocrx_word' id='word_1_115' title='bbox 866 1741 1220 1801; x_wconf 83' lang='lat' dir='ltr'><strong>Combefisius</strong></span> <span class='ocrx_word' id='word_1_116' title='bbox 1242 1745 1384 1801; x_wconf 88' lang='lat' dir='ltr'><strong>enim</strong></span> <span class='ocrx_word' id='word_1_117' title='bbox 1418 1746 1468 1798; x_wconf 94' lang='lat' dir='ltr'><strong>in</strong></span> <span class='ocrx_word' id='word_1_118' title='bbox 1508 1760 1607 1799; x_wconf 91' lang='lat' dir='ltr'><strong>suo</strong></span> <span class='ocrx_word' id='word_1_119' title='bbox 1631 1744 1834 1799; x_wconf 81' lang='lat' dir='ltr'><strong>Basilio</strong></span> <span class='ocrx_word' id='word_1_120' title='bbox 1866 1764 2041 1801; x_wconf 85' lang='lat' dir='ltr'><strong>recen-</strong></span> 
     </span>
    </p>
   </div>
   <div class='ocr_carea' id='block_1_17' title="bbox 462 1833 2039 1905">
    <p class='ocr_par' dir='ltr' id='par_1_17' title="bbox 462 1833 2039 1905">
     <span class='ocr_line' id='line_1_17' title="bbox 462 1833 2039 1905; baseline 0.004 -18"><span class='ocrx_word' id='word_1_121' title='bbox 462 1834 564 1887; x_wconf 68' lang='lat' dir='ltr'><strong>ailo</strong></span> <span class='ocrx_word' id='word_1_122' title='bbox 587 1872 603 1896; x_wconf 92' lang='lat'><strong>,</strong></span> <span class='ocrx_word' id='word_1_123' title='bbox 664 1844 808 1887; x_wconf 92' lang='lat' dir='ltr'><strong>tomo</strong></span> <span class='ocrx_word' id='word_1_124' title='bbox 836 1833 875 1887; x_wconf 86' lang='lat' dir='ltr'><strong>ll</strong></span> <span class='ocrx_word' id='word_1_125' title='bbox 900 1875 915 1896; x_wconf 92' lang='lat'><strong>,</strong></span> <span class='ocrx_word' id='word_1_126' title='bbox 967 1851 1086 1905; x_wconf 87' lang='lat' dir='ltr'><strong>pag.</strong></span> <span class='ocrx_word' id='word_1_127' title='bbox 1117 1834 1219 1899; x_wconf 71' lang='grc'>27,</span> <span class='ocrx_word' id='word_1_128' title='bbox 1252 1845 1434 1889; x_wconf 90' lang='lat' dir='ltr'><strong>monet</strong></span> <span class='ocrx_word' id='word_1_129' title='bbox 1466 1836 1684 1890; x_wconf 87' lang='lat' dir='ltr'><strong>ultimos</strong></span> <span class='ocrx_word' id='word_1_130' title='bbox 1710 1840 1841 1891; x_wconf 88' lang='lat' dir='ltr'><strong>duos</strong></span> <span class='ocrx_word' id='word_1_131' title='bbox 1875 1839 2039 1893; x_wconf 90' lang='lat' dir='ltr'><strong>libros</strong></span> 
     </span>
    </p>
   </div>
   <div class='ocr_carea' id='block_1_18' title="bbox 468 1923 2037 1995">
    <p class='ocr_par' dir='ltr' id='par_1_18' title="bbox 468 1923 2037 1995">
     <span class='ocr_line' id='line_1_18' title="bbox 468 1923 2037 1995; baseline 0.004 -19"><span class='ocrx_word' id='word_1_132' title='bbox 468 1923 519 1976; x_wconf 93' lang='lat' dir='ltr'><strong>in</strong></span> <span class='ocrx_word' id='word_1_133' title='bbox 552 1938 656 1977; x_wconf 92' lang='lat' dir='ltr'><strong>uno</strong></span> <span class='ocrx_word' id='word_1_134' title='bbox 684 1926 872 1978; x_wconf 88' lang='lat' dir='ltr'><strong>codice</strong></span> <span class='ocrx_word' id='word_1_135' title='bbox 900 1924 1066 1995; x_wconf 83' lang='lat' dir='ltr'><strong>Regio</strong></span> <span class='ocrx_word' id='word_1_136' title='bbox 1095 1927 1391 1982; x_wconf 88' lang='lat' dir='ltr'><strong>desiderari</strong></span> <span class='ocrx_word' id='word_1_137' title='bbox 1432 1945 1445 1980; x_wconf 93' lang='lat'><strong>:</strong></span> <span class='ocrx_word' id='word_1_138' title='bbox 1480 1928 1733 1981; x_wconf 88' lang='lat' dir='ltr'><strong>similiter</strong></span> <span class='ocrx_word' id='word_1_139' title='bbox 1764 1938 1820 1982; x_wconf 89' lang='lat' dir='ltr'><strong>et</strong></span> <span class='ocrx_word' id='word_1_140' title='bbox 1848 1930 1898 1982; x_wconf 91' lang='lat' dir='ltr'><strong>in</strong></span> <span class='ocrx_word' id='word_1_141' title='bbox 1922 1930 2037 1982; x_wconf 90' lang='lat' dir='ltr'><strong>edi-</strong></span> 
     </span>
    </p>
   </div>
   <div class='ocr_carea' id='block_1_19' title="bbox 462 2016 2038 2087">
    <p class='ocr_par' dir='ltr' id='par_1_19' title="bbox 462 2016 2038 2087">
     <span class='ocr_line' id='line_1_19' title="bbox 462 2016 2038 2087; baseline 0.006 -22"><span class='ocrx_word' id='word_1_142' title='bbox 462 2020 609 2069; x_wconf 84' lang='lat' dir='ltr'><strong>tione</strong></span> <span class='ocrx_word' id='word_1_143' title='bbox 632 2016 863 2081; x_wconf 74' lang='lat' dir='ltr'><strong>Veneta,</strong></span> <span class='ocrx_word' id='word_1_144' title='bbox 911 2033 1029 2086; x_wconf 70' lang='lat' dir='ltr'><strong>qua:</strong></span> <span class='ocrx_word' id='word_1_145' title='bbox 1060 2034 1125 2072; x_wconf 81' lang='lat' dir='ltr'><strong>ex</strong></span> <span class='ocrx_word' id='word_1_146' title='bbox 1164 2017 1422 2087; x_wconf 85' lang='lat' dir='ltr'><strong>Stephani</strong></span> <span class='ocrx_word' id='word_1_147' title='bbox 1458 2018 1603 2074; x_wconf 84' lang='lat' dir='ltr'><strong>Sabii</strong></span> <span class='ocrx_word' id='word_1_148' title='bbox 1649 2018 1860 2073; x_wconf 83' lang='lat' dir='ltr'><strong>oflicina</strong></span> <span class='ocrx_word' id='word_1_149' title='bbox 1894 2036 2038 2074; x_wconf 88' lang='lat' dir='ltr'><strong>anno</strong></span> 
     </span>
    </p>
   </div>
   <div class='ocr_carea' id='block_1_20' title="bbox 466 2107 2033 2178">
    <p class='ocr_par' dir='ltr' id='par_1_20' title="bbox 466 2107 2033 2178">
     <span class='ocr_line' id='line_1_20' title="bbox 466 2107 2033 2178; baseline 0.005 -19"><span class='ocrx_word' id='word_1_150' title='bbox 466 2107 605 2161; x_wconf 78' lang='grc'><strong>1555</strong></span> <span class='ocrx_word' id='word_1_151' title='bbox 636 2109 867 2176; x_wconf 89' lang='lat' dir='ltr'><strong>prodiit,</strong></span> <span class='ocrx_word' id='word_1_152' title='bbox 900 2120 1009 2163; x_wconf 91' lang='lat' dir='ltr'><strong>tres</strong></span> <span class='ocrx_word' id='word_1_153' title='bbox 1040 2120 1245 2163; x_wconf 88' lang='lat' dir='ltr'><strong>tantum</strong></span> <span class='ocrx_word' id='word_1_154' title='bbox 1281 2112 1490 2178; x_wconf 84' lang='lat' dir='ltr'><strong>priores</strong></span> <span class='ocrx_word' id='word_1_155' title='bbox 1538 2122 1755 2167; x_wconf 84' lang='lat' dir='ltr'><strong>exstare</strong></span> <span class='ocrx_word' id='word_1_156' title='bbox 1803 2122 2033 2167; x_wconf 88' lang='lat' dir='ltr'><strong>constat.</strong></span> 
     </span>
    </p>
   </div>
   <div class='ocr_carea' id='block_1_21' title="bbox 454 2195 2033 2267">
    <p class='ocr_par' dir='ltr' id='par_1_21' title="bbox 454 2195 2033 2267">
     <span class='ocr_line' id='line_1_21' title="bbox 454 2195 2033 2267; baseline 0.002 -16"><span class='ocrx_word' id='word_1_157' title='bbox 454 2195 711 2251; x_wconf 65' lang='lat' dir='ltr'><strong>(indicem</strong></span> <span class='ocrx_word' id='word_1_158' title='bbox 762 2198 904 2262; x_wconf 81' lang='lat' dir='ltr'><strong>eum,</strong></span> <span class='ocrx_word' id='word_1_159' title='bbox 958 2199 1009 2251; x_wconf 93' lang='lat' dir='ltr'><strong>in</strong></span> <span class='ocrx_word' id='word_1_160' title='bbox 1067 2214 1196 2267; x_wconf 87' lang='lat' dir='ltr'><strong>quo,</strong></span> <span class='ocrx_word' id='word_1_161' title='bbox 1252 2209 1387 2253; x_wconf 84' lang='lat' dir='ltr'><strong>teste</strong></span> <span class='ocrx_word' id='word_1_162' title='bbox 1418 2198 1777 2265; x_wconf 86' lang='lat' dir='ltr'><strong>Combefisio,</strong></span> <span class='ocrx_word' id='word_1_163' title='bbox 1832 2202 2033 2255; x_wconf 79' lang='lat' dir='ltr'><strong>exarati</strong></span> 
     </span>
    </p>
   </div>
   <div class='ocr_carea' id='block_1_22' title="bbox 464 2288 2032 2361">
    <p class='ocr_par' dir='ltr' id='par_1_22' title="bbox 464 2288 2032 2361">
     <span class='ocr_line' id='line_1_22' title="bbox 464 2288 2032 2361; baseline 0.004 -23"><span class='ocrx_word' id='word_1_164' title='bbox 464 2295 590 2339; x_wconf 87' lang='lat' dir='ltr'><strong>sunt</strong></span> <span class='ocrx_word' id='word_1_165' title='bbox 618 2288 788 2342; x_wconf 89' lang='lat' dir='ltr'><strong>solum</strong></span> <span class='ocrx_word' id='word_1_166' title='bbox 835 2288 1045 2356; x_wconf 87' lang='lat' dir='ltr'><strong>priores</strong></span> <span class='ocrx_word' id='word_1_167' title='bbox 1092 2298 1201 2342; x_wconf 84' lang='lat' dir='ltr'><strong>tres</strong></span> <span class='ocrx_word' id='word_1_168' title='bbox 1252 2288 1412 2349; x_wconf 89' lang='lat' dir='ltr'><strong>libri,</strong></span> <span class='ocrx_word' id='word_1_169' title='bbox 1466 2306 1569 2343; x_wconf 91' lang='lat' dir='ltr'><strong>non</strong></span> <span class='ocrx_word' id='word_1_170' title='bbox 1625 2291 1798 2360; x_wconf 87' lang='lat' dir='ltr'><strong>reperi</strong></span> <span class='ocrx_word' id='word_1_171' title='bbox 1848 2306 1946 2361; x_wconf 87' lang='lat' dir='ltr'><strong>ego</strong></span> <span class='ocrx_word' id='word_1_172' title='bbox 1982 2290 2032 2343; x_wconf 93' lang='lat' dir='ltr'><strong>in</strong></span> 
     </span>
    </p>
   </div>
   <div class='ocr_carea' id='block_1_23' title="bbox 456 2379 2033 2447">
    <p class='ocr_par' dir='ltr' id='par_1_23' title="bbox 456 2379 2033 2447">
     <span class='ocr_line' id='line_1_23' title="bbox 456 2379 2033 2447; baseline 0 -13"><span class='ocrx_word' id='word_1_173' title='bbox 456 2379 784 2435; x_wconf 75' lang='lat' dir='ltr'><strong>bibliotheca</strong></span> <span class='ocrx_word' id='word_1_174' title='bbox 838 2380 999 2447; x_wconf 82' lang='lat' dir='ltr'><strong>Regia</strong></span> <span class='ocrx_word' id='word_1_175' title='bbox 1048 2383 1191 2434; x_wconf 89' lang='lat' dir='ltr'><strong>:sed</strong></span> <span class='ocrx_word' id='word_1_176' title='bbox 1244 2380 1548 2435; x_wconf 89' lang='lat' dir='ltr'><strong>inciderunt</strong></span> <span class='ocrx_word' id='word_1_177' title='bbox 1603 2383 1654 2435; x_wconf 92' lang='lat' dir='ltr'><strong>in</strong></span> <span class='ocrx_word' id='word_1_178' title='bbox 1706 2399 1897 2436; x_wconf 90' lang='lat' dir='ltr'><strong>manus</strong></span> <span class='ocrx_word' id='word_1_179' title='bbox 1944 2382 2033 2434; x_wconf 87' lang='lat' dir='ltr'><strong>alii</strong></span> 
     </span>
    </p>
   </div>
   <div class='ocr_carea' id='block_1_24' title="bbox 460 2470 2032 2541">
    <p class='ocr_par' dir='ltr' id='par_1_24' title="bbox 460 2470 2032 2541">
     <span class='ocr_line' id='line_1_24' title="bbox 460 2470 2032 2541; baseline 0.001 -18"><span class='ocrx_word' id='word_1_180' title='bbox 460 2484 554 2523; x_wconf 72' lang='lat' dir='ltr'><strong>sex</strong></span> <span class='ocrx_word' id='word_1_181' title='bbox 608 2480 803 2539; x_wconf 66' lang='lat' dir='ltr'><strong>praeter</strong></span> <span class='ocrx_word' id='word_1_182' title='bbox 832 2486 995 2523; x_wconf 92' lang='lat' dir='ltr'><strong>unum</strong></span> <span class='ocrx_word' id='word_1_183' title='bbox 1022 2470 1413 2533; x_wconf 89' lang='lat' dir='ltr'><strong>Colbertinum,</strong></span> <span class='ocrx_word' id='word_1_184' title='bbox 1447 2473 1499 2525; x_wconf 92' lang='lat' dir='ltr'><strong>in</strong></span> <span class='ocrx_word' id='word_1_185' title='bbox 1534 2474 1728 2541; x_wconf 87' lang='lat' dir='ltr'><strong>quibus</strong></span> <span class='ocrx_word' id='word_1_186' title='bbox 1754 2474 2032 2537; x_wconf 91' lang='lat' dir='ltr'><strong>omnibus,</strong></span> 
     </span>
    </p>
   </div>
   <div class='ocr_carea' id='block_1_25' title="bbox 458 2560 2035 2633">
    <p class='ocr_par' dir='ltr' id='par_1_25' title="bbox 458 2560 2035 2633">
     <span class='ocr_line' id='line_1_25' title="bbox 458 2560 2035 2633; baseline 0.003 -21"><span class='ocrx_word' id='word_1_187' title='bbox 458 2571 521 2614; x_wconf 81' lang='grc' dir='ltr'><strong>,ιιι</strong></span> <span class='ocrx_word' id='word_1_188' title='bbox 547 2576 731 2614; x_wconf 85' lang='lat' dir='ltr'><strong>verum</strong></span> <span class='ocrx_word' id='word_1_189' title='bbox 781 2560 975 2629; x_wconf 87' lang='lat' dir='ltr'><strong>fatear,</strong></span> <span class='ocrx_word' id='word_1_190' title='bbox 1032 2562 1084 2615; x_wconf 90' lang='lat' dir='ltr'><strong>hi</strong></span> <span class='ocrx_word' id='word_1_191' title='bbox 1137 2564 1378 2633; x_wconf 88' lang='lat' dir='ltr'><strong>quinque</strong></span> <span class='ocrx_word' id='word_1_192' title='bbox 1432 2562 1553 2618; x_wconf 90' lang='lat' dir='ltr'><strong>libri</strong></span> <span class='ocrx_word' id='word_1_193' title='bbox 1596 2565 1801 2631; x_wconf 90' lang='lat' dir='ltr'><strong>pariter</strong></span> <span class='ocrx_word' id='word_1_194' title='bbox 1834 2564 2035 2617; x_wconf 85' lang='lat' dir='ltr'><strong>Basilio</strong></span> 
     </span>
    </p>
   </div>
   <div class='ocr_carea' id='block_1_26' title="bbox 456 2652 2032 2727">
    <p class='ocr_par' dir='ltr' id='par_1_26' title="bbox 456 2652 2032 2727">
     <span class='ocr_line' id='line_1_26' title="bbox 456 2652 2032 2727; baseline 0.001 -18"><span class='ocrx_word' id='word_1_195' title='bbox 456 2652 653 2722; x_wconf 79' lang='lat' dir='ltr'><strong>Magno</strong></span> <span class='ocrx_word' id='word_1_196' title='bbox 684 2652 1012 2708; x_wconf 90' lang='lat' dir='ltr'><strong>tribuuntur.</strong></span> <span class='ocrx_word' id='word_1_197' title='bbox 1065 2654 1285 2709; x_wconf 82' lang='lat' dir='ltr'><strong>Monere</strong></span> <span class='ocrx_word' id='word_1_198' title='bbox 1318 2656 1494 2725; x_wconf 85' lang='lat' dir='ltr'><strong>juvat,</strong></span> <span class='ocrx_word' id='word_1_199' title='bbox 1529 2656 1754 2724; x_wconf 86' lang='lat' dir='ltr'><strong>reperiri</strong></span> <span class='ocrx_word' id='word_1_200' title='bbox 1783 2657 1833 2709; x_wconf 92' lang='lat' dir='ltr'><strong>in</strong></span> <span class='ocrx_word' id='word_1_201' title='bbox 1869 2658 2032 2727; x_wconf 70' lang='lat' dir='ltr'><strong>Regio</strong></span> 
     </span>
    </p>
   </div>
   <div class='ocr_carea' id='block_1_27' title="bbox 459 2744 2028 2817">
    <p class='ocr_par' dir='ltr' id='par_1_27' title="bbox 459 2744 2028 2817">
     <span class='ocr_line' id='line_1_27' title="bbox 459 2744 2028 2817; baseline 0.003 -22"><span class='ocrx_word' id='word_1_202' title='bbox 459 2744 648 2812; x_wconf 90' lang='lat' dir='ltr'><strong>quinto</strong></span> <span class='ocrx_word' id='word_1_203' title='bbox 693 2745 880 2800; x_wconf 88' lang='lat' dir='ltr'><strong>codice</strong></span> <span class='ocrx_word' id='word_1_204' title='bbox 924 2746 1079 2801; x_wconf 89' lang='lat' dir='ltr'><strong>initio</strong></span> <span class='ocrx_word' id='word_1_205' title='bbox 1113 2746 1236 2801; x_wconf 90' lang='lat' dir='ltr'><strong>libri</strong></span> <span class='ocrx_word' id='word_1_206' title='bbox 1282 2748 1458 2816; x_wconf 88' lang='lat' dir='ltr'><strong>quarti</strong></span> <span class='ocrx_word' id='word_1_207' title='bbox 1507 2758 1686 2800; x_wconf 87' lang='lat' dir='ltr'><strong>notam</strong></span> <span class='ocrx_word' id='word_1_208' title='bbox 1719 2749 2028 2817; x_wconf 85' lang='lat' dir='ltr'><strong>quamdam,</strong></span> 
     </span>
    </p>
   </div>
   <div class='ocr_carea' id='block_1_28' title="bbox 449 2835 2032 2909">
    <p class='ocr_par' dir='ltr' id='par_1_28' title="bbox 449 2835 2032 2909">
     <span class='ocr_line' id='line_1_28' title="bbox 449 2835 2032 2909; baseline 0.002 -20"><span class='ocrx_word' id='word_1_209' title='bbox 449 2848 621 2900; x_wconf 84' lang='lat' dir='ltr'><strong>.quam</strong></span> <span class='ocrx_word' id='word_1_210' title='bbox 650 2835 762 2889; x_wconf 83' lang='lat' dir='ltr'><strong>hic</strong></span> <span class='ocrx_word' id='word_1_211' title='bbox 810 2836 1225 2890; x_wconf 79' lang='lat' dir='ltr'><strong>exscribendam</strong></span> <span class='ocrx_word' id='word_1_212' title='bbox 1268 2838 1473 2890; x_wconf 89' lang='lat' dir='ltr'><strong>censui.</strong></span> <span class='ocrx_word' id='word_1_213' title='bbox 1531 2838 1618 2890; x_wconf 75' lang='lat' dir='ltr'><strong>Est</strong></span> <span class='ocrx_word' id='word_1_214' title='bbox 1670 2848 1846 2891; x_wconf 89' lang='lat' dir='ltr'><strong>autem</strong></span> <span class='ocrx_word' id='word_1_215' title='bbox 1890 2840 2032 2909; x_wconf 80' lang='lat' dir='ltr'><strong>ejus—</strong></span> 
     </span>
    </p>
   </div>
   <div class='ocr_carea' id='block_1_29' title="bbox 454 2912 2031 3001">
    <p class='ocr_par' dir='ltr' id='par_1_29' title="bbox 454 2912 2031 3001">
     <span class='ocr_line' id='line_1_29' title="bbox 454 2912 2031 3001; baseline 0.001 -20"><span class='ocrx_word' id='word_1_216' title='bbox 454 2925 642 2981; x_wconf 83' lang='lat' dir='ltr'><strong>modi:</strong></span> <span class='ocrx_word' id='word_1_217' title='bbox 675 2912 784 2978; x_wconf 76' lang='lat' dir='ltr'><strong>Kai.</strong></span> <span class='ocrx_word' id='word_1_218' title='bbox 835 2928 960 2997; x_wconf 78' lang='grc' dir='ltr'>περὶ</span> <span class='ocrx_word' id='word_1_219' title='bbox 1017 2926 1204 2980; x_wconf 83' lang='grc' dir='ltr'>τούτου</span> <span class='ocrx_word' id='word_1_220' title='bbox 1255 2927 1348 2980; x_wconf 78' lang='grc' dir='ltr'><strong>τοῦ</strong></span> <span class='ocrx_word' id='word_1_221' title='bbox 1399 2927 1555 3001; x_wconf 77' lang='grc' dir='ltr'>λόγου</span> <span class='ocrx_word' id='word_1_222' title='bbox 1597 2928 1847 3000; x_wconf 74' lang='grc' dir='ltr'>διάφορος</span> <span class='ocrx_word' id='word_1_223' title='bbox 1880 2930 2031 3001; x_wconf 76' lang='grc' dir='ltr'>παρὰ</span> 
     </span>
    </p>
   </div>
   <div class='ocr_carea' id='block_1_30' title="bbox 460 3016 2027 3089">
    <p class='ocr_par' dir='ltr' id='par_1_30' title="bbox 460 3016 2027 3089">
     <span class='ocr_line' id='line_1_30' title="bbox 460 3016 2027 3089; baseline 0.004 -22"><span class='ocrx_word' id='word_1_224' title='bbox 460 3016 669 3081; x_wconf 85' lang='grc' dir='ltr'>πολλοῖς</span> <span class='ocrx_word' id='word_1_225' title='bbox 709 3018 835 3083; x_wconf 79' lang='grc' dir='ltr'><strong>δόξα</strong></span> <span class='ocrx_word' id='word_1_226' title='bbox 880 3020 1089 3089; x_wconf 83' lang='grc' dir='ltr'>κρατεῖ,</span> <span class='ocrx_word' id='word_1_227' title='bbox 1132 3018 1241 3072; x_wconf 84' lang='grc' dir='ltr'><strong>τῶν</strong></span> <span class='ocrx_word' id='word_1_228' title='bbox 1293 3020 1389 3089; x_wconf 81' lang='grc' dir='ltr'>μὲν</span> <span class='ocrx_word' id='word_1_229' title='bbox 1434 3019 1697 3088; x_wconf 83' lang='grc' dir='ltr'>λεγόντων</span> <span class='ocrx_word' id='word_1_230' title='bbox 1739 3020 1899 3075; x_wconf 77' lang='grc' dir='ltr'>αὐτὸν</span> <span class='ocrx_word' id='word_1_231' title='bbox 1934 3022 2027 3074; x_wconf 80' lang='grc' dir='ltr'><strong>τοῦ</strong></span> 
     </span>
    </p>
   </div>
   <div class='ocr_carea' id='block_1_31' title="bbox 458 3106 2026 3177">
    <p class='ocr_par' dir='ltr' id='par_1_31' title="bbox 458 3106 2026 3177">
     <span class='ocr_line' id='line_1_31' title="bbox 458 3106 2026 3177; baseline 0.004 -20"><span class='ocrx_word' id='word_1_232' title='bbox 458 3106 612 3172; x_wconf 82' lang='grc' dir='ltr'>ἁγίου</span> <span class='ocrx_word' id='word_1_233' title='bbox 671 3107 983 3171; x_wconf 81' lang='grc' dir='ltr'>Βασιλείου,</span> <span class='ocrx_word' id='word_1_234' title='bbox 1050 3106 1153 3159; x_wconf 81' lang='grc' dir='ltr'>τῶν</span> <span class='ocrx_word' id='word_1_235' title='bbox 1206 3106 1263 3159; x_wconf 81' lang='grc' dir='ltr'>δὲ</span> <span class='ocrx_word' id='word_1_236' title='bbox 1327 3106 1713 3174; x_wconf 79' lang='grc' dir='ltr'><strong>ἀντιλεγόντων</strong></span> <span class='ocrx_word' id='word_1_237' title='bbox 1771 3109 1902 3177; x_wconf 77' lang='grc' dir='ltr'>μὲν,</span> <span class='ocrx_word' id='word_1_238' title='bbox 1966 3111 2026 3162; x_wconf 77' lang='grc' dir='ltr'><strong>οὐ</strong></span> 
     </span>
    </p>
   </div>
   <div class='ocr_carea' id='block_1_32' title="bbox 452 3199 2025 3270">
    <p class='ocr_par' dir='ltr' id='par_1_32' title="bbox 452 3199 2025 3270">
     <span class='ocr_line' id='line_1_32' title="bbox 452 3199 2025 3270; baseline 0.003 -22"><span class='ocrx_word' id='word_1_239' title='bbox 452 3199 904 3269; x_wconf 58' lang='grc' dir='ltr'>,καιπιγορούντων</span> <span class='ocrx_word' id='word_1_240' title='bbox 925 3199 1000 3263; x_wconf 82' lang='grc' dir='ltr'>δὲ,</span> <span class='ocrx_word' id='word_1_241' title='bbox 1026 3199 1101 3262; x_wconf 81' lang='grc' dir='ltr'><strong>ὣς</strong></span> <span class='ocrx_word' id='word_1_242' title='bbox 1121 3217 1174 3251; x_wconf 85' lang='grc' dir='ltr'><strong>τι</strong></span> <span class='ocrx_word' id='word_1_243' title='bbox 1194 3200 1533 3269; x_wconf 79' lang='grc' dir='ltr'>ἁπεμφαῖνον</span> <span class='ocrx_word' id='word_1_244' title='bbox 1556 3200 1787 3270; x_wconf 81' lang='grc' dir='ltr'>ἔχοντος.</span> <span class='ocrx_word' id='word_1_245' title='bbox 1822 3220 1840 3253; x_wconf 87' lang='grc'><strong><em>‹</em></strong></span> <span class='ocrx_word' id='word_1_246' title='bbox 1855 3201 2025 3255; x_wconf 80' lang='lat' dir='ltr'><strong>Etiam</strong></span> 
     </span>
    </p>
   </div>
   <div class='ocr_carea' id='block_1_33' title="bbox 448 3288 2026 3361">
    <p class='ocr_par' dir='ltr' id='par_1_33' title="bbox 448 3288 2026 3361">
     <span class='ocr_line' id='line_1_33' title="bbox 448 3288 2026 3361; baseline 0.002 -19"><span class='ocrx_word' id='word_1_247' title='bbox 448 3288 525 3342; x_wconf 87' lang='lat' dir='ltr'><strong>.de</strong></span> <span class='ocrx_word' id='word_1_248' title='bbox 564 3289 666 3343; x_wconf 88' lang='lat' dir='ltr'><strong>hoc</strong></span> <span class='ocrx_word' id='word_1_249' title='bbox 717 3290 852 3345; x_wconf 90' lang='lat' dir='ltr'><strong>libro</strong></span> <span class='ocrx_word' id='word_1_250' title='bbox 912 3291 1062 3345; x_wconf 89' lang='lat' dir='ltr'><strong>multi</strong></span> <span class='ocrx_word' id='word_1_251' title='bbox 1103 3291 1255 3345; x_wconf 89' lang='lat' dir='ltr'><strong>varie</strong></span> <span class='ocrx_word' id='word_1_252' title='bbox 1309 3292 1549 3345; x_wconf 89' lang='lat' dir='ltr'><strong>sentiunt</strong></span> <span class='ocrx_word' id='word_1_253' title='bbox 1600 3308 1614 3343; x_wconf 92' lang='lat'><strong>:</strong></span> <span class='ocrx_word' id='word_1_254' title='bbox 1668 3293 1755 3345; x_wconf 90' lang='lat' dir='ltr'><strong>alii</strong></span> <span class='ocrx_word' id='word_1_255' title='bbox 1811 3294 2026 3361; x_wconf 90' lang='lat' dir='ltr'><strong>quidem</strong></span> 
     </span>
    </p>
   </div>
   <div class='ocr_carea' id='block_1_34' title="bbox 457 3381 2022 3454">
    <p class='ocr_par' dir='ltr' id='par_1_34' title="bbox 457 3381 2022 3454">
     <span class='ocr_line' id='line_1_34' title="bbox 457 3381 2022 3454; baseline 0.004 -23"><span class='ocrx_word' id='word_1_256' title='bbox 457 3381 646 3435; x_wconf 88' lang='lat' dir='ltr'><strong>dicunt</strong></span> <span class='ocrx_word' id='word_1_257' title='bbox 677 3382 829 3436; x_wconf 90' lang='lat' dir='ltr'><strong>illum</strong></span> <span class='ocrx_word' id='word_1_258' title='bbox 879 3398 1000 3438; x_wconf 89' lang='lat' dir='ltr'><strong>esse</strong></span> <span class='ocrx_word' id='word_1_259' title='bbox 1030 3385 1201 3437; x_wconf 88' lang='lat' dir='ltr'><strong>sancti</strong></span> <span class='ocrx_word' id='word_1_260' title='bbox 1234 3384 1449 3450; x_wconf 88' lang='lat' dir='ltr'><strong>Basilii,</strong></span> <span class='ocrx_word' id='word_1_261' title='bbox 1492 3384 1580 3437; x_wconf 90' lang='lat' dir='ltr'><strong>alii</strong></span> <span class='ocrx_word' id='word_1_262' title='bbox 1618 3400 1745 3438; x_wconf 87' lang='lat' dir='ltr'><strong>vero</strong></span> <span class='ocrx_word' id='word_1_263' title='bbox 1791 3395 2022 3454; x_wconf 85' lang='lat' dir='ltr'><strong>negant;</strong></span> 
     </span>
    </p>
   </div>
   <div class='ocr_carea' id='block_1_35' title="bbox 453 3472 2027 3544">
    <p class='ocr_par' dir='ltr' id='par_1_35' title="bbox 453 3472 2027 3544">
     <span class='ocr_line' id='line_1_35' title="bbox 453 3472 2027 3544; baseline 0.004 -21"><span class='ocrx_word' id='word_1_264' title='bbox 453 3472 551 3524; x_wconf 84' lang='lat' dir='ltr'><strong>sed</strong></span> <span class='ocrx_word' id='word_1_265' title='bbox 589 3482 765 3526; x_wconf 90' lang='lat' dir='ltr'><strong>tamen</strong></span> <span class='ocrx_word' id='word_1_266' title='bbox 792 3488 911 3527; x_wconf 91' lang='lat' dir='ltr'><strong>eum</strong></span> <span class='ocrx_word' id='word_1_267' title='bbox 945 3490 1050 3528; x_wconf 91' lang='lat' dir='ltr'><strong>non</strong></span> <span class='ocrx_word' id='word_1_268' title='bbox 1075 3477 1455 3541; x_wconf 87' lang='lat' dir='ltr'><strong>condemnant,</strong></span> <span class='ocrx_word' id='word_1_269' title='bbox 1492 3476 1644 3544; x_wconf 85' lang='lat' dir='ltr'><strong>quasi</strong></span> <span class='ocrx_word' id='word_1_270' title='bbox 1680 3477 1895 3531; x_wconf 88' lang='lat' dir='ltr'><strong>absurdi</strong></span> <span class='ocrx_word' id='word_1_271' title='bbox 1931 3477 2027 3529; x_wconf 91' lang='lat' dir='ltr'><strong>ali-</strong></span> 
     </span>
    </p>
   </div>
   <div class='ocr_carea' id='block_1_36' title="bbox 459 3562 2024 3638">
    <p class='ocr_par' dir='ltr' id='par_1_36' title="bbox 459 3562 2024 3638">
     <span class='ocr_line' id='line_1_36' title="bbox 459 3562 2024 3638; baseline 0.006 -27"><span class='ocrx_word' id='word_1_272' title='bbox 459 3562 583 3629; x_wconf 88' lang='lat' dir='ltr'><strong>quid</strong></span> <span class='ocrx_word' id='word_1_273' title='bbox 619 3566 911 3618; x_wconf 89' lang='lat' dir='ltr'><strong>contineat.</strong></span> <span class='ocrx_word' id='word_1_274' title='bbox 947 3584 969 3617; x_wconf 68' lang='grc' dir='ltr'><strong><em>ι</em></strong></span> <span class='ocrx_word' id='word_1_275' title='bbox 1016 3566 1093 3625; x_wconf 78' lang='lat' dir='ltr'><strong>Ex</strong></span> <span class='ocrx_word' id='word_1_276' title='bbox 1118 3568 1315 3638; x_wconf 87' lang='lat' dir='ltr'><strong>quibus</strong></span> <span class='ocrx_word' id='word_1_277' title='bbox 1344 3567 1695 3636; x_wconf 81' lang='lat' dir='ltr'><strong>intelligitur,</strong></span> <span class='ocrx_word' id='word_1_278' title='bbox 1730 3582 1834 3621; x_wconf 92' lang='lat' dir='ltr'><strong>non</strong></span> <span class='ocrx_word' id='word_1_279' title='bbox 1862 3584 2024 3621; x_wconf 87' lang='lat' dir='ltr'><strong>unam</strong></span> 
     </span>
    </p>
   </div>
   <div class='ocr_carea' id='block_1_37' title="bbox 456 3655 2027 3727">
    <p class='ocr_par' dir='ltr' id='par_1_37' title="bbox 456 3655 2027 3727">
     <span class='ocr_line' id='line_1_37' title="bbox 456 3655 2027 3727; baseline 0.006 -23"><span class='ocrx_word' id='word_1_280' title='bbox 456 3655 693 3708; x_wconf 88' lang='lat' dir='ltr'><strong>omnium</strong></span> <span class='ocrx_word' id='word_1_281' title='bbox 730 3658 795 3710; x_wconf 92' lang='lat' dir='ltr'><strong>de</strong></span> <span class='ocrx_word' id='word_1_282' title='bbox 829 3658 929 3711; x_wconf 91' lang='lat' dir='ltr'><strong>hoc</strong></span> <span class='ocrx_word' id='word_1_283' title='bbox 972 3658 1111 3713; x_wconf 90' lang='lat' dir='ltr'><strong>libro</strong></span> <span class='ocrx_word' id='word_1_284' title='bbox 1158 3658 1321 3714; x_wconf 79' lang='lat' dir='ltr'><strong>fuisse</strong></span> <span class='ocrx_word' id='word_1_285' title='bbox 1355 3658 1677 3712; x_wconf 90' lang='lat' dir='ltr'><strong>sententiam</strong></span> <span class='ocrx_word' id='word_1_286' title='bbox 1708 3659 1849 3727; x_wconf 91' lang='lat' dir='ltr'><strong>apud</strong></span> <span class='ocrx_word' id='word_1_287' title='bbox 1881 3658 2027 3713; x_wconf 76' lang='lat' dir='ltr'><strong>Cra:-</strong></span> 
     </span>
    </p>
   </div>
   <div class='ocr_carea' id='block_1_38' title="bbox 457 3746 2027 3817">
    <p class='ocr_par' dir='ltr' id='par_1_38' title="bbox 457 3746 2027 3817">
     <span class='ocr_line' id='line_1_38' title="bbox 457 3746 2027 3817; baseline 0.003 -20"><span class='ocrx_word' id='word_1_288' title='bbox 457 3758 551 3798; x_wconf 88' lang='lat' dir='ltr'><strong>cos</strong></span> <span class='ocrx_word' id='word_1_289' title='bbox 581 3762 595 3799; x_wconf 90' lang='lat'>:</span> <span class='ocrx_word' id='word_1_290' title='bbox 628 3746 719 3801; x_wconf 90' lang='lat' dir='ltr'><strong>sed</strong></span> <span class='ocrx_word' id='word_1_291' title='bbox 763 3748 898 3802; x_wconf 90' lang='lat' dir='ltr'><strong>alios</strong></span> <span class='ocrx_word' id='word_1_292' title='bbox 931 3749 1072 3805; x_wconf 90' lang='lat' dir='ltr'><strong>aliud</strong></span> <span class='ocrx_word' id='word_1_293' title='bbox 1106 3751 1358 3809; x_wconf 85' lang='lat' dir='ltr'><strong>sensisse.</strong></span> <span class='ocrx_word' id='word_1_294' title='bbox 1403 3750 1577 3803; x_wconf 88' lang='lat' dir='ltr'><strong>Nolim</strong></span> <span class='ocrx_word' id='word_1_295' title='bbox 1610 3750 1821 3817; x_wconf 89' lang='lat' dir='ltr'><strong>quidem</strong></span> <span class='ocrx_word' id='word_1_296' title='bbox 1857 3766 1920 3803; x_wconf 83' lang='lat' dir='ltr'><strong>ex</strong></span> <span class='ocrx_word' id='word_1_297' title='bbox 1956 3750 2027 3803; x_wconf 91' lang='lat' dir='ltr'><strong>si-</strong></span> 
     </span>
    </p>
   </div>
   <div class='ocr_carea' id='block_1_39' title="bbox 459 3833 2023 3908">
    <p class='ocr_par' dir='ltr' id='par_1_39' title="bbox 459 3833 2023 3908">
     <span class='ocr_line' id='line_1_39' title="bbox 459 3833 2023 3908; baseline 0.004 -23"><span class='ocrx_word' id='word_1_298' title='bbox 459 3833 672 3889; x_wconf 90' lang='lat' dir='ltr'><strong>milibus</strong></span> <span class='ocrx_word' id='word_1_299' title='bbox 720 3839 862 3890; x_wconf 91' lang='lat' dir='ltr'><strong>notis</strong></span> <span class='ocrx_word' id='word_1_300' title='bbox 914 3840 1129 3906; x_wconf 88' lang='lat' dir='ltr'><strong>probari</strong></span> <span class='ocrx_word' id='word_1_301' title='bbox 1187 3841 1368 3892; x_wconf 90' lang='lat' dir='ltr'><strong>statim</strong></span> <span class='ocrx_word' id='word_1_302' title='bbox 1414 3840 1719 3907; x_wconf 81' lang='lat' dir='ltr'><strong>opiniOnem</strong></span> <span class='ocrx_word' id='word_1_303' title='bbox 1766 3840 2023 3908; x_wconf 85' lang='lat' dir='ltr'><strong>aliquam,</strong></span> 
     </span>
    </p>
   </div>
   <div class='ocr_carea' id='block_1_40' title="bbox 450 3928 2024 3996">
    <p class='ocr_par' dir='ltr' id='par_1_40' title="bbox 450 3928 2024 3996">
     <span class='ocr_line' id='line_1_40' title="bbox 450 3928 2024 3996; baseline 0.001 -17"><span class='ocrx_word' id='word_1_304' title='bbox 450 3936 547 3979; x_wconf 72' lang='lat' dir='ltr'><strong>aut</strong></span> <span class='ocrx_word' id='word_1_305' title='bbox 595 3928 932 3996; x_wconf 88' lang='lat' dir='ltr'><strong>improbari:</strong></span> <span class='ocrx_word' id='word_1_306' title='bbox 965 3932 1057 3983; x_wconf 89' lang='lat' dir='ltr'><strong>sed</strong></span> <span class='ocrx_word' id='word_1_307' title='bbox 1107 3946 1201 3984; x_wconf 91' lang='lat' dir='ltr'><strong>eas</strong></span> <span class='ocrx_word' id='word_1_308' title='bbox 1247 3940 1424 3984; x_wconf 92' lang='lat' dir='ltr'><strong>tamen</strong></span> <span class='ocrx_word' id='word_1_309' title='bbox 1484 3947 1588 3984; x_wconf 93' lang='lat' dir='ltr'><strong>non</strong></span> <span class='ocrx_word' id='word_1_310' title='bbox 1619 3931 1839 3984; x_wconf 88' lang='lat' dir='ltr'><strong>omnino</strong></span> <span class='ocrx_word' id='word_1_311' title='bbox 1894 3946 2024 3985; x_wconf 87' lang='lat' dir='ltr'><strong>eon-</strong></span> 
     </span>
    </p>
   </div>
   <div class='ocr_carea' id='block_1_41' title="bbox 456 4020 2027 4090">
    <p class='ocr_par' dir='ltr' id='par_1_41' title="bbox 456 4020 2027 4090">
     <span class='ocr_line' id='line_1_41' title="bbox 456 4020 2027 4090; baseline 0.006 -23"><span class='ocrx_word' id='word_1_312' title='bbox 456 4020 771 4074; x_wconf 87' lang='lat' dir='ltr'><strong>temnendas</strong></span> <span class='ocrx_word' id='word_1_313' title='bbox 817 4036 938 4076; x_wconf 89' lang='lat' dir='ltr'><strong>esse</strong></span> <span class='ocrx_word' id='word_1_314' title='bbox 975 4033 1123 4090; x_wconf 91' lang='lat' dir='ltr'><strong>puto.</strong></span> <span class='ocrx_word' id='word_1_315' title='bbox 1184 4021 1396 4083; x_wconf 83' lang='lat' dir='ltr'><strong>Etenim</strong></span> <span class='ocrx_word' id='word_1_316' title='bbox 1446 4024 1489 4077; x_wconf 91' lang='lat' dir='ltr'><strong>si</strong></span> <span class='ocrx_word' id='word_1_317' title='bbox 1528 4023 1656 4077; x_wconf 82' lang='lat' dir='ltr'><strong>nihil</strong></span> <span class='ocrx_word' id='word_1_318' title='bbox 1706 4024 1849 4077; x_wconf 83' lang='lat' dir='ltr'><strong>aliud</strong></span> <span class='ocrx_word' id='word_1_319' title='bbox 1902 4023 2027 4077; x_wconf 91' lang='lat' dir='ltr'><strong>inde</strong></span> 
     </span>
    </p>
   </div>
   <div class='ocr_carea' id='block_1_42' title="bbox 454 4112 2023 4179">
    <p class='ocr_par' dir='ltr' id='par_1_42' title="bbox 454 4112 2023 4179">
     <span class='ocr_line' id='line_1_42' title="bbox 454 4112 2023 4179; baseline 0.004 -20"><span class='ocrx_word' id='word_1_320' title='bbox 454 4112 854 4179; x_wconf 89' lang='lat' dir='ltr'><strong>consequimur,</strong></span> <span class='ocrx_word' id='word_1_321' title='bbox 889 4124 1035 4167; x_wconf 91' lang='lat' dir='ltr'><strong>certe</strong></span> <span class='ocrx_word' id='word_1_322' title='bbox 1073 4114 1299 4168; x_wconf 90' lang='lat' dir='ltr'><strong>eruditis</strong></span> <span class='ocrx_word' id='word_1_323' title='bbox 1345 4114 1654 4169; x_wconf 90' lang='lat' dir='ltr'><strong>hominibus</strong></span> <span class='ocrx_word' id='word_1_324' title='bbox 1709 4114 1783 4167; x_wconf 90' lang='lat' dir='ltr'><strong>rei</strong></span> <span class='ocrx_word' id='word_1_325' title='bbox 1817 4115 2023 4167; x_wconf 80' lang='lat' dir='ltr'><strong>exarui-</strong></span> 
     </span>
    </p>
   </div>
   <div class='ocr_carea' id='block_1_43' title="bbox 453 4200 2022 4275">
    <p class='ocr_par' dir='ltr' id='par_1_43' title="bbox 453 4200 2022 4275">
     <span class='ocr_line' id='line_1_43' title="bbox 453 4200 2022 4275; baseline 0.004 -25"><span class='ocrx_word' id='word_1_326' title='bbox 453 4200 643 4256; x_wconf 73' lang='lat' dir='ltr'><strong>nandze</strong></span> <span class='ocrx_word' id='word_1_327' title='bbox 691 4203 849 4257; x_wconf 89' lang='lat' dir='ltr'><strong>datur</strong></span> <span class='ocrx_word' id='word_1_328' title='bbox 899 4207 1135 4260; x_wconf 75' lang='lat' dir='ltr'><strong>occasio.</strong></span> <span class='ocrx_word' id='word_1_329' title='bbox 1200 4204 1557 4275; x_wconf 83' lang='lat' dir='ltr'><strong>Percnperem</strong></span> <span class='ocrx_word' id='word_1_330' title='bbox 1613 4220 1714 4271; x_wconf 86' lang='lat' dir='ltr'><strong>ego</strong></span> <span class='ocrx_word' id='word_1_331' title='bbox 1763 4204 2022 4271; x_wconf 84' lang='lat' dir='ltr'><strong>ejusmodi</strong></span> 
     </span>
    </p>
   </div>
   <div class='ocr_carea' id='block_1_44' title="bbox 454 4293 2022 4366">
    <p class='ocr_par' dir='ltr' id='par_1_44' title="bbox 454 4293 2022 4366">
     <span class='ocr_line' id='line_1_44' title="bbox 454 4293 2022 4366; baseline 0.004 -22"><span class='ocrx_word' id='word_1_332' title='bbox 454 4293 803 4357; x_wconf 67' lang='lat' dir='ltr'><strong>quarstionem</strong></span> <span class='ocrx_word' id='word_1_333' title='bbox 839 4297 1125 4350; x_wconf 89' lang='lat' dir='ltr'><strong>obscuram</strong></span> <span class='ocrx_word' id='word_1_334' title='bbox 1159 4312 1291 4352; x_wconf 86' lang='lat' dir='ltr'><strong>sane</strong></span> <span class='ocrx_word' id='word_1_335' title='bbox 1320 4307 1374 4352; x_wconf 91' lang='lat' dir='ltr'><strong>et</strong></span> <span class='ocrx_word' id='word_1_336' title='bbox 1423 4295 1785 4366; x_wconf 72' lang='lat' dir='ltr'><strong>perdifﬁcilem</strong></span> <span class='ocrx_word' id='word_1_337' title='bbox 1816 4312 1878 4349; x_wconf 90' lang='lat' dir='ltr'><strong>ea</strong></span> <span class='ocrx_word' id='word_1_338' title='bbox 1919 4312 2022 4364; x_wconf 87' lang='lat' dir='ltr'><strong>qua</strong></span> 
     </span>
    </p>
   </div>
   <div class='ocr_carea' id='block_1_45' title="bbox 452 4386 2023 4456">
    <p class='ocr_par' dir='ltr' id='par_1_45' title="bbox 452 4386 2023 4456">
     <span class='ocr_line' id='line_1_45' title="bbox 452 4386 2023 4456; baseline 0.005 -25"><span class='ocrx_word' id='word_1_339' title='bbox 452 4394 554 4449; x_wconf 86' lang='lat' dir='ltr'><strong>par</strong></span> <span class='ocrx_word' id='word_1_340' title='bbox 578 4394 657 4436; x_wconf 89' lang='lat' dir='ltr'><strong>est</strong></span> <span class='ocrx_word' id='word_1_341' title='bbox 694 4386 967 4454; x_wconf 78' lang='lat' dir='ltr'><strong>diligentia</strong></span> <span class='ocrx_word' id='word_1_342' title='bbox 1007 4386 1118 4456; x_wconf 90' lang='lat' dir='ltr'><strong>jam</strong></span> <span class='ocrx_word' id='word_1_343' title='bbox 1152 4389 1411 4453; x_wconf 79' lang='lat' dir='ltr'><strong>agitatam</strong></span> <span class='ocrx_word' id='word_1_344' title='bbox 1459 4388 1627 4441; x_wconf 80' lang='lat' dir='ltr'><strong>fuisse</strong></span> <span class='ocrx_word' id='word_1_345' title='bbox 1657 4390 1725 4441; x_wconf 89' lang='lat' dir='ltr'><strong>ab</strong></span> <span class='ocrx_word' id='word_1_346' title='bbox 1753 4386 2023 4456; x_wconf 81' lang='lat' dir='ltr'><strong>aliquibus</strong></span> 
     </span>
    </p>
   </div>
   <div class='ocr_carea' id='block_1_46' title="bbox 3520 362 3709 403">
    <p class='ocr_par' dir='ltr' id='par_1_46' title="bbox 3520 362 3709 403">
     <span class='ocr_line' id='line_1_46' title="bbox 3520 362 3709 403; baseline 0 -2"><span class='ocrx_word' id='word_1_347' title='bbox 3520 362 3709 403; x_wconf 60' lang='lat' dir='ltr'><strong>CCXXXI</strong></span> 
     </span>
    </p>
   </div>
   <div class='ocr_carea' id='block_1_47' title="bbox 2077 458 3708 527">
    <p class='ocr_par' dir='ltr' id='par_1_47' title="bbox 2077 458 3708 527">
     <span class='ocr_line' id='line_1_47' title="bbox 2077 458 3708 527; baseline 0.005 -18"><span class='ocrx_word' id='word_1_348' title='bbox 2077 467 2122 521; x_wconf 82' lang='grc' dir='ltr'><strong>Α</strong></span> <span class='ocrx_word' id='word_1_349' title='bbox 2154 470 2352 512; x_wconf 88' lang='lat' dir='ltr'><strong>tantam</strong></span> <span class='ocrx_word' id='word_1_350' title='bbox 2375 474 2512 525; x_wconf 83' lang='lat' dir='ltr'><strong>esse,</strong></span> <span class='ocrx_word' id='word_1_351' title='bbox 2537 468 2594 512; x_wconf 92' lang='lat' dir='ltr'><strong>ut</strong></span> <span class='ocrx_word' id='word_1_352' title='bbox 2614 464 2655 512; x_wconf 87' lang='lat' dir='ltr'><strong>si</strong></span> <span class='ocrx_word' id='word_1_353' title='bbox 2678 458 2904 513; x_wconf 89' lang='lat' dir='ltr'><strong>Basilius</strong></span> <span class='ocrx_word' id='word_1_354' title='bbox 2925 459 3115 514; x_wconf 90' lang='lat' dir='ltr'><strong>horum</strong></span> <span class='ocrx_word' id='word_1_355' title='bbox 3136 468 3321 514; x_wconf 90' lang='lat' dir='ltr'><strong>auctor</strong></span> <span class='ocrx_word' id='word_1_356' title='bbox 3343 476 3461 515; x_wconf 85' lang='lat' dir='ltr'><strong>esse</strong></span> <span class='ocrx_word' id='word_1_357' title='bbox 3478 463 3708 527; x_wconf 90' lang='lat' dir='ltr'><strong>dicatur,</strong></span> 
     </span>
    </p>
   </div>
   <div class='ocr_carea' id='block_1_48' title="bbox 2150 550 3711 622">
    <p class='ocr_par' dir='ltr' id='par_1_48' title="bbox 2150 550 3711 622">
     <span class='ocr_line' id='line_1_48' title="bbox 2150 550 3711 622; baseline 0.006 -21"><span class='ocrx_word' id='word_1_358' title='bbox 2150 566 2269 603; x_wconf 85' lang='lat' dir='ltr'><strong>eum</strong></span> <span class='ocrx_word' id='word_1_359' title='bbox 2295 552 2375 604; x_wconf 89' lang='lat' dir='ltr'><strong>sui</strong></span> <span class='ocrx_word' id='word_1_360' title='bbox 2404 550 2817 605; x_wconf 87' lang='lat' dir='ltr'><strong>dissimillimum</strong></span> <span class='ocrx_word' id='word_1_361' title='bbox 2841 551 3001 605; x_wconf 84' lang='lat' dir='ltr'><strong>fuisse</strong></span> <span class='ocrx_word' id='word_1_362' title='bbox 3017 562 3280 622; x_wconf 87' lang='lat' dir='ltr'><strong>oporteat.</strong></span> <span class='ocrx_word' id='word_1_363' title='bbox 3305 553 3368 606; x_wconf 81' lang='lat' dir='ltr'><strong>Et</strong></span> <span class='ocrx_word' id='word_1_364' title='bbox 3385 568 3510 608; x_wconf 89' lang='lat' dir='ltr'><strong>vero</strong></span> <span class='ocrx_word' id='word_1_365' title='bbox 3526 558 3711 619; x_wconf 85' lang='lat' dir='ltr'><strong>verba,</strong></span> 
     </span>
    </p>
   </div>
   <div class='ocr_carea' id='block_1_49' title="bbox 2153 642 3713 712">
    <p class='ocr_par' dir='ltr' id='par_1_49' title="bbox 2153 642 3713 712">
     <span class='ocr_line' id='line_1_49' title="bbox 2153 642 3713 712; baseline 0.004 -17"><span class='ocrx_word' id='word_1_366' title='bbox 2153 643 2338 704; x_wconf 87' lang='lat' dir='ltr'><strong>dietio,</strong></span> <span class='ocrx_word' id='word_1_367' title='bbox 2379 642 2609 712; x_wconf 88' lang='lat' dir='ltr'><strong>phrasis,</strong></span> <span class='ocrx_word' id='word_1_368' title='bbox 2653 652 2726 704; x_wconf 90' lang='lat' dir='ltr'><strong>et,</strong></span> <span class='ocrx_word' id='word_1_369' title='bbox 2757 652 2815 695; x_wconf 90' lang='lat' dir='ltr'><strong>ut</strong></span> <span class='ocrx_word' id='word_1_370' title='bbox 2844 646 3027 711; x_wconf 84' lang='lat' dir='ltr'><strong>paucis</strong></span> <span class='ocrx_word' id='word_1_371' title='bbox 3054 645 3347 711; x_wconf 86' lang='lat' dir='ltr'><strong>absolvam,</strong></span> <span class='ocrx_word' id='word_1_372' title='bbox 3378 649 3556 701; x_wconf 89' lang='lat' dir='ltr'><strong>omnia</strong></span> <span class='ocrx_word' id='word_1_373' title='bbox 3583 662 3713 702; x_wconf 90' lang='lat' dir='ltr'><strong>con—</strong></span> 
     </span>
    </p>
   </div>
   <div class='ocr_carea' id='block_1_50' title="bbox 2147 734 3714 808">
    <p class='ocr_par' dir='ltr' id='par_1_50' title="bbox 2147 734 3714 808">
     <span class='ocr_line' id='line_1_50' title="bbox 2147 734 3714 808; baseline 0.004 -21"><span class='ocrx_word' id='word_1_374' title='bbox 2147 734 2363 801; x_wconf 87' lang='lat' dir='ltr'><strong>spicuas</strong></span> <span class='ocrx_word' id='word_1_375' title='bbox 2395 749 2456 787; x_wconf 90' lang='lat' dir='ltr'><strong>ac</strong></span> <span class='ocrx_word' id='word_1_376' title='bbox 2484 743 2661 787; x_wconf 85' lang='lat' dir='ltr'><strong>certas</strong></span> <span class='ocrx_word' id='word_1_377' title='bbox 2688 735 3091 803; x_wconf 81' lang='lat' dir='ltr'><strong>peregrinitatis</strong></span> <span class='ocrx_word' id='word_1_378' title='bbox 3117 746 3267 791; x_wconf 89' lang='lat' dir='ltr'><strong>notas</strong></span> <span class='ocrx_word' id='word_1_379' title='bbox 3300 738 3551 792; x_wconf 90' lang='lat' dir='ltr'><strong>videntur</strong></span> <span class='ocrx_word' id='word_1_380' title='bbox 3577 755 3714 808; x_wconf 74' lang='lat' dir='ltr'><strong>prae-</strong></span> 
     </span>
    </p>
   </div>
   <div class='ocr_carea' id='block_1_51' title="bbox 2152 824 3713 895">
    <p class='ocr_par' dir='ltr' id='par_1_51' title="bbox 2152 824 3713 895">
     <span class='ocr_line' id='line_1_51' title="bbox 2152 824 3713 895; baseline 0.004 -18"><span class='ocrx_word' id='word_1_381' title='bbox 2152 825 2313 879; x_wconf 80' lang='lat' dir='ltr'><strong>ferre.</strong></span> <span class='ocrx_word' id='word_1_382' title='bbox 2353 824 2497 878; x_wconf 85' lang='lat' dir='ltr'><strong>Nova</strong></span> <span class='ocrx_word' id='word_1_383' title='bbox 2529 836 2653 879; x_wconf 90' lang='lat' dir='ltr'><strong>sunt</strong></span> <span class='ocrx_word' id='word_1_384' title='bbox 2686 830 2847 878; x_wconf 74' lang='lat' dir='ltr'><strong>verba</strong></span> <span class='ocrx_word' id='word_1_385' title='bbox 2888 837 2940 880; x_wconf 90' lang='lat' dir='ltr'><strong>et</strong></span> <span class='ocrx_word' id='word_1_386' title='bbox 2973 828 3110 895; x_wconf 88' lang='lat' dir='ltr'><strong>apud</strong></span> <span class='ocrx_word' id='word_1_387' title='bbox 3136 828 3390 883; x_wconf 87' lang='lat' dir='ltr'><strong>Basilium</strong></span> <span class='ocrx_word' id='word_1_388' title='bbox 3432 831 3713 895; x_wconf 88' lang='lat' dir='ltr'><strong>inusitata,</strong></span> 
     </span>
    </p>
   </div>
   <div class='ocr_carea' id='block_1_52' title="bbox 2150 917 3711 987">
    <p class='ocr_par' dir='ltr' id='par_1_52' title="bbox 2150 917 3711 987">
     <span class='ocr_line' id='line_1_52' title="bbox 2150 917 3711 987; baseline 0.004 -19"><span class='ocrx_word' id='word_1_389' title='bbox 2150 932 2286 971; x_wconf 92' lang='lat' dir='ltr'><strong>nova</strong></span> <span class='ocrx_word' id='word_1_390' title='bbox 2322 931 2534 985; x_wconf 91' lang='lat' dir='ltr'><strong>quoque</strong></span> <span class='ocrx_word' id='word_1_391' title='bbox 2580 917 2829 985; x_wconf 88' lang='lat' dir='ltr'><strong>loquendi</strong></span> <span class='ocrx_word' id='word_1_392' title='bbox 2874 932 3104 987; x_wconf 85' lang='lat' dir='ltr'><strong>genera;</strong></span> <span class='ocrx_word' id='word_1_393' title='bbox 3154 930 3208 973; x_wconf 90' lang='lat' dir='ltr'><strong>et</strong></span> <span class='ocrx_word' id='word_1_394' title='bbox 3236 922 3486 978; x_wconf 88' lang='lat' dir='ltr'><strong>universe</strong></span> <span class='ocrx_word' id='word_1_395' title='bbox 3512 923 3711 982; x_wconf 87' lang='lat' dir='ltr'><strong>dicam,</strong></span> 
     </span>
    </p>
   </div>
   <div class='ocr_carea' id='block_1_53' title="bbox 2150 1008 3711 1082">
    <p class='ocr_par' dir='ltr' id='par_1_53' title="bbox 2150 1008 3711 1082">
     <span class='ocr_line' id='line_1_53' title="bbox 2150 1008 3711 1082; baseline 0.005 -21"><span class='ocrx_word' id='word_1_396' title='bbox 2150 1019 2351 1062; x_wconf 83' lang='lat' dir='ltr'><strong>tantam</strong></span> <span class='ocrx_word' id='word_1_397' title='bbox 2384 1024 2501 1063; x_wconf 89' lang='lat' dir='ltr'><strong>esse</strong></span> <span class='ocrx_word' id='word_1_398' title='bbox 2531 1008 2895 1062; x_wconf 85' lang='lat' dir='ltr'><strong>diversitatem</strong></span> <span class='ocrx_word' id='word_1_399' title='bbox 2925 1010 3175 1066; x_wconf 87' lang='lat' dir='ltr'><strong>dictionis</strong></span> <span class='ocrx_word' id='word_1_400' title='bbox 3196 1052 3211 1076; x_wconf 90' lang='lat'><strong>,</strong></span> <span class='ocrx_word' id='word_1_401' title='bbox 3256 1021 3314 1065; x_wconf 92' lang='lat' dir='ltr'><strong>ut</strong></span> <span class='ocrx_word' id='word_1_402' title='bbox 3342 1012 3432 1082; x_wconf 88' lang='lat' dir='ltr'><strong>qui</strong></span> <span class='ocrx_word' id='word_1_403' title='bbox 3461 1029 3577 1067; x_wconf 88' lang='lat' dir='ltr'><strong>eam</strong></span> <span class='ocrx_word' id='word_1_404' title='bbox 3606 1031 3711 1069; x_wconf 91' lang='lat' dir='ltr'><strong>non</strong></span> 
     </span>
    </p>
   </div>
   <div class='ocr_carea' id='block_1_54' title="bbox 2145 1101 3712 1171">
    <p class='ocr_par' dir='ltr' id='par_1_54' title="bbox 2145 1101 3712 1171">
     <span class='ocr_line' id='line_1_54' title="bbox 2145 1101 3712 1171; baseline 0.006 -19"><span class='ocrx_word' id='word_1_405' title='bbox 2145 1102 2307 1165; x_wconf 76' lang='lat' dir='ltr'><strong>videt,</strong></span> <span class='ocrx_word' id='word_1_406' title='bbox 2351 1101 2538 1171; x_wconf 87' lang='lat' dir='ltr'><strong>lippiat</strong></span> <span class='ocrx_word' id='word_1_407' title='bbox 2571 1116 2789 1156; x_wconf 85' lang='lat' dir='ltr'><strong>necesse</strong></span> <span class='ocrx_word' id='word_1_408' title='bbox 2826 1102 2916 1155; x_wconf 92' lang='lat' dir='ltr'><strong>sit.</strong></span> <span class='ocrx_word' id='word_1_409' title='bbox 2950 1101 3081 1157; x_wconf 77' lang='lat' dir='ltr'><strong>Nolo</strong></span> <span class='ocrx_word' id='word_1_410' title='bbox 3122 1103 3255 1156; x_wconf 88' lang='lat' dir='ltr'><strong>mihi</strong></span> <span class='ocrx_word' id='word_1_411' title='bbox 3289 1105 3395 1163; x_wconf 88' lang='lat' dir='ltr'><strong>cito</strong></span> <span class='ocrx_word' id='word_1_412' title='bbox 3419 1110 3712 1162; x_wconf 88' lang='lat' dir='ltr'><strong>credatur:</strong></span> 
     </span>
    </p>
   </div>
   <div class='ocr_carea' id='block_1_55' title="bbox 2148 1192 3713 1263">
    <p class='ocr_par' dir='ltr' id='par_1_55' title="bbox 2148 1192 3713 1263">
     <span class='ocr_line' id='line_1_55' title="bbox 2148 1192 3713 1263; baseline 0.004 -19"><span class='ocrx_word' id='word_1_413' title='bbox 2148 1192 2287 1246; x_wconf 90' lang='lat' dir='ltr'><strong>malo</strong></span> <span class='ocrx_word' id='word_1_414' title='bbox 2313 1192 2651 1246; x_wconf 87' lang='lat' dir='ltr'><strong>doctissimos</strong></span> <span class='ocrx_word' id='word_1_415' title='bbox 2669 1206 2911 1260; x_wconf 90' lang='lat' dir='ltr'><strong>quosque</strong></span> <span class='ocrx_word' id='word_1_416' title='bbox 2928 1194 3073 1247; x_wconf 87' lang='lat' dir='ltr'><strong>viros</strong></span> <span class='ocrx_word' id='word_1_417' title='bbox 3095 1194 3420 1263; x_wconf 85' lang='lat' dir='ltr'><strong>eosdemque</strong></span> <span class='ocrx_word' id='word_1_418' title='bbox 3448 1199 3713 1252; x_wconf 89' lang='lat' dir='ltr'><strong>acerrimo</strong></span> 
     </span>
    </p>
   </div>
   <div class='ocr_carea' id='block_1_56' title="bbox 2139 1283 3712 1357">
    <p class='ocr_par' dir='ltr' id='par_1_56' title="bbox 2139 1283 3712 1357">
     <span class='ocr_line' id='line_1_56' title="bbox 2139 1283 3712 1357; baseline 0.005 -23"><span class='ocrx_word' id='word_1_419' title='bbox 2139 1283 2343 1353; x_wconf 87' lang='lat' dir='ltr'><strong>judicio</strong></span> <span class='ocrx_word' id='word_1_420' title='bbox 2370 1284 2624 1352; x_wconf 71' lang='lat' dir='ltr'><strong>prazditos</strong></span> <span class='ocrx_word' id='word_1_421' title='bbox 2651 1298 2744 1352; x_wconf 89' lang='lat' dir='ltr'><strong>per</strong></span> <span class='ocrx_word' id='word_1_422' title='bbox 2766 1297 2824 1337; x_wconf 88' lang='lat' dir='ltr'><strong>se</strong></span> <span class='ocrx_word' id='word_1_423' title='bbox 2852 1285 3085 1353; x_wconf 78' lang='lat' dir='ltr'><strong>experiri</strong></span> <span class='ocrx_word' id='word_1_424' title='bbox 3129 1286 3181 1338; x_wconf 91' lang='lat' dir='ltr'><strong>id</strong></span> <span class='ocrx_word' id='word_1_425' title='bbox 3219 1288 3360 1354; x_wconf 91' lang='lat' dir='ltr'><strong>quod</strong></span> <span class='ocrx_word' id='word_1_426' title='bbox 3390 1287 3546 1341; x_wconf 90' lang='lat' dir='ltr'><strong>dico:</strong></span> <span class='ocrx_word' id='word_1_427' title='bbox 3570 1290 3712 1357; x_wconf 93' lang='lat' dir='ltr'><strong>quod</strong></span> 
     </span>
    </p>
   </div>
   <div class='ocr_carea' id='block_1_57' title="bbox 2145 1375 3708 1445">
    <p class='ocr_par' dir='ltr' id='par_1_57' title="bbox 2145 1375 3708 1445">
     <span class='ocr_line' id='line_1_57' title="bbox 2145 1375 3708 1445; baseline 0.006 -18"><span class='ocrx_word' id='word_1_428' title='bbox 2145 1377 2187 1428; x_wconf 91' lang='lat' dir='ltr'><strong>si</strong></span> <span class='ocrx_word' id='word_1_429' title='bbox 2240 1375 2499 1440; x_wconf 86' lang='lat' dir='ltr'><strong>fecerint,</strong></span> <span class='ocrx_word' id='word_1_430' title='bbox 2542 1390 2699 1445; x_wconf 87' lang='lat' dir='ltr'><strong>spero</strong></span> <span class='ocrx_word' id='word_1_431' title='bbox 2749 1390 2936 1429; x_wconf 88' lang='lat' dir='ltr'><strong>omnes</strong></span> <span class='ocrx_word' id='word_1_432' title='bbox 2991 1376 3120 1430; x_wconf 92' lang='lat' dir='ltr'><strong>mihi</strong></span> <span class='ocrx_word' id='word_1_433' title='bbox 3182 1377 3336 1431; x_wconf 82' lang='lat' dir='ltr'><strong>facile</strong></span> <span class='ocrx_word' id='word_1_434' title='bbox 3372 1394 3708 1444; x_wconf 85' lang='lat' dir='ltr'><strong>assensuros,</strong></span> 
     </span>
    </p>
   </div>
   <div class='ocr_carea' id='block_1_58' title="bbox 2145 1466 3715 1541">
    <p class='ocr_par' dir='ltr' id='par_1_58' title="bbox 2145 1466 3715 1541">
     <span class='ocr_line' id='line_1_58' title="bbox 2145 1466 3715 1541; baseline 0.005 -23"><span class='ocrx_word' id='word_1_435' title='bbox 2145 1467 2279 1520; x_wconf 89' lang='lat' dir='ltr'><strong>duos</strong></span> <span class='ocrx_word' id='word_1_436' title='bbox 2317 1466 2415 1521; x_wconf 90' lang='lat' dir='ltr'><strong>hos</strong></span> <span class='ocrx_word' id='word_1_437' title='bbox 2444 1468 2509 1521; x_wconf 90' lang='lat' dir='ltr'><strong>de</strong></span> <span class='ocrx_word' id='word_1_438' title='bbox 2540 1467 2731 1535; x_wconf 92' lang='lat' dir='ltr'><strong>quibus</strong></span> <span class='ocrx_word' id='word_1_439' title='bbox 2759 1468 2939 1537; x_wconf 84' lang='lat' dir='ltr'><strong>agitur</strong></span> <span class='ocrx_word' id='word_1_440' title='bbox 2966 1467 3132 1523; x_wconf 88' lang='lat' dir='ltr'><strong>libros</strong></span> <span class='ocrx_word' id='word_1_441' title='bbox 3157 1468 3359 1524; x_wconf 86' lang='lat' dir='ltr'><strong>Basilio</strong></span> <span class='ocrx_word' id='word_1_442' title='bbox 3393 1470 3582 1541; x_wconf 81' lang='lat' dir='ltr'><strong>Magno</strong></span> <span class='ocrx_word' id='word_1_443' title='bbox 3614 1476 3715 1526; x_wconf 86' lang='lat' dir='ltr'><strong>tri-</strong></span> 
     </span>
    </p>
   </div>
   <div class='ocr_carea' id='block_1_59' title="bbox 2146 1556 3709 1631">
    <p class='ocr_par' dir='ltr' id='par_1_59' title="bbox 2146 1556 3709 1631">
     <span class='ocr_line' id='line_1_59' title="bbox 2146 1556 3709 1631; baseline 0.006 -23"><span class='ocrx_word' id='word_1_444' title='bbox 2146 1557 2233 1608; x_wconf 91' lang='lat' dir='ltr'><strong>bui</strong></span> <span class='ocrx_word' id='word_1_445' title='bbox 2268 1556 2415 1611; x_wconf 92' lang='lat' dir='ltr'><strong>nullo</strong></span> <span class='ocrx_word' id='word_1_446' title='bbox 2450 1557 2609 1611; x_wconf 90' lang='lat' dir='ltr'><strong>modo</strong></span> <span class='ocrx_word' id='word_1_447' title='bbox 2646 1572 2822 1626; x_wconf 89' lang='lat' dir='ltr'><strong>posse.</strong></span> <span class='ocrx_word' id='word_1_448' title='bbox 2848 1556 2971 1612; x_wconf 81' lang='lat' dir='ltr'><strong>.Jam</strong></span> <span class='ocrx_word' id='word_1_449' title='bbox 3013 1558 3249 1615; x_wconf 87' lang='lat' dir='ltr'><strong>rationes</strong></span> <span class='ocrx_word' id='word_1_450' title='bbox 3281 1572 3336 1613; x_wconf 85' lang='lat' dir='ltr'><strong>et</strong></span> <span class='ocrx_word' id='word_1_451' title='bbox 3370 1572 3709 1631; x_wconf 82' lang='lat' dir='ltr'><strong>argumenta,</strong></span> 
     </span>
    </p>
   </div>
   <div class='ocr_carea' id='block_1_60' title="bbox 2144 1648 3711 1717">
    <p class='ocr_par' dir='ltr' id='par_1_60' title="bbox 2144 1648 3711 1717">
     <span class='ocr_line' id='line_1_60' title="bbox 2144 1648 3711 1717; baseline 0.008 -19"><span class='ocrx_word' id='word_1_452' title='bbox 2144 1648 2338 1715; x_wconf 86' lang='lat' dir='ltr'><strong>quibus</strong></span> <span class='ocrx_word' id='word_1_453' title='bbox 2366 1648 2480 1702; x_wconf 58' lang='lat' dir='ltr'><strong>haec</strong></span> <span class='ocrx_word' id='word_1_454' title='bbox 2521 1658 2704 1702; x_wconf 87' lang='lat' dir='ltr'><strong>nostra</strong></span> <span class='ocrx_word' id='word_1_455' title='bbox 2742 1649 2977 1717; x_wconf 89' lang='lat' dir='ltr'><strong>suspicio</strong></span> <span class='ocrx_word' id='word_1_456' title='bbox 3009 1650 3225 1717; x_wconf 88' lang='lat' dir='ltr'><strong>nititur,</strong></span> <span class='ocrx_word' id='word_1_457' title='bbox 3260 1653 3311 1705; x_wconf 94' lang='lat' dir='ltr'><strong>in</strong></span> <span class='ocrx_word' id='word_1_458' title='bbox 3342 1655 3576 1710; x_wconf 91' lang='lat' dir='ltr'><strong>medium</strong></span> <span class='ocrx_word' id='word_1_459' title='bbox 3611 1657 3711 1711; x_wconf 86' lang='lat' dir='ltr'><strong>ad-</strong></span> 
     </span>
    </p>
   </div>
   <div class='ocr_carea' id='block_1_61' title="bbox 2144 1737 3708 1812">
    <p class='ocr_par' dir='ltr' id='par_1_61' title="bbox 2144 1737 3708 1812">
     <span class='ocr_line' id='line_1_61' title="bbox 2144 1737 3708 1812; baseline 0.007 -22"><span class='ocrx_word' id='word_1_460' title='bbox 2144 1737 2341 1792; x_wconf 89' lang='lat' dir='ltr'><strong>ducere</strong></span> <span class='ocrx_word' id='word_1_461' title='bbox 2392 1753 2569 1808; x_wconf 70' lang='lat' dir='ltr'><strong>opera:</strong></span> <span class='ocrx_word' id='word_1_462' title='bbox 2619 1740 2849 1809; x_wconf 87' lang='lat' dir='ltr'><strong>pretium</strong></span> <span class='ocrx_word' id='word_1_463' title='bbox 2895 1750 2996 1795; x_wconf 91' lang='lat' dir='ltr'><strong>est.</strong></span> <span class='ocrx_word' id='word_1_464' title='bbox 3062 1741 3280 1812; x_wconf 80' lang='lat' dir='ltr'><strong>Legenti</strong></span> <span class='ocrx_word' id='word_1_465' title='bbox 3337 1746 3465 1799; x_wconf 90' lang='lat' dir='ltr'><strong>mihi</strong></span> <span class='ocrx_word' id='word_1_466' title='bbox 3511 1747 3708 1801; x_wconf 88' lang='lat' dir='ltr'><strong>librum</strong></span> 
     </span>
    </p>
   </div>
   <div class='ocr_carea' id='block_1_62' title="bbox 2074 1808 3711 1904">
    <p class='ocr_par' dir='ltr' id='par_1_62' title="bbox 2074 1808 3711 1904">
     <span class='ocr_line' id='line_1_62' title="bbox 2074 1808 3711 1904; baseline 0.008 -26"><span class='ocrx_word' id='word_1_467' title='bbox 2074 1808 2113 1864; x_wconf 78' lang='grc' dir='ltr'><strong>Β</strong></span> <span class='ocrx_word' id='word_1_468' title='bbox 2142 1835 2392 1895; x_wconf 91' lang='lat' dir='ltr'><strong>quartum</strong></span> <span class='ocrx_word' id='word_1_469' title='bbox 2432 1829 2672 1882; x_wconf 87' lang='lat' dir='ltr'><strong>occurrit</strong></span> <span class='ocrx_word' id='word_1_470' title='bbox 2727 1831 2958 1898; x_wconf 89' lang='lat' dir='ltr'><strong>primum</strong></span> <span class='ocrx_word' id='word_1_471' title='bbox 3005 1832 3266 1899; x_wconf 87' lang='lat' dir='ltr'><strong>particula</strong></span> <span class='ocrx_word' id='word_1_472' title='bbox 3307 1836 3391 1897; x_wconf 79' lang='grc' dir='ltr'>εἰ,</span> <span class='ocrx_word' id='word_1_473' title='bbox 3432 1850 3552 1904; x_wconf 73' lang='lat' dir='ltr'><strong>qua:</strong></span> <span class='ocrx_word' id='word_1_474' title='bbox 3598 1848 3711 1892; x_wconf 88' lang='lat' dir='ltr'><strong>tam</strong></span> 
     </span>
    </p>
   </div>
   <div class='ocr_carea' id='block_1_63' title="bbox 2138 1926 3710 1993">
    <p class='ocr_par' dir='ltr' id='par_1_63' title="bbox 2138 1926 3710 1993">
     <span class='ocr_line' id='line_1_63' title="bbox 2138 1926 3710 1993; baseline 0.008 -22"><span class='ocrx_word' id='word_1_475' title='bbox 2138 1933 2280 1988; x_wconf 81' lang='lat' dir='ltr'><strong>saepe</strong></span> <span class='ocrx_word' id='word_1_476' title='bbox 2305 1928 2494 1973; x_wconf 90' lang='lat' dir='ltr'><strong>contra</strong></span> <span class='ocrx_word' id='word_1_477' title='bbox 2538 1934 2880 1974; x_wconf 89' lang='lat' dir='ltr'><strong>communem</strong></span> <span class='ocrx_word' id='word_1_478' title='bbox 2921 1938 3075 1977; x_wconf 75' lang='lat' dir='ltr'><strong>usum</strong></span> <span class='ocrx_word' id='word_1_479' title='bbox 3119 1926 3414 1993; x_wconf 87' lang='lat' dir='ltr'><strong>repetitur,</strong></span> <span class='ocrx_word' id='word_1_480' title='bbox 3460 1937 3519 1981; x_wconf 93' lang='lat' dir='ltr'><strong>ut</strong></span> <span class='ocrx_word' id='word_1_481' title='bbox 3565 1929 3710 1983; x_wconf 89' lang='lat' dir='ltr'><strong>nulla</strong></span> 
     </span>
    </p>
   </div>
   <div class='ocr_carea' id='block_1_64' title="bbox 2116 2009 3711 2087">
    <p class='ocr_par' dir='ltr' id='par_1_64' title="bbox 2116 2009 3711 2087">
     <span class='ocr_line' id='line_1_64' title="bbox 2116 2009 3711 2087; baseline 0.009 -26"><span class='ocrx_word' id='word_1_482' title='bbox 2116 2009 2253 2087; x_wconf 51' lang='lat' dir='ltr'><strong>.f‘ere</strong></span> <span class='ocrx_word' id='word_1_483' title='bbox 2285 2010 2535 2077; x_wconf 89' lang='lat' dir='ltr'><strong>periodus</strong></span> <span class='ocrx_word' id='word_1_484' title='bbox 2584 2011 2926 2078; x_wconf 86' lang='lat' dir='ltr'><strong>inveniatur,</strong></span> <span class='ocrx_word' id='word_1_485' title='bbox 2974 2030 3094 2082; x_wconf 69' lang='lat' dir='ltr'><strong>qua:</strong></span> <span class='ocrx_word' id='word_1_486' title='bbox 3143 2015 3247 2071; x_wconf 90' lang='lat' dir='ltr'><strong>hac</strong></span> <span class='ocrx_word' id='word_1_487' title='bbox 3281 2018 3468 2072; x_wconf 88' lang='lat' dir='ltr'><strong>vocula</strong></span> <span class='ocrx_word' id='word_1_488' title='bbox 3507 2021 3552 2073; x_wconf 73' lang='lat' dir='ltr'><strong>si</strong></span> <span class='ocrx_word' id='word_1_489' title='bbox 3600 2036 3711 2075; x_wconf 83' lang='lat' dir='ltr'><strong>non</strong></span> 
     </span>
    </p>
   </div>
   <div class='ocr_carea' id='block_1_65' title="bbox 2139 2100 3711 2179">
    <p class='ocr_par' dir='ltr' id='par_1_65' title="bbox 2139 2100 3711 2179">
     <span class='ocr_line' id='line_1_65' title="bbox 2139 2100 3711 2179; baseline 0.01 -26"><span class='ocrx_word' id='word_1_490' title='bbox 2139 2101 2375 2171; x_wconf 88' lang='lat' dir='ltr'><strong>incipiat.</strong></span> <span class='ocrx_word' id='word_1_491' title='bbox 2410 2100 2476 2161; x_wconf 84' lang='lat' dir='ltr'><strong>Et</strong></span> <span class='ocrx_word' id='word_1_492' title='bbox 2499 2112 2643 2159; x_wconf 89' lang='lat' dir='ltr'><strong>certe</strong></span> <span class='ocrx_word' id='word_1_493' title='bbox 2671 2118 2736 2158; x_wconf 90' lang='lat' dir='ltr'><strong>eo</strong></span> <span class='ocrx_word' id='word_1_494' title='bbox 2767 2104 2934 2175; x_wconf 82' lang='lat' dir='ltr'><strong>magis</strong></span> <span class='ocrx_word' id='word_1_495' title='bbox 2956 2113 3066 2159; x_wconf 85' lang='lat' dir='ltr'><strong>tam</strong></span> <span class='ocrx_word' id='word_1_496' title='bbox 3093 2105 3360 2178; x_wconf 81' lang='lat' dir='ltr'><strong>frequenti</strong></span> <span class='ocrx_word' id='word_1_497' title='bbox 3387 2110 3544 2179; x_wconf 89' lang='lat' dir='ltr'><strong>hujus</strong></span> <span class='ocrx_word' id='word_1_498' title='bbox 3560 2114 3711 2169; x_wconf 79' lang='lat' dir='ltr'><strong>vocis</strong></span> 
     </span>
    </p>
   </div>
   <div class='ocr_carea' id='block_1_66' title="bbox 2138 2193 3708 2271">
    <p class='ocr_par' dir='ltr' id='par_1_66' title="bbox 2138 2193 3708 2271">
     <span class='ocr_line' id='line_1_66' title="bbox 2138 2193 3708 2271; baseline 0.008 -25"><span class='ocrx_word' id='word_1_499' title='bbox 2138 2194 2457 2262; x_wconf 88' lang='lat' dir='ltr'><strong>repetitione</strong></span> <span class='ocrx_word' id='word_1_500' title='bbox 2488 2193 2834 2260; x_wconf 63' lang='lat' dir='ltr'><strong>offendebar,</strong></span> <span class='ocrx_word' id='word_1_501' title='bbox 2876 2198 3015 2264; x_wconf 90' lang='lat' dir='ltr'><strong>quod</strong></span> <span class='ocrx_word' id='word_1_502' title='bbox 3044 2212 3111 2252; x_wconf 80' lang='lat' dir='ltr'><strong>ex</strong></span> <span class='ocrx_word' id='word_1_503' title='bbox 3140 2214 3203 2253; x_wconf 90' lang='lat' dir='ltr'><strong>ea</strong></span> <span class='ocrx_word' id='word_1_504' title='bbox 3245 2201 3429 2255; x_wconf 88' lang='lat' dir='ltr'><strong>brevia</strong></span> <span class='ocrx_word' id='word_1_505' title='bbox 3459 2207 3708 2271; x_wconf 71' lang='lat' dir='ltr'><strong>quaedam</strong></span> 
     </span>
    </p>
   </div>
   <div class='ocr_carea' id='block_1_67' title="bbox 2138 2288 3710 2361">
    <p class='ocr_par' dir='ltr' id='par_1_67' title="bbox 2138 2288 3710 2361">
     <span class='ocr_line' id='line_1_67' title="bbox 2138 2288 3710 2361; baseline 0.007 -24"><span class='ocrx_word' id='word_1_506' title='bbox 2138 2297 2456 2354; x_wconf 84' lang='lat' dir='ltr'><strong>argumenta</strong></span> <span class='ocrx_word' id='word_1_507' title='bbox 2499 2288 2801 2352; x_wconf 85' lang='lat' dir='ltr'><strong>ducantur,</strong></span> <span class='ocrx_word' id='word_1_508' title='bbox 2849 2289 2981 2343; x_wconf 90' lang='lat' dir='ltr'><strong>nihil</strong></span> <span class='ocrx_word' id='word_1_509' title='bbox 3036 2301 3127 2343; x_wconf 92' lang='lat' dir='ltr'><strong>aut</strong></span> <span class='ocrx_word' id='word_1_510' title='bbox 3163 2292 3450 2361; x_wconf 80' lang='lat' dir='ltr'><strong>exquisiti,</strong></span> <span class='ocrx_word' id='word_1_511' title='bbox 3488 2304 3583 2349; x_wconf 90' lang='lat' dir='ltr'><strong>aut</strong></span> <span class='ocrx_word' id='word_1_512' title='bbox 3616 2311 3710 2348; x_wconf 81' lang='lat' dir='ltr'><strong>va-</strong></span> 
     </span>
    </p>
   </div>
   <div class='ocr_carea' id='block_1_68' title="bbox 2137 2375 3709 2454">
    <p class='ocr_par' dir='ltr' id='par_1_68' title="bbox 2137 2375 3709 2454">
     <span class='ocr_line' id='line_1_68' title="bbox 2137 2375 3709 2454; baseline 0.01 -27"><span class='ocrx_word' id='word_1_513' title='bbox 2137 2375 2229 2429; x_wconf 90' lang='lat' dir='ltr'><strong>lidi</strong></span> <span class='ocrx_word' id='word_1_514' title='bbox 2263 2376 2549 2443; x_wconf 90' lang='lat' dir='ltr'><strong>habentia,</strong></span> <span class='ocrx_word' id='word_1_515' title='bbox 2593 2388 2648 2432; x_wconf 91' lang='lat' dir='ltr'><strong>et</strong></span> <span class='ocrx_word' id='word_1_516' title='bbox 2694 2396 2917 2448; x_wconf 84' lang='lat' dir='ltr'><strong>prorsus</strong></span> <span class='ocrx_word' id='word_1_517' title='bbox 2949 2382 3166 2452; x_wconf 84' lang='lat' dir='ltr'><strong>indigna</strong></span> <span class='ocrx_word' id='word_1_518' title='bbox 3191 2425 3207 2443; x_wconf 87' lang='lat'><strong>,</strong></span> <span class='ocrx_word' id='word_1_519' title='bbox 3251 2400 3478 2454; x_wconf 89' lang='lat' dir='ltr'><strong>quorum</strong></span> <span class='ocrx_word' id='word_1_520' title='bbox 3518 2398 3709 2443; x_wconf 89' lang='lat' dir='ltr'><strong>auctor</strong></span> 
     </span>
    </p>
   </div>
   <div class='ocr_carea' id='block_1_69' title="bbox 2139 2468 3710 2539">
    <p class='ocr_par' dir='ltr' id='par_1_69' title="bbox 2139 2468 3710 2539">
     <span class='ocr_line' id='line_1_69' title="bbox 2139 2468 3710 2539; baseline 0.011 -20"><span class='ocrx_word' id='word_1_521' title='bbox 2139 2468 2355 2521; x_wconf 90' lang='lat' dir='ltr'><strong>dicatur</strong></span> <span class='ocrx_word' id='word_1_522' title='bbox 2405 2480 2680 2522; x_wconf 87' lang='lat' dir='ltr'><strong>oratorum</strong></span> <span class='ocrx_word' id='word_1_523' title='bbox 2732 2473 3207 2539; x_wconf 66' lang='lat' dir='ltr'><strong>praestantissimus</strong></span> <span class='ocrx_word' id='word_1_524' title='bbox 3251 2475 3505 2533; x_wconf 86' lang='lat' dir='ltr'><strong>Basilius.</strong></span> <span class='ocrx_word' id='word_1_525' title='bbox 3560 2480 3710 2536; x_wconf 83' lang='lat' dir='ltr'><strong>llanc</strong></span> 
     </span>
    </p>
   </div>
   <div class='ocr_carea' id='block_1_70' title="bbox 2136 2560 3709 2640">
    <p class='ocr_par' dir='ltr' id='par_1_70' title="bbox 2136 2560 3709 2640">
     <span class='ocr_line' id='line_1_70' title="bbox 2136 2560 3709 2640; baseline 0.01 -30"><span class='ocrx_word' id='word_1_526' title='bbox 2136 2575 2319 2613; x_wconf 89' lang='lat' dir='ltr'><strong>vocem</strong></span> <span class='ocrx_word' id='word_1_527' title='bbox 2353 2560 2640 2630; x_wconf 90' lang='lat' dir='ltr'><strong>aliquoties</strong></span> <span class='ocrx_word' id='word_1_528' title='bbox 2671 2562 2912 2615; x_wconf 88' lang='lat' dir='ltr'><strong>adhiberi</strong></span> <span class='ocrx_word' id='word_1_529' title='bbox 2942 2564 3071 2617; x_wconf 89' lang='lat' dir='ltr'><strong>nihil</strong></span> <span class='ocrx_word' id='word_1_530' title='bbox 3104 2578 3283 2621; x_wconf 89' lang='lat' dir='ltr'><strong>vetat:</strong></span> <span class='ocrx_word' id='word_1_531' title='bbox 3316 2569 3406 2623; x_wconf 88' lang='lat' dir='ltr'><strong>sed</strong></span> <span class='ocrx_word' id='word_1_532' title='bbox 3437 2585 3553 2624; x_wconf 86' lang='lat' dir='ltr'><strong>eam</strong></span> <span class='ocrx_word' id='word_1_533' title='bbox 3586 2588 3709 2640; x_wconf 85' lang='lat' dir='ltr'><strong>pas-</strong></span> 
     </span>
    </p>
   </div>
   <div class='ocr_carea' id='block_1_71' title="bbox 2135 2651 3705 2731">
    <p class='ocr_par' dir='ltr' id='par_1_71' title="bbox 2135 2651 3705 2731">
     <span class='ocr_line' id='line_1_71' title="bbox 2135 2651 3705 2731; baseline 0.008 -27"><span class='ocrx_word' id='word_1_534' title='bbox 2135 2651 2233 2704; x_wconf 92' lang='lat' dir='ltr'><strong>sim</strong></span> <span class='ocrx_word' id='word_1_535' title='bbox 2288 2660 2343 2704; x_wconf 91' lang='lat' dir='ltr'><strong>et</strong></span> <span class='ocrx_word' id='word_1_536' title='bbox 2400 2651 2640 2720; x_wconf 91' lang='lat' dir='ltr'><strong>quolibet</strong></span> <span class='ocrx_word' id='word_1_537' title='bbox 2684 2653 2802 2706; x_wconf 87' lang='lat' dir='ltr'><strong>loco</strong></span> <span class='ocrx_word' id='word_1_538' title='bbox 2839 2654 2903 2707; x_wconf 90' lang='lat' dir='ltr'><strong>ad</strong></span> <span class='ocrx_word' id='word_1_539' title='bbox 2954 2656 3256 2711; x_wconf 80' lang='lat' dir='ltr'><strong>satietatem</strong></span> <span class='ocrx_word' id='word_1_540' title='bbox 3299 2676 3467 2729; x_wconf 90' lang='lat' dir='ltr'><strong>usque</strong></span> <span class='ocrx_word' id='word_1_541' title='bbox 3512 2666 3705 2731; x_wconf 88' lang='lat' dir='ltr'><strong>repeti,</strong></span> 
     </span>
    </p>
   </div>
   <div class='ocr_carea' id='block_1_72' title="bbox 2134 2742 3707 2815">
    <p class='ocr_par' dir='ltr' id='par_1_72' title="bbox 2134 2742 3707 2815">
     <span class='ocr_line' id='line_1_72' title="bbox 2134 2742 3707 2815; baseline 0.01 -21"><span class='ocrx_word' id='word_1_542' title='bbox 2134 2752 2188 2795; x_wconf 93' lang='lat' dir='ltr'><strong>ut</strong></span> <span class='ocrx_word' id='word_1_543' title='bbox 2228 2742 2555 2811; x_wconf 91' lang='lat' dir='ltr'><strong>optimorum</strong></span> <span class='ocrx_word' id='word_1_544' title='bbox 2610 2758 2950 2813; x_wconf 90' lang='lat' dir='ltr'><strong>quorumque</strong></span> <span class='ocrx_word' id='word_1_545' title='bbox 3000 2747 3357 2815; x_wconf 86' lang='lat' dir='ltr'><strong>scriptorum,</strong></span> <span class='ocrx_word' id='word_1_546' title='bbox 3416 2752 3487 2804; x_wconf 87' lang='lat' dir='ltr'><strong>ita</strong></span> <span class='ocrx_word' id='word_1_547' title='bbox 3522 2752 3707 2809; x_wconf 83' lang='lat' dir='ltr'><strong>Basilii</strong></span> 
     </span>
    </p>
   </div>
   <div class='ocr_carea' id='block_1_73' title="bbox 2132 2832 3708 2910">
    <p class='ocr_par' dir='ltr' id='par_1_73' title="bbox 2132 2832 3708 2910">
     <span class='ocr_line' id='line_1_73' title="bbox 2132 2832 3708 2910; baseline 0.01 -26"><span class='ocrx_word' id='word_1_548' title='bbox 2132 2832 2461 2885; x_wconf 92' lang='lat' dir='ltr'><strong>consuetudo</strong></span> <span class='ocrx_word' id='word_1_549' title='bbox 2496 2847 2600 2885; x_wconf 90' lang='lat' dir='ltr'><strong>non</strong></span> <span class='ocrx_word' id='word_1_550' title='bbox 2652 2834 2881 2901; x_wconf 89' lang='lat' dir='ltr'><strong>patitur.</strong></span> <span class='ocrx_word' id='word_1_551' title='bbox 2916 2833 3033 2889; x_wconf 86' lang='lat' dir='ltr'><strong>Alia</strong></span> <span class='ocrx_word' id='word_1_552' title='bbox 3067 2838 3328 2893; x_wconf 90' lang='lat' dir='ltr'><strong>orationis</strong></span> <span class='ocrx_word' id='word_1_553' title='bbox 3361 2841 3485 2895; x_wconf 92' lang='lat' dir='ltr'><strong>vitia</strong></span> <span class='ocrx_word' id='word_1_554' title='bbox 3519 2860 3708 2910; x_wconf 90' lang='lat' dir='ltr'><strong>perse-</strong></span> 
     </span>
    </p>
   </div>
   <div class='ocr_carea' id='block_1_74' title="bbox 2131 2923 3705 3003">
    <p class='ocr_par' dir='ltr' id='par_1_74' title="bbox 2131 2923 3705 3003">
     <span class='ocr_line' id='line_1_74' title="bbox 2131 2923 3705 3003; baseline 0.011 -32"><span class='ocrx_word' id='word_1_555' title='bbox 2131 2923 2221 2991; x_wconf 84' lang='lat' dir='ltr'><strong>qui</strong></span> <span class='ocrx_word' id='word_1_556' title='bbox 2253 2924 2431 2977; x_wconf 91' lang='lat' dir='ltr'><strong>omnia</strong></span> <span class='ocrx_word' id='word_1_557' title='bbox 2462 2923 2679 2991; x_wconf 83' lang='lat' dir='ltr'><strong>longum</strong></span> <span class='ocrx_word' id='word_1_558' title='bbox 2707 2939 2826 2978; x_wconf 89' lang='lat' dir='ltr'><strong>cum</strong></span> <span class='ocrx_word' id='word_1_559' title='bbox 2856 2926 2951 2989; x_wconf 89' lang='lat' dir='ltr'><strong>sit,</strong></span> <span class='ocrx_word' id='word_1_560' title='bbox 2984 2941 3152 2995; x_wconf 88' lang='lat' dir='ltr'><strong>pauca</strong></span> <span class='ocrx_word' id='word_1_561' title='bbox 3182 2944 3212 2981; x_wconf 91' lang='lat' dir='ltr'><strong>e</strong></span> <span class='ocrx_word' id='word_1_562' title='bbox 3237 2930 3437 2999; x_wconf 91' lang='lat' dir='ltr'><strong>multis,</strong></span> <span class='ocrx_word' id='word_1_563' title='bbox 3471 2945 3527 2986; x_wconf 93' lang='lat' dir='ltr'><strong>ut</strong></span> <span class='ocrx_word' id='word_1_564' title='bbox 3549 2937 3705 3003; x_wconf 88' lang='lat' dir='ltr'><strong>quid-</strong></span> 
     </span>
    </p>
   </div>
   <div class='ocr_carea' id='block_1_75' title="bbox 2131 3014 3706 3095">
    <p class='ocr_par' dir='ltr' id='par_1_75' title="bbox 2131 3014 3706 3095">
     <span class='ocr_line' id='line_1_75' title="bbox 2131 3014 3706 3095; baseline 0.01 -31"><span class='ocrx_word' id='word_1_565' title='bbox 2131 3028 2234 3080; x_wconf 83' lang='lat' dir='ltr'><strong>que</strong></span> <span class='ocrx_word' id='word_1_566' title='bbox 2262 3027 2532 3075; x_wconf 89' lang='lat' dir='ltr'><strong>occurret,</strong></span> <span class='ocrx_word' id='word_1_567' title='bbox 2555 3014 3055 3084; x_wconf 73' lang='lat' dir='ltr'><strong>proferemulea-c</strong></span> <span class='ocrx_word' id='word_1_568' title='bbox 3086 3017 3310 3088; x_wconf 82' lang='lat' dir='ltr'><strong>legimus</strong></span> <span class='ocrx_word' id='word_1_569' title='bbox 3336 3037 3441 3076; x_wconf 92' lang='lat' dir='ltr'><strong>non</strong></span> <span class='ocrx_word' id='word_1_570' title='bbox 3463 3024 3617 3095; x_wconf 84' lang='lat' dir='ltr'><strong>longe</strong></span> <span class='ocrx_word' id='word_1_571' title='bbox 3637 3026 3706 3080; x_wconf 89' lang='lat' dir='ltr'><strong>ab</strong></span> 
     </span>
    </p>
   </div>
   <div class='ocr_carea' id='block_1_76' title="bbox 2133 3100 3707 3177">
    <p class='ocr_par' dir='ltr' id='par_1_76' title="bbox 2133 3100 3707 3177">
     <span class='ocr_line' id='line_1_76' title="bbox 2133 3100 3707 3177; baseline 0.006 -24"><span class='ocrx_word' id='word_1_572' title='bbox 2133 3102 2285 3155; x_wconf 88' lang='lat' dir='ltr'><strong>initio</strong></span> <span class='ocrx_word' id='word_1_573' title='bbox 2313 3100 2388 3171; x_wconf 91' lang='lat' dir='ltr'><strong>(p.</strong></span> <span class='ocrx_word' id='word_1_574' title='bbox 2413 3101 2538 3171; x_wconf 69' lang='lat'><strong>279)</strong></span> <span class='ocrx_word' id='word_1_575' title='bbox 2569 3121 2581 3155; x_wconf 89' lang='lat'><strong>:</strong></span> <span class='ocrx_word' id='word_1_576' title='bbox 2618 3103 2680 3162; x_wconf 70' lang='lat' dir='ltr'><strong>Ei</strong></span> <span class='ocrx_word' id='word_1_577' title='bbox 2714 3102 2787 3172; x_wconf 83' lang='grc' dir='ltr'><strong>μὴ</strong></span> <span class='ocrx_word' id='word_1_578' title='bbox 2817 3104 3116 3173; x_wconf 77' lang='grc' dir='ltr'>γεννήσεως</span> <span class='ocrx_word' id='word_1_579' title='bbox 3142 3108 3202 3158; x_wconf 83' lang='grc' dir='ltr'>τὸ</span> <span class='ocrx_word' id='word_1_580' title='bbox 3231 3108 3531 3177; x_wconf 81' lang='grc' dir='ltr'>μονογενὲς,</span> <span class='ocrx_word' id='word_1_581' title='bbox 3569 3110 3707 3164; x_wconf 77' lang='grc' dir='ltr'>ἀλλὰ</span> 
     </span>
    </p>
   </div>
   <div class='ocr_carea' id='block_1_77' title="bbox 2131 3189 3707 3266">
    <p class='ocr_par' dir='ltr' id='par_1_77' title="bbox 2131 3189 3707 3266">
     <span class='ocr_line' id='line_1_77' title="bbox 2131 3189 3707 3266; baseline -0.001 -25"><span class='ocrx_word' id='word_1_582' title='bbox 2131 3189 2216 3243; x_wconf 77' lang='grc' dir='ltr'>διὰ</span> <span class='ocrx_word' id='word_1_583' title='bbox 2244 3189 2303 3243; x_wconf 86' lang='grc' dir='ltr'><strong>τὺ</strong></span> <span class='ocrx_word' id='word_1_584' title='bbox 2331 3190 2678 3261; x_wconf 77' lang='grc' dir='ltr'>ἀσύγκριτον,</span> <span class='ocrx_word' id='word_1_585' title='bbox 2715 3192 3006 3265; x_wconf 79' lang='grc' dir='ltr'>μονογενὴς</span> <span class='ocrx_word' id='word_1_586' title='bbox 3040 3194 3133 3247; x_wconf 72' lang='grc' dir='ltr'><strong>καὶ</strong></span> <span class='ocrx_word' id='word_1_587' title='bbox 3179 3196 3206 3246; x_wconf 87' lang='grc' dir='ltr'>ὁ</span> <span class='ocrx_word' id='word_1_588' title='bbox 3255 3196 3463 3266; x_wconf 82' lang='grc' dir='ltr'><strong>Πατήρ.</strong></span> <span class='ocrx_word' id='word_1_589' title='bbox 3510 3196 3707 3266; x_wconf 79' lang='grc' dir='ltr'>Ἀσύγ-</span> 
     </span>
    </p>
   </div>
   <div class='ocr_carea' id='block_1_78' title="bbox 2130 3282 3703 3354">
    <p class='ocr_par' dir='ltr' id='par_1_78' title="bbox 2130 3282 3703 3354">
     <span class='ocr_line' id='line_1_78' title="bbox 2130 3282 3703 3354; baseline 0.003 -20"><span class='ocrx_word' id='word_1_590' title='bbox 2130 3298 2314 3351; x_wconf 82' lang='grc' dir='ltr'>κριτος</span> <span class='ocrx_word' id='word_1_591' title='bbox 2358 3283 2486 3353; x_wconf 87' lang='grc' dir='ltr'>γάρ.</span> <span class='ocrx_word' id='word_1_592' title='bbox 2533 3301 2550 3331; x_wconf 76' lang='grc' dir='ltr'>ι</span> <span class='ocrx_word' id='word_1_593' title='bbox 2580 3283 2633 3336; x_wconf 91' lang='lat' dir='ltr'><strong>Si</strong></span> <span class='ocrx_word' id='word_1_594' title='bbox 2681 3282 3013 3350; x_wconf 80' lang='lat' dir='ltr'><strong>unigenitum</strong></span> <span class='ocrx_word' id='word_1_595' title='bbox 3057 3286 3424 3354; x_wconf 80' lang='lat' dir='ltr'><strong>generationis</strong></span> <span class='ocrx_word' id='word_1_596' title='bbox 3458 3302 3562 3341; x_wconf 94' lang='lat' dir='ltr'><strong>non</strong></span> <span class='ocrx_word' id='word_1_597' title='bbox 3596 3298 3703 3350; x_wconf 89' lang='lat' dir='ltr'><strong>est,</strong></span> 
     </span>
    </p>
   </div>
   <div class='ocr_carea' id='block_1_79' title="bbox 2130 3375 3705 3448">
    <p class='ocr_par' dir='ltr' id='par_1_79' title="bbox 2130 3375 3705 3448">
     <span class='ocr_line' id='line_1_79' title="bbox 2130 3375 3705 3448; baseline 0.006 -24"><span class='ocrx_word' id='word_1_598' title='bbox 2130 3375 2226 3427; x_wconf 85' lang='lat' dir='ltr'><strong>sed</strong></span> <span class='ocrx_word' id='word_1_599' title='bbox 2275 3387 2560 3442; x_wconf 86' lang='lat' dir='ltr'><strong>propterea</strong></span> <span class='ocrx_word' id='word_1_600' title='bbox 2597 3378 2740 3443; x_wconf 92' lang='lat' dir='ltr'><strong>quod</strong></span> <span class='ocrx_word' id='word_1_601' title='bbox 2791 3387 2875 3432; x_wconf 85' lang='lat' dir='ltr'><strong>est</strong></span> <span class='ocrx_word' id='word_1_602' title='bbox 2922 3377 3364 3446; x_wconf 90' lang='lat' dir='ltr'><strong>incomparabile,</strong></span> <span class='ocrx_word' id='word_1_603' title='bbox 3393 3379 3705 3448; x_wconf 87' lang='lat' dir='ltr'><strong>unigenitus</strong></span> 
     </span>
    </p>
   </div>
   <div class='ocr_carea' id='block_1_80' title="bbox 2130 3463 3699 3536">
    <p class='ocr_par' dir='ltr' id='par_1_80' title="bbox 2130 3463 3699 3536">
     <span class='ocr_line' id='line_1_80' title="bbox 2130 3463 3699 3536; baseline 0.004 -20"><span class='ocrx_word' id='word_1_604' title='bbox 2130 3464 2289 3517; x_wconf 89' lang='lat' dir='ltr'><strong>etiam</strong></span> <span class='ocrx_word' id='word_1_605' title='bbox 2308 3463 2465 3518; x_wconf 88' lang='lat' dir='ltr'><strong>Pater</strong></span> <span class='ocrx_word' id='word_1_606' title='bbox 2489 3477 2624 3519; x_wconf 64' lang='lat' dir='ltr'><strong>est.»</strong></span> <span class='ocrx_word' id='word_1_607' title='bbox 2659 3465 2785 3521; x_wconf 90' lang='lat' dir='ltr'><strong>Scio</strong></span> <span class='ocrx_word' id='word_1_608' title='bbox 2814 3482 2964 3522; x_wconf 86' lang='lat' dir='ltr'><strong>suam</strong></span> <span class='ocrx_word' id='word_1_609' title='bbox 2992 3469 3185 3536; x_wconf 90' lang='lat' dir='ltr'><strong>cuique</strong></span> <span class='ocrx_word' id='word_1_610' title='bbox 3202 3470 3525 3521; x_wconf 87' lang='lat' dir='ltr'><strong>sententiam</strong></span> <span class='ocrx_word' id='word_1_611' title='bbox 3550 3484 3699 3533; x_wconf 89' lang='lat' dir='ltr'><strong>esse,</strong></span> 
     </span>
    </p>
   </div>
   <div class='ocr_carea' id='block_1_81' title="bbox 2129 3556 3706 3628">
    <p class='ocr_par' dir='ltr' id='par_1_81' title="bbox 2129 3556 3706 3628">
     <span class='ocr_line' id='line_1_81' title="bbox 2129 3556 3706 3628; baseline 0.004 -20"><span class='ocrx_word' id='word_1_612' title='bbox 2129 3564 2183 3609; x_wconf 92' lang='lat' dir='ltr'><strong>et</strong></span> <span class='ocrx_word' id='word_1_613' title='bbox 2210 3557 2343 3610; x_wconf 89' lang='lat' dir='ltr'><strong>alios</strong></span> <span class='ocrx_word' id='word_1_614' title='bbox 2384 3556 2542 3609; x_wconf 91' lang='lat' dir='ltr'><strong>aliter</strong></span> <span class='ocrx_word' id='word_1_615' title='bbox 2568 3559 2772 3613; x_wconf 89' lang='lat' dir='ltr'><strong>sentire</strong></span> <span class='ocrx_word' id='word_1_616' title='bbox 2804 3560 2989 3613; x_wconf 90' lang='lat' dir='ltr'><strong>solitos</strong></span> <span class='ocrx_word' id='word_1_617' title='bbox 3017 3574 3032 3612; x_wconf 88' lang='lat'><strong>:</strong></span> <span class='ocrx_word' id='word_1_618' title='bbox 3068 3569 3194 3628; x_wconf 90' lang='lat' dir='ltr'><strong>puto</strong></span> <span class='ocrx_word' id='word_1_619' title='bbox 3228 3570 3406 3614; x_wconf 90' lang='lat' dir='ltr'><strong>tamen</strong></span> <span class='ocrx_word' id='word_1_620' title='bbox 3432 3562 3706 3616; x_wconf 80' lang='lat' dir='ltr'><strong>neminem</strong></span> 
     </span>
    </p>
   </div>
   <div class='ocr_carea' id='block_1_82' title="bbox 2129 3649 3704 3723">
    <p class='ocr_par' dir='ltr' id='par_1_82' title="bbox 2129 3649 3704 3723">
     <span class='ocr_line' id='line_1_82' title="bbox 2129 3649 3704 3723; baseline 0.001 -19"><span class='ocrx_word' id='word_1_621' title='bbox 2129 3651 2362 3704; x_wconf 86' lang='lat' dir='ltr'><strong>futurum</strong></span> <span class='ocrx_word' id='word_1_622' title='bbox 2388 3690 2400 3713; x_wconf 94' lang='lat'><strong>,</strong></span> <span class='ocrx_word' id='word_1_623' title='bbox 2436 3651 2522 3717; x_wconf 93' lang='lat' dir='ltr'><strong>qui</strong></span> <span class='ocrx_word' id='word_1_624' title='bbox 2562 3650 2611 3701; x_wconf 90' lang='lat' dir='ltr'><strong>id</strong></span> <span class='ocrx_word' id='word_1_625' title='bbox 2660 3649 2909 3719; x_wconf 88' lang='lat' dir='ltr'><strong>loquendi</strong></span> <span class='ocrx_word' id='word_1_626' title='bbox 2946 3667 3112 3720; x_wconf 84' lang='lat' dir='ltr'><strong>genus</strong></span> <span class='ocrx_word' id='word_1_627' title='bbox 3136 3691 3151 3714; x_wconf 86' lang='lat'><strong>,</strong></span> <span class='ocrx_word' id='word_1_628' title='bbox 3192 3652 3253 3707; x_wconf 83' lang='lat' dir='ltr'><strong>Ei</strong></span> <span class='ocrx_word' id='word_1_629' title='bbox 3287 3652 3360 3723; x_wconf 83' lang='grc' dir='ltr'>μὴ</span> <span class='ocrx_word' id='word_1_630' title='bbox 3397 3653 3704 3722; x_wconf 82' lang='grc' dir='ltr'>γεννήσεως</span> 
     </span>
    </p>
   </div>
   <div class='ocr_carea' id='block_1_83' title="bbox 2127 3739 3705 3812">
    <p class='ocr_par' dir='ltr' id='par_1_83' title="bbox 2127 3739 3705 3812">
     <span class='ocr_line' id='line_1_83' title="bbox 2127 3739 3705 3812; baseline 0.003 -19"><span class='ocrx_word' id='word_1_631' title='bbox 2127 3742 2186 3793; x_wconf 84' lang='grc' dir='ltr'>τὸ</span> <span class='ocrx_word' id='word_1_632' title='bbox 2211 3739 2515 3811; x_wconf 74' lang='grc' dir='ltr'>μονογενὲς,</span> <span class='ocrx_word' id='word_1_633' title='bbox 2552 3740 2877 3795; x_wconf 87' lang='lat' dir='ltr'><strong>Basilianum</strong></span> <span class='ocrx_word' id='word_1_634' title='bbox 2907 3756 3027 3796; x_wconf 91' lang='lat' dir='ltr'><strong>esse</strong></span> <span class='ocrx_word' id='word_1_635' title='bbox 3062 3742 3226 3795; x_wconf 90' lang='lat' dir='ltr'><strong>dicat.</strong></span> <span class='ocrx_word' id='word_1_636' title='bbox 3276 3742 3443 3796; x_wconf 85' lang='lat' dir='ltr'><strong>Paulo</strong></span> <span class='ocrx_word' id='word_1_637' title='bbox 3474 3754 3594 3812; x_wconf 88' lang='lat' dir='ltr'><strong>post</strong></span> <span class='ocrx_word' id='word_1_638' title='bbox 3630 3745 3705 3797; x_wconf 86' lang='lat' dir='ltr'><strong>ita</strong></span> 
     </span>
    </p>
   </div>
   <div class='ocr_carea' id='block_1_84' title="bbox 2131 3826 3702 3906">
    <p class='ocr_par' dir='ltr' id='par_1_84' title="bbox 2131 3826 3702 3906">
     <span class='ocr_line' id='line_1_84' title="bbox 2131 3826 3702 3906; baseline 0.003 -22"><span class='ocrx_word' id='word_1_639' title='bbox 2131 3834 2323 3900; x_wconf 78' lang='lat' dir='ltr'><strong>legitur</strong></span> <span class='ocrx_word' id='word_1_640' title='bbox 2350 3836 2426 3901; x_wconf 90' lang='lat' dir='ltr'><strong>(p.</strong></span> <span class='ocrx_word' id='word_1_641' title='bbox 2444 3831 2570 3899; x_wconf 75' lang='lat'><strong>9.79)</strong></span> <span class='ocrx_word' id='word_1_642' title='bbox 2598 3826 2726 3883; x_wconf 75' lang='grc' dir='ltr'>εὮν</span> <span class='ocrx_word' id='word_1_643' title='bbox 2748 3832 2855 3903; x_wconf 82' lang='grc' dir='ltr'><strong>γὰρ</strong></span> <span class='ocrx_word' id='word_1_644' title='bbox 2875 3835 2903 3886; x_wconf 83' lang='grc' dir='ltr'>ὁ</span> <span class='ocrx_word' id='word_1_645' title='bbox 2929 3833 3256 3906; x_wconf 77' lang='grc' dir='ltr'>δημιουργὸς</span> <span class='ocrx_word' id='word_1_646' title='bbox 3273 3834 3330 3885; x_wconf 78' lang='grc' dir='ltr'><strong>οὐ</strong></span> <span class='ocrx_word' id='word_1_647' title='bbox 3349 3834 3488 3886; x_wconf 81' lang='grc' dir='ltr'>κατὰ</span> <span class='ocrx_word' id='word_1_648' title='bbox 3522 3835 3702 3903; x_wconf 78' lang='grc' dir='ltr'>φύσιν,</span> 
     </span>
    </p>
   </div>
   <div class='ocr_carea' id='block_1_85' title="bbox 2131 3924 3702 4001">
    <p class='ocr_par' dir='ltr' id='par_1_85' title="bbox 2131 3924 3702 4001">
     <span class='ocr_line' id='line_1_85' title="bbox 2131 3924 3702 4001; baseline 0.001 -22"><span class='ocrx_word' id='word_1_649' title='bbox 2131 3928 2246 3990; x_wconf 78' lang='grc' dir='ltr'><strong>πῶς</strong></span> <span class='ocrx_word' id='word_1_650' title='bbox 2311 3926 2376 3977; x_wconf 79' lang='grc' dir='ltr'>τὰ</span> <span class='ocrx_word' id='word_1_651' title='bbox 2428 3926 2898 4001; x_wconf 78' lang='grc' dir='ltr'><strong>δημιουργηῦέντα</strong></span> <span class='ocrx_word' id='word_1_652' title='bbox 2958 3927 3096 3979; x_wconf 75' lang='grc' dir='ltr'>κατὰ</span> <span class='ocrx_word' id='word_1_653' title='bbox 3149 3924 3346 3994; x_wconf 75' lang='grc' dir='ltr'>φύσινς</span> <span class='ocrx_word' id='word_1_654' title='bbox 3408 3945 3425 3975; x_wconf 72' lang='grc' dir='ltr'><strong><em>ι</em></strong></span> <span class='ocrx_word' id='word_1_655' title='bbox 3466 3928 3702 3991; x_wconf 80' lang='lat' dir='ltr'><strong>Quorum</strong></span> 
     </span>
    </p>
   </div>
   <div class='ocr_carea' id='block_1_86' title="bbox 2131 4018 3704 4086">
    <p class='ocr_par' dir='ltr' id='par_1_86' title="bbox 2131 4018 3704 4086">
     <span class='ocr_line' id='line_1_86' title="bbox 2131 4018 3704 4086; baseline 0 -14"><span class='ocrx_word' id='word_1_656' title='bbox 2131 4020 2271 4073; x_wconf 89' lang='lat' dir='ltr'><strong>enim</strong></span> <span class='ocrx_word' id='word_1_657' title='bbox 2314 4018 2564 4077; x_wconf 88' lang='lat' dir='ltr'><strong>conditor</strong></span> <span class='ocrx_word' id='word_1_658' title='bbox 2614 4034 2720 4071; x_wconf 90' lang='lat' dir='ltr'><strong>non</strong></span> <span class='ocrx_word' id='word_1_659' title='bbox 2763 4018 3058 4073; x_wconf 91' lang='lat' dir='ltr'><strong>secundum</strong></span> <span class='ocrx_word' id='word_1_660' title='bbox 3110 4028 3355 4071; x_wconf 89' lang='lat' dir='ltr'><strong>naturam</strong></span> <span class='ocrx_word' id='word_1_661' title='bbox 3402 4030 3523 4082; x_wconf 90' lang='lat' dir='ltr'><strong>est,</strong></span> <span class='ocrx_word' id='word_1_662' title='bbox 3569 4033 3704 4086; x_wconf 88' lang='lat' dir='ltr'><strong>quo-</strong></span> 
     </span>
    </p>
   </div>
   <div class='ocr_carea' id='block_1_87' title="bbox 2132 4109 3705 4176">
    <p class='ocr_par' dir='ltr' id='par_1_87' title="bbox 2132 4109 3705 4176">
     <span class='ocr_line' id='line_1_87' title="bbox 2132 4109 3705 4176; baseline 0.001 -15"><span class='ocrx_word' id='word_1_663' title='bbox 2132 4109 2290 4163; x_wconf 90' lang='lat' dir='ltr'><strong>modo</strong></span> <span class='ocrx_word' id='word_1_664' title='bbox 2325 4109 2537 4163; x_wconf 88' lang='lat' dir='ltr'><strong>condita</strong></span> <span class='ocrx_word' id='word_1_665' title='bbox 2577 4111 2868 4163; x_wconf 84' lang='lat' dir='ltr'><strong>secundum</strong></span> <span class='ocrx_word' id='word_1_666' title='bbox 2912 4121 3158 4163; x_wconf 89' lang='lat' dir='ltr'><strong>naturam</strong></span> <span class='ocrx_word' id='word_1_667' title='bbox 3207 4109 3407 4163; x_wconf 89' lang='lat' dir='ltr'><strong>erunt?</strong></span> <span class='ocrx_word' id='word_1_668' title='bbox 3440 4128 3459 4161; x_wconf 73' lang='grc' dir='ltr'><strong><em>ι</em></strong></span> <span class='ocrx_word' id='word_1_669' title='bbox 3501 4110 3705 4176; x_wconf 84' lang='lat' dir='ltr'><strong>Quibus</strong></span> 
     </span>
    </p>
   </div>
   <div class='ocr_carea' id='block_1_88' title="bbox 2128 4201 3697 4270">
    <p class='ocr_par' dir='ltr' id='par_1_88' title="bbox 2128 4201 3697 4270">
     <span class='ocr_line' id='line_1_88' title="bbox 2128 4201 3697 4270; baseline -0.001 -14"><span class='ocrx_word' id='word_1_670' title='bbox 2128 4203 2180 4256; x_wconf 91' lang='lat' dir='ltr'><strong>in</strong></span> <span class='ocrx_word' id='word_1_671' title='bbox 2238 4202 2413 4256; x_wconf 82' lang='lat' dir='ltr'><strong>verbis</strong></span> <span class='ocrx_word' id='word_1_672' title='bbox 2460 4201 2647 4255; x_wconf 90' lang='lat' dir='ltr'><strong>vitium</strong></span> <span class='ocrx_word' id='word_1_673' title='bbox 2694 4202 2871 4257; x_wconf 90' lang='lat' dir='ltr'><strong>inesse</strong></span> <span class='ocrx_word' id='word_1_674' title='bbox 2943 4202 3159 4265; x_wconf 91' lang='lat' dir='ltr'><strong>vident,</strong></span> <span class='ocrx_word' id='word_1_675' title='bbox 3207 4202 3433 4270; x_wconf 89' lang='lat' dir='ltr'><strong>opinor,</strong></span> <span class='ocrx_word' id='word_1_676' title='bbox 3489 4217 3697 4255; x_wconf 88' lang='lat' dir='ltr'><strong>omnes.</strong></span> 
     </span>
    </p>
   </div>
   <div class='ocr_carea' id='block_1_89' title="bbox 2129 4294 3699 4363">
    <p class='ocr_par' dir='ltr' id='par_1_89' title="bbox 2129 4294 3699 4363">
     <span class='ocr_line' id='line_1_89' title="bbox 2129 4294 3699 4363; baseline 0 -16"><span class='ocrx_word' id='word_1_677' title='bbox 2129 4294 2375 4363; x_wconf 86' lang='lat' dir='ltr'><strong>Scriptor</strong></span> <span class='ocrx_word' id='word_1_678' title='bbox 2408 4295 2573 4359; x_wconf 90' lang='lat' dir='ltr'><strong>enim,</strong></span> <span class='ocrx_word' id='word_1_679' title='bbox 2603 4295 2646 4347; x_wconf 89' lang='lat' dir='ltr'><strong>si</strong></span> <span class='ocrx_word' id='word_1_680' title='bbox 2688 4304 2834 4348; x_wconf 89' lang='lat' dir='ltr'><strong>recte</strong></span> <span class='ocrx_word' id='word_1_681' title='bbox 2868 4294 3010 4362; x_wconf 86' lang='lat' dir='ltr'><strong>l&#39;oqui</strong></span> <span class='ocrx_word' id='word_1_682' title='bbox 3042 4294 3319 4360; x_wconf 87' lang='lat' dir='ltr'><strong>voluisset,</strong></span> <span class='ocrx_word' id='word_1_683' title='bbox 3355 4304 3446 4348; x_wconf 88' lang='lat' dir='ltr'><strong>aut</strong></span> <span class='ocrx_word' id='word_1_684' title='bbox 3474 4309 3571 4349; x_wconf 86' lang='lat' dir='ltr'><strong>sua</strong></span> <span class='ocrx_word' id='word_1_685' title='bbox 3617 4294 3699 4348; x_wconf 86' lang='lat' dir='ltr'><strong>f&#39;a-</strong></span> 
     </span>
    </p>
   </div>
   <div class='ocr_carea' id='block_1_90' title="bbox 2132 4387 3697 4458">
    <p class='ocr_par' dir='ltr' id='par_1_90' title="bbox 2132 4387 3697 4458">
     <span class='ocr_line' id='line_1_90' title="bbox 2132 4387 3697 4458; baseline 0.002 -21"><span class='ocrx_word' id='word_1_686' title='bbox 2132 4387 2327 4440; x_wconf 91' lang='lat' dir='ltr'><strong>miliari</strong></span> <span class='ocrx_word' id='word_1_687' title='bbox 2360 4388 2620 4455; x_wconf 90' lang='lat' dir='ltr'><strong>particula</strong></span> <span class='ocrx_word' id='word_1_688' title='bbox 2651 4388 2701 4439; x_wconf 79' lang='grc' dir='ltr'>εἰ</span> <span class='ocrx_word' id='word_1_689' title='bbox 2737 4387 2812 4441; x_wconf 92' lang='lat' dir='ltr'><strong>uti</strong></span> <span class='ocrx_word' id='word_1_690' title='bbox 2846 4388 3126 4454; x_wconf 86' lang='lat' dir='ltr'><strong>debuerat,</strong></span> <span class='ocrx_word' id='word_1_691' title='bbox 3155 4388 3257 4441; x_wconf 89' lang='lat' dir='ltr'><strong>hoc</strong></span> <span class='ocrx_word' id='word_1_692' title='bbox 3282 4389 3474 4442; x_wconf 87' lang='lat' dir='ltr'><strong>modo:</strong></span> <span class='ocrx_word' id='word_1_693' title='bbox 3498 4389 3559 4441; x_wconf 87' lang='grc' dir='ltr'><strong>Εἰ</strong></span> <span class='ocrx_word' id='word_1_694' title='bbox 3589 4388 3697 4458; x_wconf 80' lang='grc' dir='ltr'><strong>γὰρ</strong></span> 
     </span>
    </p>
   </div>
   <div class='ocr_carea' id='block_1_91' title="bbox 453 4472 3699 4556">
    <p class='ocr_par' dir='ltr' id='par_1_91' title="bbox 453 4472 3699 4556">
     <span class='ocr_line' id='line_1_91' title="bbox 453 4472 3699 4556; baseline 0.003 -36"><span class='ocrx_word' id='word_1_695' title='bbox 453 4472 584 4525; x_wconf 86' lang='lat' dir='ltr'><strong>viris</strong></span> <span class='ocrx_word' id='word_1_696' title='bbox 615 4474 802 4533; x_wconf 86' lang='lat' dir='ltr'><strong>harum</strong></span> <span class='ocrx_word' id='word_1_697' title='bbox 851 4493 1031 4531; x_wconf 86' lang='lat' dir='ltr'><strong>rerum</strong></span> <span class='ocrx_word' id='word_1_698' title='bbox 1058 4479 1269 4547; x_wconf 90' lang='lat' dir='ltr'><strong>peritis,</strong></span> <span class='ocrx_word' id='word_1_699' title='bbox 1303 4489 1356 4533; x_wconf 92' lang='lat' dir='ltr'><strong>et</strong></span> <span class='ocrx_word' id='word_1_700' title='bbox 1377 4480 1570 4548; x_wconf 64' lang='lat' dir='ltr'><strong>fingam</strong></span> <span class='ocrx_word' id='word_1_701' title='bbox 1595 4478 1798 4535; x_wconf 70' lang='lat' dir='ltr'><strong>Grzpcze</strong></span> <span class='ocrx_word' id='word_1_702' title='bbox 1835 4481 2017 4547; x_wconf 86' lang='lat' dir='ltr'><strong>impri-</strong></span> <span class='ocrx_word' id='word_1_703' title='bbox 2054 4498 2101 4556; x_wconf 75' lang='grc' dir='ltr'><strong><em>υ</em></strong></span> <span class='ocrx_word' id='word_1_704' title='bbox 2124 4480 2155 4531; x_wconf 75' lang='grc' dir='ltr'>ὁ</span> <span class='ocrx_word' id='word_1_705' title='bbox 2178 4479 2524 4550; x_wconf 85' lang='grc' dir='ltr'><strong>δημιουργός,</strong></span> <span class='ocrx_word' id='word_1_706' title='bbox 2553 4489 2659 4532; x_wconf 89' lang='lat' dir='ltr'><strong>etc.</strong></span> <span class='ocrx_word' id='word_1_707' title='bbox 2704 4497 2721 4530; x_wconf 75' lang='grc' dir='ltr'>ι</span> <span class='ocrx_word' id='word_1_708' title='bbox 2752 4479 2806 4533; x_wconf 93' lang='lat' dir='ltr'><strong>Si</strong></span> <span class='ocrx_word' id='word_1_709' title='bbox 2839 4480 2979 4533; x_wconf 91' lang='lat' dir='ltr'><strong>enim</strong></span> <span class='ocrx_word' id='word_1_710' title='bbox 3010 4480 3256 4534; x_wconf 89' lang='lat' dir='ltr'><strong>conditor</strong></span> <span class='ocrx_word' id='word_1_711' title='bbox 3276 4494 3380 4533; x_wconf 91' lang='lat' dir='ltr'><strong>non</strong></span> <span class='ocrx_word' id='word_1_712' title='bbox 3408 4480 3699 4534; x_wconf 90' lang='lat' dir='ltr'><strong>secundum</strong></span> 
     </span>
    </p>
   </div>
   <div class='ocr_carea' id='block_1_92' title="bbox 454 4566 2021 4640">
    <p class='ocr_par' dir='ltr' id='par_1_92' title="bbox 454 4566 2021 4640">
     <span class='ocr_line' id='line_1_92' title="bbox 454 4566 2021 4640; baseline 0.003 -22"><span class='ocrx_word' id='word_1_713' title='bbox 454 4566 555 4618; x_wconf 83' lang='lat' dir='ltr'><strong>Inis</strong></span> <span class='ocrx_word' id='word_1_714' title='bbox 580 4566 1016 4636; x_wconf 88' lang='lat' dir='ltr'><strong>intelligentibus,</strong></span> <span class='ocrx_word' id='word_1_715' title='bbox 1051 4571 1141 4640; x_wconf 89' lang='lat' dir='ltr'><strong>qui</strong></span> <span class='ocrx_word' id='word_1_716' title='bbox 1179 4571 1309 4625; x_wconf 92' lang='lat' dir='ltr'><strong>mihi</strong></span> <span class='ocrx_word' id='word_1_717' title='bbox 1346 4584 1598 4640; x_wconf 89' lang='lat' dir='ltr'><strong>tanquam</strong></span> <span class='ocrx_word' id='word_1_718' title='bbox 1634 4571 1688 4625; x_wconf 89' lang='lat' dir='ltr'><strong>in</strong></span> <span class='ocrx_word' id='word_1_719' title='bbox 1724 4572 1867 4625; x_wconf 91' lang='lat' dir='ltr'><strong>bivio</strong></span> <span class='ocrx_word' id='word_1_720' title='bbox 1900 4587 2021 4624; x_wconf 85' lang='lat' dir='ltr'><strong>ver-</strong></span> 
     </span>
    </p>
   </div>
   <div class='ocr_carea' id='block_1_93' title="bbox 454 4656 2022 4733">
    <p class='ocr_par' dir='ltr' id='par_1_93' title="bbox 454 4656 2022 4733">
     <span class='ocr_line' id='line_1_93' title="bbox 454 4656 2022 4733; baseline 0.004 -21"><span class='ocrx_word' id='word_1_721' title='bbox 454 4656 591 4712; x_wconf 75' lang='lat' dir='ltr'><strong>Santi</strong></span> <span class='ocrx_word' id='word_1_722' title='bbox 631 4657 794 4713; x_wconf 87' lang='lat' dir='ltr'><strong>duces</strong></span> <span class='ocrx_word' id='word_1_723' title='bbox 839 4673 1022 4716; x_wconf 90' lang='lat' dir='ltr'><strong>essent</strong></span> <span class='ocrx_word' id='word_1_724' title='bbox 1063 4670 1119 4717; x_wconf 87' lang='lat' dir='ltr'><strong>et</strong></span> <span class='ocrx_word' id='word_1_725' title='bbox 1178 4661 1421 4731; x_wconf 83' lang='lat' dir='ltr'><strong>signiferi</strong></span> <span class='ocrx_word' id='word_1_726' title='bbox 1457 4680 1470 4715; x_wconf 90' lang='lat'><strong>:</strong></span> <span class='ocrx_word' id='word_1_727' title='bbox 1500 4663 1594 4717; x_wconf 91' lang='lat' dir='ltr'><strong>sed</strong></span> <span class='ocrx_word' id='word_1_728' title='bbox 1642 4678 1750 4732; x_wconf 93' lang='lat' dir='ltr'><strong>quo</strong></span> <span class='ocrx_word' id='word_1_729' title='bbox 1806 4665 2022 4733; x_wconf 85' lang='lat' dir='ltr'><strong>gravius</strong></span> 
     </span>
    </p>
   </div>
   <div class='ocr_carea' id='block_1_94' title="bbox 452 4753 2021 4824">
    <p class='ocr_par' dir='ltr' id='par_1_94' title="bbox 452 4753 2021 4824">
     <span class='ocr_line' id='line_1_94' title="bbox 452 4753 2021 4824; baseline 0.006 -24"><span class='ocrx_word' id='word_1_730' title='bbox 452 4756 571 4800; x_wconf 86' lang='lat' dir='ltr'><strong>erat</strong></span> <span class='ocrx_word' id='word_1_731' title='bbox 595 4762 996 4819; x_wconf 84' lang='lat' dir='ltr'><strong>argumentum,</strong></span> <span class='ocrx_word' id='word_1_732' title='bbox 1047 4768 1114 4809; x_wconf 89' lang='lat' dir='ltr'><strong>eo</strong></span> <span class='ocrx_word' id='word_1_733' title='bbox 1164 4755 1335 4822; x_wconf 83' lang='lat' dir='ltr'><strong>magis</strong></span> <span class='ocrx_word' id='word_1_734' title='bbox 1370 4754 1672 4824; x_wconf 83' lang='lat' dir='ltr'><strong>neglectum</strong></span> <span class='ocrx_word' id='word_1_735' title='bbox 1716 4753 1885 4809; x_wconf 84' lang='lat' dir='ltr'><strong>fuisse</strong></span> <span class='ocrx_word' id='word_1_736' title='bbox 1916 4755 2021 4809; x_wconf 90' lang='lat' dir='ltr'><strong>dici</strong></span> 
     </span>
    </p>
   </div>
   <div class='ocr_carea' id='block_1_95' title="bbox 453 4841 2024 4914">
    <p class='ocr_par' dir='ltr' id='par_1_95' title="bbox 453 4841 2024 4914">
     <span class='ocr_line' id='line_1_95' title="bbox 453 4841 2024 4914; baseline 0.004 -22"><span class='ocrx_word' id='word_1_737' title='bbox 453 4848 648 4907; x_wconf 81' lang='lat' dir='ltr'><strong>potest.</strong></span> <span class='ocrx_word' id='word_1_738' title='bbox 700 4841 852 4896; x_wconf 78' lang='lat' dir='ltr'><strong>Nunc</strong></span> <span class='ocrx_word' id='word_1_739' title='bbox 892 4859 1020 4914; x_wconf 91' lang='lat' dir='ltr'><strong>ergo</strong></span> <span class='ocrx_word' id='word_1_740' title='bbox 1059 4844 1326 4899; x_wconf 90' lang='lat' dir='ltr'><strong>celebrem</strong></span> <span class='ocrx_word' id='word_1_741' title='bbox 1380 4846 1445 4899; x_wconf 91' lang='lat' dir='ltr'><strong>de</strong></span> <span class='ocrx_word' id='word_1_742' title='bbox 1489 4846 1727 4913; x_wconf 92' lang='lat' dir='ltr'><strong>quinque</strong></span> <span class='ocrx_word' id='word_1_743' title='bbox 1762 4848 1815 4897; x_wconf 84' lang='lat' dir='ltr'><strong>in</strong></span> <span class='ocrx_word' id='word_1_744' title='bbox 1844 4847 2024 4899; x_wconf 86' lang='lat' dir='ltr'><strong>Euno-</strong></span> 
     </span>
    </p>
   </div>
   <div class='ocr_carea' id='block_1_96' title="bbox 454 4930 2025 5005">
    <p class='ocr_par' dir='ltr' id='par_1_96' title="bbox 454 4930 2025 5005">
     <span class='ocr_line' id='line_1_96' title="bbox 454 4930 2025 5005; baseline 0.006 -25"><span class='ocrx_word' id='word_1_745' title='bbox 454 4930 618 4983; x_wconf 82' lang='lat' dir='ltr'><strong>mium</strong></span> <span class='ocrx_word' id='word_1_746' title='bbox 669 4932 822 4987; x_wconf 91' lang='lat' dir='ltr'><strong>libris</strong></span> <span class='ocrx_word' id='word_1_747' title='bbox 866 4937 1216 5003; x_wconf 68' lang='lat' dir='ltr'><strong>quaestionem</strong></span> <span class='ocrx_word' id='word_1_748' title='bbox 1253 4937 1563 5005; x_wconf 84' lang='lat' dir='ltr'><strong>diligentius</strong></span> <span class='ocrx_word' id='word_1_749' title='bbox 1592 4938 2025 4999; x_wconf 80' lang='lat' dir='ltr'><strong>examinareco-</strong></span> 
     </span>
    </p>
   </div>
   <div class='ocr_carea' id='block_1_97' title="bbox 456 5022 2023 5100">
    <p class='ocr_par' dir='ltr' id='par_1_97' title="bbox 456 5022 2023 5100">
     <span class='ocr_line' id='line_1_97' title="bbox 456 5022 2023 5100; baseline 0.004 -25"><span class='ocrx_word' id='word_1_750' title='bbox 456 5022 652 5088; x_wconf 89' lang='lat' dir='ltr'><strong>nabor;</strong></span> <span class='ocrx_word' id='word_1_751' title='bbox 689 5034 741 5077; x_wconf 90' lang='lat' dir='ltr'><strong>et</strong></span> <span class='ocrx_word' id='word_1_752' title='bbox 773 5029 1037 5100; x_wconf 87' lang='lat' dir='ltr'><strong>quoniam</strong></span> <span class='ocrx_word' id='word_1_753' title='bbox 1058 5031 1112 5083; x_wconf 92' lang='lat' dir='ltr'><strong>in</strong></span> <span class='ocrx_word' id='word_1_754' title='bbox 1143 5046 1201 5084; x_wconf 90' lang='lat' dir='ltr'><strong>re</strong></span> <span class='ocrx_word' id='word_1_755' title='bbox 1232 5030 1324 5083; x_wconf 89' lang='lat' dir='ltr'><strong>tali</strong></span> <span class='ocrx_word' id='word_1_756' title='bbox 1360 5031 1654 5100; x_wconf 84' lang='lat' dir='ltr'><strong>quidquam</strong></span> <span class='ocrx_word' id='word_1_757' title='bbox 1684 5030 2023 5084; x_wconf 85' lang='lat' dir='ltr'><strong>dissimulare</strong></span> 
     </span>
    </p>
   </div>
   <div class='ocr_carea' id='block_1_98' title="bbox 457 5096 2022 5188">
    <p class='ocr_par' dir='ltr' id='par_1_98' title="bbox 457 5096 2022 5188">
     <span class='ocr_line' id='line_1_98' title="bbox 457 5096 2022 5188; baseline 0.001 -21"><span class='ocrx_word' id='word_1_758' title='bbox 457 5126 563 5167; x_wconf 82' lang='lat' dir='ltr'><strong>non</strong></span> <span class='ocrx_word' id='word_1_759' title='bbox 598 5114 742 5178; x_wconf 88' lang='lat' dir='ltr'><strong>licet,</strong></span> <span class='ocrx_word' id='word_1_760' title='bbox 771 5116 943 5169; x_wconf 89' lang='lat' dir='ltr'><strong>dicam</strong></span> <span class='ocrx_word' id='word_1_761' title='bbox 973 5096 1190 5187; x_wconf 71' lang='lat' dir='ltr'><strong>qtiidetn</strong></span> <span class='ocrx_word' id='word_1_762' title='bbox 1218 5120 1356 5173; x_wconf 80' lang='lat' dir='ltr'><strong>bona</strong></span> <span class='ocrx_word' id='word_1_763' title='bbox 1377 5096 1663 5188; x_wconf 37' lang='lat' dir='ltr'><strong>lide&#39;quod</strong></span> <span class='ocrx_word' id='word_1_764' title='bbox 1694 5118 1889 5183; x_wconf 89' lang='lat' dir='ltr'><strong>sentio,</strong></span> <span class='ocrx_word' id='word_1_765' title='bbox 1931 5119 2022 5170; x_wconf 90' lang='lat' dir='ltr'><strong>sed</strong></span> 
     </span>
    </p>
   </div>
   <div class='ocr_carea' id='block_1_99' title="bbox 457 5202 2023 5279">
    <p class='ocr_par' dir='ltr' id='par_1_99' title="bbox 457 5202 2023 5279">
     <span class='ocr_line' id='line_1_99' title="bbox 457 5202 2023 5279; baseline 0.004 -24"><span class='ocrx_word' id='word_1_766' title='bbox 457 5202 571 5264; x_wconf 87' lang='lat' dir='ltr'><strong>sie,</strong></span> <span class='ocrx_word' id='word_1_767' title='bbox 608 5214 664 5254; x_wconf 89' lang='lat' dir='ltr'><strong>ut</strong></span> <span class='ocrx_word' id='word_1_768' title='bbox 694 5220 867 5258; x_wconf 87' lang='lat' dir='ltr'><strong>meam</strong></span> <span class='ocrx_word' id='word_1_769' title='bbox 897 5209 1219 5263; x_wconf 87' lang='lat' dir='ltr'><strong>sententiam</strong></span> <span class='ocrx_word' id='word_1_770' title='bbox 1277 5225 1572 5279; x_wconf 89' lang='lat' dir='ltr'><strong>proponam</strong></span> <span class='ocrx_word' id='word_1_771' title='bbox 1620 5211 1832 5279; x_wconf 86' lang='lat' dir='ltr'><strong>potius,</strong></span> <span class='ocrx_word' id='word_1_772' title='bbox 1864 5226 2023 5278; x_wconf 88' lang='lat' dir='ltr'><strong>quam</strong></span> 
     </span>
    </p>
   </div>
   <div class='ocr_carea' id='block_1_100' title="bbox 456 5291 747 5358">
    <p class='ocr_par' dir='ltr' id='par_1_100' title="bbox 456 5291 747 5358">
     <span class='ocr_line' id='line_1_100' title="bbox 456 5291 747 5358; baseline 0.017 -17"><span class='ocrx_word' id='word_1_773' title='bbox 456 5291 747 5358; x_wconf 85' lang='lat' dir='ltr'><strong>proferam.</strong></span> 
     </span>
    </p>
   </div>
   <div class='ocr_carea' id='block_1_101' title="bbox 526 5380 2023 5456">
    <p class='ocr_par' dir='ltr' id='par_1_101' title="bbox 526 5380 2023 5456">
     <span class='ocr_line' id='line_1_101' title="bbox 526 5380 2023 5456; baseline 0.01 -23"><span class='ocrx_word' id='word_1_774' title='bbox 526 5380 615 5435; x_wconf 87' lang='lat'><strong>66.</strong></span> <span class='ocrx_word' id='word_1_775' title='bbox 643 5380 875 5439; x_wconf 85' lang='lat' dir='ltr'><strong>Fatebor</strong></span> <span class='ocrx_word' id='word_1_776' title='bbox 902 5386 1068 5456; x_wconf 83' lang='lat' dir='ltr'><strong>igitur</strong></span> <span class='ocrx_word' id='word_1_777' title='bbox 1102 5405 1187 5443; x_wconf 90' lang='lat' dir='ltr'><strong>me</strong></span> <span class='ocrx_word' id='word_1_778' title='bbox 1212 5429 1226 5452; x_wconf 93' lang='lat'><strong>,</strong></span> <span class='ocrx_word' id='word_1_779' title='bbox 1262 5406 1383 5443; x_wconf 87' lang='lat' dir='ltr'><strong>cum</strong></span> <span class='ocrx_word' id='word_1_780' title='bbox 1418 5391 1634 5445; x_wconf 88' lang='lat' dir='ltr'><strong>ultimos</strong></span> <span class='ocrx_word' id='word_1_781' title='bbox 1663 5392 1798 5446; x_wconf 88' lang='lat' dir='ltr'><strong>duos</strong></span> <span class='ocrx_word' id='word_1_782' title='bbox 1828 5393 1879 5447; x_wconf 74' lang='lat' dir='ltr'><strong>in</strong></span> <span class='ocrx_word' id='word_1_783' title='bbox 1914 5392 2023 5448; x_wconf 81' lang='lat' dir='ltr'><strong>Eu-</strong></span> 
     </span>
    </p>
   </div>
   <div class='ocr_carea' id='block_1_102' title="bbox 458 5471 2024 5547">
    <p class='ocr_par' dir='ltr' id='par_1_102' title="bbox 458 5471 2024 5547">
     <span class='ocr_line' id='line_1_102' title="bbox 458 5471 2024 5547; baseline 0.007 -23"><span class='ocrx_word' id='word_1_784' title='bbox 458 5471 688 5525; x_wconf 82' lang='lat' dir='ltr'><strong>nomium</strong></span> <span class='ocrx_word' id='word_1_785' title='bbox 735 5473 901 5530; x_wconf 90' lang='lat' dir='ltr'><strong>libros</strong></span> <span class='ocrx_word' id='word_1_786' title='bbox 948 5479 1217 5547; x_wconf 88' lang='lat' dir='ltr'><strong>legerem,</strong></span> <span class='ocrx_word' id='word_1_787' title='bbox 1273 5481 1530 5536; x_wconf 90' lang='lat' dir='ltr'><strong>incidisse</strong></span> <span class='ocrx_word' id='word_1_788' title='bbox 1575 5483 1656 5536; x_wconf 93' lang='lat' dir='ltr'><strong>vel</strong></span> <span class='ocrx_word' id='word_1_789' title='bbox 1693 5484 1917 5539; x_wconf 90' lang='lat' dir='ltr'><strong>invitum</strong></span> <span class='ocrx_word' id='word_1_790' title='bbox 1972 5484 2024 5535; x_wconf 92' lang='lat' dir='ltr'><strong>in</strong></span> 
     </span>
    </p>
   </div>
   <div class='ocr_carea' id='block_1_103' title="bbox 457 5564 2027 5643">
    <p class='ocr_par' dir='ltr' id='par_1_103' title="bbox 457 5564 2027 5643">
     <span class='ocr_line' id='line_1_103' title="bbox 457 5564 2027 5643; baseline 0.007 -27"><span class='ocrx_word' id='word_1_791' title='bbox 457 5564 837 5632; x_wconf 79' lang='lat' dir='ltr'><strong>suspicionem.</strong></span> <span class='ocrx_word' id='word_1_792' title='bbox 867 5570 1236 5626; x_wconf 89' lang='lat' dir='ltr'><strong>Animadverti</strong></span> <span class='ocrx_word' id='word_1_793' title='bbox 1269 5575 1434 5637; x_wconf 83' lang='lat' dir='ltr'><strong>enim,</strong></span> <span class='ocrx_word' id='word_1_794' title='bbox 1468 5576 1611 5643; x_wconf 85' lang='lat' dir='ltr'><strong>quod</strong></span> <span class='ocrx_word' id='word_1_795' title='bbox 1638 5574 1748 5641; x_wconf 89' lang='lat' dir='ltr'><strong>jam</strong></span> <span class='ocrx_word' id='word_1_796' title='bbox 1783 5577 2027 5628; x_wconf 91' lang='lat' dir='ltr'><strong>animad-</strong></span> 
     </span>
    </p>
   </div>
   <div class='ocr_carea' id='block_1_104' title="bbox 456 5647 2029 5736">
    <p class='ocr_par' dir='ltr' id='par_1_104' title="bbox 456 5647 2029 5736">
     <span class='ocr_line' id='line_1_104' title="bbox 456 5647 2029 5736; baseline 0.008 -28"><span class='ocrx_word' id='word_1_797' title='bbox 456 5666 730 5711; x_wconf 78' lang='lat' dir='ltr'><strong>verteram</strong></span> <span class='ocrx_word' id='word_1_798' title='bbox 771 5660 960 5724; x_wconf 88' lang='lat' dir='ltr'><strong>nmlti,</strong></span> <span class='ocrx_word' id='word_1_799' title='bbox 992 5677 1084 5717; x_wconf 86' lang='lat' dir='ltr'><strong>eos</strong></span> <span class='ocrx_word' id='word_1_800' title='bbox 1118 5680 1146 5717; x_wconf 90' lang='lat' dir='ltr'><strong>a</strong></span> <span class='ocrx_word' id='word_1_801' title='bbox 1195 5665 1366 5720; x_wconf 90' lang='lat' dir='ltr'><strong>tribus</strong></span> <span class='ocrx_word' id='word_1_802' title='bbox 1416 5647 1686 5735; x_wconf 85' lang='lat' dir='ltr'><strong>prioribus</strong></span> <span class='ocrx_word' id='word_1_803' title='bbox 1725 5683 1921 5736; x_wconf 82' lang='lat' dir='ltr'><strong>genere</strong></span> <span class='ocrx_word' id='word_1_804' title='bbox 1952 5667 2029 5721; x_wconf 90' lang='lat' dir='ltr'><strong>di-</strong></span> 
     </span>
    </p>
   </div>
   <div class='ocr_carea' id='block_1_105' title="bbox 457 5746 2020 5831">
    <p class='ocr_par' dir='ltr' id='par_1_105' title="bbox 457 5746 2020 5831">
     <span class='ocr_line' id='line_1_105' title="bbox 457 5746 2020 5831; baseline 0.006 -31"><span class='ocrx_word' id='word_1_805' title='bbox 457 5746 615 5803; x_wconf 85' lang='lat' dir='ltr'><strong>cendi</strong></span> <span class='ocrx_word' id='word_1_806' title='bbox 648 5762 805 5816; x_wconf 82' lang='lat' dir='ltr'><strong>quam</strong></span> <span class='ocrx_word' id='word_1_807' title='bbox 834 5753 1068 5807; x_wconf 81' lang='lat' dir='ltr'><strong>maxime</strong></span> <span class='ocrx_word' id='word_1_808' title='bbox 1096 5753 1314 5816; x_wconf 67' lang='lat' dir='ltr'><strong>differre</strong></span> <span class='ocrx_word' id='word_1_809' title='bbox 1335 5797 1350 5822; x_wconf 89' lang='lat'><strong>,</strong></span> <span class='ocrx_word' id='word_1_810' title='bbox 1380 5769 1611 5831; x_wconf 80' lang='lat' dir='ltr'><strong>eamque</strong></span> <span class='ocrx_word' id='word_1_811' title='bbox 1651 5756 2020 5812; x_wconf 88' lang='lat' dir='ltr'><strong>diversitatem</strong></span> 
     </span>
    </p>
   </div>
   <div class='ocr_carea' id='block_1_106' title="bbox 2126 4570 3698 4639">
    <p class='ocr_par' dir='ltr' id='par_1_106' title="bbox 2126 4570 3698 4639">
     <span class='ocr_line' id='line_1_106' title="bbox 2126 4570 3698 4639; baseline -0.001 -17"><span class='ocrx_word' id='word_1_812' title='bbox 2126 4582 2373 4623; x_wconf 88' lang='lat' dir='ltr'><strong>naturam</strong></span> <span class='ocrx_word' id='word_1_813' title='bbox 2406 4581 2489 4625; x_wconf 77' lang='lat' dir='ltr'><strong>est</strong></span> <span class='ocrx_word' id='word_1_814' title='bbox 2514 4611 2529 4636; x_wconf 96' lang='lat'><strong>,</strong></span> <span class='ocrx_word' id='word_1_815' title='bbox 2563 4570 2831 4639; x_wconf 91' lang='lat' dir='ltr'><strong>quomodo</strong></span> <span class='ocrx_word' id='word_1_816' title='bbox 2876 4571 3089 4624; x_wconf 87' lang='lat' dir='ltr'><strong>condita</strong></span> <span class='ocrx_word' id='word_1_817' title='bbox 3121 4571 3415 4625; x_wconf 88' lang='lat' dir='ltr'><strong>secundum</strong></span> <span class='ocrx_word' id='word_1_818' title='bbox 3452 4579 3698 4622; x_wconf 89' lang='lat' dir='ltr'><strong>naturam</strong></span> 
     </span>
    </p>
   </div>
   <div class='ocr_carea' id='block_1_107' title="bbox 2125 4654 3699 4729">
    <p class='ocr_par' dir='ltr' id='par_1_107' title="bbox 2125 4654 3699 4729">
     <span class='ocr_line' id='line_1_107' title="bbox 2125 4654 3699 4729; baseline -0.001 -16"><span class='ocrx_word' id='word_1_819' title='bbox 2125 4671 2282 4714; x_wconf 87' lang='lat' dir='ltr'><strong>erunt</strong></span> <span class='ocrx_word' id='word_1_820' title='bbox 2304 4662 2327 4713; x_wconf 89' lang='lat'><strong>?</strong></span> <span class='ocrx_word' id='word_1_821' title='bbox 2350 4670 2441 4713; x_wconf 86' lang='lat' dir='ltr'><strong>aut</strong></span> <span class='ocrx_word' id='word_1_822' title='bbox 2462 4661 2505 4714; x_wconf 85' lang='lat' dir='ltr'><strong>si</strong></span> <span class='ocrx_word' id='word_1_823' title='bbox 2534 4676 2667 4715; x_wconf 89' lang='lat' dir='ltr'><strong>voce</strong></span> <span class='ocrx_word' id='word_1_824' title='bbox 2700 4654 2775 4713; x_wconf 86' lang='grc' dir='ltr'>ὧν</span> <span class='ocrx_word' id='word_1_825' title='bbox 2808 4660 2885 4715; x_wconf 90' lang='lat' dir='ltr'><strong>uti</strong></span> <span class='ocrx_word' id='word_1_826' title='bbox 2916 4656 3094 4724; x_wconf 74' lang='lat' dir='ltr'><strong>vellet,</strong></span> <span class='ocrx_word' id='word_1_827' title='bbox 3134 4662 3215 4714; x_wconf 93' lang='lat' dir='ltr'><strong>sic</strong></span> <span class='ocrx_word' id='word_1_828' title='bbox 3245 4660 3502 4729; x_wconf 85' lang='lat' dir='ltr'><strong>scriptum</strong></span> <span class='ocrx_word' id='word_1_829' title='bbox 3536 4674 3699 4726; x_wconf 87' lang='lat' dir='ltr'><strong>opor-</strong></span> 
     </span>
    </p>
   </div>
   <div class='ocr_carea' id='block_1_108' title="bbox 2129 4745 3701 4823">
    <p class='ocr_par' dir='ltr' id='par_1_108' title="bbox 2129 4745 3701 4823">
     <span class='ocr_line' id='line_1_108' title="bbox 2129 4745 3701 4823; baseline -0.001 -20"><span class='ocrx_word' id='word_1_830' title='bbox 2129 4761 2304 4804; x_wconf 87' lang='lat' dir='ltr'><strong>tuerat</strong></span> <span class='ocrx_word' id='word_1_831' title='bbox 2332 4768 2345 4804; x_wconf 90' lang='lat'>:</span> <span class='ocrx_word' id='word_1_832' title='bbox 2379 4745 2483 4806; x_wconf 83' lang='grc' dir='ltr'>Ὦν</span> <span class='ocrx_word' id='word_1_833' title='bbox 2510 4750 2618 4820; x_wconf 81' lang='grc' dir='ltr'>γὰρ</span> <span class='ocrx_word' id='word_1_834' title='bbox 2649 4751 2679 4802; x_wconf 84' lang='grc' dir='ltr'>ὁ</span> <span class='ocrx_word' id='word_1_835' title='bbox 2722 4750 3051 4823; x_wconf 82' lang='grc' dir='ltr'><strong>δημιουργὸς</strong></span> <span class='ocrx_word' id='word_1_836' title='bbox 3094 4752 3152 4803; x_wconf 84' lang='grc' dir='ltr'><strong>οὐ</strong></span> <span class='ocrx_word' id='word_1_837' title='bbox 3194 4750 3333 4804; x_wconf 86' lang='grc' dir='ltr'><strong>κατὰ</strong></span> <span class='ocrx_word' id='word_1_838' title='bbox 3367 4750 3547 4816; x_wconf 80' lang='grc' dir='ltr'>φύσιν,</span> <span class='ocrx_word' id='word_1_839' title='bbox 3584 4749 3701 4814; x_wconf 84' lang='grc' dir='ltr'><strong>πῶς</strong></span> 
     </span>
    </p>
   </div>
   <div class='ocr_carea' id='block_1_109' title="bbox 2122 4839 3700 4909">
    <p class='ocr_par' dir='ltr' id='par_1_109' title="bbox 2122 4839 3700 4909">
     <span class='ocr_line' id='line_1_109' title="bbox 2122 4839 3700 4909; baseline 0.001 -17"><span class='ocrx_word' id='word_1_840' title='bbox 2122 4840 2295 4895; x_wconf 79' lang='grc' dir='ltr'>ταῦτα</span> <span class='ocrx_word' id='word_1_841' title='bbox 2323 4841 2463 4893; x_wconf 82' lang='grc' dir='ltr'><strong>κατὰ</strong></span> <span class='ocrx_word' id='word_1_842' title='bbox 2491 4841 2681 4909; x_wconf 76' lang='grc' dir='ltr'>φύσιν;</span> <span class='ocrx_word' id='word_1_843' title='bbox 2722 4858 2739 4891; x_wconf 72' lang='grc' dir='ltr'>ι</span> <span class='ocrx_word' id='word_1_844' title='bbox 2762 4840 2995 4907; x_wconf 88' lang='lat' dir='ltr'><strong>Quorum</strong></span> <span class='ocrx_word' id='word_1_845' title='bbox 3027 4842 3169 4895; x_wconf 89' lang='lat' dir='ltr'><strong>enim</strong></span> <span class='ocrx_word' id='word_1_846' title='bbox 3204 4839 3453 4895; x_wconf 88' lang='lat' dir='ltr'><strong>conditor</strong></span> <span class='ocrx_word' id='word_1_847' title='bbox 3486 4855 3588 4894; x_wconf 92' lang='lat' dir='ltr'><strong>non</strong></span> <span class='ocrx_word' id='word_1_848' title='bbox 3611 4856 3700 4894; x_wconf 92' lang='lat' dir='ltr'><strong>se-</strong></span> 
     </span>
    </p>
   </div>
   <div class='ocr_carea' id='block_1_110' title="bbox 2127 4930 3696 5005">
    <p class='ocr_par' dir='ltr' id='par_1_110' title="bbox 2127 4930 3696 5005">
     <span class='ocr_line' id='line_1_110' title="bbox 2127 4930 3696 5005; baseline 0 -20"><span class='ocrx_word' id='word_1_849' title='bbox 2127 4932 2357 4985; x_wconf 90' lang='lat' dir='ltr'><strong>cundum</strong></span> <span class='ocrx_word' id='word_1_850' title='bbox 2374 4943 2617 4985; x_wconf 89' lang='lat' dir='ltr'><strong>naturam</strong></span> <span class='ocrx_word' id='word_1_851' title='bbox 2652 4930 2752 4999; x_wconf 74' lang='lat' dir='ltr'><strong>esi,</strong></span> <span class='ocrx_word' id='word_1_852' title='bbox 2771 4933 3037 5001; x_wconf 87' lang='lat' dir='ltr'><strong>quomodo</strong></span> <span class='ocrx_word' id='word_1_853' title='bbox 3056 4947 3117 4986; x_wconf 86' lang='lat' dir='ltr'><strong>ea</strong></span> <span class='ocrx_word' id='word_1_854' title='bbox 3132 4934 3424 5005; x_wconf 80' lang='lat' dir='ltr'><strong>secundum</strong></span> <span class='ocrx_word' id='word_1_855' title='bbox 3448 4942 3696 4986; x_wconf 88' lang='lat' dir='ltr'><strong>naturam</strong></span> 
     </span>
    </p>
   </div>
   <div class='ocr_carea' id='block_1_111' title="bbox 2124 5023 3700 5093">
    <p class='ocr_par' dir='ltr' id='par_1_111' title="bbox 2124 5023 3700 5093">
     <span class='ocr_line' id='line_1_111' title="bbox 2124 5023 3700 5093; baseline 0.001 -17"><span class='ocrx_word' id='word_1_856' title='bbox 2124 5023 2465 5078; x_wconf 82' lang='lat' dir='ltr'><strong>erunt?rSed</strong></span> <span class='ocrx_word' id='word_1_857' title='bbox 2494 5024 2594 5077; x_wconf 84' lang='lat' dir='ltr'><strong>alia</strong></span> <span class='ocrx_word' id='word_1_858' title='bbox 2629 5040 3042 5093; x_wconf 87' lang='lat' dir='ltr'><strong>prosequamur.</strong></span> <span class='ocrx_word' id='word_1_859' title='bbox 3076 5025 3147 5078; x_wconf 90' lang='lat' dir='ltr'><strong>lta</strong></span> <span class='ocrx_word' id='word_1_860' title='bbox 3173 5025 3491 5093; x_wconf 88' lang='lat' dir='ltr'><strong>igiturlibro</strong></span> <span class='ocrx_word' id='word_1_861' title='bbox 3512 5026 3700 5092; x_wconf 91' lang='lat' dir='ltr'><strong>quinto</strong></span> 
     </span>
    </p>
   </div>
   <div class='ocr_carea' id='block_1_112' title="bbox 2126 5115 3702 5187">
    <p class='ocr_par' dir='ltr' id='par_1_112' title="bbox 2126 5115 3702 5187">
     <span class='ocr_line' id='line_1_112' title="bbox 2126 5115 3702 5187; baseline 0 -20"><span class='ocrx_word' id='word_1_862' title='bbox 2126 5115 2360 5187; x_wconf 88' lang='lat' dir='ltr'><strong>loquitur</strong></span> <span class='ocrx_word' id='word_1_863' title='bbox 2378 5116 2451 5185; x_wconf 90' lang='lat' dir='ltr'><strong>(p.</strong></span> <span class='ocrx_word' id='word_1_864' title='bbox 2472 5116 2597 5187; x_wconf 80' lang='grc'><strong>500)</strong></span> <span class='ocrx_word' id='word_1_865' title='bbox 2630 5119 2726 5170; x_wconf 78' lang='lat' dir='ltr'><strong>:Oi</strong></span> <span class='ocrx_word' id='word_1_866' title='bbox 2756 5118 2877 5186; x_wconf 75' lang='grc' dir='ltr'>ἐμοὶ</span> <span class='ocrx_word' id='word_1_867' title='bbox 2893 5116 3071 5186; x_wconf 83' lang='grc' dir='ltr'>λόγοι,</span> <span class='ocrx_word' id='word_1_868' title='bbox 3105 5116 3353 5187; x_wconf 81' lang='grc' dir='ltr'>Σολομὼν</span> <span class='ocrx_word' id='word_1_869' title='bbox 3382 5133 3563 5185; x_wconf 80' lang='grc' dir='ltr'>φησιν,</span> <span class='ocrx_word' id='word_1_870' title='bbox 3597 5115 3702 5168; x_wconf 80' lang='grc' dir='ltr'><strong>ὑπὸ</strong></span> 
     </span>
    </p>
   </div>
   <div class='ocr_carea' id='block_1_113' title="bbox 2124 5206 3698 5280">
    <p class='ocr_par' dir='ltr' id='par_1_113' title="bbox 2124 5206 3698 5280">
     <span class='ocr_line' id='line_1_113' title="bbox 2124 5206 3698 5280; baseline 0.001 -19"><span class='ocrx_word' id='word_1_871' title='bbox 2124 5206 2260 5261; x_wconf 80' lang='grc' dir='ltr'>Θεοῦ</span> <span class='ocrx_word' id='word_1_872' title='bbox 2282 5211 2547 5280; x_wconf 80' lang='grc' dir='ltr'>εἴρηνται.</span> <span class='ocrx_word' id='word_1_873' title='bbox 2570 5210 2677 5262; x_wconf 74' lang='grc' dir='ltr'><strong>Καὶ</strong></span> <span class='ocrx_word' id='word_1_874' title='bbox 2699 5211 2726 5261; x_wconf 89' lang='grc' dir='ltr'>ὁ</span> <span class='ocrx_word' id='word_1_875' title='bbox 2741 5209 2972 5271; x_wconf 77' lang='grc' dir='ltr'>Παῦλος,</span> <span class='ocrx_word' id='word_1_876' title='bbox 2998 5209 3101 5262; x_wconf 85' lang='grc' dir='ltr'>ὑπὸ</span> <span class='ocrx_word' id='word_1_877' title='bbox 3123 5208 3357 5280; x_wconf 79' lang='grc' dir='ltr'><strong>Χριστοῦ</strong></span> <span class='ocrx_word' id='word_1_878' title='bbox 3379 5225 3392 5238; x_wconf 88' lang='grc'><strong>·</strong></span> <span class='ocrx_word' id='word_1_879' title='bbox 3425 5207 3567 5269; x_wconf 84' lang='grc' dir='ltr'>ἐπεί,</span> <span class='ocrx_word' id='word_1_880' title='bbox 3592 5217 3698 5262; x_wconf 89' lang='lat' dir='ltr'><strong>etc.</strong></span> 
     </span>
    </p>
   </div>
   <div class='ocr_carea' id='block_1_114' title="bbox 2131 5298 3695 5369">
    <p class='ocr_par' dir='ltr' id='par_1_114' title="bbox 2131 5298 3695 5369">
     <span class='ocr_line' id='line_1_114' title="bbox 2131 5298 3695 5369; baseline 0.003 -21"><span class='ocrx_word' id='word_1_881' title='bbox 2131 5317 2149 5347; x_wconf 77' lang='grc' dir='ltr'>ι</span> <span class='ocrx_word' id='word_1_882' title='bbox 2177 5298 2470 5354; x_wconf 84' lang='lat' dir='ltr'><strong>Sermones</strong></span> <span class='ocrx_word' id='word_1_883' title='bbox 2512 5302 2612 5353; x_wconf 89' lang='lat' dir='ltr'><strong>mei</strong></span> <span class='ocrx_word' id='word_1_884' title='bbox 2641 5339 2654 5363; x_wconf 93' lang='lat'><strong>,</strong></span> <span class='ocrx_word' id='word_1_885' title='bbox 2685 5300 2859 5369; x_wconf 87' lang='lat' dir='ltr'><strong>inquit</strong></span> <span class='ocrx_word' id='word_1_886' title='bbox 2883 5299 3159 5362; x_wconf 90' lang='lat' dir='ltr'><strong>Salomon,</strong></span> <span class='ocrx_word' id='word_1_887' title='bbox 3188 5299 3314 5353; x_wconf 89' lang='lat' dir='ltr'><strong>dicti</strong></span> <span class='ocrx_word' id='word_1_888' title='bbox 3343 5309 3469 5355; x_wconf 73' lang='lat' dir='ltr'><strong>aunt</strong></span> <span class='ocrx_word' id='word_1_889' title='bbox 3505 5313 3534 5351; x_wconf 85' lang='lat' dir='ltr'><strong>a</strong></span> <span class='ocrx_word' id='word_1_890' title='bbox 3565 5298 3695 5353; x_wconf 86' lang='lat' dir='ltr'><strong>Deo.</strong></span> 
     </span>
    </p>
   </div>
   <div class='ocr_carea' id='block_1_115' title="bbox 2126 5382 3703 5459">
    <p class='ocr_par' dir='ltr' id='par_1_115' title="bbox 2126 5382 3703 5459">
     <span class='ocr_line' id='line_1_115' title="bbox 2126 5382 3703 5459; baseline 0 -15"><span class='ocrx_word' id='word_1_891' title='bbox 2126 5391 2193 5444; x_wconf 77' lang='lat' dir='ltr'><strong>Et</strong></span> <span class='ocrx_word' id='word_1_892' title='bbox 2220 5390 2437 5455; x_wconf 86' lang='lat' dir='ltr'><strong>Paulus,</strong></span> <span class='ocrx_word' id='word_1_893' title='bbox 2466 5392 2512 5444; x_wconf 83' lang='lat' dir='ltr'><strong>A</strong></span> <span class='ocrx_word' id='word_1_894' title='bbox 2539 5391 2777 5446; x_wconf 89' lang='lat' dir='ltr'><strong>Christo.</strong></span> <span class='ocrx_word' id='word_1_895' title='bbox 2809 5410 2827 5443; x_wconf 75' lang='grc' dir='ltr'><strong><em>ι</em></strong></span> <span class='ocrx_word' id='word_1_896' title='bbox 2859 5390 3039 5444; x_wconf 85' lang='lat' dir='ltr'><strong>Potuit</strong></span> <span class='ocrx_word' id='word_1_897' title='bbox 3066 5405 3197 5445; x_wconf 89' lang='lat' dir='ltr'><strong>sane</strong></span> <span class='ocrx_word' id='word_1_898' title='bbox 3221 5400 3328 5444; x_wconf 88' lang='lat' dir='ltr'><strong>tam</strong></span> <span class='ocrx_word' id='word_1_899' title='bbox 3358 5391 3537 5459; x_wconf 84' lang='lat' dir='ltr'><strong>inepte</strong></span> <span class='ocrx_word' id='word_1_900' title='bbox 3568 5382 3703 5444; x_wconf 57' lang='lat' dir='ltr'><strong>tam;</strong></span> 
     </span>
    </p>
   </div>
   <div class='ocr_carea' id='block_1_116' title="bbox 2126 5483 3697 5552">
    <p class='ocr_par' dir='ltr' id='par_1_116' title="bbox 2126 5483 3697 5552">
     <span class='ocr_line' id='line_1_116' title="bbox 2126 5483 3697 5552; baseline 0.001 -17"><span class='ocrx_word' id='word_1_901' title='bbox 2126 5498 2229 5550; x_wconf 89' lang='lat' dir='ltr'><strong>que</strong></span> <span class='ocrx_word' id='word_1_902' title='bbox 2276 5484 2504 5537; x_wconf 90' lang='lat' dir='ltr'><strong>absurde</strong></span> <span class='ocrx_word' id='word_1_903' title='bbox 2553 5484 2699 5552; x_wconf 89' lang='lat' dir='ltr'><strong>loqui</strong></span> <span class='ocrx_word' id='word_1_904' title='bbox 2753 5484 2983 5551; x_wconf 90' lang='lat' dir='ltr'><strong>scriptor</strong></span> <span class='ocrx_word' id='word_1_905' title='bbox 3018 5483 3213 5538; x_wconf 69' lang='lat' dir='ltr'><strong>infima:</strong></span> <span class='ocrx_word' id='word_1_906' title='bbox 3261 5492 3421 5546; x_wconf 72' lang='lat' dir='ltr'><strong>notae,</strong></span> <span class='ocrx_word' id='word_1_907' title='bbox 3467 5483 3559 5537; x_wconf 90' lang='lat' dir='ltr'><strong>sed</strong></span> <span class='ocrx_word' id='word_1_908' title='bbox 3592 5498 3697 5537; x_wconf 91' lang='lat' dir='ltr'><strong>non</strong></span> 
     </span>
    </p>
   </div>
   <div class='ocr_carea' id='block_1_117' title="bbox 2126 5573 3703 5643">
    <p class='ocr_par' dir='ltr' id='par_1_117' title="bbox 2126 5573 3703 5643">
     <span class='ocr_line' id='line_1_117' title="bbox 2126 5573 3703 5643; baseline -0.001 -17"><span class='ocrx_word' id='word_1_909' title='bbox 2126 5589 2353 5643; x_wconf 84' lang='lat' dir='ltr'><strong>magnus</strong></span> <span class='ocrx_word' id='word_1_910' title='bbox 2391 5574 2480 5627; x_wconf 91' lang='lat' dir='ltr'><strong>ille</strong></span> <span class='ocrx_word' id='word_1_911' title='bbox 2511 5574 2771 5640; x_wconf 90' lang='lat' dir='ltr'><strong>Basilius,</strong></span> <span class='ocrx_word' id='word_1_912' title='bbox 2807 5574 2918 5642; x_wconf 92' lang='lat' dir='ltr'><strong>qui,</strong></span> <span class='ocrx_word' id='word_1_913' title='bbox 2956 5574 3000 5627; x_wconf 91' lang='lat' dir='ltr'><strong>si</strong></span> <span class='ocrx_word' id='word_1_914' title='bbox 3024 5573 3327 5642; x_wconf 90' lang='lat' dir='ltr'><strong>eloquentia</strong></span> <span class='ocrx_word' id='word_1_915' title='bbox 3371 5587 3476 5626; x_wconf 82' lang='lat' dir='ltr'><strong>non</strong></span> <span class='ocrx_word' id='word_1_916' title='bbox 3509 5586 3703 5633; x_wconf 75' lang='lat' dir='ltr'><strong>omnes</strong></span> 
     </span>
    </p>
   </div>
   <div class='ocr_carea' id='block_1_118' title="bbox 2126 5662 3697 5734">
    <p class='ocr_par' dir='ltr' id='par_1_118' title="bbox 2126 5662 3697 5734">
     <span class='ocr_line' id='line_1_118' title="bbox 2126 5662 3697 5734; baseline -0.001 -16"><span class='ocrx_word' id='word_1_917' title='bbox 2126 5667 2420 5733; x_wconf 88' lang='lat' dir='ltr'><strong>superavit,</strong></span> <span class='ocrx_word' id='word_1_918' title='bbox 2456 5678 2604 5720; x_wconf 86' lang='lat' dir='ltr'><strong>certe</strong></span> <span class='ocrx_word' id='word_1_919' title='bbox 2632 5682 2660 5719; x_wconf 88' lang='lat' dir='ltr'><strong>a</strong></span> <span class='ocrx_word' id='word_1_920' title='bbox 2694 5665 2842 5719; x_wconf 86' lang='lat' dir='ltr'><strong>nullo</strong></span> <span class='ocrx_word' id='word_1_921' title='bbox 2876 5680 3108 5734; x_wconf 87' lang='lat' dir='ltr'><strong>unquam</strong></span> <span class='ocrx_word' id='word_1_922' title='bbox 3142 5674 3427 5732; x_wconf 82' lang='lat' dir='ltr'><strong>superatus</strong></span> <span class='ocrx_word' id='word_1_923' title='bbox 3455 5673 3555 5718; x_wconf 91' lang='lat' dir='ltr'><strong>est.</strong></span> <span class='ocrx_word' id='word_1_924' title='bbox 3588 5662 3697 5717; x_wconf 87' lang='lat' dir='ltr'><strong>Nec</strong></span> 
     </span>
    </p>
   </div>
   <div class='ocr_carea' id='block_1_119' title="bbox 2128 5756 3698 5832">
    <p class='ocr_par' dir='ltr' id='par_1_119' title="bbox 2128 5756 3698 5832">
     <span class='ocr_line' id='line_1_119' title="bbox 2128 5756 3698 5832; baseline -0.001 -22"><span class='ocrx_word' id='word_1_925' title='bbox 2128 5758 2348 5811; x_wconf 89' lang='lat' dir='ltr'><strong>meliora</strong></span> <span class='ocrx_word' id='word_1_926' title='bbox 2392 5768 2520 5829; x_wconf 90' lang='lat' dir='ltr'><strong>puto</strong></span> <span class='ocrx_word' id='word_1_927' title='bbox 2565 5757 2672 5825; x_wconf 89' lang='lat' dir='ltr'><strong>illa,</strong></span> <span class='ocrx_word' id='word_1_928' title='bbox 2719 5772 2838 5831; x_wconf 75' lang='lat' dir='ltr'><strong>qua:</strong></span> <span class='ocrx_word' id='word_1_929' title='bbox 2873 5772 2977 5818; x_wconf 83' lang='lat' dir='ltr'><strong>non</strong></span> <span class='ocrx_word' id='word_1_930' title='bbox 3014 5758 3083 5812; x_wconf 89' lang='lat' dir='ltr'><strong>ita</strong></span> <span class='ocrx_word' id='word_1_931' title='bbox 3120 5756 3285 5815; x_wconf 83' lang='lat' dir='ltr'><strong>multo</strong></span> <span class='ocrx_word' id='word_1_932' title='bbox 3319 5757 3453 5819; x_wconf 84' lang='lat' dir='ltr'><strong>infra</strong></span> <span class='ocrx_word' id='word_1_933' title='bbox 3508 5756 3698 5832; x_wconf 76' lang='lat' dir='ltr'><strong>legun-</strong></span> 
     </span>
    </p>
   </div>
  </div>
