4094 6220
427 367 642 410 CCXXXII

1779 338 2296 397 PBOLEGOMENA

431 483 518 526 tur
545 465 761 542 (p.506)
782 484 795 520 :
818 462 1045 536 Εἴρηται
1065 461 1256 526 ταῦτα,
1288 461 1382 516 καὶ
1398 461 1512 513 ἔστι
1542 459 1745 525 καλῶς,
1771 459 1849 523 ὡς
1872 459 2006 526 ἔστι,

2131 468 2404 529 ςοιιιειηυε
2425 476 2489 516 ac
2525 461 2748 532 c0piose
2776 460 3056 531 probasset
3079 472 3266 513 vocem
3305 478 3324 511 ι
3362 459 3634 532 ingenitus
3657 481 3678 516 ι

429 561 545 623 τοῖς
591 553 934 628 ἀπεριέργως
989 551 1336 606 πιστεύουσιν
1374 553 1455 616 εἰς
1493 551 1655 617 Θεόν,
1693 560 1800 606 etc.
1847 571 1864 602 ι
1888 552 2009 605 llaec

432 655 576 710 dicta
605 658 751 717 sunt,
783 656 839 704 et
875 658 1000 703 sunt
1031 655 1199 713 recte,
1235 647 1395 701 sicuti
1449 654 1594 712 sunt,
1633 644 1722 711 iis,
1772 645 1862 714 qui
1893 643 2010 698 sine

435 742 648 799 curiosa
676 739 1094 811 investigatione
1127 739 1354 793 credunt
1387 738 1439 790 in
1474 737 1664 803 Deum,
1691 755 1709 788 ι
1746 746 1852 792 etc.
1886 734 2009 790 Haec

438 841 583 897 enim
609 854 734 895 cum
760 837 897 908 lego,
925 835 1228 892 Grazculum
1255 835 1640 891 balbutientem
1669 835 1859 889 audire
1881 832 2009 888 mihi

441 931 646 988 videor.
669 929 823 985 Libet
845 929 1048 985 referre
1083 939 1139 984 et
1177 927 1290 996 illa,
1330 944 1448 997 qua;
1483 943 1604 980 mox
1623 924 2007 995 sequuntur-(p.

440 1022 566 1090 308)
590 1042 602 1077 :
621 1019 782 1076 Ἀλλὰ
795 1022 888 1076 καὶ
907 1019 983 1093 τῷ
999 1019 1151 1073 ὕδατι
1184 1018 1627 1092 συναριθμεῖσθαι
1644 1016 1776 1071 αὐτὸ
1790 1017 1916 1089 φῂς,
1937 1016 2013 1081 ὼς

440 1116 540 1188 τῆς
567 1115 794 1178 κτίσεως
821 1113 901 1168 6v.
944 1131 963 1164 ι
993 1113 1098 1168 Sed
1123 1121 1176 1168 ct
1197 1128 1319 1168 cum
1351 1127 1488 1182 aqua
1515 1113 1652 1168 dicis
1673 1129 1797 1168 eum
1826 1128 2014 1167 nume-

442 1208 554 1264 rari
604 1217 860 1278 tanquam
911 1206 1001 1274 qui
1048 1214 1310 1259 creatura:
1365 1204 1452 1258 sit.
1487 1221 1506 1256 ι
1557 1202 1902 1274 Interpretari
1947 1201 2013 1256 ad

442 1299 666 1354 verbum
725 1298 895 1362 volui,
963 1307 1021 1350 ut
1063 1297 1327 1352 sermonis
1373 1295 1769 1350 inconcinnitas
1811 1293 2016 1363 asperi-

443 1399 634 1462 tasque
661 1390 918 1446 lectorem
951 1386 1122 1455 magis
1157 1395 1388 1442 moveat.
1438 1384 1572 1440 Nam
1605 1385 1777 1440 libens
1808 1398 2015 1454 quaere-

447 1499 560 1538 rem
594 1481 720 1552 quid
745 1480 844 1536 sibi
871 1479 1001 1534 velit
1030 1478 1182 1546 illud,
1223 1477 1310 1542 Ὡς
1341 1476 1438 1548 τῆς
1471 1477 1700 1540 κτίσεως
1727 1477 1806 1542 δν,
1847 1494 1866 1528 ι
1905 1486 2018 1530 tan-

446 1585 610 1642 quam
645 1568 734 1640 qui
762 1577 1028 1633 creatura:
1067 1569 1172 1624 sit:
1199 1585 1218 1620 ι
1251 1575 1344 1621 aut
1389 1567 1568 1636 p0tius
1600 1582 1916 1638 quaererem,
1946 1582 2014 1621 an

445 1666 709 1722 barbarus
751 1673 844 1720 aut
877 1663 1079 1734 Scytha
1107 1661 1477 1718 inconcinnius
1513 1678 1744 1732 unquam
1769 1671 1823 1717 et
1852 1660 2014 1716 inele-

446 1757 662 1829 gantius
687 1756 900 1812 locutus
928 1756 1019 1810 sit.

517 1849 604 1903 67.
643 1849 932 1904 Auctorem
980 1847 1121 1902 male
1161 1845 1468 1916 loquentem
1520 1844 1779 1900 hactenus
1811 1843 2014 1898 audivi-

448 1957 568 1996 mus
599 1957 614 1996 :
649 1955 791 1995 nunc
821 1939 1070 1996 eumdem
1096 1937 1250 2008 pejus
1279 1937 1688 1991 ratiocinantem
1718 1938 2018 1992 audiamus.

448 2037 522 2090 Ita
577 2035 738 2106 igitur
789 2033 1058 2104 loquitur,
1116 2031 1206 2086 ubi
1259 2028 1498 2086 ostendit
1529 2042 1714 2084 vocem
1762 2029 2020 2097 ingenitus

447 2125 808 2181 substantiam
850 2124 1020 2192 ipsam
1069 2137 1176 2176 non
1225 2135 1382 2184 esse,
1426 2117 1520 2173 sed
1555 2133 1720 2173 unum
1753 2118 2021 2188 quoddam

449 2234 516 2272 ιιι
551 2216 892 2280 nominibus,
953 2229 1046 2268 seu
1092 2214 1309 2267 modum
1358 2211 1645 2280 quemdam
1691 2211 2020 2264 cxsistendi:

449 2311 566 2364 Ei6
595 2308 776 2379 γνοὺς,
809 2308 892 2360 δτι
926 2304 1216 2376 ἁγέννητὸς
1269 2305 1418 2356 ἐστιν
1467 2305 1496 2356 6
1539 2302 1691 2366 Θεὸς,
1737 2303 1766 2355 ὃ
1808 2301 1863 2354 τί
1894 2301 2023 2354 ποτε

448 2403 598 2454 ἐστιν
621 2399 650 2450 6
674 2397 805 2460 Θεὸς
835 2395 1078 2467 ἀκριϐῶς
1111 2393 1280 2461 ἔγνω,
1312 2390 1497 2464 μεῖζον
1522 2392 1580 2445 δὲ
1607 2391 1756 2446 οὐδέν
1787 2392 1901 2444 ἐστι
1932 2391 2024 2444 τοῦ

448 2493 539 2546 τὸν
568 2491 701 2545 Θεὸν
732 2488 869 2544 κατὰ
908 2489 1006 2560 τὴν
1051 2487 1218 2541 αὑτοῦ
1261 2487 1420 2556 φύσιν
1466 2485 1702 2556 γνῶναι,
1737 2485 1852 2538 ἀλλ’
1885 2485 2026 2557 αῦτη

449 2586 599 2642 ἐστὶν
635 2585 669 2655 ἡ
703 2581 918 2646 αἰώνιος
947 2581 1059 2653 ζωή
1085 2599 1097 2611 ·
1128 2583 1156 2634 6
1187 2579 1403 2645 διδάξας
1430 2580 1597 2650 ἡμᾶς,
1629 2579 1708 2632 ὅτι
1735 2579 2028 2650 ἀγέννητός

449 2681 598 2734 ἐστιν
629 2677 659 2729 6
690 2675 842 2738 Θεὸς,
893 2670 1094 2745 μείζων
1128 2672 1482 2745 εὑρεθήσεται
1520 2665 1593 2725 ὧν
1635 2673 1664 2724 6
1703 2671 1833 2736 Θεὸς
1875 2671 2028 2744 ἡτοί-

454 2787 596 2842 μασε
622 2771 734 2834 τοῖς
768 2767 1054 2836 ἀγαπῶσιν
1104 2766 1286 2821 αὐτόν.
1331 2766 1583 2819 Ἐκείνων
1610 2765 1718 2837 γὰρ
1744 2765 1893 2819 οὐδὲν
1935 2765 2028 2820 δυ-

452 2866 612 2922 νατὸν
637 2864 920 2936 ἄνθρωπον
955 2864 1083 2918 ὄντα
1111 2862 1312 2932 γνῶναι
1331 2879 1344 2892 ·
1386 2854 1462 2915 ὧν
1501 2860 1623 2914 οὔτε
1650 2859 1923 2930 ὀφθαλμός
1948 2875 2030 2922 τις

451 2951 615 3022 εἶδεν,
651 2953 775 3008 οὔτε
799 2949 891 3018 οὖς
921 2954 1176 3024 ἡκουσεν,
1209 2951 1333 3004 οὔτε
1365 2951 1458 3004 ἐπὶ
1484 2950 1712 3022 καρδίαν
1742 2947 2030 3020 ἀνθρώπου

453 3047 642 3118 ἀνέϐη.
681 3046 841 3100 Ἀλλὰ
868 3048 973 3117 μὴν
1001 3045 1094 3098 καὶ
1117 3042 1433 3115 ἁμαρτωλοὶ
1456 3043 1515 3096 τὸ
1542 3043 1835 3114 ἁγέννητος
1862 3041 2031 3112 ὄνομα

458 3141 718 3210 ἤκουσαν.
739 3137 811 3190 Τὸ
835 3135 1017 3208 μεῖζον
1038 3131 1132 3189 οὖν
1151 3136 1184 3205 ἢ
1200 3134 1266 3188 δι’
1290 3133 1482 3188 ἑαυτοῦ
1497 3135 1530 3204 ἢ
1545 3134 1610 3188 δι’
1628 3133 1816 3205 ἐτέρου
1841 3134 1869 3185 6
1900 3132 2032 3197 Θεὸς

458 3229 582 3292 τοὺς
605 3227 963 3298 ἁμαρτωλοὺς
978 3225 1214 3291 διδάξας,
1232 3227 1293 3278 τὸ
1307 3219 1468 3297 ἦττον
1497 3227 1591 3277 καὶ
1609 3224 1774 3296 μηδὲν
1794 3224 1872 3288 εις
1886 3223 2030 3297 ζωὴν

456 3319 671 3376 αἰώνιον
712 3319 996 3374 συντελοῦν
1039 3321 1151 3383 τοῖς
1183 3317 1412 3382 δικαίοις
1457 3317 1708 3387 ἐφύλαξε.
1757 3317 1868 3371 Καὶ
1913 3317 2030 3380 πῶς

456 3413 558 3466 οὐκ
581 3411 812 3476 ἄτοπονς
853 3429 871 3464 ι
896 3408 954 3466 Si
981 3411 1028 3467 is
1059 3411 1156 3480 qui
1183 3409 1438 3478 cognovit
1471 3408 1638 3465 Deum
1661 3423 1782 3465 esse
1823 3407 2031 3480 ingeni-

462 3515 600 3572 tum,
632 3502 761 3572 quid
795 3503 1011 3558 tandem
1040 3501 1114 3557 sit
1149 3499 1291 3557 Deus
1324 3508 1579 3556 accurate
1610 3497 1885 3571 cognovit,
1913 3515 2033 3554 rur-

462 3611 555 3651 sus
603 3594 651 3651 si
692 3593 823 3650 nihil
855 3591 1028 3662 majus
1049 3601 1135 3648 est
1160 3605 1322 3663 quam
1353 3591 1520 3646 Deum
1558 3591 1854 3646 secundum
1881 3598 2035 3643 natu-

462 3703 580 3744 ram
602 3687 773 3758 ipsius
797 3697 1157 3754 cognoscere,
1179 3682 1292 3738 imo
1317 3683 1362 3738 si
1395 3682 1510 3738 haec
1537 3690 1624 3737 est
1652 3684 1762 3737 vita
1793 3690 2029 3736 aeterna:

461 3781 554 3852 qui
601 3794 700 3836 nos
739 3777 922 3834 docuit
959 3777 1255 3848 ingenitum
1285 3788 1405 3830 esse
1440 3774 1606 3828 Deum
1627 3812 1644 3838 ,
1677 3772 1725 3828 is
1755 3771 1927 3840 major
1953 3771 2037 3826 in-

461 3871 706 3930 venietur
765 3871 833 3926 iis
885 3885 1006 3941 qua:
1065 3869 1208 3924 Dens
1260 3867 1604 3938 diligentibus
1665 3867 1838 3936 ipsum
1896 3879 2036 3935 prae-

460 3966 692 4036 paravit.
733 3962 864 4031 Nam
911 3963 1029 4018 ﬁeri
1077 3977 1182 4017 non
1231 3969 1408 4032 potest
1453 3969 1513 4015 ut
1549 3962 1712 4016 homo
1739 3958 2033 4030 quidquam

462 4063 750 4127 cognoscat
804 4068 1014 4119 eorum,
1061 4068 1180 4124 quae
1231 4065 1331 4108 nec
1363 4051 1555 4108 oculus
1582 4051 1737 4117 vidit,
1786 4065 1888 4106 nec
1935 4065 2037 4106 au-

462 4150 542 4203 ris
600 4145 841 4210 audivit,
891 4159 1011 4215 quae
1060 4159 1162 4200 nec
1209 4144 1263 4198 in
1323 4157 1418 4198 cor
1485 4142 1723 4199 hominis
1772 4141 2036 4197 ascende-

462 4249 592 4295 runt
621 4237 689 4292 “.
738 4236 900 4305 Atqui
947 4244 1258 4308 peccatores
1303 4233 1468 4287 etiatn
1519 4245 1715 4288 nomen
1769 4232 2038 4301 ingenitus

464 4329 738 4386 audivere.
796 4329 950 4396 Quod
998 4327 1164 4398 igitur
1211 4324 1386 4393 majus
1435 4333 1540 4393 est,
1595 4323 1649 4379 id
1707 4332 1801 4376 aut
1844 4337 1942 4393 per
1977 4336 2040 4378 se

463 4421 639 4492 ipsum
673 4426 766 4474 aut
794 4431 890 4489 per
921 4416 1086 4470 alium
1120 4415 1262 4471 Deus
1289 4425 1603 4485 peccatores
1632 4414 1814 4468 docuit
1847 4428 1862 4466 :
1893 4413 2038 4484 quod

2111 553 2476 608 substantiam
2513 554 2686 623 ipsam
2731 567 2838 608 non
2892 564 3033 618 esse,
3079 551 3175 605 sed
3212 549 3427 620 aliquod
3462 568 3680 622 nomen,

2109 652 2295 713 postea
2337 645 2402 699 de
2442 644 2632 700 eodem
2677 653 2998 714 argumento
3029 643 3081 696 in
3131 641 3268 697 libro
3305 652 3498 712 quarto
3542 647 3682 700 scri-

2109 736 2307 806 psisset
2355 738 2586 793 obscure
2632 748 2794 808 atque
2830 735 3202 805 ineleganter?
3235 735 3342 789 Sed
3393 751 3503 790 non
3547 753 3683 807 opus

2110 836 2192 882 est
2213 828 2414 884 nostris
2440 829 2646 895 verbis,
2679 826 3078 883 utostendatur
3095 842 3283 881 eorum
3319 842 3438 896 qua:
3464 828 3515 881 in
3545 829 3685 884 libro

2112 920 2288 988 primo
2316 930 2371 974 et
2407 930 2602 990 quarto
2635 921 2883 990 leguntur
2907 932 3011 972 non
3036 933 3202 971 unum
3223 925 3276 971 et
3303 919 3551 972 eumdem
3584 934 3681 974 au-

2113 1021 2318 1066 ctorem
2353 1026 2513 1066 esse:
2555 1013 2649 1066 sed
2687 1013 2821 1066 satis
2867 1019 2973 1076 est,
3006 1009 3052 1064 si
3097 1008 3232 1063 alter
3263 1007 3414 1064 locus
3443 1025 3564 1064 cum
3607 1009 3687 1064 al-

2115 1113 2232 1158 tero
2257 1111 2618 1171 comparetur.
2648 1101 2781 1156 Nam
2825 1101 3227 1157 eruditissimus
3267 1103 3500 1170 quisque
3529 1111 3588 1155 ut
3631 1101 3685 1156 in

2113 1197 2286 1265 primo
2320 1195 2460 1250 libro
2498 1195 2799 1250 masculum
2849 1192 3118 1263 quoddam
3151 1193 3363 1248 dicendi
3403 1208 3572 1264 genus
3596 1193 3689 1247 mi-

2115 1290 2344 1355 rabitur,
2396 1289 2468 1342 ita
2510 1287 2567 1343 in
2594 1295 2790 1359 quarto
2820 1286 3026 1342 debiles
3056 1286 3316 1356 quasdam
3358 1284 3688 1340 ratiunculas

2115 1386 2242 1442 huic
2289 1384 2542 1454 scriptori
2598 1382 2997 1453 perfamiliares
3050 1381 3315 1436 fastidiet.
3339 1379 3509 1435 Paulo
3549 1380 3686 1433 infra

2115 1495 2238 1532 eum
2289 1494 2449 1548 quem
2497 1477 2659 1533 citavi
2707 1477 2909 1542 locum,
2964 1476 3220 1546 leguntur
3260 1475 3350 1528 illa
3407 1475 3482 1544 (p.
3514 1473 3686 1545 9.86):

2115 1573 2178 1626 Εἰ
2208 1573 2464 1626 ἐλάττονα
2486 1573 2514 1626 6
2541 1571 2674 1635 Θεὸς
2703 1571 3054 1642 δημιουργεῖν
3075 1569 3175 1621 οὐκ
3207 1567 3436 1638 ἠδύνατο
3460 1565 3552 1619 τοῦ
3572 1564 3691 1629 ἑνὸς

2118 1664 2270 1728 Υἱοῦ,
2301 1664 2388 1718 διὰ
2417 1663 2476 1717 τὸ
2509 1661 2582 1734 μὴ
2612 1661 2934 1732 πεφυκέναι,
2975 1660 3096 1714 οὐδὲ
3133 1661 3162 1712 ὁ
3201 1659 3330 1721 Υἱὸς
3363 1658 3472 1728 ἄρα
3501 1656 3689 1725 διάφο-

2121 1774 2190 1828 ρα
2232 1757 2649 1828 δημιουργήσει,
2703 1753 2839 1810 ἀλλὰ
2869 1753 2930 1808 ἓν
2969 1771 3042 1806 τι.
3083 1771 3101 1805 ι
3149 1752 3207 1806 Si
3247 1751 3388 1806 Deus
3430 1749 3688 1819 pauciora

2123 1863 2228 1904 uno
2263 1849 2400 1905 Filio
2443 1850 2680 1905 condere
2714 1863 2822 1904 non
2863 1853 3113 1918 poterat,
3150 1845 3294 1917 quod
3339 1853 3544 1898 naturae
3579 1854 3693 1895 sua:

2123 1955 2230 1997 non
2268 1940 2561 1997 convenit:
2599 1939 2766 2010 igitur
2799 1955 2898 1995 nec
2927 1939 3098 1994 Filius
3121 1939 3317 1994 condet
3346 1933 3691 1999 diversa,scd

2121 2043 2286 2084 unum
2331 2030 2482 2100 quid.
2529 2047 2548 2082 ι
2594 2027 2721 2084 Ηωο
2764 2031 3040 2098 quomodo
3088 2027 3230 2083 inter
3261 2042 3318 2081 se
3362 2025 3690 2084 cohmreaut.

2123 2122 2262 2178 alius
2305 2123 2525 2178 viderit.
2579 2121 2675 2176 llis
2727 2122 3052 2192 subiungam
3094 2119 3184 2175 illa
3229 2119 3305 2191 (p.
3348 2117 3476 2188 291)
3505 2134 3518 2170 :
3545 2112 3696 2170 Εἰτὸ

2123 2214 2338 2286 θέλημα
2379 2212 2473 2267 τοῦ
2517 2213 2730 2285 Πατρός
2772 2215 2906 2279 ἐστι,
2933 2212 2995 2266 τὸ
3018 2210 3290 2266 πιστεύειν
3327 2211 3476 2282 ἡμᾶς
3503 2210 3582 2274 εἰς
3604 2206 3696 2262 τὸν

2125 2307 2254 2362 Υἱὸν
2286 2305 2451 2360 αύτοῦ
2493 2307 2697 2378 (Τοῦτο
2739 2306 2850 2376 γάρ
2895 2306 3026 2360 ἐστι
3061 2304 3128 2359 τὸ
3163 2303 3394 2372 θέλημα
3423 2303 3528 2356 τοῦ
3556 2301 3699 2370 πέμ-

2124 2399 2358 2470 ψαντός
2377 2416 2472 2470 με,
2507 2400 2609 2453 ἵνα
2649 2397 2770 2465 πᾶς
2800 2400 2833 2453 ό
2866 2395 3099 2466 θεωρῶν
3127 2396 3234 2450 τὸν
3279 2397 3434 2460 Υἰόν,
3477 2393 3574 2447 καὶ
3605 2409 3698 2445 πι-

2125 2492 2358 2546 στεύων
2385 2495 2472 2558 sic
2500 2489 2707 2557 αὑτὸν,
2742 2489 2853 2560 ἔχῃ
2881 2487 3036 2556 ((th
3063 2485 3346 2554 αἰώνιον),
3389 2486 3488 2539 ούκ
3521 2486 3584 2538 ὲκ
3612 2482 3701 2536 θε-

2127 2586 2367 2657 λήματος
2398 2586 2427 2638 6
2455 2584 2602 2649 Υἱὸς,
2647 2583 2770 2636 ἐπεὶ⁸
2814 2583 2873 2634 τὸ
2916 2580 3191 2634 πιστεύειν
3224 2582 3373 2652 ἡμᾶς
3397 2581 3474 2644 εἰς
3514 2576 3698 2643 αὑτὸν,

2128 2677 2162 2748 ἦ
2198 2678 2294 2732 σὺν
2319 2675 2488 2748 αὐτῷ,
2518 2675 2553 2747 ἢ
2580 2675 2686 2746 πρὸ
2712 2672 2878 2728 αὐτοῦ
2925 2671 3258 2743 εὑρίσκεται.
3303 2690 3321 2723 ι
3359 2670 3414 2725 Si
3449 2669 3702 2722 voluntas

2129 2769 2306 2825 Patris
2339 2778 2444 2835 est,
2478 2776 2538 2823 ut
2577 2783 2676 2823 nos
2708 2767 2761 2820 in
2806 2766 2926 2836 ejus
2965 2764 3164 2819 Filium
3191 2764 3194 2766 ⁷
3222 2764 3511 2838 credamus
3551 2758 3705 2831 (11αέ

2128 2872 2202 2916 est
2227 2861 2362 2915 enim
2384 2859 2628 2915 voluntas
2660 2858 2777 2928 ejus
2803 2859 2890 2927 qui
2920 2872 3002 2910 me
3033 2857 3196 2920 misit,
3222 2865 3278 2908 ut
3304 2854 3472 2908 omnis
3501 2853 3589 2923 qui
3635 2852 3704 2905 vi-

2129 2955 2212 3008 det
2250 2951 2488 3016 Filium,
2525 2963 2572 3006 et
2596 2950 2762 3004 credit
2791 2951 2845 3004 in
2879 2949 3075 3020 ipsum,
3120 2947 3304 3001 habeat
3347 2947 3506 3000 vitam
3550 2953 3698 2998 (mer.

2132 3045 2354 3118 nam“),
2399 3058 2506 3099 non
2555 3052 2736 3098 tamen
2775 3051 2952 3098 estex
2977 3040 3254 3096 voluntate
3280 3036 3705 3106 Filius:quippe

2134 3139 2356 3193 credere
2383 3151 2483 3192 nos
2515 3134 2568 3190 in
2598 3137 2796 3206 ipsum,
2827 3145 2920 3189 aut
2948 3147 3070 3188 cum
3103 3133 3237 3202 ipso,
3265 3141 3356 3186 aut
3380 3138 3506 3185 ante
3535 3130 3706 3196 ipsum

2141 3227 2429 3284 invenitur.
2467 3245 2489 3280 ι
2524 3225 2654 3292 Quae
2680 3226 2845 3280 verba
2873 3224 3002 3294 quid
3034 3223 3139 3278 sibi
3170 3223 3357 3286 velint,
3385 3235 3450 3275 ne
3487 3219 3704 3288 Mopsus

2139 3321 2356 3390 quidem
2385 3325 2479 3374 aut
2519 3316 2759 3388 OEdipus
2807 3315 2987 3380 facile,
3027 3315 3243 3384 opinor,
3287 3311 3568 3367 divinarit.
3593 3309 3707 3363 Au-

2138 3422 2254 3468 ctor
2281 3413 2347 3466 de
2376 3410 2652 3466 Abraham
2679 3408 2924 3477 loquens,
2961 3406 3040 3462 sic
3073 3404 3353 3474 scribit(p.
3377 3403 3503 3473 514)
3524 3419 3538 3455 :
3557 3397 3710 3454 Ἐπί-

2140 3519 2329 3557 στευσε
2355 3502 2412 3556 δὲ
2439 3499 2691 3572 ’Λϐραὰμ
2711 3499 2790 3570 τῷ
2813 3497 2952 3571 Θεῷ,
2975 3497 3295 3551 ἐπίστευσεν
3314 3495 3390 3560 ὼς
3411 3493 3594 3557 αὐτὸς,
3616 3492 3712 3546 καὶ

2137 3597 2238 3650 οὐκ
2266 3596 2564 3667 ἠπίστησεν
2587 3594 2664 3659 ὡς
2693 3594 2868 3665 ὑμεῖς.
2899 3611 2920 3644 ι
2953 3590 3194 3647 Credidit
3226 3599 3406 3643 autem
3436 3586 3711 3640 Abraham

2139 3691 2273 3756 Deo,
2299 3689 2532 3746 credidit
2560 3700 2620 3744 ut
2645 3689 2790 3758 ipse,
2819 3701 2919 3742 nec
2945 3683 3258 3740 incredulus
3301 3681 3404 3736 fuit
3445 3687 3505 3735 ut
3538 3693 3653 3734 vos.
3686 3695 3708 3729 ι

2140 3783 2256 3840 Non
2283 3781 2437 3839 valde
2469 3781 2754 3837 admodum
2792 3779 2978 3834 dubito
3016 3776 3144 3846 quin
3175 3775 3278 3840 vir,
3311 3789 3433 3829 cum
3459 3772 3540 3828 sic
3567 3769 3714 3826 locu-

2143 3886 2228 3930 tus
2266 3883 2372 3940 est,
2401 3887 2502 3942 pro
2542 3871 2839 3926 salsissimo
2863 3870 3129 3938 scriptore
3173 3876 3228 3920 et
3269 3861 3587 3918 acutissimo
3617 3858 3714 3913 ha-

2141 3963 2258 4020 beri
2313 3961 2577 4029 voluerit;
2647 3961 2743 4016 sed
2798 3973 2992 4014 vereor
3045 3972 3137 4021 ne,
3175 3968 3298 4010 cum
3329 3951 3433 4007 sibi
3481 3946 3715 4003 maxime

2143 4054 2362 4126 placuit,
2395 4054 2515 4110 aliis
2555 4063 2610 4108 et
2645 4051 2874 4122 frigidus
2921 4059 2977 4104 et
3019 4046 3232 4114 ineptus
3279 4055 3404 4098 esse
3448 4039 3714 4094 videatur.

2143 4147 2407 4203 Praeclara
2442 4153 2572 4203 sunt
2606 4158 2726 4214 qua:
2759 4142 2945 4197 videre
2976 4149 3060 4194 est
3086 4139 3366 4207 aliquanto
3398 4140 3544 4186 ante.
3576 4129 3717 4182 Sunt

2145 4249 2322 4294 autem
2363 4233 2628 4304 ejusmodi
2657 4231 2733 4303 (p.
2759 4230 2888 4300 512)
2918 4249 2931 4284 :
2968 4230 3038 4282 Ἥ
3065 4226 3141 4291 ὡς
3170 4228 3298 4280 ὅταν
3323 4221 3433 4277 ἀπὸ
3471 4216 3714 4286 ὓδατοςῆ

2144 4329 2292 4383 λίθου
2328 4327 2459 4399 πῧρο
2491 4325 2526 4396 ἢ
2552 4323 2718 4396 ἄλλης
2751 4323 2895 4387 τινὸς
2925 4321 3055 4391 ὕλης
3093 4318 3351 4379 ὡσαύτως
3379 4316 3441 4368 τὸ
3481 4310 3717 4368 τοιοῦτον

2145 4423 2370 4493 γένηται
2399 4419 2528 4492 πῦρ.
2571 4435 2590 4470 ι
2625 4417 2734 4471 Αυι
2771 4417 2912 4470 sicut
2958 4430 3081 4469 cum
3131 4427 3201 4468 ex
3228 4424 3365 4478 aqua
3411 4415 3504 4460 aut
3542 4401 3718 4471 lapide

463 4525 594 4568 vero
626 4510 806 4566 minus
837 4517 923 4565 est
949 4507 1194 4577 nihilque
1223 4508 1292 4563 ad
1324 4507 1491 4562 vitam
1513 4515 1771 4563 aeternam
1799 4506 2028 4570 confert,

2149 4513 2308 4582 ignis,
2348 4521 2442 4566 aut
2485 4526 2550 4565 ex
2605 4509 2710 4563 alia
2755 4507 2945 4577 quavis
2979 4505 3233 4568 materia,
3289 4498 3541 4555 similiter
3580 4493 3719 4562 ignis

465 4604 519 4658 id
546 4602 712 4672 iustis
761 4602 1016 4658 servavit.
1068 4598 1134 4653 Et
1165 4599 1432 4669 quomodo
1461 4597 1563 4653 hoc
1589 4599 1884 4654 absurdum
1930 4615 2039 4654 non

464 4689 589 4748 est?
624 4708 644 4745 ι
679 4691 826 4756 Haec,
857 4689 960 4743 etsi
981 4687 1566 4758 longiora,exscribere
1587 4704 1690 4742 non
1723 4688 1910 4760 piguit,
1937 4704 2046 4757 quo

467 4785 641 4854 magis
669 4784 957 4839 character
983 4779 1266 4850 scriptoris
1307 4781 1613 4838 innotescat
1637 4793 1699 4860 et
1744 4781 2043 4851 ingenium.

467 4874 607 4944 Quid
650 4875 822 4946 magis
847 4875 901 4928 in
942 4873 1026 4928 his
1057 4873 1238 4926 mirari
1272 4874 1502 4938 subeat,
1537 4874 1744 4941 nescio,
1777 4873 2044 4928 inutilita-

446 4953 578 5023 Item
603 4980 673 5020 an
715 4965 1012 5035 ineptiam?
1043 4965 1205 5031 Quid,
1234 4979 1440 5033 quaeso,
1472 4973 1582 5020 tam
1617 4965 1841 5020 verbosa
1877 4963 2043 5018 ratio-

469 5057 670 5115 cinatio
709 5057 776 5112 ad
828 5071 940 5112 rem
984 5055 1146 5111 facit?
1197 5054 1338 5120 Quid
1384 5068 1605 5111 causam
1655 5054 1854 5126 juvat?
1898 5054 2038 5121 Quid

471 5150 634 5205 habet
655 5149 948 5203 momenti?
970 5146 1166 5202 Verbis
1187 5145 1354 5216 ipsius
1381 5145 1667 5214 scriptoris
1692 5155 1836 5212 utar,
1864 5163 1882 5196 ι
1908 5160 2042 5216 quo-

471 5239 630 5294 modo
673 5237 777 5292 hoc
823 5236 1114 5292 absurdum
1159 5250 1264 5292 non
1318 5236 1440 5292 est?
1473 5255 1493 5288 ι
1536 5237 1720 5306 Neque
1763 5237 2040 5306 indignum

471 5341 602 5399 puto
651 5330 794 5399 quod
837 5338 1081 5394 notetur,
1125 5330 1344 5384 tractari
1374 5342 1590 5399 quoque
1618 5329 1670 5383 in
1703 5328 2042 5400 primolibro

472 5421 577 5478 hoc
617 5421 757 5476 idem
784 5429 1162 5490 argumentum
1205 5424 1281 5489 (p.
1311 5419 1412 5474 2?.l
1461 5429 1514 5476 et
1551 5424 1761 5490 seqq.),
1793 5420 2044 5474 videlicet

472 5527 660 5569 vocem
697 5530 717 5563 ι
754 5513 1025 5582 ingenitus
1059 5531 1077 5561 δ
1121 5511 1480 5568 substantiam
1520 5512 1690 5584 ipsam
1747 5526 1852 5566 non
1897 5525 2038 5574 esse,

471 5607 570 5660 sed
597 5618 792 5659 nomen
823 5603 1112 5674 quoddam.
1133 5603 1224 5668 At,
1254 5618 1457 5672 quazso,
1489 5604 1618 5674 quid
1646 5603 1836 5659 fuisset
1861 5603 2041 5658 homi-

473 5698 562 5755 nis
588 5693 838 5759 Basilius,
866 5695 934 5757 si,
973 5705 1257 5764 postquam
1288 5695 1342 5750 in
1363 5695 1538 5765 primo
1572 5695 1710 5754 libro
1751 5693 1895 5753 clare
1922 5694 2030 5752 ele~

545 5814 589 5846 “
621 5811 642 5867 ι
673 5809 798 5865 Cor.
832 5823 894 5874 tt,
930 5809 985 5864 9.
1074 5810 1115 5843 "
1143 5808 1301 5867 Joan.
1329 5810 1511 5876 vi,40.

2145 4609 2316 4659 ιιυτρι.
2355 4622 2376 4655 ι
2415 4603 2643 4669 Reliqua
2680 4601 2898 4670 quidem
2924 4613 3032 4652 non
3059 4593 3437 4652 incommode:
3465 4586 3560 4644 sed
3589 4595 3718 4655 puto

2143 4695 2417 4750 hominem
2455 4695 2652 4748 mentis
2692 4701 2997 4759 compotem
3054 4704 3162 4744 non
3203 4686 3392 4748 fuisse,
3446 4681 3491 4736 si
3543 4681 3629 4735 cui
3661 4693 3720 4732 se

2144 4790 2247 4844 hoc
2273 4789 2506 4859 probare
2526 4800 2686 4856 posse
2713 4785 3032 4854 speraverit,
3066 4781 3318 4836 videlicet
3341 4777 3457 4832 ﬁeri
3487 4790 3552 4829 ex
3581 4787 3719 4842 aqua

2143 4881 2346 4950 ignem.
2404 4877 2556 4934 Unus
2594 4878 2838 4932 omnium
2877 4874 3234 4931 felicissimus
3282 4879 3366 4926 est
3408 4866 3637 4924 Basilius
3666 4863 3721 4918 in

2144 4967 2432 5040 seligendis
2462 4967 2728 5037 exemplis
2755 4967 2897 5036 aptis
2925 4983 2940 5019 :
2979 4963 3070 5034 qui
3101 4977 3233 5033 ergo
3267 4958 3384 5014 ﬁeri
3433 4957 3627 5026 potuit,
3663 4963 3721 5007 ut

2146 5057 2395 5127 exemplo
2420 5066 2529 5111 tam
2559 5057 2744 5128 inepto
2775 5067 2997 5123 tamque
3024 5051 3262 5107 absurdo
3295 5062 3424 5102 usus
3451 5045 3558 5101 sit?
3589 5043 3720 5111 Quae

2147 5161 2328 5205 autem
2359 5147 2521 5204 fuerit
2554 5147 2833 5217 scriptoris
2873 5144 3151 5217 diligentia
3174 5184 3190 5209 ,
3221 5139 3373 5211 quasi
3404 5137 3719 5208 praeteriens

2149 5243 2438 5297 adnotabo.
2460 5243 2552 5296 Sic
2576 5242 2744 5311 igitur
2765 5240 2952 5294 scribit
2976 5237 3052 5310 (p.
3069 5235 3194 5302 518)
3216 5252 3230 5286 :
3250 5231 3357 5286 Kal.
3381 5229 3482 5304 τῆς
3501 5225 3721 5299 Μαρίας

2147 5334 2444 5405 λεγούσης·
2487 5333 2642 5387 Κατὰ
2688 5331 2741 5384 τί
2781 5330 3061 5401 γνώσομαι
3101 5325 3278 5389 τοῦτο,
3316 5322 3439 5376 ἐπεὶ
3461 5320 3631 5393 ἄνδρα
3657 5319 3720 5375 οὑ

2149 5427 2433 5495 γινώσκως
2475 5443 2493 5476 ι
2546 5425 2763 5478 Etcum
2807 5422 2976 5476 Maria
3011 5420 3215 5474 diceret
3259 5433 3275 5470 :
3317 5411 3597 5480 Quomodo
3626 5425 3720 5465 co-

2147 5532 2403 5586 gnoscam
2422 5517 2588 5580 istud,
2611 5514 3042 5584 quandoquidem
3064 5511 3237 5563 virum
3261 5522 3367 5563 non
3385 5499 3716 5575 cognosco?’

2151 5603 2352 5660 Ultima
2386 5607 2572 5670 verba,
2613 5623 2631 5655 ι
2673 5600 3120 5672 Quandoquidem
3167 5598 3343 5653 virum
3375 5610 3479 5650 non
3517 5605 3722 5660 cogno-

2142 5710 2256 5764 sco,
2279 5715 2298 5752 ι
2323 5696 2504 5754 Maria:
2531 5695 2750 5769 quidem
2766 5707 2884 5750 esse
2915 5707 3074 5750 nemo
3102 5688 3437 5748 inliciabitur
3466 5685 3555 5758 (ex
3582 5681 3718 5742 Luc.
