4094 6220
1627 400 1691 454 D.
1732 400 1873 457 JUL.
1914 399 2238 456 GARNERII
2275 402 2662 459 PREFATIO.

3472 408 3721 477 {ccxxth

493 528 536 583 ι,
564 513 657 586 54)
692 532 705 569 :
739 517 832 571 sed
859 515 1065 585 priora,
1099 532 1117 567 ι
1151 513 1429 582 Quomodo
1484 529 1809 585 cognoscam
1847 515 2007 578 istud,
2040 534 2057 565 ι
2091 520 2138 575 Α
2168 516 2260 583 qui
2291 516 2388 571 hos
2428 517 2593 573 libros
2620 517 2818 574 Basilio
2848 520 3110 586 tribuunt,
3142 536 3237 577 cur
3256 522 3344 579 hic
3371 520 3529 579 aliter
3558 539 3720 594 quam

488 604 766 662 Zachariae
790 621 911 662 esse
940 614 1154 661 constat
1177 621 1241 661 ex
1270 606 1401 661 Luc.
1433 621 1470 667 ι,
1506 605 1591 659 18.

557 701 648 756 68.
687 701 956 757 Hactenus
999 702 1116 755 loca
1160 701 1427 770 quasdam,
1475 714 1595 768 qua:
1638 700 1875 769 phrasim
1907 699 2056 754 Basi-

488 794 691 849 lianam
727 795 907 848 minus
930 793 1165 862 sapiant,
1196 791 1481 846 retulimua
1513 809 1525 845 :
1558 808 1704 845 nunc
1735 807 1895 845 voces
1921 793 2057 845 mul-

489 896 590 949 tas,
628 900 763 955 quas
794 885 845 938 in
884 883 1128 950 genuinis
1179 874 1363 935 Basilii
1403 883 1659 949 operibus
1700 882 1925 936 inveniri
1951 898 2055 937 non

488 987 759 1045 putamus,
792 977 879 1030 llic
903 974 1065 1029 simul
1089 991 1383 1045 congerere
1412 974 1567 1029 nobis
1598 978 1928 1046 propositum
1949 985 2053 1029 est.

491 1069 606 1125 Vox
639 1068 789 1133 Θέσις
824 1069 1000 1139 prima
1045 1069 1299 1123 occurrit.
1334 1068 1475 1122 Nihil
1522 1077 1667 1123 certe
1710 1082 1770 1120 ea
1808 1084 1940 1123 voce
1972 1068 2054 1122 fa-

488 1162 752 1216 miliarius
787 1169 871 1216 est
904 1160 1186 1230 scriptori,
1221 1175 1317 1228 pro
1345 1175 1409 1214 eo
1443 1161 1583 1229 quod
1616 1168 1735 1215 estt
1759 1160 1999 1229 adoptio.
2028 1179 2048 1213 ι

489 1251 875 1322 Frequentiora
911 1262 1037 1307 sunt
1060 1254 1328 1319 exempla,
1367 1267 1524 1319 quam
1556 1261 1614 1306 ut
1640 1251 1818 1322 aliqua
1846 1253 1899 1305 in
1938 1266 2051 1306 me-

490 1344 634 1397 dium
663 1343 907 1414 proferre
941 1358 1165 1399 necesse
1189 1345 1279 1397 sit.
1317 1343 1592 1411 Nusquam
1620 1344 2049 1411 tamen,0pinor,

489 1451 551 1488 ea
614 1451 714 1489 vox
766 1451 867 1506 pro
930 1436 1215 1505 adoptione
1272 1436 1324 1489 in
1388 1436 1617 1489 sinceris
1671 1449 1733 1487 ac
1784 1436 2054 1503 germanis

490 1526 666 1580 Basilii
700 1525 852 1579 libris
879 1533 1187 1594 usurpatur.
1220 1524 1416 1581 Vocem
1438 1524 1696 1587 υἱοθεσία,
1744 1542 1847 1579 non
1866 1540 2050 1580 vocem

474 1618 656 1682 θέσις,
694 1630 761 1672 eo
801 1616 1075 1671 intellectu
1125 1616 1382 1671 adhibere
1410 1616 1545 1672 solet
1587 1628 1773 1671 orator
1798 1618 2049 1687 optimus.

486 1707 647 1764 Certe
683 1707 728 1762 si
761 1706 916 1773 alias,
949 1708 1180 1761 maxime
1219 1706 1271 1759 in
1329 1705 1466 1760 libro
1518 1705 1592 1759 De
1622 1705 1829 1771 Spiritu
1870 1718 2049 1761 sancto

484 1809 541 1853 et
580 1801 631 1853 in
672 1798 844 1853 tribus
877 1798 1066 1867 primis
1100 1799 1157 1851 in
1203 1794 1519 1851 Eunomium
1545 1796 1698 1851 libris
1740 1811 1932 1852 nomen
1964 1796 2049 1849 θέο

2166 606 2373 661 solebat
2402 606 2613 663 locutus
2635 609 2727 671 sit,
2769 625 2933 678 seque
2980 613 3059 664 sui
3095 611 3410 667 dissimilem
3454 615 3723 682 prmstite-

2160 698 2250 753 rit.
2285 696 2417 752 Illud
2449 698 2522 771 (p.
2557 700 2682 771 505)
2711 702 2859 755 ιΚαὶ
2875 702 2933 754 τὸ
2966 701 3052 755 διὰ
3081 701 3208 756 Υίοῦ
3232 704 3528 775 πεφηνέναι
3553 704 3721 775 σαφὲς

2160 788 2481 860 πεποίηκεν.
2509 811 2527 842 t
2558 790 2736 861 Etper
2758 792 2950 847 Filium
2985 792 3248 849 effulsisse
3271 794 3473 851 clarum
3507 795 3661 862 fecit,
3696 815 3714 849 ι

2159 882 2373 936 videtur
2429 883 2561 938 mihi
2613 898 2720 939 non
2779 900 2966 952 parum
3016 900 3044 940 a
3094 885 3363 942 Basiliana
3412 888 3719 959 eloquentia

2172 975 2427 1027 alienum.
2455 974 2567 1031 Hac
2597 976 2805 1032 dicendi
2839 978 3088 1045 formula,
3120 980 3286 1048 σαφὲς
3320 980 3606 1053 πεποίηκε,
3623 995 3719 1053 po-

2162 1068 2260 1119 tuit
2292 1066 2365 1119 uti
2405 1068 2637 1137 scriptor
2664 1068 2989 1134 indisertus,
3036 1086 3140 1124 non
3174 1071 3403 1127 Basilius
3440 1084 3716 1129 oratorum

2160 1158 2571 1214 disertissimus.
2631 1158 3076 1228 Peregrinitatem
3135 1163 3245 1217 olet
3310 1164 3443 1218 illud
3506 1179 3720 1234 quoque

2156 1248 2230 1318 (p.
2268 1248 2389 1318 307)
2422 1268 2435 1302 :
2474 1249 2763 1321 Ἐκπομπῇ
2806 1249 2915 1321 γὰρ
2944 1252 3036 1303 καὶ
3089 1251 3366 1321 μεταδόσει
3406 1253 3720 1325 Πνεῦματος

2154 1341 2222 1395 τὰ
2256 1342 2515 1413 γινόμενα
2548 1343 2772 1411 γίνεται.
2813 1362 2832 1395 ι
2866 1342 2997 1397 Nam
3053 1360 3172 1414 quae
3221 1347 3377 1411 fiunt,
3430 1347 3719 1402 emissione

2154 1441 2315 1501 atque
2372 1433 2787 1501 participatione
2838 1432 3070 1501 Spiritus
3125 1436 3274 1489 tium.
3307 1454 3326 1487 ι
3372 1434 3439 1490 Ει
3484 1451 3631 1501 vero,
3672 1440 3718 1493 si

2154 1522 2289 1579 bene
2326 1525 2703 1590 commemini,
2734 1538 2865 1581 voce
2900 1527 3157 1598 ἐκπομπή
3211 1542 3317 1584 non
3364 1529 3535 1583 utitur
3568 1528 3720 1584 Basi-

2154 1612 2274 1668 lius.
2320 1614 2471 1670 llaud
2520 1616 2725 1683 procul,
2761 1616 2826 1670 de
2876 1616 3077 1673 Davidc
3119 1619 3339 1686 loquens
3393 1628 3583 1674 auctor
3640 1618 3719 1674 sic

2153 1705 2340 1759 scribit
2372 1706 2447 1775 (p.
2476 1706 2599 1777 509)
2631 1725 2644 1761 :
2676 1707 2799 1760 Οὐδ’
2822 1707 2887 1762 ἂν
2916 1707 3015 1778 τὴν
3032 1708 3123 1762 τοῦ
3165 1708 3476 1779 Πνεῦμα-τος
3513 1725 3719 1781 παρουο

2155 1795 2295 1860 σίαν,
2330 1795 2513 1850 δούλου
2541 1799 2634 1852 καὶ
2662 1798 2958 1870 κτίσματος
2989 1800 3159 1865 ὄντος,
3190 1802 3283 1854 ἐπὶ
3316 1800 3493 1855 πάντα
3511 1801 3719 1872 διήκειν

486 1906 571 1954 σις
604 1906 631 1943 a
660 1889 858 1944 Basilio
896 1890 1143 1957 usurpari
1180 1890 1458 1952 debuerat,
1490 1902 1613 1942 cum
1645 1888 1697 1941 in
1732 1886 1796 1942 iis
1823 1888 1890 1943 de
1924 1890 2040 1943 ado-

2151 1888 2724 1961 ἕψασκενὸὑμνῳδὸς.
2776 1868 2803 1943 ιθ
2836 1890 3021 1960 Neque
3066 1892 3302 1961 Spiritus
3348 1868 3715 1963 praesentiam,

488 1983 668 2051 ptione
698 1980 953 2050 frequens
980 1983 1052 2035 sit
1078 1995 1258 2035 sermo
1292 1998 1306 2036 :
1341 1989 1542 2043 tamen,
1575 1980 1714 2049 quod
1746 1980 1814 2033 ab
1857 1980 2047 2035 horum

488 2074 714 2128 lectione
749 2088 937 2128 recens
964 2089 1105 2137 sum,
1136 2083 1394 2142 praestare
1426 2074 1599 2125 audeo
1629 2073 1746 2143 ejus
1784 2087 1854 2127 ne
1881 2074 2046 2126 vesti-

485 2168 627 2235 gium
676 2166 893 2237 quidem
928 2165 982 2218 in
1030 2166 1117 2219 his
1159 2176 1393 2220 exstare.
1429 2163 1690 2221 Similiter
1734 2180 1836 2220 vox
1868 2164 2048 2229 θεῖκὸς

484 2258 919 2327 frequentissime
974 2254 1026 2311 in
1083 2258 1295 2311 duobus
1333 2257 1422 2312 his
1476 2258 1866 2328 posterioribus
1894 2256 2047 2313 libris

483 2357 740 2419 usurpata
784 2349 1075 2404 invenitur.
1112 2349 1284 2415 Quam
1318 2358 1497 2403 autem
1546 2349 1778 2403 alienum
1828 2350 1879 2403 id
1907 2349 1975 2402 sit
2012 2362 2045 2402 a

480 2440 664 2495 Basilii
716 2441 984 2507 instituto,
1036 2454 1102 2495 ex
1149 2440 1267 2510 eius
1313 2440 1557 2509 genuinis
1609 2440 1763 2494 libris
1810 2439 2043 2509 perspici

481 2541 674 2600 potest.
708 2530 943 2586 Fatebor
969 2531 1180 2600 quidem
1212 2545 1396 2586 vocem
1415 2530 1594 2594 θεῖκός
1624 2531 1677 2586 in
1705 2546 1769 2586 ea
1798 2531 2045 2585 oratione

480 2637 599 2689 quae
660 2622 799 2677 inter
855 2621 1096 2677 diversas
1144 2621 1354 2676 decima
1415 2621 1647 2691 septima
1709 2629 2040 2687 numeratur,

479 2717 582 2788 legi
614 2734 627 2771 :
653 2716 749 2771 sed
784 2729 963 2770 causae
1010 2724 1139 2771 sunt
1168 2730 1276 2770 non
1304 2714 1470 2780 leves,
1518 2728 1617 2771 cur
1647 2714 1699 2770 id
1724 2714 2041 2784 opusculum

478 2823 743 2878 ponamus
787 2816 842 2863 et
878 2807 1055 2877 ipsum
1087 2807 1142 2861 in
1193 2806 1510 2862 subdititiis.
1567 2804 1843 2875 Nusquam
1890 2807 2040 2871 alibi,

479 2902 619 2969 quod
653 2902 860 2965 sciam,
890 2915 955 2954 ea
994 2915 1096 2956 vox
1128 2901 1417 2969 reperitur.
1445 2898 1561 2955 Non
1593 2898 1665 2953 ita
1704 2898 1947 2970 pridem,
1984 2907 2043 2954 ut

481 3011 603 3050 mox
641 2995 874 3059 aiebam,
906 2993 1106 3047 librum
1132 2991 1209 3046 De
1233 2990 1435 3061 Spiritu
1464 2998 1643 3045 sancto
1677 2999 1733 3045 et
1765 2998 1875 3044 tres
1893 2990 2040 3060 prio-

477 3102 564 3141 res
609 3088 665 3140 in
708 3084 1029 3139 Eunominm
1074 3084 1241 3139 libros
1279 3082 1567 3151 diligenter
1601 3082 1727 3150 legi,
1764 3082 1815 3135 in
1844 3080 2041 3151 quibus

477 3179 616 3232 utin
649 3177 872 3246 reliquis
915 3176 1166 3247 genuinis
1212 3173 1395 3230 Basilii
1424 3173 1642 3242 scriptis
1680 3190 1784 3231 non
1817 3173 2035 3229 memini
2063 3204 2106 3264 ο

477 3269 625 3324 vocis
653 3268 833 3332 θεῖκός
862 3268 1029 3323 ullum
1072 3266 1359 3338 vestigium
1412 3265 1701 3322 invenisse.
1741 3265 1893 3334 Rogo
1924 3265 2034 3335 jam

475 3358 708 3427 optimos
725 3372 966 3428 quosque
982 3357 1128 3413 viros
1142 3357 1467 3428 eosdemque
1485 3358 1537 3411 in
1554 3356 1792 3427 legendis
1803 3358 2038 3413 auctori-

477 3449 575 3505 lius
602 3450 1023 3515 versatissimos,
1058 3464 1184 3504 num
1215 3448 1267 3504 in
1303 3464 1453 3505 more
1471 3458 1754 3505 auctorum
1803 3450 2036 3520 positum

474 3543 568 3607 sit,
594 3552 652 3594 ut
675 3539 996 3611 quibusdam
1030 3539 1255 3596 vocibus
1282 3538 1336 3595 in
1370 3553 1477 3595 uno
1501 3549 1593 3595 aut
1610 3539 1782 3597 altero
1805 3556 2037 3612 opuscu-

477 3632 532 3687 lo
563 3633 860 3702 smpissime
888 3639 1145 3700 utantur,
1180 3630 1397 3688 easdem
1425 3645 1557 3687 vero
1584 3632 1640 3686 in
1679 3631 1899 3703 reliquis
1924 3633 2037 3687 suis

477 3724 627 3779 libris
664 3739 937 3794 nunquam
982 3726 1297 3788 adhibeant,
1334 3726 1567 3781 maxime
1618 3724 1663 3781 si
1716 3724 1803 3781 his
1850 3726 2033 3781 utendi

477 3814 674 3882 passim
712 3815 866 3870 detur
899 3815 1137 3870 occasio.
1188 3814 1331 3869 Fieri
1366 3814 1580 3884 quidem
1619 3823 1796 3884 potest
1830 3823 1889 3871 ut
1936 3814 2035 3869 fal-

474 3905 556 3959 lar
586 3924 601 3960 :
638 3906 731 3960 sed
764 3907 1001 3962 arbitror
1034 3907 1110 3962 rei
1142 3914 1254 3961 tam
1287 3920 1438 3962 novae
1472 3904 1701 3977 proferri
1729 3906 2031 3977 exemplum

476 3997 677 4052 nullum
720 4014 898 4067 posse,
940 3997 1099 4066 idque
1123 3997 1338 4062 νοθείας
1370 4011 1492 4053 esse
1518 4006 1889 4069 argumentum
1914 4012 2034 4053 cer-

474 4088 761 4143 tissimum.
795 4090 929 4144 Cum
958 4090 1119 4159 igitur
1157 4090 1237 4143 hae
1266 4087 1385 4143 dum
1418 4102 1607 4151 voces,
1638 4087 1784 4151 Θὲσις
1826 4098 1881 4142 et
1923 4086 2034 4141 θεῖ-

473 4178 588 4243 κός,
630 4181 931 4248 saepissime
957 4188 1249 4235 occurrant
1284 4179 1337 4233 in
1365 4180 1570 4236 ultimis
1596 4178 1802 4235 duobus
1832 4182 1888 4232 in
1920 4179 2034 4233 Eu-

476 4271 708 4323 nomium
741 4271 916 4335 libris,
950 4286 1049 4325 nec
1093 4281 1273 4325 tamen
1324 4270 1569 4338 legantur
1604 4271 1657 4324 in
1697 4270 1866 4326 tribus
1896 4271 2034 4340 prio-

474 4360 640 4425 ribus,
672 4376 846 4430 neque
872 4363 923 4416 in
948 4361 1069 4416 aliis
1100 4360 1283 4416 Basilii
1327 4362 1541 4430 scriptis
1574 4375 1680 4414 non
1714 4370 2029 4416 controver-

471 4453 565 4513 sis,
600 4452 654 4506 in
693 4453 890 4521 quibus
925 4463 1103 4506 tamen
1130 4452 1215 4506 his
1251 4452 1435 4506 utendi
1467 4450 1721 4520 frequens
1751 4450 1846 4505 fuit
1870 4464 2031 4507 occa-

2149 1978 2195 2032 si
2222 1993 2410 2034 servus
2434 1988 2491 2035 et
2518 1991 2763 2036 creatura
2791 1990 2956 2048 esset,
2987 1983 3171 2036 omnia
3222 1983 3516 2051 pervadere
3549 1982 3718 2040 dixis-

2148 2081 2230 2125 set
2258 2070 2579 2142 hymnorum
2613 2082 2822 2128 cantor.
2855 2091 2873 2124 ι
2906 2072 3019 2128 Vox
3049 2073 3290 2145 ὑμνῳδός
3318 2074 3476 2129 alieni
3511 2074 3713 2145 aliquid

2146 2172 2200 2217 et
2223 2163 2493 2233 peregrini
2520 2164 2734 2219 videtur
2755 2163 3037 2234 praeferre;
3063 2179 3163 2219 nec
3193 2180 3309 2220 eam
3340 2175 3466 2235 puto
3484 2179 3708 2236 usquam

2147 2253 2422 2308 inventum
2453 2253 2518 2308 iri
2545 2254 2684 2322 apud
2712 2252 2990 2308 Basilium.
3025 2252 3138 2309 Hoc
3176 2253 3316 2309 idem
3348 2252 3552 2308 dictum
3592 2252 3712 2310 volo

2144 2341 2210 2397 de
2229 2341 2339 2407 illo,
2365 2342 2562 2411 ὁᾶγιος
2585 2342 2817 2408 Παῦλος,
2842 2362 2861 2397 t
2895 2353 3113 2399 sanctus
3141 2343 3356 2398 Paulus.
3391 2361 3410 2395 ι
3435 2342 3546 2400 Etsi
3568 2344 3711 2399 enim

2144 2431 2373 2491 Basilius
2427 2435 2879 2505 frequentissime,
2917 2434 3141 2491 Paulum
3195 2436 3466 2502 nominat;
3528 2444 3709 2495 tamen

2142 2524 2438 2594 cpithetum
2486 2526 2641 2592 illud,
2676 2528 2860 2598 ἅγιος,
2920 2544 3229 2597 nunquam,
3279 2529 3491 2596 opinor,
3536 2527 3582 2582 ei
3622 2529 3713 2582 tri-

2142 2616 2278 2674 buit.
2310 2616 2426 2673 Non
2459 2634 2595 2689 nego
2619 2621 2833 2690 quidem
2869 2621 2965 2675 has
3007 2635 3186 2687 voces,
3220 2622 3247 2675 ὁ
3278 2620 3432 2689 ἅγιος
3474 2620 3707 2685 Παῦλος,

2142 2709 2391 2781 conjungi
2427 2710 2588 2765 simul
2621 2712 2673 2765 in
2710 2710 2850 2766 libro
2873 2710 2948 2765 De
2982 2710 3180 2779 Spiritu
3206 2721 3387 2766 sancto
3410 2751 3426 2778 ,
3461 2728 3581 2783 cap.
3614 2714 3708 2767 de-

2140 2798 2283 2855 cimo
2304 2811 2500 2856 sexto:
2545 2800 2641 2856 sed
2690 2816 2872 2857 vocem
2913 2800 3067 2869 ἅγιος
3105 2803 3515 2872 expungendam
3564 2817 3705 2867 esse,

2139 2905 2205 2947 ex
2229 2891 2383 2947 libris
2411 2894 2648 2962 antiquis
2674 2902 2910 2948 constat.
2953 2892 3061 2948 Nec
3102 2895 3532 2963 praetereundum
3577 2893 3706 2950 illud

2141 2982 2216 3053 (p.
2248 2984 2396 3055 515),
2433 2985 2600 3041 Deum
2639 2985 2744 3040 dici
2797 2982 2865 3040 ab
2920 2996 3138 3039 auctore
3187 2986 3451 3054 πανάγιον
3493 3002 3507 3038 ;
3543 2999 3705 3057 quam

2139 3088 2323 3129 vocem
2354 3076 2495 3145 apud
2529 3075 2784 3131 Basilium
2827 3077 2919 3145 qui
2951 3076 3264 3146 quaesierit,
3295 3077 3472 3132 oleum
3519 3077 3707 3147 perdet

2139 3172 2193 3219 et
2213 3179 2452 3234 operam.
2486 3166 2593 3221 Sed
2638 3166 2893 3238 quoniam
2932 3168 3047 3223 haec
3092 3166 3320 3223 fortasse
3353 3167 3551 3222 leviora
3587 3168 3706 3237 qui-

2140 3254 2361 3311 busdam
2421 3258 2764 3324 videbuntur,
2798 3271 2861 3314 ea
2890 3268 2943 3313 et
2996 3257 3097 3313 alia
3145 3258 3200 3312 id
3233 3273 3402 3329 genus
3443 3256 3729 3329 permulta.

2137 3348 2469 3404 omittamus.

2208 3438 2295 3494 70.
2329 3438 2499 3496 Paulo
2524 3443 2742 3512 gravius
2774 3442 2919 3510 quod
2952 3442 3218 3510 sequitur,
3254 3441 3325 3493 ita
3358 3441 3513 3496 citari
3543 3445 3727 3495 verba.

2138 3527 2435 3600 Scriptura:
2459 3532 2514 3587 in
2546 3532 2751 3586 ultimis
2778 3533 2986 3587 duobus
3015 3533 3069 3585 in
3094 3531 3414 3586 Eunomium
3441 3531 3614 3594 libris,
3645 3544 3705 3583 ut

2136 3637 2323 3678 eorum
2347 3631 2540 3680 auctor
2559 3640 2591 3679 a
2620 3623 2891 3678 Basiliano
2940 3638 3088 3679 more
3124 3632 3268 3680 totus
3300 3625 3563 3680 discedat.
3592 3619 3701 3674 Res

2135 3714 2397 3784 exemplis
2430 3715 2621 3769 evadet
2674 3717 2889 3769 clarior.
2930 3717 3019 3772 Sic
3069 3717 3232 3788 igitur
3283 3722 3523 3789 loquitur
3565 3732 3701 3780 scri-

2132 3815 2254 3875 ptor
2290 3807 2367 3877 (p.
2414 3807 2540 3879 517)
2577 3825 2590 3861 :
2624 3810 2756 3863 Οὐδὲ
2791 3812 2897 3883 γὰρ
2950 3815 3345 3885 προσκυνήσεις
3388 3816 3508 3889 Θεῷ
3553 3818 3707 3873 ἀλλο-

2132 3896 2287 3969 τρίῳ,
2319 3898 2649 3969 γέγραπται,
2672 3903 2739 3956 ad
2767 3903 3013 3970 verbum,
3054 3922 3073 3955 ι
3105 3903 3290 3977 Neque
3326 3908 3470 3962 enim
3507 3910 3703 3965 adora.

2133 3989 2218 4045 bis
2254 3990 2419 4046 Deum
2455 3991 2716 4059 alienum,
2772 3997 3034 4066 scriptum
3079 4006 3180 4053 est.
3237 4018 3254 4051 ›
3296 3997 3530 4057 Basilius
3579 4016 3700 4056 cum

2136 4079 2471 4151 Scripturam
2504 4084 2655 4152 citat,
2695 4087 2870 4154 primo
2919 4088 3038 4144 loco
3076 4091 3227 4158 ponit
3255 4091 3396 4160 quod
3448 4091 3536 4146 hic
3562 4092 3704 4147 vide-

2134 4186 2256 4226 mus
2285 4170 2496 4227 ultimo.
2520 4172 2630 4229 Nec
2672 4176 2801 4229 mihi
2830 4177 3049 4232 dubium
3076 4189 3180 4243 est,
3213 4182 3259 4235 si
3292 4181 3484 4235 horum
3513 4190 3703 4237 auctor

2133 4274 2311 4331 esset,
2358 4265 2483 4333 quin
2515 4267 2821 4335 scripsisset
2854 4268 2956 4325 hoc
3002 4269 3116 4325 fere
3163 4272 3359 4327 modo:
3388 4272 3703 4344 Γέγραπται

2134 4355 2242 4427 γάρ
2266 4374 2279 4388 ·
2309 4356 2446 4410 Οὐδὲ
2468 4360 2864 4429 προσκυνήσεις
2893 4358 3012 4430 Θεῷ
3053 4361 3337 4433 ἀλλοτρίῳ.
3376 4382 3393 4413 t
3434 4362 3700 4431 Scriptum

2134 4456 2217 4500 est
2242 4447 2402 4509 (enim
2432 4465 2443 4498 :
2472 4446 2657 4514 Neque
2711 4446 2964 4500 adorabis
2992 4448 3155 4501 Deum
3181 4449 3410 4519 alienum
3440 4447 3503 4498 ⁸³.
3536 4465 3554 4498 ι
3595 4445 3702 4502 Nec

468 4544 581 4606 sio;
620 4542 744 4598 hinc
786 4542 918 4598 emci
955 4544 1189 4608 videtur,
1216 4545 1353 4598 duos
1385 4543 1486 4598 bos
1513 4542 1680 4598 libros
1703 4544 2030 4613 posteriores
2062 4539 2104 4595 D
2136 4536 2313 4604 aptius
2361 4546 2550 4589 attClOI‘
2600 4536 2785 4589 citavit
2833 4536 3191 4603 Scripturam,
3222 4552 3344 4590 cum
3377 4537 3450 4589 ita
3494 4536 3702 4589 loculus

466 4631 664 4686 Basilio
698 4634 855 4686 tribui
889 4646 991 4687 non
1021 4633 1235 4688 debere.

536 4720 623 4777 69.
656 4722 917 4790 Ejusdem
962 4723 1177 4791 generis
1219 4730 1345 4776 sunt
1378 4730 1433 4777 et
1488 4722 1592 4776 alia
1638 4722 1837 4790 multa,
1886 4738 2025 4793 quas,

465 4810 606 4876 quod
658 4819 712 4863 et
760 4812 871 4877 ipsa
905 4812 1148 4865 nonnihil
1180 4811 1245 4864 ad
1279 4826 1392 4865 rem
1432 4810 1657 4878 faciant,
1688 4828 1794 4867 non
1829 4814 2030 4882 pigebit

463 4900 741 4955 adnotare.
771 4903 971 4955 Ducam
1008 4902 1217 4956 initium
1247 4903 1315 4955 ab
1347 4902 1430 4955 his
1459 4904 1642 4957 verbis
1666 4903 1741 4972 (p.
1772 4903 1902 4974 298)
1927 4923 1939 4958 :
1966 4906 2027 4958 Ei

461 4986 631 5041 τοίνυν
655 4989 715 5040 τὸ
743 4990 1108 5059 ὑπερκόσμιον
1136 4989 1293 5061 σῶμα
1326 4990 1563 5062 Χριστοῦ
1606 4994 1669 5045 ἐκ
1714 4992 2027 5063 Πνεῦματός

461 5080 605 5132 ἐστιν
660 5080 836 5147 ἁγίου.
889 5100 908 5132 ι
958 5080 1013 5134 Si
1065 5081 1230 5151 igitur
1278 5085 1771 5151 supermundanum
1824 5087 2025 5140 Christi

460 5183 654 5237 corpus
686 5187 752 5225 ex
775 5172 981 5241 Spiritu
1014 5183 1204 5228 sancto
1235 5181 1339 5229 est.
1374 5192 1395 5226 ι
1435 5175 1742 5243 Nunquam,
1780 5177 1883 5230 nisi
1914 5178 2028 5231 val-

460 5261 524 5313 de
566 5259 742 5328 fallor,
783 5267 863 5318 sic
886 5280 1084 5335 corpus
1105 5266 1308 5321 Christi
1344 5267 1579 5335 appellat
1625 5265 1881 5322 Basilius.
1917 5267 2025 5323 Nec

456 5364 614 5406 secus
641 5354 992 5420 iudicandum
1023 5358 1088 5411 de
1113 5357 1204 5412 illo
1227 5356 1304 5429 (p.
1326 5357 1452 5427 299)
1479 5376 1493 5413 :
1526 5359 1747 5430 Ἐπειδὴ
1791 5358 1848 5413 δὲ
1894 5360 2025 5424 Θεὸς

456 5439 592 5494 Θεοῦ
623 5446 753 5509 παῖς
776 5445 1006 5516 Ἰησοῦς,
1027 5455 1133 5502 etc.
1170 5466 1189 5500 ι
1228 5448 1361 5503 Cum
1394 5458 1573 5504 autem
1606 5452 1746 5506 Deus
1776 5453 1865 5506 Dei
1893 5470 2026 5522 puer

456 5530 631 5601 Jesus,
676 5556 694 5588 ι
727 5547 833 5593 etc.
873 5538 1104 5594 Basilius
1138 5544 1408 5597 sexcentis
1438 5542 1574 5597 locis
1606 5543 1879 5599 Christum
1916 5546 2021 5599 Do-

460 5626 659 5681 minum
706 5638 864 5683 vocat
894 5629 986 5686 Dei
1030 5649 1049 5682 ι
1084 5630 1279 5686 Filium
1316 5652 1330 5687 :
1370 5654 1387 5684 1
1439 5636 1532 5689 sed
1584 5651 1843 5705 nusquam
1898 5652 2020 5692 eum

455 5717 685 5784 appellat
721 5721 812 5775 Dei
846 5739 864 5772 t
900 5737 1149 5791 puerum,
1196 5743 1214 5775 ι
1249 5726 1381 5778 Θεοῦ
1412 5727 1595 5781 παῖδα.
1632 5730 1819 5784 Dicant
1860 5728 2022 5800 igitur

521 5833 567 5863 "
594 5835 784 5891 Matth.
818 5852 889 5901 tv,
920 5840 980 5907 97;
1016 5839 1166 5893 Dcut.
1206 5856 1273 5907 Η,
1306 5842 1385 5895 l5.

2130 4637 2213 4681 est
2238 4627 2313 4697 (p.
2337 4627 2463 4697 506)
2496 4646 2508 4680 :
2540 4628 2637 4679 Ἓν
2669 4627 2722 4681 δὲ
2753 4629 2845 4680 καὶ
2883 4628 2944 4680 τὸ
2992 4628 3211 4698 Πνεῦμα
3253 4628 3312 4679 τὸ
3344 4627 3519 4694 ἅγιον,
3565 4627 3699 4697 ἀλη-

2128 4718 2236 4783 OG);
2265 4718 2421 4786 ἅγιον
2450 4719 2693 4789 Πνεῦμα,
2739 4717 2879 4771 κατὰ
2920 4718 2980 4770 τὸ
3026 4718 3430 4788 γεγραμμένον,
3459 4719 3518 4769 τὸ
3564 4719 3703 4788 μετὰ

2130 4812 2343 4881 Πατρὸς
2377 4812 2471 4864 καὶ
2501 4810 2632 4864 Υῐοῦ
2678 4810 3143 4880 συνδοξαζόμενον.
3194 4829 3211 4862 ι
3255 4811 3322 4865 Et.
3351 4825 3487 4865 unus
3522 4810 3697 4880 Spiri-

2132 4917 2215 4961 tus
2250 4915 2509 4972 sauctus,
2547 4919 2673 4962 vere
2709 4904 2944 4974 Spiritus
2996 4914 3251 4967 sanctus,
3298 4902 3594 4956 secundum
3645 4902 3697 4956 id

2129 5000 2269 5066 quod
2303 4998 2559 5065 scriptum
2591 5007 2695 5059 est,
2727 4997 2817 5065 qui
2846 5010 2967 5051 cum
2995 4994 3157 5049 Patre
3182 5005 3236 5047 et
3271 4992 3406 5047 Filio
3428 4992 3697 5062 conglori-

2128 5091 2341 5144 licatur.
2364 5109 2381 5141 ι
2419 5087 2591 5143 Velim
2615 5092 2824 5143 discere
2850 5090 2916 5142 ab
2946 5090 3148 5157 aliquo,
3173 5088 3260 5141 ubi
3292 5086 3691 5155 Scripturarum

2128 5183 2202 5236 ita
2236 5181 2497 5249 scriptum
2527 5180 2622 5246 sit,
2657 5199 2675 5232 ι
2718 5179 2817 5246 Qui
2855 5194 2976 5233 cum
3007 5178 3167 5234 Patre
3192 5186 3246 5231 et
3281 5174 3482 5247 Spiritu
3509 5182 3695 5228 sancto

2128 5274 2627 5345 congloriticatur.»
2668 5272 2836 5327 Erunt
2895 5272 3122 5325 fortasse
3189 5269 3281 5338 qui
3336 5267 3518 5321 dicant
3574 5265 3689 5320 bzec

2124 5368 2287 5422 verba
2350 5382 2455 5419 non
2519 5366 2571 5419 in
2642 5363 2935 5429 Scripturis
3001 5360 3212 5430 quidem
3286 5354 3532 5425 reperiri,
3600 5355 3694 5409 sed

2125 5459 2179 5511 in
2215 5458 2442 5514 concilio
2478 5456 3069 5525 Constantinpolitano
3128 5453 3332 5523 primo;
3398 5448 3466 5502 ob
3530 5446 3695 5514 idque

2123 5549 2239 5620 ipsa
2272 5550 2340 5605 ob
2390 5549 2770 5605 auctoritatem
2819 5548 3029 5603 concilii
3064 5545 3222 5602 citari
3272 5543 3526 5614 potuisse.
3579 5536 3685 5593 Sed

2124 5644 2167 5697 si
2215 5644 2288 5697 ita
2316 5650 2421 5708 est,
2449 5642 2721 5697 fateantur
2743 5641 2827 5696 vel
2857 5639 3320 5711 invitilBasilium,
3355 5637 3447 5709 qui
3481 5643 3604 5691 ante
3638 5636 3690 5688 id

2127 5744 2335 5805 tempus
2363 5745 2606 5791 mortuus
2640 5735 2730 5801 sit,
2759 5736 2948 5791 horum
2986 5734 3242 5791 librorum
3277 5744 3552 5792 auctorem
3582 5749 3694 5790 non
