4094 6220
389 403 623 450 cexxxtv

1744 391 2273 456 PROLECOMENA.

387 529 528 570 esse.
559 517 668 587 Ego
697 516 952 586 quidem,
998 523 1058 571 ut
1099 517 1309 574 sincere
1351 519 1557 588 loquar,
1589 536 1690 575 non
1722 524 1958 576 arbitror
1988 529 2032 584 Α
2060 521 2264 575 citandi
2321 519 2530 573 ratione
2589 517 2788 586 aliquid
2831 531 2860 569 a
2909 513 3178 568 Basiliana
3233 513 3628 568 consuetudine

389 608 727 676 scriptorem,
758 610 1062 678 quicunque
1109 610 1199 665 ille
1238 611 1358 672 fuit,
1387 613 1453 666 ad
1491 614 1774 668 concilium
1811 613 1953 668 Con-

389 701 923 770 stantinopolitanum
971 703 1200 771 primum
1249 707 1583 773 respexisse,
1624 708 1717 762 sed
1752 709 1817 761 ad
1865 708 1954 761 illa

393 791 666 856 Daviilica,
702 791 866 846 Verbo
919 795 1127 849 Domini
1159 797 1270 850 caeli
1312 796 1512 865 ﬁrmati
1559 810 1712 865 sunt,
1747 811 1795 853 et
1843 801 1954 868 spi-

389 884 494 936 ritu
533 885 636 938 oris
680 885 795 947 eius
826 887 996 940 omnis
1032 889 1192 942 virtus
1231 905 1410 943 eorum
1432 891 1498 946 “.
1534 890 1682 946 Satis
1725 893 1866 946 enim
1899 907 1956 946 se

391 976 502 1043 ipse
561 975 831 1044 explicat,
887 993 1006 1031 cum
1076 980 1352 1049 aliquanto
1427 990 1548 1050 post
1624 983 1695 1036 ita
1767 985 1955 1038 scribit

391 1067 466 1133 (p.
495 1067 658 1137 507):
709 1068 859 1120 Ἐπεὶ
913 1071 1003 1122 καὶ
1057 1072 1084 1123 6
1140 1069 1301 1124 Δαϐὶδ
1351 1073 1521 1140 Λόγον
1576 1074 1670 1126 καὶ
1730 1074 1953 1146 Πνεῦμα

386 1157 646 1223 δοξάζων,
691 1160 768 1230 τῷ
816 1161 972 1231 Λόγῳ
1015 1163 1217 1234 Κυρίου
1260 1164 1387 1226 τοὺς
1430 1165 1692 1235 οὐρανοὺς
1735 1165 1956 1236 εἴρηκεν

391 1252 772 1323 ἑστερεῶσθαι,
803 1256 893 1307 καὶ
924 1253 1000 1324 τῷ
1037 1254 1312 1325 Πνεύματι
1357 1255 1450 1308 τοῦ
1485 1255 1748 1327 στόματος
1787 1256 1950 1310 αὐτοῦ

391 1347 569 1398 πᾶσαν
597 1346 694 1416 τὴν
723 1347 950 1416 δύναμιν
984 1347 1182 1402 αὐτῶν.
1223 1366 1239 1397 t
1266 1346 1396 1400 Nam
1421 1357 1474 1402 et
1518 1347 1682 1402 David
1718 1349 1950 1404 Verbum

384 1447 445 1491 et
479 1438 738 1504 Spiritum
785 1439 944 1493 simul
995 1439 1332 1508 gloriﬁcans,
1383 1440 1516 1493 dixit
1564 1439 1730 1496 ccelos
1776 1442 1954 1496 Verbo

387 1527 602 1583 Domini
641 1528 886 1583 firmatos
916 1545 1055 1595 esse,
1085 1544 1150 1584 ac
1179 1529 1384 1599 Spiritu
1417 1531 1528 1585 oris
1557 1533 1673 1600 ejus
1701 1532 1951 1586 virtutem

388 1635 576 1674 eorum
608 1635 841 1675 omnem.
874 1639 892 1672 ι
935 1622 1040 1676 Sed
1091 1623 1417 1689 notandum,
1463 1633 1761 1689 aucturem,
1808 1623 1954 1694 quis-

391 1713 513 1782 quis
541 1723 643 1776 est,
687 1727 791 1766 non
824 1713 1037 1782 propria
1069 1715 1286 1769 Davidis
1322 1716 1482 1769 verba
1521 1716 1829 1783 protulisse,
1859 1718 1953 1771 sed

390 1804 516 1858 illud
554 1820 706 1858 suum
737 1805 1021 1874 glossema,
1061 1825 1080 1858 ε
1107 1807 1205 1873 Qui
1252 1823 1372 1862 cum
1408 1807 1566 1862 Patre
1609 1818 1663 1862 et
1699 1807 1838 1862 Filio
1873 1811 1947 1861 si-

2059 610 2447 667 alienissimum
2484 610 2808 679 proferatur.
2853 607 2968 674 Qua
3001 608 3067 661 de
3116 620 3175 660 re
3215 617 3272 659 ut
3315 608 3627 662 existimare

2057 705 2252 774 cuique
2300 704 2496 764 liceat,
2541 701 2807 756 ascribam
2845 699 3084 755 auctoris
3131 699 3314 763 verba,
3347 713 3466 768 quae
3509 700 3626 754 haec

2057 804 2183 847 sunt
2210 813 2223 847 :
2249 795 2312 844 Ti
2339 793 2396 846 δὲ
2419 795 2447 845 6
2476 791 2779 862 Ζοροϐάϐελ
2804 791 2896 844 καὶ
2919 792 2951 860 ἡ
2979 788 3073 842 τοῦ
3101 788 3404 862 Ζοροϐάϐελ
3432 789 3629 858 copia:

2057 881 2168 954 ἆρά
2199 901 2280 935 σοι
2312 884 2544 954 μετρίως
2574 883 2667 935 καὶ
2694 882 2754 934 οὐ
2787 882 2972 950 σαφῶς
3004 881 3330 951 παριστάναι
3356 881 3501 932 δοκεί
3523 881 3623 950 τὴν

2057 976 2352 1028 ὑπόστασιν
2395 976 2490 1027 καὶ
2529 975 2670 1046 ζωὴν
2699 975 2796 1043 τῆς
2837 973 3111 1044 ἀληθείας,
3144 975 3234 1026 ὅτε
3269 973 3432 1043 φησί’
3467 974 3626 1026 Πᾶσα

2055 1071 2086 1138 ὴ
2122 1067 2222 1137 γῆ,
2267 1079 2371 1122 etc.
2415 1089 2431 1118 ι
2464 1068 2616 1134 Quid'
2648 1083 2776 1122 vero
2823 1067 3117 1122 Zorobabel
3167 1076 3222 1122 et
3268 1067 3620 1122 Zorobabelis

2055 1159 2353 1228 sapientia?
2388 1175 2514 1213 num
2542 1159 2870 1214 subobscure
2895 1168 2950 1214 et
2978 1173 3083 1211 non
3112 1157 3258 1213 clare
3288 1158 3379 1212 tibi
3413 1158 3625 1211 videtur

2055 1251 2388 1320 hypostasim
2420 1264 2483 1304 ac
2514 1251 2681 1304 vitam
2717 1250 2960 1305 veritatis
2990 1250 3254 1314 indicare,
3289 1265 3414 1305 cum
3446 1249 3577 1304 dicit
3605 1267 3619 1303 :

2054 1341 2242 1395 Omnis
2271 1349 2438 1406 terra,
2465 1359 2483 1392 ›
2529 1351 2635 1395 etc.
2674 1341 2754 1396 Do
2787 1341 2990 1410 reliqua
3030 1341 3301 1396 Basiliana
3333 1356 3452 1394 esse
3483 1359 3497 1395 :
3525 1341 3624 1394 sed

2055 1433 2202 1487 illum
2235 1433 2436 1487 citandi
2471 1433 2709 1497 modum,
2744 1433 2809 1484 Τί
2835 1433 2892 1484 δὲ
2917 1435 2945 1486 6
2983 1431 3288 1504 Ζοροϐάϐελ
3334 1433 3485 1501 καὶὴ
3525 1429 3622 1484 τοῦ

2055 1523 2356 1595 Ζοροϐάϐελ
2396 1525 2586 1593 σοφίας
2632 1544 2651 1576 ‹
2690 1525 2826 1590 Quid
2869 1539 2998 1578 vero
3039 1524 3330 1578 Zorobabel
3363 1535 3417 1577 et
3457 1523 3624 1577 Zoro-

2056 1617 2257 1672 babelis
2273 1617 2585 1685 sapientia?»
2607 1621 2669 1670 ad
2695 1617 2909 1670 Patrem
2929 1616 3302 1686 gravissimum
3329 1616 3618 1683 pertinere,

2058 1723 2236 1771 nemo,
2281 1707 2494 1776 opinor,
2544 1708 2759 1761 dixerit.
2792 1705 3000 1759 Nornnt
3047 1705 3190 1759 enim
3221 1706 3309 1774 qui
3363 1703 3619 1756 Basilium

2058 1800 2137 1852 vel
2193 1801 2519 1868 primoribus
2576 1798 2741 1853 labris
2776 1799 3102 1866 attigerunt,
3144 1811 3267 1852 eum
3325 1795 3621 1864 simplicius

391 1894 504 1948 mul
547 1894 1003 1962 congloriﬁcatur.
1030 1915 1048 1948 ι
1097 1894 1214 1949 .Iam
1261 1913 1388 1951 vero
1437 1913 1533 1952 nec
1569 1897 1819 1963 Basilius,
1857 1915 1953 1952 nec

2059 1890 2198 1958 loqui
2232 1891 2474 1954 solitum,
2510 1891 2611 1944 hoc
2662 1889 2776 1944 fere
2825 1889 3008 1952 modo,
3033 1889 3062 1941 6
3104 1886 3351 1958 Σολομὼν
3403 1903 3557 1957 φησι,
3592 1887 3621 1938 6

389 1984 527 2038 alius
550 1986 690 2039 ullus
713 1987 945 2055 scriptor
968 1987 1214 2057 diligens,
1240 2004 1336 2042 sua
1365 1988 1602 2057 ipsorum
1630 1988 1952 2058 glossemata

389 2088 488 2140 pro
527 2073 660 2142 ipsis
709 2075 998 2144 Scripturae
1047 2077 1224 2131 verbis
1275 2092 1508 2146 unquam
1569 2078 1842 2146 protulere
1886 2079 1954 2132 ad

389 2165 605 2232 aliquod
640 2165 828 2234 dogma
855 2169 1332 2237 comprobandum.
1361 2169 1544 2238 Neque
1573 2185 1702 2224 vero
1727 2171 1794 2225 ad
1826 2185 1955 2225 con-

389 2252 641 2308 fotandos
669 2255 950 2310 haereticos
981 2266 1104 2325 apta
1137 2266 1220 2311 est
1256 2259 1367 2312 lizec
1396 2260 1596 2313 citandi
1635 2261 1792 2315 ratio.
1818 2261 1956 2315 Alio;

385 2345 481 2413 qui
517 2343 658 2398 enim
692 2345 820 2399 illud
849 2347 917 2400 ah
947 2349 1076 2415 ipsis
1113 2349 1421 2416 responderi
1454 2363 1636 2419 posset
1670 2352 1812 2419 quod
1841 2350 1953 2418 jam

389 2453 420 2488 a
461 2437 642 2490 multis
671 2437 724 2490 in
759 2438 973 2493 modum
1023 2441 1291 2508 proverbii
1326 2441 1430 2494 dici
1479 2443 1654 2507 video,
1688 2442 1954 2512 glossema

388 2527 540 2596 pejus
586 2543 704 2584 esse
756 2539 1031 2585 contextu.
1083 2531 1148 2584 Et
1191 2533 1446 2600 quoniam
1498 2548 1588 2588 res
1637 2544 1720 2589 est
1774 2535 1953 2604 magni

387 2619 685 2686 momenti,
733 2621 911 2676 simile
944 2623 1247 2693 exemplum
1300 2639 1492 2680 rursus
1527 2625 1810 2682 adducam.
1864 2625 1956 2680 Sic

387 2718 568 2764 autem
596 2711 828 2779 scriptor
868 2711 1105 2780 loquitur
1130 2712 1205 2782 (p.
1231 2713 1354 2784 505)
1385 2734 1397 2767 :
1431 2715 1590 2769 Κατὰ
1619 2716 1684 2767 τὸ·
1709 2731 1954 2786 γεγραμ-

385 2803 552 2872 μένον
573 2817 588 2832 ·
612 2803 732 2872 Ζωὴ
770 2803 831 2855 τὸ
869 2789 1111 2875 Πνεῦμα,
1152 2805 1212 2858 τὸ
1246 2807 1354 2860 τῶν
1382 2806 1646 2877 οὐρανίων
1675 2807 1954 2876 δυνάμεων

382 2892 819 2960 ἀποτελεστικὸν,
860 2915 876 2945 ι
906 2895 1210 2950 Secundum
1237 2897 1377 2966 quod
1410 2899 1671 2967 scriptum
1704 2909 1807 2964 est,
1834 2899 1953 2953 Vita

384 2993 472 3037 est
526 2983 792 3054 Spiritus,
848 2986 938 3054 qui
1007 2996 1300 3056 potestates
1359 2988 1609 3045 caelestes
1667 2990 1898 3059 perlicit.
1929 3011 1945 3042 ι

381 3074 538 3140 Quis,
582 3092 784 3147 quaeso,
827 3078 871 3132 si
906 3078 1122 3148 paulum
1169 3082 1327 3134 modo
1359 3081 1412 3134 in
1453 3081 1690 3150 legendis
1735 3092 1952 3138 sancto-

388 3181 508 3221 rum
534 3166 755 3222 Patrum
785 3170 1002 3238 scriptis
1027 3179 1275 3226 versatus
1304 3172 1396 3238 sit,
1424 3189 1531 3229 non
1559 3177 1741 3231 statim
1770 3179 1956 3231 credat

384 3259 514 3325 illa,
568 3277 588 3311 ι
619 3258 735 3314 Vita
785 3271 868 3315 est
903 3261 1165 3330 Spiritus,
1224 3267 1316 3333 qui
1368 3274 1662 3333 potestates
1709 3269 1957 3325 ctelestes

383 3352 661 3420 perlicit,»
713 3355 906 3409 alicubi
944 3356 994 3409 in
1050 3355 1346 3427 Scripturis
1396 3362 1622 3416 totidem
1677 3363 1855 3418 verbis
1902 3376 1956 3419 et

390 3443 614 3514 syllabis
647 3445 919 3501 inveniri?
961 3447 1092 3501 Nam
1137 3461 1195 3504 ut
1225 3462 1545 3509 cancrorum
1594 3453 1833 3518 Patrum,
1883 3456 1955 3510 ita

387 3535 570 3591 Basilii
605 3553 720 3592 mos
745 3549 850 3602 est,
891 3551 970 3605 ut,
1020 3557 1142 3596 cum
1192 3554 1416 3599 utuntur
1455 3547 1537 3600 his
1585 3547 1796 3602 dicendi
1846 3548 1969 3602 τοι-ε’

393 3627 569 3695 mulis,
613 3630 755 3683 κατὰ
789 3631 848 3684 τὸ
901 3634 1306 3704 γεγραμμένον,
1353 3636 1427 3700 ὡς
1475 3637 1815 3709 γέγραπται,
1867 3650 1958 3694 aut

389 3720 697 3787 similibus,
750 3733 876 3778 tunc
910 3740 1098 3779 eorum
1135 3737 1414 3783 auctorum
1463 3733 1553 3799 qui
1602 3733 1670 3785 ab
1705 3733 1834 3803 ipsis
1877 3734 1956 3787 ci-

387 3816 573 3866 tantur
627 3815 845 3884 prdpria
895 3816 1058 3870 verba
1103 3817 1404 3888 proferant.
1446 3823 1618 3876 Aliter
1671 3832 1848 3879 tamen
1898 3841 1957 3880 se

389 3904 557 3970 gessit
586 3907 834 3976 scriptor,
859 3907 936 3962 sic
961 3917 1018 3962 ut
1045 3909 1158 3964 hinc
1187 3913 1370 3976 verba,
1404 3929 1422 3964 ι
1449 3914 1567 3968 Vita
1594 3925 1676 3970 est
1703 3916 1954 3985 Spiritus,

382 3995 480 4062 qui
516 4004 806 4064 potestates
837 4000 1084 4054 caelestes
1119 4002 1345 4068 perlicit,
1375 4021 1393 4053 ι
1433 4005 1646 4073 propria
1683 4019 1786 4060 non
1826 4006 1955 4071 sint,

390 4101 564 4153 neque
589 4085 845 4151 Matlhzni,
872 4104 1043 4159 neque
1068 4090 1255 4158 Marci,
1281 4108 1454 4163 neque
1478 4095 1635 4150 ullius
1659 4098 1796 4152 alius
1826 4100 1958 4152 scri-

383 4178 558 4246 ptoris
581 4179 747 4243 sacri,
769 4181 860 4234 sed
879 4195 975 4235 sua
999 4181 1164 4251 ipsius
1187 4185 1346 4238 verba
1373 4186 1502 4252 sint,
1532 4187 1582 4240 id
1607 4199 1706 4253 est,
1731 4189 1959 4245 hominis

387 4270 725 4338 Scripturam
764 4275 1152 4329 commentario
1176 4291 1274 4331 suo
1301 4282 1714 4348 corrumpentis.
1746 4281 1810 4335 Et
1831 4297 1959 4336 vero

386 4375 510 4414 cum
546 4371 737 4417 auctor
781 4363 856 4417 ita
888 4363 1095 4420 locutus
1124 4377 1226 4431 est,
1263 4385 1284 4418 ι
1309 4366 1429 4421 Vita
1474 4381 1558 4424 est
1593 4370 1824 4438 Spiritus
1864 4373 1957 4441 qui

383 4464 684 4522 potestates
731 4456 977 4512 coelestes
1011 4457 1239 4527 perlicit,
1266 4477 1284 4510 ι
1329 4459 1460 4514 nihil
1504 4461 1645 4515 aliud
1672 4477 1830 4528 quam
1872 4463 1958 4515 illa

385 4549 503 4618 ipsa
551 4549 764 4605 Davidis
812 4553 1008 4617 verba,
1055 4551 1274 4607 (Verbo
1324 4554 1534 4609 Domini
1581 4556 1702 4610 caeli
1755 4555 1954 4611 ﬁrmati

385 4652 536 4706 sunt,
564 4661 583 4694 ι
618 4653 746 4709 etc.,
798 4644 1109 4713 signiﬁcare
1153 4646 1340 4700 voluit.
1387 4647 1638 4702 Fortasse
1689 4647 1951 4715 ejusmodi

384 4734 604 4791 licentia
660 4747 930 4806 utcunque
992 4738 1266 4794 toleranda
1322 4749 1440 4804 εει,
1493 4756 1612 4794 cum
1673 4751 1951 4796 auctorum

385 4826 733 4895 profanorum
791 4830 1096 4884 testimonia
1155 4831 1504 4901 proferuntur
1548 4850 1562 4886 :
1618 4835 1714 4887 sed
1769 4836 1819 4887 in
1873 4834 1952 4888 ci-

385 4919 565 4973 tandis
596 4921 957 4988 scriptoribus
992 4923 1164 4978 sacris
1201 4939 1320 4978 eam
1344 4926 1467 4992 quis
1497 4925 1676 4978 ferat?
1703 4925 1955 4980 Profecto

385 5010 432 5061 si
465 5011 684 5076 propria
721 5011 1129 5080 Scripturarum
1165 5015 1327 5069 verba
1361 5014 1439 5086 sic
1473 5015 1760 5069 immutare
1788 5016 1956 5070 semel

382 5100 568 5163 liceat,
598 5100 810 5167 quidvis
856 5104 1110 5171 probare,
1140 5106 1354 5175 quidvis
1391 5121 1591 5176 negare
1639 5105 1952 5160 facillimum

383 5192 509 5244 erit.
557 5191 636 5245 Ex
686 5207 793 5260 quo
847 5204 1194 5264 sequeretur,
1250 5205 1308 5250 ut
1359 5197 1748 5252 controversiis
1797 5205 1957 5266 atque

382 5282 822 5337 contentionibus
854 5299 956 5339 nec
988 5285 1112 5339 linis
1141 5295 1321 5354 posset
1355 5287 1578 5354 imponi,
1613 5303 1711 5342 nec
1739 5287 1954 5343 modus.

383 5369 590 5426 Addam
626 5373 772 5442 (nam
805 5375 857 5430 id
885 5391 1100 5446 quoque
1142 5378 1251 5432 huc
1283 5377 1474 5433 referri
1510 5379 1731 5448 potest),
1761 5377 1954 5434 librum

383 5463 602 5516 tertium
641 5464 823 5520 Esdrae
856 5468 922 5521 ab
965 5468 1056 5522 illo
1100 5480 1321 5524 auctore
1363 5471 1443 5525 bis
1480 5472 1633 5524 citari
1681 5473 1755 5542 (p.
1780 5472 1906 5543 516)
1940 5490 1952 5525 :

380 5571 546 5624 quem
581 5566 758 5610 tamen
799 5574 828 5613 a
871 5561 1067 5617 Basilio
1110 5578 1376 5632 nusquam
1425 5563 1698 5618 laudatum
1749 5564 1956 5618 inveni-

379 5657 525 5704 unus.
556 5647 663 5702 Nec
687 5650 855 5704 solum
884 5653 1086 5708 citatur
1115 5656 1200 5711 hic
1232 5655 1386 5712 liber.
1417 5656 1510 5711 sed
1543 5657 1639 5722 sic,
1667 5665 1723 5712 ut
1755 5657 1806 5711 in
1839 5655 1952 5726 ipsa

445 5820 502 5853 *⁸
533 5822 680 5879 Psal.
714 5841 886 5895 xxx",
910 5828 963 5882 6.

2055 1979 2265 2044 Παῦλος
2317 1979 2614 2042 ἀπόστολος
2667 1997 2835 2048 φησι,
2898 1993 3159 2046 nusquam
3214 1993 3342 2031 vero
3399 1979 3472 2028 uti
3519 1977 3623 2031 hoc

2055 2073 2326 2140 grandiori
2373 2071 2532 2137 stylo,
2571 2074 2600 2124 6
2637 2070 2885 2141 Σολομὼν
2931 2070 3090 2140 καὶὴ
3138 2067 3230 2122 τοῦ
3281 2067 3622 2138 Σολομῶντος

2057 2164 2219 2233 σοφία
2251 2165 2404 2236 φησι,
2432 2174 2539 2220 ctc.
2579 2182 2596 2214 ι
2625 2163 2878 2217 Salomon
2912 2172 2967 2217 et
3005 2161 3332 2216 Salomontis
3360 2160 3620 2230 sapientia

2057 2259 2208 2322 dicit,
2235 2275 2253 2308 ι
2289 2269 2392 2310 etc.

2127 2349 2214 2402 7i.
2259 2349 2450 2402 Filium
2501 2364 2604 2403 non
2648 2364 2771 2402 raro
2825 2356 2979 2401 vocat
3031 2367 3049 2398 ‹
3079 2345 3377 2416 genituram
3406 2363 3425 2395 ι
3483 2343 3621 2398 seria

2057 2449 2212 2509 plor;
2248 2440 2354 2493 imo
2391 2441 2438 2494 ei
2478 2440 2527 2494 id
2560 2455 2753 2494 nomen
2797 2439 3077 2508 dignitatis
3121 2439 3238 2493 loco
3275 2439 3511 2491 tribuere
3545 2437 3624 2490 vi-

2056 2532 2234 2586 detur.
2267 2531 2396 2599 Ejus
2425 2534 2528 2592 rei,
2558 2543 2614 2585 ut
2645 2548 2705 2587 se
2739 2532 2884 2587 dabit
2911 2531 3145 2596 occasio,
3172 2530 3416 2598 exempla
3445 2529 3623 2598 aliqua

2055 2624 2420 2690 subjiciemus.
2456 2624 2816 2678 Exordiemur
2856 2625 2922 2678 ab
2954 2624 3054 2678 hoc
3089 2623 3227 2686 loco,
3255 2622 3342 2675 tibi
3375 2622 3446 2675 ita
3495 2620 3626 2689 legi-

2058 2727 2142 2770 tur
2170 2715 2244 2784 (ρ.
2273 2715 2399 2783 280)
2426 2735 2438 2769 :
2478 2717 2539 2768 Ei
2570 2716 2776 2786 κτίσμα
2816 2715 3066 2782 λέγοντες
3111 2714 3204 2767 τὸν
3237 2713 3385 2776 Υἱὸν,
3415 2712 3512 2781 οὐχ
3548 2711 3625 2773 ὡς

2055 2808 2112 2860 ἓν
2150 2807 2256 2860 τῶν
2289 2808 2601 2876 κτισμάτων
2637 2807 2882 2875 λέγουσι·
2915 2807 3058 2859 διατί
3092 2807 3334 2876 γέννημα
3359 2805 3626 2872 λεγόντων

2055 2900 2230 2971 ἡμῶν,
2255 2902 2330 2964 ὡς
2364 2900 2420 2954 ἓν
2453 2899 2558 2953 τῶν
2585 2900 2940 2970 γεννημάτων
2965 2897 3210 2963 νοοῦσιν;
3248 2916 3266 2948 ‹
3291 2898 3346 2951 Si
3383 2910 3503 2949 cum
3541 2893 3626 2948 Fié

2057 2994 2182 3047 lium
2214 2995 2396 3048 dicunt
2432 3003 2755 3056 creaturam,
2795 3006 2902 3045 non
2937 2999 2998 3044 ut
3032 3004 3195 3044 unam
3243 3003 3312 3043 ex
3359 2986 3625 3042 creaturis

2055 3085 2273 3147 dicunt;
2305 3099 2404 3139 cur
2447 3098 2570 3138 cum
2616 3083 2847 3136 dicimus
2884 3095 2983 3136 nos
3032 3080 3358 3150 genituram,
3396 3091 3517 3132 eum
3566 3082 3627 3127 ut

2056 3193 2214 3231 unam
2250 3192 2318 3231 ex
2355 3176 2618 3246 genituris
2658 3173 3036 3244 intelligunt?»
3087 3172 3156 3226 Ει
3189 3172 3463 3240 aliquanto
3507 3179 3625 3237 post

1985 3257 2026 3312 (ἶ
2063 3284 2138 3338 ῳ.
2162 3269 2332 3335 285);
2368 3269 2431 3320 Εἰ
2484 3267 2690 3337 κτίσμα
2743 3267 2836 3318 καὶ
2888 3266 2949 3317 οὐ
2983 3265 3230 3334 γέννημα
3271 3265 3299 3315 6
3329 3261 3482 3326 Υἱὸς,
3532 3259 3628 3313 καὶ

2058 3361 2233 3414 πάντα
2261 3360 2316 3412 δὲ
2345 3359 2414 3412 τὰ
2437 3360 2566 3412 ὄντα
2608 3360 2900 3428 κτίσματα,
2934 3358 3108 3426 μάτην
3140 3355 3431 3424 ἁγέννητος
3460 3352 3488 3402 6
3522 3352 3628 3402 Πα-

2057 3453 2159 3523 τὴρ
2192 3452 2428 3520 λέγεται,
2475 3453 2575 3504 οὐκ
2625 3451 2776 3513 ὄντος
2827 3450 2964 3512 ὅλως
3023 3449 3383 3518 γεννήματος,
3433 3442 3566 3514 πρὸς
3595 3441 3627 3495 6

2057 3545 2300 3598 καλεῖται
2334 3544 2646 3613 ἀγέννητος.
2692 3561 2710 3594 t
2743 3543 2798 3598 Si
2850 3542 3020 3596 Filius
3070 3553 3323 3595 creatura
3368 3547 3486 3602 est,
3521 3549 3626 3588 non

2057 3638 2333 3706 genitura,
2364 3647 2418 3690 et
2445 3648 2640 3691 cuncta
2683 3649 2804 3706 qua:
2852 3643 2997 3698 sunt,
3041 3642 3304 3686 creatura:
3340 3639 3486 3692 sunt,
3517 3627 3628 3680 fru—

2060 3739 2171 3784 stra
2205 3728 2365 3783 Pater
2414 3728 2685 3799 ingenitus
2715 3727 2935 3794 dicitur,
2983 3740 3103 3778 cum
3142 3738 3247 3777 non
3292 3723 3362 3776 sit
3408 3720 3626 3774 omnino

2057 3821 2340 3890 genitura,
2396 3817 2550 3887 cujus
2617 3827 2862 3888 respectu
2925 3815 3226 3886 appelletur
3281 3813 3568 3881 ingenitus.
3601 3827 3620 3860 ι

2057 3911 2212 3968 Haud
2248 3913 2404 3984 longe
2432 3913 2504 3965 ita
2539 3912 2734 3980 legitur
2761 3911 2834 3979 (p.
2859 3909 2987 3978 284)
3013 3923 3026 3961 :
3051 3908 3114 3960 Εἰ
3148 3906 3307 3976 φύσει
3336 3905 3628 3973 ἁγέννητος

2057 4008 2086 4058 6
2131 4005 2337 4075 Πατὴρ,
2393 4003 2552 4072 φύσει
2598 4001 2856 4072 γεννητὸς
2904 4001 2996 4052 καὶ
3030 4001 3058 4052 6
3087 3998 3244 4060 Υἱός·
3280 3999 3328 4049 εἰ
3377 3997 3432 4050 δὲ
3469 3993 3628 4064 φύσει

2057 4098 2322 4170 γέννημα,
2359 4097 2543 4150 οὐκέτι
2585 4097 2808 4165 κτίσμα.
2836 4095 3025 4155 Ὄντος
3057 4087 3148 4144 οὖν
3177 4089 3271 4144 τοῦ
3308 4089 3464 4158 φύσει
3506 4103 3630 4155 γεν-

2058 4193 2320 4264 νήματος,
2347 4190 2559 4260 ἀνάγκη
2596 4189 2688 4242 καὶ
2719 4189 2806 4241 τὸν
2836 4188 3171 4257 γεννήσαντα
3197 4181 3353 4239 εἶναι.
3392 4201 3411 4234 t
3443 4181 3500 4234 Si
3534 4194 3628 4233 tta-

2062 4292 2180 4337 tura
2215 4283 2485 4351 ingenitus
2512 4291 2595 4335 est
2640 4278 2821 4345 Pater,
2857 4279 3027 4333 Filius
3055 4291 3270 4348 quoque
3313 4283 3505 4329 natura
3543 4279 3630 4324 est

2059 4376 2272 4445 genitus
2309 4391 2322 4426 :
2359 4374 2452 4428 sed
2498 4373 2542 4426 si
2579 4373 2824 4443 genitura
2877 4381 2960 4427 εει
3009 4379 3236 4432 natura,
3280 4379 3624 4434 nequaquam

2060 4473 2145 4520 est
2173 4474 2436 4519 creatura.
2485 4461 2617 4517 Cum
2654 4461 2816 4530 igitur
2867 4460 3119 4530 genitura
3164 4459 3237 4513 sit
3277 4466 3488 4518 natura,
3532 4465 3632 4505 ne-

2061 4571 2212 4612 cesse
2256 4565 2340 4610 est
2371 4564 2425 4610 et
2467 4555 2762 4624 genitorem
2795 4566 2974 4606 esse.)
3023 4551 3312 4620 Aliquanto
3365 4553 3486 4615 post
3531 4557 3629 4594 eo-

2058 4651 2176 4705 dem
2225 4649 2382 4700 modo
2439 4647 2674 4714 scriptor
2723 4645 2958 4711 loquitur
3003 4639 3273 4713 (p.286):
3316 4637 3480 4690 Οὐδὲν
3523 4635 3630 4704 ἄρα

2059 4741 2234 4795 κοινόν
2279 4742 2422 4791 ἐστιν
2456 4737 2587 4789 Υἰοῦ
2628 4737 2723 4788 καὶ
2755 4735 2995 4805 Πατρὸς,
3036 4731 3216 4799 οὐδὲὴ
3250 4729 3445 4790 κτίσις,
3475 4726 3630 4797 εἴπερ

2058 4832 2266 4902 ποίημα
2301 4831 2392 4883 καὶ
2422 4829 2482 4881 οὐ
2515 4829 2758 4897 γέννημα
2785 4829 2812 4879 6
2848 4827 3009 4889 Υἱός..
3034 4826 3096 4878 Εἰ
3129 4825 3370 4893 γέννημα
3398 4821 3426 4871 ὁ
3473 4818 3626 4878 Υἱὸς,

2059 4927 2155 4994 οὐχ
2217 4923 2290 4985 ὡς
2355 4923 2412 4974 ἓν
2477 4921 2584 4973 τῶν
2657 4921 3042 4990 γεννημάτων,
3099 4918 3206 4970 πᾶν
3269 4915 3326 4967 δὲ
3384 4913 3630 4980 γέννημα

2061 5017 2291 5086 κτίσμα,
2341 5016 2400 5066 οὐ
2461 5014 2666 5083 κτίσμα
2699 5015 2727 5066 6
2769 5012 2917 5074 Υἱός.
2947 5011 3081 5064 Οὐδὲ
3127 5007 3237 5079 γὰρ
3277 5006 3522 5074 γέννημα
3554 5001 3630 5063 ὼς

2056 5111 2256 5162 ἐκεῖνα.
2287 5126 2303 5158 t
2334 5106 2476 5160 Nihil
2499 5121 2628 5175 ergo
2654 5119 2936 5159 commune
2960 5111 3042 5158 est
3065 5100 3208 5156 Patri
3236 5113 3354 5153 cum
3384 5095 3538 5158 Filio,
3563 5109 3630 5148 ne

2057 5199 2260 5254 creatio
2285 5196 2523 5268 quidem,
2558 5198 2600 5251 si
2638 5196 2844 5250 factura
2894 5210 3001 5249 non
3036 5191 3280 5262 genitura
3320 5188 3490 5242 Filius
3523 5195 3624 5240 est.

2061 5292 2116 5344 Si
2151 5290 2316 5343 Filius
2334 5289 2577 5359 genilura
2611 5298 2712 5350 est,
2743 5302 2846 5340 non
2881 5296 3130 5353 tanquam
3167 5297 3268 5335 una
3296 5277 3627 5349 egenituris,

2058 5381 2235 5434 omnis
2281 5389 2454 5434 autem
2502 5378 2748 5448 genitura
2782 5384 3028 5430 creatura
3081 5380 3194 5434 est,
3229 5385 3331 5422 non
3378 5377 3627 5420 creatura

2056 5471 2224 5526 Filius
2262 5481 2378 5534 est,
2405 5483 2579 5539 neque
2623 5469 2766 5522 enim
2804 5467 3049 5537 genitura
3097 5475 3182 5517 est
3213 5472 3270 5515 ut
3313 5460 3422 5512 illa.
3455 5477 3474 5509 ι
3509 5457 3629 5510 Dis-

2057 5563 2231 5616 simile
2275 5577 2378 5616 non
2419 5570 2502 5614 est
2543 5559 2684 5629 quod
2727 5558 2974 5626 sequitur
3020 5556 3106 5623 (p.
3133 5553 3299 5624 9.87):
3336 5551 3397 5602 Εἰ
3443 5551 3471 5603 6
3503 5546 3628 5609 Υἱὸς

2058 5652 2355 5723 ἐνέργημα,
2388 5653 2479 5705 καὶ
2509 5653 2566 5705 οὐ
2599 5651 2860 5720 γέννημα,
2906 5647 3026 5700 οὔτε
3058 5648 3085 5698 6
3133 5643 3462 5714 ἐνεργήσας,
3504 5637 3627 5692 οὔτε
