4094 6220
1568 395 1628 450 Ι).
1667 393 1830 449 JUL..
1864 392 2194 450 GARNERII
2232 393 2626 451 ΡΗΑΞΕΑΤΙΟ.

3424 409 3634 450 δίκην

390 509 500 584 μὴν
537 512 598 565 τδ
647 512 940 585 ἐνεργηθὲν
1004 515 1167 577 αὑτός
1235 516 1401 569 ἐστιν.
1459 535 1477 567 ε
1509 516 1564 572 Si
1628 518 1797 576 Filius
1843 537 1972 592 0pe~

2085 519 2284 574 ritatem
2333 518 2508 588 palam
2545 525 2843 588 oppugnat,
2894 515 2996 571 sibi
3054 513 3152 586 ipsi
3189 523 3364 568 tamen
3398 528 3670 568 consona--

387 605 524 660 ratio
551 613 669 672 est,
712 621 818 660 non
865 606 1146 676 genitura,
1197 620 1372 676 neque
1419 607 1509 678 qui
1546 620 1800 678 operatus
1844 622 1957 680 est,

387 709 559 765 neque
590 711 726 766 opus
773 697 948 752 ipsum
995 697 1109 764 ipse
1154 709 1256 751 est.
1282 717 1300 750 ι
1343 697 1536 752 Statim
1575 700 1648 754 ita
1695 702 1960 772 scriptum

387 786 658 841 invenitur
700 795 775 855 (p.
801 787 931 857 ‘28?)
959 805 974 842 :
1005 788 1369 852 Μονόκτιστος
1415 790 1745 864 κυριώτερον
1778 793 1844 847 ἂν
1877 795 1962 848 λέ-

388 895 553 948 γοιτο,
608 881 813 951 κτίσμα
859 881 958 952 μὲν
999 880 1215 953 ἀληθῶς
1259 883 1380 936 κατ’
1419 884 1679 955 Εὐνόμιον
1710 885 1805 956 ὢν,
1835 888 1960 958 γέν-

387 990 534 1043 νημα
558 973 614 1026 δὲ
639 974 991 1045 ψευδονύμως
1017 973 1369 1045 καλούμενος.
1399 993 1416 1026 ι
1440 975 1764 1032 Unicreatus
1792 982 1962 1048 magis

389 1065 605 1134 proprie
633 1065 927 1131 diceretur,
967 1081 1089 1122 cum
1137 1066 1431 1123 secundum
1479 1068 1798 1125 Eunomium
1837 1086 1966 1126 vere

389 1166 643 1212 creatura
669 1160 762 1224 sit,
791 1157 923 1213 falso
951 1169 1131 1214 autem
1165 1161 1380 1214 nomine
1409 1163 1654 1230 genitura
1680 1173 1922 1218 vocetur.
1941 1184 1959 1217 ι

391 1249 598 1306 Rursus
630 1250 713 1306 sic
751 1250 938 1305 scribit
985 1250 1062 1321 (p.
1087 1251 1214 1319 292)
1243 1270 1255 1305 :
1288 1252 1351 1304 ΕΞ
1391 1251 1498 1324 πρὸ
1529 1252 1628 1323 τῆς
1678 1253 1906 1319 κτίσεως
1938 1258 1966 1310 ό

391 1339 522 1405 Υἱὸς
549 1343 610 1395 οὐ
640 1342 887 1413 γέννημὰ
922 1345 1088 1406 ἐστιν,
1131 1343 1266 1398 ἀλλὰ
1297 1344 1501 1415 κτίσμα
1520 1360 1536 1376 ο
1569 1347 1967 1416 πρωτόκτιστος

394 1433 462 1488 ἂν
514 1435 730 1503 ἐλέγετο
785 1435 879 1487 καὶ
917 1435 977 1486 οὐ
1027 1434 1388 1506 πρωτότοκος.
1449 1455 1468 1486 ι
1514 1435 1571 1491 Si
1623 1437 1792 1494 Filius
1843 1451 1968 1496 ante

394 1537 696 1582 creaturam
743 1527 989 1596 genitura
1033 1541 1140 1580 non
1182 1537 1349 1590 esset,
1405 1528 1498 1581 sed
1531 1539 1822 1584 creatura:
1859 1533 1970 1600 pri-

395 1626 700 1672 mocreatus
749 1616 934 1687 utique
987 1617 1294 1683 diceretur,
1345 1633 1449 1673 nou
1506 1621 1914 1690 primogenitus.
1945 1642 1964 1675 ι

394 1707 645 1774 Unicum,
676 1724 797 1764 cum
834 1709 1035 1779 possim
1073 1709 1253 1778 plura,
1285 1711 1588 1780 exemplum
1620 1711 1840 1780 addam,
1875 1716 1964 1769 ubi

395 1802 474 1857 sic
506 1801 700 1870 legitur
729 1806 804 1872 (p.
829 1801 953 1872 506)
983 1820 996 1855 :
1025 1803 1134 1855 Καὶ
1153 1802 1215 1855 τὸ
1243 1802 1488 1874 γέννημα
1510 1803 1568 1871 ἐξ
1591 1803 1755 1858 αὑτοῦ
1781 1808 1970 1876 ἐκφαί-

397 1910 477 1946 νει
504 1895 594 1948 τὸν
620 1895 813 1964 Λόγον.
851 1914 868 1946 ι
899 1895 964 1949 Ει
992 1895 1238 1966 genimen
1269 1899 1408 1963 quod
1450 1911 1516 1950 ex
1550 1897 1666 1966 ipso
1695 1907 1806 1965 est,
1837 1901 1965 1967 edit,

402 1985 632 2039 Verbum
670 1984 986 2040 videlicet.»
1031 1985 1107 2038 Ex
1161 1985 1249 2040 his
1290 1995 1344 2040 et
1382 1985 1650 2040 similibus
1697 1986 1832 2043 locis
1879 1989 1962 2044 in-

402 2073 680 2144 telligitur.
725 2073 922 2129 Filium
967 2091 994 2128 a
1029 2076 1317 2144 scriptore,
1362 2076 1673 2145 quicunque
1721 2076 1812 2133 ille
1846 2078 1967 2146 fuit,

403 2177 643 2222 vocatum
704 2181 825 2224 esse
884 2185 903 2219 ι
943 2166 1328 2237 genituram,»
1385 2167 1542 2234 eique
1602 2183 1797 2224 nomen
1847 2169 1969 2238 γέν-

401 2275 551 2329 νημα
576 2261 856 2329 probatum
886 2258 1070 2315 fuisse.
1099 2256 1230 2312 Nam
1261 2257 1314 2312 in
1343 2259 1520 2329 primo
1545 2260 1791 2328 exemplo
1817 2260 1972 2317 docet

404 2350 594 2407 Filium
628 2354 696 2408 ab
733 2351 1088 2407 Eunomianis
1117 2355 1300 2407 vocari
1339 2360 1670 2418 creaturam,
1703 2352 1810 2407 dici
1841 2367 1971 2408 vero

403 2461 430 2495 a
463 2458 521 2498 se
550 2445 876 2514 genituram.
903 2442 970 2497 Et
998 2442 1214 2513 quidem
1247 2443 1322 2496 ita
1365 2443 1534 2512 loqui,
1563 2446 1611 2496 εἰ
1651 2443 1856 2514 κτίσμα
1885 2443 1973 2496 λέ·-

399 2551 589 2602 γοντες
617 2535 709 2588 τὸν
766 2534 914 2599 Υἱόν,
944 2545 1074 2600 ειε.,
1105 2533 1181 2587 ιιιὶ
1223 2533 1385 2600 paulo
1433 2542 1556 2589 ante
1601 2533 1821 2602 legitur,
1857 2534 1974 2604 ejus

403 2635 507 2691 est,
538 2629 628 2698 qui
662 2627 716 2680 in
747 2640 814 2681 eo
839 2627 906 2680 ab
945 2624 1298 2679 Eunomianis
1323 2623 1700 2692 dissentiebat,
1727 2625 1870 2695 quod
1897 2625 1973 2680 illi

401 2715 591 2770 Fiium
639 2716 879 2772 dicerent
909 2725 1237 2781 creaturam,
1288 2716 1402 2784 ipse
1440 2730 1566 2770 vero
1611 2732 1734 2770 eum
1767 2717 1977 2784 genitu-

405 2821 516 2860 ram
555 2808 776 2862 diceret.
814 2806 974 2862 Patet
1003 2821 1217 2876 quoque
1242 2823 1304 2862 ex
1330 2807 1448 2874 illo,
1496 2807 1842 2878 μονόκτιστος
1881 2826 1977 2862 κυ-

403 2899 660 2971 ριώτερον
707 2899 773 2954 ἂν
819 2899 1051 2970 λέγοιτο,
1101 2906 1244 2965 etc.,
1310 2915 1495 2955 vocem
1545 2899 1792 2971 γέννημα
1841 2899 1978 2954 Fiiio

411 3003 668 3062 tanquam
694 2995 942 3048 decoram
971 3008 1032 3048 ac
1059 2993 1330 3049 decentem
1356 2992 1423 3046 ab
1453 2990 1544 3046 illo
1571 3001 1791 3047 auctore
1815 2991 1980 3048 fuisse

403 3085 678 3141 tributam.
708 3085 881 3141 Vertit
928 3086 1071 3141 enim
1114 3085 1246 3140 vitio
1290 3084 1576 3150 Eunomio,
1621 3084 1764 3152 quod
1812 3084 1979 3138 Filius

2064 616 2321 686 loquitur.
2351 610 2812 681 Quemadmodum
2843 608 2987 663 enim
3035 609 3088 662 in
3138 605 3504 677 superioribus
3541 605 3635 657 de-

2063 711 2340 774 cernebat,
2371 709 2425 761 in
2457 707 2566 761 Deo
2596 705 2973 759 universorum
3002 698 3362 756 substantiam
3389 695 3507 764 ejus
3541 709 3635 765 per
3673 723 3677 726 -

2064 801 2532 871 ingenerationem
2564 797 2862 868 significari
2893 813 2905 850 :
2935 794 3006 849 ita
3034 793 3124 848 hic
3149 805 3365 862 quoque
3395 787 3638 842 substan-
3667 823 3674 829 .

2067 895 2195 948 tiam
2225 892 2349 946 Filii
2387 906 2481 962 per
2510 889 2819 960 genituram
2855 883 3152 954 significari
3186 881 3337 946 dicit,
3368 888 3422 932 ut
3466 876 3665 946 geniti.

2064 987 2131 1040 ad
2173 985 2468 1055 ingenitum
2520 980 2894 1050 oppositione,
2943 973 3291 1043 Unigenitum
3337 968 3635 1024 secundum

2066 1080 2235 1150 ipsam
2284 1074 2639 1131 substantiam
2689 1069 2959 1126 contrario
3008 1067 3168 1120 modo
3214 1064 3281 1118 ad
3322 1062 3536 1116 Patrem
3579 1072 3664 1112 se-

2067 1170 2267 1225 babere
2293 1167 2563 1224 ostendat.
2592 1164 2929 1232 Quapropter
2957 1172 3077 1212 cum
3108 1154 3306 1210 Filium
3337 1151 3638 1223 genituram

2069 1262 2318 1332 appellat,
2347 1260 2508 1314 verba
2547 1272 2665 1327 quae
2706 1273 2734 1309 a
2767 1254 2946 1310 divino
2991 1248 3194 1320 Spiritu
3239 1249 3502 1313 usurpata
3531 1253 3639 1332 non

2069 1331 2226 1419 sunt,
2278 1349 2598 1422 praescribit.
2652 1345 2802 1402 Unde
2835 1345 2947 1398 haec
2996 1338 3238 1411 accepit?
3286 1351 3352 1390 ex
3403 1348 3508 1403 qua
3545 1331 3642 1383 do-

2070 1445 2285 1502 ctrina?
2324 1459 2354 1498 a
2399 1457 2506 1513 quo
2545 1436 2846 1510 propheta?
2880 1450 2909 1488 a
2943 1449 3049 1503 quo
3100 1427 3367 1500 apostolo,
3400 1424 3491 1495 qui
3531 1423 3634 1475 hoc

2071 1541 2119 1594 ei
2151 1551 2445 1608 cognomen
2481 1530 2765 1588 tribuerit?
2793 1528 2904 1598 Ego
2933 1525 3152 1596 quidem
3189 1530 3337 1577 certe
3368 1519 3508 1571 hanc
3550 1528 3644 1566 vo-

2072 1650 2186 1690 cem
2215 1634 2292 1688 sic
2320 1645 2630 1700 expressam
2662 1625 2810 1682 nullo
2841 1621 3136 1691 Scriptura:
3163 1617 3279 1670 loco
3310 1609 3638 1668 invenio.....

2071 1727 2287 1782 Patrem
2311 1724 2526 1794 quidem
2555 1719 2828 1791 genuisse,
2853 1729 2917 1770 ex
2946 1712 3129 1767 multis
3157 1708 3289 1764 locis
3315 1700 3640 1758 didicimus:

2075 1822 2267 1876 Filium
2300 1832 2428 1872 vero
2460 1815 2763 1882 genituram
2791 1824 2912 1865 esse
2944 1803 3168 1861 necdqu
3198 1799 3265 1854 ad
3300 1796 3443 1852 hunc
3474 1801 3646 1882 usque

2074 1914 2216 1969 diem
2260 1881 2662 1966 audivimus....
2710 1903 2814 1960 Sed
2855 1900 2935 1965 si,
2985 1896 3192 1966 inquit,
3238 1890 3380 1945 Deus
3427 1881 3646 1954 genuit,

2076 2005 2345 2080 quomodo
2386 2017 2484 2072 par
2518 2015 2622 2054 non
2672 2005 2756 2052 est
2791 1995 3032 2064 genitum
3076 1987 3382 2060 genituram
3421 1969 3649 2030 vocare!

2077 2069 2214 2167 Quia
2265 2069 2594 2152 horrendum
2641 2096 2725 2143 est
2777 2085 2929 2139 nobis
2961 2095 3115 2144 eum,
3163 2076 3249 2131 cui
3296 2070 3524 2139 largitus
3565 2069 3650 2164 est

2078 2165 2221 2246 Deus
2251 2199 2443 2244 nomen
2489 2180 2630 2252 quod
2660 2189 2744 2234 est
2773 2190 2936 2246 super
2978 2183 3139 2228 omne
3185 2179 3402 2228 nomen,
3446 2165 3648 2256 nostris

2078 2280 2387 2338 nominibus
2423 2274 2809 2346 appellare.....
2835 2267 2986 2334 Quod
3021 2263 3186 2332 igitur
3223 2271 3322 2312 nec
3348 2259 3652 2346 communis

2079 2370 2449 2433 consuetudo,
2496 2380 2593 2420 nec
2642 2362 3049 2430 Scripturarum
3106 2365 3236 2406 usus
3293 2340 3546 2404 admisit,
3596 2333 3651 2388 id

2079 2469 2300 2528 audere,
2332 2473 2510 2517 nonne
2555 2468 2779 2513 summa
2821 2447 3103 2506 dementiae
3151 2441 3266 2498 est?
3292 2457 3327 2528 r
3360 2436 3650 2524 Postquam

2081 2567 2260 2614 autem
2285 2525 2522 2607 Basilius
2547 2547 2662 2601 hate
2691 2550 2746 2598 et
2779 2539 2884 2594 alia
2915 2536 2967 2591 id
3016 2546 3184 2605 genus
3220 2525 3412 2588 multa,
3441 2528 3650 2614 quat-tn

2082 2652 2202 2720 ipso
2246 2647 2394 2700 fonte
2423 2639 2525 2710 legi
2552 2649 2731 2707 operte
2758 2630 2992 2702 pretium
3023 2631 3212 2720 est,-ut
3242 2618 3540 2720 eleganter,
3573 2604 3652 2720 ita

2083 2696 2300 2809 ccpiose
2341 2749 2427 2796 eo,
2455 2696 2614 2801 quuem
2646 2725 2777 2792 dixi,
2809 2723 2926 2776 loco
2955 2715 3175 2786 scripsit
3203 2712 3271 2766 ad
3301 2718 3486 2763 vocem
3531 2696 3652 2809 γένη

2082 2791 2231 2906 νηῖια
2269 2823 2673 2898 repudiandam,
2713 2818 2792 2873 sic
2835 2813 3050 2869 tandem
3093 2814 3399 2906 sermonem
3437 2791 3656 2906 conciu-

2085 2882 2385 2984 di‘trtFOE'iew
2415 2918 2511 2993 μὲν
2540 2910 2631 2969 οὖν
2661 2882 2914 2981 ἀλλοτρία
2937 2905 3034 2974 τῆς
3067 2917 3126 2954 τε
3158 2895 3342 2997 κοινῇς
3369 2882 3658 2997 συνυηθείας

2085 3021 2179 3078 καὶ
2201 3019 2296 3089 τῆς
2318 2986 2426 3069 τῶν
2447 3006 2678 3082 Γραφῶν
2701 3005 2948 3076 χρήσεως
2975 2998 3010 3067 ἡ
3033 2991 3185 3066 φωνὴ
3204 2986 3296 3090 τοῦ
3323 2986 3661 3090 γεννήματος

2086 3080 2511 3180 ἀπεληλεγκταιζ
2550 3119 2568 3152 ι
2600 3097 2716 3152 Ηοε
2752 3096 2934 3162 itaque
2979 3088 3138 3142 modo
3172 3080 3431 3154 geniturae
3471 3080 3661 3125 vocem

405 3191 474 3230 ex
503 3175 618 3244 eius
659 3177 931 3232 sememia
959 3191 1086 3232 vere
1115 3177 1387 3230 diceretur
1431 3186 1702 3240 creamm’
1736 3176 1972 3246 appella'
2005 3225 2053 3286 ρ
2087 3213 2142 3260 ει
2169 3218 2198 3256 a
2231 3172 2504 3257 communi
2542 3185 2936 3248 consuetudine
2964 3190 3021 3236 et
3051 3194 3082 3232 a
3111 3173 3516 3242 Scripturarum
3558 3172 3661 3213 usu

409 3277 558 3286 __.___
1175 3268 1406 3286 sua“-
1445 3284 1452 3286 _
1690 3281 1810 3286 --μ
1844 3282 1945 3286 ____
2553 3285 2561 3286 ,
3067 3279 3079 3286 .
3206 3265 3332 3286 η---
3387 3253 3566 3286 “me.
3617 3247 3661 3286 ες

409 3277 560 3320 retur
593 3282 723 3322 vero
751 3267 890 3322 falso
918 3268 1134 3323 nomine
1168 3268 1412 3337 genitura
1443 3284 1455 3320 :
1496 3281 1656 3336 quem
1685 3281 1816 3322 sane
1844 3282 1978 3320 nun-

406 3373 566 3429 quam
627 3359 708 3414 sic
757 3361 1053 3430 arguisset,
1098 3359 1202 3414 nisi
1251 3359 1568 3414 credidisset
1620 3360 1733 3429 ipse
1787 3358 1981 3414 Filium

409 3453 624 3521 proprio
665 3468 728 3506 ac
759 3467 885 3507 vero
917 3453 1135 3508 nomine
1164 3450 1467 3521 genituram
1513 3451 1792 3520 appellari.
1827 3450 1981 3504 Basi-

413 3542 520 3598 lius
567 3551 745 3597 autem
782 3559 888 3597 non
928 3543 1084 3597 modo
1140 3559 1246 3598 non
1293 3557 1420 3597 usus
1462 3551 1544 3597 est
1604 3543 1820 3597 nomine
1863 3541 1983 3611 γέν-

408 3649 582 3703 νημα,
617 3635 710 3688 sed
738 3649 802 3690 eo
825 3635 900 3688 uti
936 3650 1039 3688 non
1073 3633 1236 3689 licere
1262 3635 1460 3688 docuit.
1485 3635 1556 3688 At
1586 3635 1760 3704 ipsum
1792 3636 1984 3690 audire

409 3732 649 3794 prmstat.
695 3725 823 3792 Ejus
866 3726 1025 3793 igitur
1056 3725 1171 3780 haec
1204 3734 1330 3780 sunt
1375 3724 1470 3779 lib.
1511 3739 1571 3791 ll,
1606 3740 1754 3778 mnu.
1782 3724 1836 3789 6,
1867 3725 1896 3776 7
1931 3733 1986 3779 et

408 3818 485 3871 8:
525 3819 635 3871 Kal
679 3819 736 3869 ὲν
762 3815 970 3880 τούτοις
1011 3817 1190 3870 τοίνυν
1232 3819 1298 3888 τῇ
1339 3816 1437 3886 μὲν
1469 3815 1697 3888 ἀληθείᾳ
1735 3815 1985 3887 φανερῶς

407 3907 749 3982 διαμάχεται,
786 3906 962 3977 ἐαυτῷ
989 3907 1045 3959 δὲ
1077 3907 1226 3977 ὅμως
1255 3905 1525 3960 ἀκόλουθα
1549 3905 1716 3974 λέγει.
1758 3907 1845 3970 Ὠς
1877 3906 1986 3979 γὰρ

410 4001 467 4052 ὲν
507 4002 617 4061 τοῖς
660 3999 772 4053 ἄνω
808 3999 984 4066 λόγοις
1015 3998 1076 4050 τὸ
1108 3998 1399 4068 ἀγέννητον
1433 3999 1524 4050 ἐπὶ
1567 3997 1660 4051 τοῦ
1701 3997 1834 4051 Θεοῦ
1880 3999 1985 4051 τῶν

409 4091 566 4156 ὅλων,
597 4093 695 4162 τῆς
727 4093 913 4154 οὐσίας
950 4091 1109 4144 αὐτοῦ
1141 4090 1422 4161 διωρίζετο
1458 4087 1596 4144 εἶναι
1628 4092 1983 4161 σημαντικὸν,

409 4182 551 4236 οὕτω
583 4186 677 4235 καὶ
720 4181 954 4236 ἐνταῦθα
982 4182 1041 4234 τὺ
1065 4181 1310 4252 γέννημα
1353 4181 1454 4252 τὴν
1487 4183 1672 4234 οὐσίαν
1717 4181 1810 4235 τοῦ
1857 4182 1986 4236 Υίοῦ

413 4275 695 4343 σημαίνειν
740 4273 919 4342 λέγει·
972 4274 1037 4326 ἵν’
1083 4276 1141 4326 ἐν
1186 4276 1254 4344 τῇ
1298 4273 1390 4326 τοῦ
1436 4274 1694 4346 γεννητοῦ
1747 4273 1882 4346 πρὸς
1929 4275 1989 4327 τὸ

410 4367 705 4437 ἀγέννητον
731 4365 1022 4430 ἀντιθέσει,
1053 4366 1307 4429 ἐναντίως
1351 4365 1540 4436 ἔχοντα
1570 4365 1647 4437 τῷ
1688 4367 1864 4437 Πατρὶ
1899 4367 1989 4422 τὸν

412 4457 694 4524 Μονογενῆ
742 4457 884 4510 κατὰ
932 4458 1032 4526 τὴν
1095 4457 1283 4510 οὐσίαν
1335 4457 1506 4527 αὐτὴν
1581 4457 1845 4530 ἐπιδείξῃ.
1893 4456 1991 4511 Διὰ

412 4547 586 4601 ταῦτα
623 4548 903 4618 νομοθετεῖ
937 4549 1158 4618 ῥήματα
1190 4547 1296 4613 ἔξω
1329 4549 1428 4619 τῆς
1459 4550 1705 4619 χρήσεως
1737 4549 1864 4602 ὂντα
1897 4548 1990 4602 τοῦ

413 4639 559 4693 θείου
625 4639 975 4710 Πνεύματος,
1033 4639 1280 4711 γέννημα
1349 4641 1444 4693 τὸν
1495 4640 1622 4693 Υἱὸν
1687 4639 1990 4711 ὀνομάζων.

411 4731 584 4786 Πόθεν
604 4730 784 4784 λαϐών
806 4751 819 4795 ;
840 4734 904 4784 ὲκ
921 4731 1078 4794 ποίας
1111 4731 1454 4796 διδασκαλίας
1477 4749 1490 4796 ;
1517 4733 1659 4794 τίνος
1683 4737 1957 4803 προφήτου
1981 4751 1994 4798 ;

415 4824 558 4886 τίνος
591 4823 697 4876 τῶν
728 4822 1042 4876 ἀποστόλων
1073 4822 1278 4893 ταύτην
1313 4822 1462 4891 αὐτῷ
1483 4823 1581 4892 τὴν
1614 4824 1999 4894 προσωνυμίαν

419 4918 888 4988 ὲπιφημίσαντος;
936 4916 1075 4986 Ἐγὼ
1113 4918 1208 4988 μὲν
1245 4917 1351 4990 γὰρ
1381 4916 1617 4987 οὐδαμοῦ
1646 4918 1742 4988 τῆς
1777 4918 1998 4989 Γραφῆς

415 5011 674 5082 κειμένην
715 5010 858 5063 οὕτω
885 5008 980 5080 τὴν
1015 5011 1196 5080 φωνὴν
1237 5010 1440 5078 ταύτην
1479 5004 1704 5080 εὖρον...
1734 5009 1998 5079 Γεγεννη-

418 5103 567 5157 κέναι
612 5103 710 5173 μὲν
746 5103 856 5173 γὰρ
895 5102 984 5155 τὸν
1015 5101 1258 5172 Πατέρα,
1308 5101 1576 5172 πολλαχοῦ
1606 5100 1993 5171 δεδιδάγμεθα·

417 5197 661 5266 γέννημα
692 5196 750 5248 δὲ
784 5191 922 5248 εἶναι
950 5194 1041 5248 τὸν
1071 5194 1215 5259 Υἱὸν,
1243 5193 1452 5247 οὐδέπω
1476 5195 1569 5247 καὶ
1597 5196 1834 5265 τήμερον
1861 5194 2000 5262 ἀκη-

418 5289 622 5358 κόαμεν
790 5286 928 5339 Ἀλλ’
948 5289 996 5339 εἰ
1027 5286 1304 5356 ἐγέννησε,
1329 5287 1514 5356 φησὶν,
1541 5288 1569 5339 ὁ
1596 5285 1750 5350 Θεὸς,
1777 5284 1895 5349 πῶς
1935 5285 1995 5336 οὐ

417 5377 523 5448 χρὴ
547 5377 637 5430 τὸν
659 5377 988 5448 γεννηθέντα
1012 5377 1437 5447 προσαγορεύειν
1468 5379 1628 5448 γέννη
1639 5394 1743 5447 μα;
1766 5377 1887 5429 ’Ότι
1905 5393 2000 5444 φο-

418 5469 576 5539 ϐερὸν
619 5471 750 5540 ἡμῖν
775 5469 1065 5540 ἡμετέροις
1107 5469 1268 5522 αὑτὸν
1300 5470 1528 5540 ὀνόμασι
1563 5471 1924 5542 προσφωνεῖν,
1954 5460 1999 5534 ᾧ

420 5561 711 5633 ἐχαρίσατο
757 5564 786 5614 ὁ
831 5560 961 5624 Θεὸς
991 5561 1161 5633 ὄνομα
1189 5563 1250 5615 τὸ
1288 5563 1427 5632 ὑπὲρ
1465 5563 1571 5615 πᾶν
1617 5561 1901 5630 δνομα.....
1935 5560 1998 5612 '0

421 5649 598 5703 τοίνυν
625 5649 750 5703 οὔτε
795 5652 830 5722 ἡ
878 5650 1029 5719 κοινὴ
1071 5649 1346 5722 συνήθεια,
1392 5648 1514 5702 οὔτε
1561 5647 1733 5719 ἡτῶν
1766 5643 1998 5716 Γραφῶν

421 5744 614 5814 κρῆσις
649 5742 1063 5812 παραδέδεκται,
1098 5743 1286 5796 τούτου
1324 5740 1692 5811 κατατολμᾷνν
1732 5738 1846 5801 πῶς
1879 5736 1998 5807 οὐχὶ

421 5833 521 5905 τῆς
557 5833 794 5906 ἐσχάτης
827 5834 1083 5897 ἀπονοίας
1117 5833 1265 5899 ﬁeri;
1306 5851 1322 5884 ε
1355 5833 1420 5888 Ει
1462 5832 1512 5886 in
1562 5831 1644 5887 his
1691 5830 1873 5900 utique
1917 5842 2003 5882 ve-

2088 3297 2318 3352 aiienam
2365 3301 2484 3344 esse
2535 3285 2957 3340 demonstratum
3003 3279 3150 3326 est.»
3205 3265 3336 3332 Qua:
3385 3253 3663 3352 omnia-si

2089 3391 2229 3444 inter
2255 3397 2315 3440 se
2353 3384 2755 3446 comparentur,
2801 3365 3147 3440 perspicuum
3189 3356 3294 3413 erit
3334 3365 3402 3407 ex
3441 3342 3666 3445 haedo-

2089 3493 2276 3537 corum
2303 3473 2610 3530 collatione,
2641 3462 2900 3519 Basilium
2935 3465 3029 3511 aut
3056 3451 3158 3508 sibi
3189 3462 3296 3504 non
3330 3446 3664 3537 consentire.

2090 3529 2394 3639 adii—quod
2435 3529 2616 3618 verius
2654 3565 2757 3623 est,
2805 3556 2996 3608 horum
3045 3546 3332 3603 librorum,
3376 3535 3429 3639 in
3471 3529 3669 3639 quibus

2089 3623 2456 3730 νοξγέιννημα
2475 3664 2728 3722 tanquam
2765 3644 3004 3700 solemne
3029 3637 3286 3709 quiddam
3319 3640 3374 3686 et
3401 3623 3670 3681 familiare

2091 3756 2292 3827 passim
2325 3749 2632 3807 adhibetur,
2669 3747 2947 3794 auctorem
2977 3745 3083 3786 non
3114 3740 3254 3783 esse.
3649 3802 3664 3818 ο

2163 3847 2253 3901 72.
2291 3839 2516 3900 Ostendi
2552 3839 2816 3892 hactenus
2857 3835 3134 3883 auctorem
3190 3821 3452 3875 librorum
3489 3816 3668 3880 quarti

2093 3995 2147 4043 et
2177 3984 2347 4054 quinti
2382 3988 2569 4035 contra
2605 3971 2925 4028 Eunomium
2976 3964 3051 4020 uti
3090 3961 3273 4032 aliquo
3317 3949 3527 4010 dicendi
3563 3962 3670 4056 ge»

2095 4094 2240 4139 nere,
2277 4090 2382 4145 quo
2431 4087 2536 4126 non
2572 4068 2708 4125 solet
2739 4064 2816 4120 uti
2845 4059 3076 4116 Basilius
3127 4071 3143 4108 :
3205 4065 3368 4113 nunc,
3415 4057 3672 4116 quoniam

2094 4141 2327 4224 varietas
2355 4166 2468 4236 ipsa
2505 4176 2601 4233 per
2633 4173 2692 4213 se
2723 4156 2919 4228 placet,
2948 4148 3238 4207 ostendere
3261 4141 3500 4198 conabor
3522 4151 3675 4192 eum-

2097 4265 2215 4319 dem
2253 4276 2358 4314 uon
2389 4255 2464 4311 uti
2488 4252 2757 4322 aliquibus
2791 4245 3003 4302 dicendi
3041 4236 3308 4300 formulis,
3344 4247 3463 4302 quae
3489 4236 3674 4297 smpis—

2096 4354 2232 4408 sime
2261 4348 2398 4418 apud
2444 4344 2701 4400 Basilium
2754 4339 3026 4410 leguntur.
3075 4331 3184 4386 Res
3215 4337 3395 4383 autem
3441 4323 3507 4378 iis
3556 4333 3676 4389 quat

2098 4413 2378 4513 subjiciam
2402 4435 2664 4503 exemplis
2695 4432 2788 4487 fiet
2811 4429 3028 4486 clarior.
3063 4424 3354 4492 Postquam
3387 4415 3550 4488 igitur
3576 4413 3677 4466 Ba-

2099 4512 2249 4590 silius
2283 4533 2482 4602 aliquid
2517 4537 2611 4582 aut
2640 4523 2908 4595 probavit,
2961 4526 3052 4573 aut
3086 4512 3409 4575 confutavit,
3451 4516 3542 4562 aut
3579 4519 3678 4560 ex-

2101 4627 2360 4699 planavit,
2403 4624 2704 4677 orationem
2738 4614 3063 4673 concludere
3102 4605 3382 4668 consuevit
3435 4603 3518 4656 his
3554 4611 3678 4651 ver-

2102 4698 2183 4775 bis
2227 4739 2239 4773 :
2279 4717 2392 4770 Kal.
2424 4713 2598 4768 ταῦτα
2641 4712 2738 4782 μὲν
2788 4708 2882 4762 ἐπὶ
2909 4703 3183 4769 τοσοῦτον,
3227 4698 3329 4762 vel,
3375 4698 3454 4758 είς
3490 4698 3678 4747 τοσοῦ-

2098 4829 2225 4876 τονς
2263 4809 2410 4864 verbi
2441 4780 2652 4877 gratia,
2677 4810 2963 4872 postquam
3000 4794 3228 4849 Basilius
3275 4788 3414 4843 libro
3449 4784 3523 4838 De
3551 4780 3676 4849 Spi-

2101 4907 2208 4957 ritu
2231 4911 2432 4963 sancto,
2464 4913 2583 4967 cap.
2611 4895 2701 4961 14,
2753 4893 2820 4948 de
2870 4889 3066 4960 Moysis
3101 4883 3425 4954 baptismate
3468 4877 3678 4967 locutus

2101 5006 2206 5059 est,
2236 4993 2539 5047 orationem
2582 4988 2927 5042 absoluturus
2956 4983 3034 5038 sic
3059 4976 3276 5047 scripsit
3309 4971 3424 5028 εΤὰ
3462 4969 3560 5042 μὲν
3585 4962 3678 5021 οὖν

2100 5087 2228 5159 περὶ
2260 5085 2468 5149 τύπων,
2525 5082 2618 5134 ἐπὶ
2651 5077 2924 5140 τοσοῦτον,
2973 5093 2991 5127 ι
3017 5072 3203 5142 Itaque
3247 5069 3313 5123 de
3340 5065 3525 5135 figuris
3554 5060 3679 5132 quiv

2103 5181 2224 5234 dem
2264 5180 2548 5232 hactenus.
2582 5194 2600 5227 ι
2637 5173 2746 5227 Νεε
2777 5172 2935 5225 aliter
2962 5167 3225 5236 scriptum
3255 5159 3530 5216 invenitur
3557 5169 3677 5225 cap.

2101 5269 2192 5322 29.
2227 5265 2515 5333 Postquam
2537 5262 2680 5316 enim
2706 5268 2946 5314 veterum
2973 5254 3176 5323 aliquot
3197 5249 3521 5320 scriptorum
3554 5259 3677 5297 ver-

2103 5361 2168 5413 ba
2199 5357 2408 5420 retulit,
2443 5354 2562 5409 fecit
2585 5368 2689 5405 non
2718 5349 2978 5410 insolens,
3007 5355 3065 5399 ut
3090 5347 3204 5399 haec
3233 5338 3495 5396 addiderit
3521 5355 3534 5391 :
3568 5336 3682 5392 Καὶ

2103 5451 2275 5506 ταῦτα
2309 5450 2407 5521 μὲν
2437 5449 2517 5510 εἰς
2539 5444 2809 5506 τοσοῦτον,
2840 5459 2858 5494 t
2888 5441 2950 5496 Et
2971 5440 3084 5494 haec
3111 5437 3330 5508 quidem
3352 5433 3632 5488 hactenus.
3657 5449 3677 5482 ι

2106 5544 2357 5612 Ejusdem
2389 5541 2468 5596 rei
2527 5547 2581 5593 et
2615 5537 2720 5591 alia
2748 5533 2994 5602 exempla
3023 5531 3126 5600 legi
3178 5536 3402 5597 possunt
3431 5525 3532 5579 hoc
3568 5525 3683 5592 ipso

2106 5638 2158 5692 in
2190 5635 2329 5690 libro
2376 5648 2496 5702 cap.
2527 5631 2615 5685 50.
2664 5629 2820 5692 Item,
2855 5627 2917 5679 in'
2944 5625 3038 5680 lib.
3078 5621 3253 5692 primo
3281 5621 3466 5674 contra
3503 5614 3684 5668 Euno-

2106 5732 2288 5794 mium,
2325 5743 2471 5782 uum.
2500 5725 2557 5790 5,
2591 5723 2682 5778 ubi
2732 5723 2845 5776 haec
2887 5717 3136 5787 loquendi
3173 5717 3310 5768 ratio
3350 5712 3433 5767 bis
3459 5708 3684 5764 adhibe-

2108 5831 2212 5878 tur.
2252 5817 2384 5877 Cum
2419 5817 2579 5890 igitur
2617 5813 2844 5870 Basilius
2882 5811 2983 5866 hac
3021 5805 3403 5864 concludenda:
3425 5801 3686 5865 orationis
