4094 6220
431 397 657 445 rexxxvt

1787 363 2317 424 PBOLEGOML‘NA.

435 499 662 553 formala
695 496 853 550 unice
899 492 1190 547 delectatus
1235 488 1401 545 fuisse
1431 487 1694 550 videatur,
1727 504 1820 542 cur
1860 503 1998 540 nuu—
2029 493 2076 548 Λ
2111 484 2278 538 nomii
2334 477 2650 550 opusculum
2701 475 2964 530 edendum
3012 469 3336 524 curavimus.
3392 465 3483 521 Sic
3515 464 3677 536 igitur

431 605 593 662 quam
620 605 682 645 ea
710 588 764 642 in
797 585 997 640 ultimis
1027 586 1233 638 duobus
1254 585 1309 635 in
1332 582 1650 634 Eunomium
1689 581 1837 634 libris
1871 594 1998 633 usus

430 680 547 736 est?
584 678 750 734 Paulo
782 677 949 746 magis
987 691 1203 730 movere
1230 675 1410 738 debet,
1455 674 1598 742 quod
1641 675 1827 727 horum
1865 686 2000 740 quos

432 786 556 825 mox
592 769 704 824 dixi
736 768 992 823 libroruin
1021 779 1208 821 auctor
1241 783 1425 821 vocem
1472 765 1701 819 κατόπιν
1737 779 1998 832 nusquam

429 861 687 915 adhibeat
717 877 729 913 :
763 875 882 928 quae
911 869 1086 912 tamen
1117 873 1218 910 vox
1245 860 1316 910 ita
1354 867 1438 912 est
1486 856 1768 909 familiaris
1802 855 2002 908 Basilio

435 952 646 1020 Magno,
675 962 727 1004 ut
760 953 813 1004 in
849 951 965 1019 ejus
999 950 1218 1018 scriptis
1248 964 1459 1003 sursum
1496 950 1746 1002 deorsum
1774 948 1996 1017 legatur.

435 1044 750 1114 Quanquam
795 1054 972 1096 autem
1013 1043 1239 1096 Basilius
1285 1056 1402 1096 eam
1449 1055 1635 1094 vocem
1688 1037 1868 1092 multis
1917 1052 1999 1090 va-

437 1134 639 1202 riisque
667 1134 840 1188 modis
885 1140 1126 1199 usurpet,
1157 1129 1454 1198 praesertim
1501 1139 1679 1183 tamen
1715 1142 1779 1182 ea
1809 1126 2003 1194 utitur,

439 1241 562 1280 cum
593 1226 900 1296 signiﬁcare
927 1224 1040 1277 vult
1067 1240 1124 1278 se
1155 1224 1378 1292 alicujus
1411 1222 1487 1276 rei
1518 1222 1631 1290 jam
1669 1231 1824 1273 antea
1855 1235 2003 1272 men-

441 1319 640 1371 tionem
675 1316 888 1370 fecisse.
912 1316 1049 1384 Ergo
1073 1313 1162 1367 ubi
1206 1313 1449 1383 plerique
1473 1312 1561 1366 alii
1590 1311 1878 1378 scriptores
1907 1323 2005 1362 saa-

442 1409 559 1472 pius
596 1407 840 1461 scribunt
874 1405 949 1468 ὼς
987 1405 1330 1476 προείρηται,
1375 1411 1468 1456 aut
1507 1400 1823 1471 simpliciter
1849 1398 2003 1470 εἴρη-

439 1506 552 1560 ται,
589 1514 608 1548 ε
635 1505 692 1549 ιιι
725 1495 834 1562 jam
868 1504 1027 1548 antea
1057 1495 1258 1547 dictum
1282 1499 1385 1556 est,
1428 1489 1711 1546 utdictum
1734 1497 1834 1552 est,
1862 1506 1880 1540 ι
1921 1487 2009 1541 ille

441 1603 595 1641 suam
620 1587 918 1640 orationem
954 1583 1032 1639 sic
1057 1583 1354 1654 componit,
1383 1593 1442 1637 ut
1467 1583 1645 1652 potius
1677 1581 1748 1634 ita
1776 1579 2004 1642 scribat,

454 1682 544 1734 Ἐν
585 1683 696 1742 τοῖς
727 1678 957 1732 κατόπιν
993 1676 1194 1746 λόγοις,
1227 1684 1320 1731 aut
1353 1675 1688 1744 simpliciter,
1752 1673 1840 1726 Ἐν
1895 1674 2010 1735 τοῖς

445 1771 692 1838 κατόπιν,
735 1789 754 1822 α
780 1780 839 1824 ut
871 1772 1119 1840 superius
1155 1772 1353 1823 dictum
1401 1777 1499 1822 est.
1531 1785 1550 1818 ι
1586 1766 1719 1821 Cum
1761 1765 1922 1835 igitur
1954 1764 2006 1817 in

2105 575 2340 644 loquitur
2385 572 2617 640 scriptor
2673 583 2826 622 num.
2863 563 2928 618 12
2973 582 2986 616 :
3036 565 3156 616 ’Ὀτι
3205 559 3388 614 δὲκαὶ
3437 553 3518 622 εἷς
3548 556 3678 622 Υἱὸς

2106 663 2436 736 (Μονογενὴς
2451 659 2602 731 γὰρ),
2633 657 2762 728 ἐνῆν
2802 657 2899 726 μὲν
2924 654 3022 717 τὰς
3049 653 3155 705 τῶν
3181 652 3351 721 ἁγίων
3373 651 3553 721 φωνὰς
3577 667 3680 704 πα-

2108 754 2463 827 ραθεμένους,
2509 751 2577 805 δι’
2609 743 2684 805 ὧν
2740 747 2866 800 Υίὸν
2917 745 3012 798 καὶ
3057 744 3300 813 γέννημα
3349 741 3441 795 καὶ
3471 741 3680 812 ποίημα

2109 845 2566 914 καταγγέλλουσιν
2603 883 2616 897 .
2643 878 2692 894 ..
2735 836 3079 910 ἀπηλλάχθαι
3125 834 3422 904 φροντίδος.
3487 833 3677 900 (Quod

2103 947 2280 991 autem
2316 935 2480 991 Filius
2505 949 2645 988 unus
2684 933 2755 986 sit
2780 945 2991 1000 quoque
3016 926 3357 999 (Unigenitns
3379 933 3461 979 est
3486 924 3675 993 enim),

2102 1028 2324 1082 vocibus
2358 1023 2737 1080 sanctorumin
2761 1021 2994 1074 medium
3037 1017 3234 1081 allatis,
3259 1015 3449 1085 quibus
3479 1012 3677 1068 Filium

2105 1129 2215 1174 tum
2231 1118 2528 1187 genituram
2550 1125 2657 1170 tum
2681 1123 2984 1169 creaturam
3018 1109 3378 1180 przedicant...
3412 1107 3682 1176 possimus

2104 1225 2233 1265 cura
2259 1207 2492 1263 liberari.
2525 1225 2544 1258 ι
2579 1204 2721 1276 Ergo
2741 1206 2808 1259 de
2841 1200 3081 1257 Eunomii
3116 1199 3401 1262 sententia,
3433 1206 3491 1250 ut
3513 1194 3682 1250 Filius

2104 1314 2229 1355 vere
2267 1299 2592 1370 praedicatur
2620 1305 2898 1358 creatura,
2942 1294 3013 1346 ita
3045 1291 3210 1346 etiam
3260 1291 3400 1344 idem
3430 1303 3556 1343 vere
3590 1301 3681 1356 ge-

2109 1392 2290 1445 nitura
2324 1390 2544 1444 dicitur.
2580 1388 2743 1441 Paulo
2779 1391 2900 1454 post
2941 1383 3110 1451 magis
3142 1381 3421 1452 perspicue
3447 1387 3679 1432 mentem

2107 1498 2257 1537 suam
2299 1482 2468 1550 aperit
2497 1479 2815 1542 Eunoniius,
2866 1477 2950 1530 his
2981 1475 3159 1528 verbis
3190 1491 3205 1527 :
3235 1472 3484 1541 Γέννημα
3508 1468 3683 1522 τοίνυν

2107 1575 2197 1628 τὸν
2233 1574 2360 1628 Υίόν
2391 1589 2591 1642 φαμεν,
2619 1571 2761 1624 κατὰ
2782 1571 2882 1642 τὴν
2912 1566 3017 1622 τῶν
3050 1563 3279 1638 Γραφῶν
3315 1561 3681 1622 διδασκαλίαν,

2109 1667 2207 1739 οὐχ
2243 1667 2430 1736 ἕτερον
2467 1664 2566 1734 μέν
2597 1679 2648 1716 τι
2684 1663 2781 1734 τὴν
2817 1661 3000 1714 οὐσίαν
3031 1658 3294 1720 νοοῦντες,
3336 1655 3520 1725 ἓτερον
3549 1653 3605 1706 δέ
3631 1668 3684 1705 τι

2113 1757 2242 1830 παρ’
2276 1756 2446 1814 αὐτὴν
2474 1756 2535 1807 τὺ
2570 1752 2984 1824 σημαινόμενον,
3037 1749 3150 1802 ἀλλ’
3174 1746 3342 1816 αὐτὴν
3398 1741 3534 1797 εἶναι
3584 1743 3684 1814 τὴν

445 1860 647 1914 ultimis
671 1860 876 1915 duobus
928 1860 982 1912 in
1027 1857 1343 1914 Eunomium
1391 1857 1542 1912 libris
1575 1871 1714 1925 saepe
1751 1832 2006 1923 scriptum

2116 1847 2427 1908 ὑπόστασιν,
2475 1843 2540 1914 ἦν
2565 1841 2818 1914 σημαίνει
2856 1837 3111 1909 τοῦνομα,
3141 1833 3577 1922 ἐπαληθευούτης
3615 1835 3683 1903 τῇ

443 1956 514 2006 sit
554 1961 647 2006 aut
674 1952 1017 2024 προείρηται,
1046 1963 1136 2007 aut
1167 1951 1484 2022 simpliciter
1509 1948 1746 2021 εἴρηται,
1791 1963 1890 2004 nec
1919 1963 2010 2002 us-

442 2060 604 2116 quam
656 2046 707 2100 in
750 2045 833 2100 his
871 2046 1137 2101 scribatur
1170 2044 1230 2098 ἐν
1271 2045 1385 2107 τοῖς
1433 2042 1684 2110 κατόπιν,
1723 2040 2011 2112 quomodo,

443 2151 646 2203 «quaeso,
674 2135 898 2192 Basilius
931 2136 1190 2205 ejusmodi
1223 2134 1482 2190 librorum
1521 2142 1712 2188 auctor
1747 2131 1852 2187 dici
1891 2145 2006 2186 me-

444 2226 550 2280 rito
577 2227 782 2294 possit?

511 2317 599 2370 75.
634 2315 854 2372 Monere
889 2316 1062 2387 juvat,
1107 2316 1316 2371 libellos
1354 2316 1488 2370 duos
1539 2314 1704 2370 fuisse
1734 2313 2012 2370 editos‘ab

444 2407 730 2465 Eunomia.
756 2409 951 2473 Unum,
983 2423 1142 2478 quem
1165 2408 1460 2464 confutavit
1482 2405 1733 2472 Basilius,
1763 2405 2010 2466 alterum.

444 2513 603 2564 quem
628 2497 911 2554 confutare
943 2511 1050 2553 non
1093 2499 1287 2567 potuit,
1316 2511 1438 2551 cum
1470 2512 1574 2551 non
1606 2496 1782 2551 editus
1811 2494 1883 2551 sit
1909 2494 2014 2549 nisi

446 2598 566 2658 post
619 2590 786 2659 ipsius
828 2599 1078 2647 mortem.
1115 2589 1239 2644 Haec
1271 2603 1477 2644 mecum
1531 2602 1651 2643 cum
1688 2595 2015 2656 reputarem,

446 2683 622 2736 ultimi
658 2683 764 2738 duo
808 2684 867 2735 in
892 2682 1208 2736 Eunomium
1237 2682 1357 2736 libri
1403 2681 1535 2735 mihi
1564 2679 1734 2750 magis
1759 2694 1821 2735 ac
1845 2675 2018 2746 magis

446 2775 681 2842 suspecti
707 2773 832 2828 facti
863 2782 1010 2831 sunt.
1037 2773 1222 2828 Patavi
1244 2774 1387 2828 enim
1418 2772 1684 2828 confutari
1708 2772 1779 2841 jin
1808 2769 2016 2826 ultimis

445 2865 653 2920 duobus
681 2875 864 2919 contra
905 2863 1224 2919 Eunomium
1264 2863 1416 2918 libris
1453 2879 1559 2918 non
1597 2863 1829 2930 primum
1863 2862 2016 2918 libel-

445 2951 555 3010 lum
587 2955 859 3023 Eunomii,
888 2956 982 3012 sed
1014 2955 1340 3018 secundum;
1385 2954 1454 3010 ob
1483 2955 1645 3023 idque
1669 2954 1888 3009 secundi
1919 2954 2019 3009 hu—

439 3044 530 3117 jus
556 3046 720 3102 libelli
752 3047 1174 3102 confutationem
1204 3031 1363 3100 tribui
1388 3061 1493 3100 non
1518 3059 1676 3115 posse
1697 3043 1917 3110 Basilio,
1946 3044 2017 3100 ob

447 3154 564 3194 eam
597 3153 758 3208 quam
786 3137 937 3193 attuli
963 3139 1247 3194 rationem.
1281 3137 1344 3190 Et
1372 3136 1588 3206 quidem
1612 3137 1869 3204 scriptor,
1896 3137 2017 3206 qui-

447 3242 659 3296 cunque
709 3227 808 3283 ille
841 3227 962 3292 fuit,
990 3228 1081 3297 qui
1111 3227 1331 3282 ultimos
1357 3226 1492 3280 duos
1521 3227 1574 3279 in
1598 3223 1917 3280 Eunomium
1947 3227 2016 3281 li-

447 3320 574 3374 bros
610 3319 871 3390 vulgavit,
916 3320 988 3374 ita
1037 3319 1280 3374 confutat
1311 3318 1657 3386 Eunomium,
1692 3328 1748 3374 ut
1776 3333 1898 3374 eum
1925 3335 2017 3375 re-

447 3407 766 3474 prehendat,
797 3409 936 3478 quod
963 3408 1157 3463 Filium
1190 3423 1315 3464 vere
1341 3409 1544 3464 diceret
1575 3421 1903 3478 creaturam,
1936 3411 2017 3465 af-

446 3500 695 3554 ﬁrmaret
737 3514 868 3556 vero
915 3502 1162 3556 eumdem
1221 3501 1358 3556 falso
1414 3501 1636 3556 nomine
1711 3503 2014 3572 genituram

447 3592 573 3646 dici.
597 3593 751 3658 Quod
793 3605 855 3648 ut
898 3594 1231 3649 manifestius
1273 3593 1386 3660 fiat,
1426 3592 1540 3662 ipsa
1587 3595 1866 3664 scriptoris
1891 3609 2015 3652 ver-

449 3685 539 3748 ba,
567 3697 686 3754 quae
707 3684 818 3755 jam
840 3686 1145 3752 retulimus,
1170 3702 1357 3742 rursus
1376 3687 1446 3742 ob
1470 3686 1653 3744 oculos
1683 3701 1882 3757 ponere
1909 3701 2015 3742 non

449 3775 670 3846 pigebit.
707 3776 830 3831 Haec
865 3787 1040 3832 autem
1086 3787 1210 3834 sunt
1240 3777 1335 3832 lib.
1367 3787 1559 3849 quarto
1585 3793 1705 3849 pag.
1734 3778 1841 3834 287
1867 3798 1880 3835 :
1909 3781 2013 3835 Mo-

447 3866 722 3931 νόκτιστος
755 3867 1081 3940 κυριώτερον
1112 3867 1176 3923 ἂν
1199 3867 1430 3936 λέγοιτο,
1461 3869 1662 3938 κτίσμα
1687 3869 1784 3937 μὲν
1805 3867 2018 3941 ἀληθῶς

450 3958 568 4009 κατ’
590 3957 848 4028 Εὐνόμιον
882 3959 977 4026 ὢν,
1006 3959 1251 4030 γέννημα
1275 3960 1333 4013 δὲ
1367 3959 1728 4030 ψευδωνύμως
1757 3960 2019 4032 καλούμε-

450 4063 560 4110 νος.
623 4067 642 4100 ι
668 4049 989 4106 Unicreatus
1019 4053 1189 4119 magis
1217 4053 1431 4121 proprie
1460 4052 1748 4116 diceretur,
1783 4067 1906 4107 cum
1935 4066 2018 4107 se-

454 4140 687 4195 cundum
722 4141 1041 4195 Eunomium
1066 4155 1193 4198 vere
1246 4151 1496 4196 creatura
1542 4144 1634 4208 sit,
1673 4141 1812 4198 falso
1837 4153 2018 4197 autem

452 4230 672 4286 nomine
713 4231 959 4302 genitura
1011 4242 1252 4287 vocetur.
1282 4251 1301 4284 ι
1349 4229 1596 4304 Scriptor
1638 4233 1821 4303 igitur,
1873 4231 2021 4302 quis~

450 4319 576 4387 quis
605 4331 710 4385 est,
754 4322 1065 4377 confutabat
1097 4339 1221 4378 eum
1267 4321 1514 4379 Eunomii
1541 4322 1803 4387 libellum,
1832 4324 1887 4377 in
1913 4338 2020 4393 quo

451 4410 741 4467 itaareticus
771 4413 861 4468 ille
895 4413 1124 4469 docebat
1148 4412 1344 4467 Filium
1386 4411 1526 4470 falso
1560 4413 1779 4468 nomine
1800 4413 2024 4482 genitu—

2112 1939 2271 2010 οὐσίᾳ
2301 1939 2399 2009 τῆς
2428 1934 2814 2008 προσηγορίας.
2863 1953 2880 1983 ι
2911 1933 3225 1988 Genituram
3263 1929 3444 1995 itaque
3490 1925 3682 1980 Filium

2114 2009 2364 2093 dicimus,
2395 2041 2463 2080 ex
2505 2023 2905 2091 Scripturarum
2946 2018 3214 2084 doctrina,
3248 2029 3353 2069 non
3387 2011 3528 2066 aliud
3555 2009 3686 2079 quid

2114 2114 2403 2170 essentiam
2449 2111 2836 2180 intelligentes,
2887 2107 3029 2162 aliud
3085 2105 3212 2174 quid
3266 2111 3460 2174 praeter
3490 2101 3685 2170 ipsam,

2118 2209 2172 2262 id
2202 2207 2342 2276 quod
2374 2206 2732 2276 significatur,
2791 2202 2884 2258 sed
2917 2201 3084 2270 ipsam
3142 2211 3261 2252 esse
3307 2193 3682 2257 substantiam,

2114 2314 2275 2369 quam
2302 2311 2500 2353 nomen
2529 2293 2823 2366 significat,
2856 2307 2978 2348 cum
3003 2290 3251 2345 essentia:
3277 2301 3402 2341 vere
3428 2293 3686 2354 congruat

2117 2392 2219 2446 ista
2251 2388 2562 2460 appellatio.
2590 2405 2609 2440 ι
2659 2383 2823 2441 Certe
2859 2383 3118 2455 genitura:
3163 2377 3572 2450 appellationem
3600 2388 3687 2429 es-

2115 2481 2304 2538 sentiat
2327 2479 2452 2535 Filii
2485 2493 2614 2534 vere
2648 2489 2948 2546 congruere
2989 2473 3078 2544 qui
3111 2472 3260 2535 dicit,
3284 2469 3329 2523 is
3351 2466 3542 2523 Filium
3568 2479 3687 2534 pro-

2116 2573 2258 2643 prio,
2287 2586 2392 2626 non
2422 2569 2570 2625 falso
2619 2566 2835 2622 nomine
2868 2563 3168 2635 genituram
3196 2571 3373 2613 vocat.
3408 2557 3687 2626 Leguntur

2117 2680 2264 2719 num.
2293 2663 2358 2717 l7
2407 2664 2522 2717 lucc
2561 2649 2724 2714 verba
2770 2676 2781 2711 :
2826 2657 2885 2710 '0
2923 2655 3020 2726 μὲν
3073 2653 3182 2724 γάρ
3213 2653 3358 2705 ἐστιν
3395 2648 3690 2718 ἀγεννήτου

2117 2757 2210 2810 καὶ
2241 2755 2503 2826 ἁποιητου
2542 2751 2787 2821 γέννημα
2827 2747 2922 2802 καὶ
2958 2747 3184 2815 ποίημα.
3224 2761 3243 2794 ι
3275 2742 3370 2797 Est
3395 2741 3534 2796 enim
3574 2738 3690 2810 [Fi-

2119 2845 2245 2918 lius]
2277 2845 2502 2916 ingeniti
2537 2852 2592 2897 et
2632 2840 2816 2897 infacti
2854 2839 3098 2906 genitura
3129 2845 3182 2890 et
3230 2834 3468 2889 factura:
3518 2849 3537 2882 δ
3573 2843 3692 2899 quas

2118 2938 2365 2994 Eunomii
2397 2935 2560 2991 verba
2614 2941 2672 2987 ut
2707 2929 3092 3000 intelligantur,
3147 2943 3250 2980 non
3300 2939 3436 2993 opus
3472 2930 3556 2977 est
3585 2920 3692 2973 ulla

2119 3015 2589 3097 interpretatione.
2618 3021 2750 3077 Cum
2777 3021 2919 3075 enim
2949 3022 3108 3074 homo
3133 3017 3328 3086 impius
3350 3014 3540 3070 Filium
3567 3025 3692 3066 vere

2119 3117 2383 3173 facturam
2414 3116 2638 3178 diceret,
2676 3127 2833 3166 nemo
2871 3127 2975 3165 non
3027 3110 3174 3165 videt
3217 3108 3460 3163 eumdem
3489 3104 3692 3175 pariter

2121 3211 2189 3263 ab
2231 3224 2296 3264 eo
2324 3222 2450 3263 verc
2485 3207 2789 3276 genituram
2819 3214 3070 3258 vocatum
3104 3201 3294 3266 fuisse,
3359 3214 3481 3256 cum
3515 3199 3688 3266 ipsum

2115 3303 2304 3357 eodem
2349 3298 2508 3354 modo
2559 3305 2612 3352 et
2653 3295 2955 3366 genituram
3017 3304 3071 3348 et
3129 3294 3390 3347 facturam
3427 3287 3679 3357 appellet.

2118 3393 2312 3448 Statim
2357 3390 2436 3446 sic
2479 3388 2822 3458 persequitur
2859 3405 2870 3439 :
2909 3384 3077 3439 Οὕτω
3128 3385 3239 3455 γὰρ
3284 3382 3351 3437 ἂν
3386 3383 3510 3444 ταῖς
3547 3381 3690 3451 Γρα-

2116 3488 2244 3554 φαῖς
2271 3484 2332 3538 τὸ
2375 3481 2626 3552 ἀψευδεῖν
2677 3478 3018 3550 φυλάττοιτο,
3065 3478 3276 3549 ποίημα
3317 3475 3410 3528 καὶ
3449 3472 3694 3542 γέννημα

2116 3576 2399 3647 λεγούσαις
2423 3575 2514 3628 τὸν
2542 3573 2692 3629 Υἱόν.
2732 3593 2750 3625 ε
2773 3571 2865 3628 Sic
2888 3572 3030 3626 enim
3072 3585 3165 3625 sua
3205 3567 3472 3624 constabit
3493 3565 3692 3618 veritas

2117 3671 2434 3742 Scripturis,
2477 3683 2594 3738 quae
2627 3666 2820 3722 Filium
2864 3664 3132 3720 facturam
3169 3661 3351 3718 dicunt
3396 3670 3447 3714 et
3477 3658 3692 3730 genitu-

2115 3781 2254 3820 ram.
2283 3782 2301 3816 ι
2356 3761 2548 3816 Videre
2575 3761 2698 3815 licet
2734 3759 2823 3813 illa
2867 3772 3016 3810 num.
3048 3756 3114 3811 19
3148 3773 3162 3810 :
3195 3751 3351 3807 Κατὰ
3391 3752 3447 3805 δὲ
3487 3751 3578 3804 τὸν
3604 3749 3692 3802 αὐ·

2114 3855 2203 3906 τὸν
2249 3851 2405 3921 λόγον
2444 3849 2578 3903 κάπὶ
2620 3848 2711 3901 τοῦ
2751 3843 3107 3914 Μονογενοῦς,
3149 3843 3309 3897 αὐτὸν
3357 3841 3436 3912 τῷ
3487 3840 3648 3909 γεννή

2120 3960 2271 4015 ματι.
2307 3959 2326 3995 ‹
2348 3941 2547 3996 Eadem
2569 3951 2781 4008 quoque
2823 3937 3030 3990 ratione
3059 3935 3342 3991 dicendum
3373 3941 3455 3986 est
3481 3932 3543 3985 de
3571 3929 3693 3985 Uni-

2118 4036 2320 4106 genito,
2356 4032 2499 4104 quod
2539 4031 2679 4086 idem
2731 4030 2878 4084 valet
2906 4027 3048 4096 quod
3077 4027 3345 4098 genitura.
3375 4043 3393 4076 ι
3443 4022 3692 4092 Sequun-

2121 4132 2208 4175 tur
2256 4117 2344 4176 illa
2392 4135 2539 4175 num.
2571 4119 2643 4172 22
2681 4135 2695 4170 :
2739 4117 3054 4189 Μονογενὴς
3101 4116 3248 4182 Υἱὸς,
3309 4114 3495 4183 ἐπειδὴ
3531 4111 3692 4182 μόνος

2119 4213 2413 4284 ἀγεννήτου
2434 4212 2700 4282 γέννημα.
2740 4229 2757 4262 ι
2781 4208 3096 4280 Unigenilus
3117 4207 3309 4270 Filius,
3330 4207 3578 4278 quoniam
3609 4218 3690 4259 so-

2121 4305 2204 4359 lus
2239 4305 2456 4374 ingeniti
2503 4305 2748 4371 genitura
2784 4312 2886 4357 est.
2916 4321 2934 4354 ι
2969 4300 3060 4356 Sic
3083 4301 3258 4370 pergit
3298 4297 3533 4353 num.2rl
3563 4315 3575 4351 :
3604 4296 3691 4349 El-

2123 4396 2256 4448 κόνα
2287 4393 2465 4447 τοίνυν
2503 4392 2701 4463 φαμὲν,
2743 4391 2840 4461 οὐχ
2878 4389 2953 4453 ὡς
2993 4389 3273 4458 ἀγεννήτῳ
3309 4386 3550 4456 γέννημα
3594 4399 3691 4436 παρ

452 4514 571 4557 ram
612 4504 890 4573 appellari.
921 4505 1380 4572 Quemadmodum
1412 4505 1555 4562 enim
1601 4505 1755 4570 illud,
1798 4477 2013 4576 Ιξτίσμα

2127 4489 2505 4562 ραϐάλλοντες.
2555 4485 2886 4556 «Imaginem
2934 4483 3098 4554 igitur
3148 4479 3389 4552 [Filium]
3439 4477 3686 4538 dicimus,

455 4591 556 4662 μὲν
594 4592 810 4664 ἀληθῶς
839 4597 956 4648 κατ’
986 4595 1251 4665 Εὐνόμιον
1289 4594 1387 4661 ὢν,
1422 4595 1501 4650 sic
1542 4594 1713 4664 accipi
1755 4594 1932 4660 debet,
1965 4603 2023 4648 ut

453 4683 749 4741 Eunomius
786 4685 1082 4741 affirmaret
1119 4685 1314 4742 Filium
1357 4701 1483 4740 vere
1507 4693 1812 4740 creaturam
1853 4698 2017 4740 esse:

455 4779 525 4830 ita
550 4777 690 4846 quod
719 4779 979 4847 sequitur,
1007 4781 1250 4848 γέννημα
1279 4779 1336 4830 δὲ
1366 4775 1736 4848 ψευδωνύμως
1763 4774 2023 4847 καλούμε-

451 4883 564 4932 νος,
597 4868 677 4923 sic
711 4871 922 4924 videtur
965 4871 1392 4940 intelligendum,
1442 4879 1500 4923 ut
1532 4868 1647 4939 ipse
1690 4883 1904 4940 quoque
1937 4868 2019 4922 di-

454 4967 600 5014 ceret
643 4958 834 5014 Filium
868 4960 1005 5016 falso
1034 4961 1249 5016 nomine
1285 4962 1589 5029 genituram
1635 4959 1838 5014 vocari.
1877 4957 2022 5012 Nihil

451 5058 632 5104 autem
666 5047 772 5102 tale
821 5051 1040 5104 tradidit
1070 5050 1123 5104 in
1149 5052 1321 5119 primo
1353 5066 1452 5105 sua
1485 5048 1664 5105 libello
1699 5048 2018 5112 Eunomius,

449 5138 596 5194 unde
623 5151 963 5206 consequens
989 5148 1092 5205 est,
1121 5151 1180 5193 ut
1213 5141 1263 5193 id
1291 5139 1534 5195 docuerit
1561 5139 1612 5192 in
1646 5140 1902 5202 secundo,
1929 5138 2021 5209 qui

449 5239 602 5286 certe
655 5230 760 5286 dici
816 5247 921 5286 non
953 5238 1128 5300 potest
1157 5232 1524 5287 confutatusa
1577 5231 1777 5286 Basilio
1833 5229 2018 5289 fuisse.

449 5334 574 5374 cum
608 5318 783 5376 solum
815 5329 936 5388 post
971 5320 1090 5389 ejus
1130 5320 1407 5373 interitum
1438 5321 1697 5389 prodierit
1739 5320 1790 5372 in
1825 5321 2017 5374 lucem.

453 5406 564 5462 Nec
594 5409 728 5465 satis
757 5409 858 5463 fuit
905 5410 1106 5476 dicere,
1153 5411 1284 5465 nihil
1334 5413 1440 5464 tale
1469 5415 1526 5466 in
1568 5412 1744 5482 primo
1773 5410 2018 5466 Eunomii

455 5498 591 5552 libro
629 5500 881 5568 reperiri,
919 5517 1041 5555 cum
1092 5502 1274 5556 dicere
1325 5502 1511 5558 liceret
1563 5503 1764 5573 aliquid
1800 5503 2021 5557 omnino

453 5589 786 5644 contrarium
816 5591 870 5644 in
911 5606 976 5647 eo
1004 5591 1110 5662 legi
1144 5592 1212 5646 ab
1238 5594 1490 5648 omnibus
1523 5608 1700 5662 posse.
1741 5591 1860 5648 .lam
1892 5607 2018 5660 pro-

453 5676 632 5735 banda
668 5694 756 5735 res
784 5691 871 5735 est
907 5681 1176 5751 aliquibus
1205 5685 1488 5754 exemplis,
1515 5699 1634 5754 qua:
1659 5685 1854 5756 cuique
1886 5685 2020 5742 libe-

457 5783 574 5824 rum
606 5769 705 5826 erit
737 5770 917 5827 videre
945 5772 996 5826 in
1022 5772 1344 5842 Appendice,
1375 5775 1462 5830 ubi
1495 5777 1727 5846 primunt
1769 5777 1870 5832 hoc
1905 5777 2010 5832 Eu-

2124 4597 2229 4636 non
2279 4583 2418 4650 quod
2465 4580 2699 4649 ingenito
2739 4577 3041 4646 genituram
3089 4586 3485 4643 comparemus.
3519 4590 3536 4622 i
3595 4567 3688 4622 llis

2124 4674 2245 4728 addi
2279 4680 2452 4741 potest
2479 4670 2611 4724 illud
2653 4687 2665 4722 :
2695 4670 2764 4722 "H
2798 4667 2925 4721 ἄλλο
2953 4666 3052 4737 μὲν
3079 4665 3230 4737 παρὰ
3261 4665 3352 4717 τὸν
3385 4662 3528 4716 Υίόν.
3564 4661 3603 4713 Γ
3607 4660 3691 4713 έν·-

2123 4781 2271 4836 νημα
2295 4763 2353 4815 δέ
2379 4780 2391 4793 ·
2437 4756 2516 4824 εἷς
2543 4759 2676 4831 γὰρ
2721 4760 2811 4813 καὶ
2851 4758 3139 4830 μονογενὴς
3188 4757 3218 4810 ὁ
3258 4755 3461 4828 Κύριος
3509 4751 3684 4822 ἡμῶν.

2131 4859 2276 4908 «Aut
2309 4853 2450 4906 aliud
2493 4867 2624 4906 sane
2655 4861 2850 4919 praster
2903 4850 3118 4904 Filium.
3176 4849 3268 4903 Est
3315 4859 3490 4900 autem
3531 4842 3688 4913 geni-

2125 4957 2243 5001 tura
2279 4966 2291 5001 :
2325 4947 2522 5014 quippe
2568 4960 2704 4996 unus
2736 4954 2789 4997 et
2832 4943 3139 5012 unigenitus
3186 4949 3268 4994 est
3306 4936 3558 4992 Dominus
3595 4949 3690 4987 uo-

2123 5048 2254 5090 ster.
2288 5054 2306 5087 ι
2376 5034 2604 5086 Maxime
2657 5033 2948 5085 notandum
3000 5030 3140 5097 quod
3199 5028 3393 5095 legitur
3439 5021 3688 5079 num.97

2123 5128 2226 5182 hoc
2256 5125 2414 5181 modo
2443 5144 2456 5179 :
2487 5122 2621 5177 Οὔτε
2656 5123 2709 5176 δὲ
2739 5122 2992 5190 γεννητὸς
3021 5123 3047 5171 ό
3075 5120 3282 5190 Πατὴρ,
3320 5115 3441 5170 οὔτε
3461 5114 3688 5182 ἀγέννη-

2121 5235 2211 5282 τος
2238 5221 2266 5271 ὁ
2306 5218 2453 5281 Υἱὸς,
2483 5217 2597 5270 ἀλλ’
2633 5217 2768 5286 ὅπερ
2797 5215 2941 5267 ἔστιν
2978 5213 3366 5282 ἀτελευτήτως,
3412 5207 3567 5260 τοῦτο
3595 5206 3688 5258 καὶ

2122 5311 2412 5380 λεγόμενον
2434 5308 2647 5378 ἀληθῶς
2673 5307 2936 5374 γέννημα,
2971 5305 3096 5357 Υίὸν
3130 5303 3388 5374 ὑπήκοον,
3418 5309 3523 5354 etc.
3554 5315 3573 5348 t
3592 5294 3687 5349 Nec

2123 5420 2229 5472 que
2277 5417 2409 5457 vero
2459 5402 2670 5471 genitus
2727 5408 2808 5452 est
2846 5398 3028 5456 Pater,
3079 5409 3255 5462 neque
3291 5390 3559 5460 ingenitus
3592 5387 3651 5440 Fi

2122 5494 2226 5550 lius
2261 5514 2276 5551 :
2307 5495 2400 5550 sed
2437 5493 2580 5561 quod
2613 5500 2696 5545 est
2719 5490 2836 5543 sine
2860 5489 2966 5540 ullo
2995 5488 3121 5550 line,
3166 5485 3218 5539 id
3259 5485 3419 5538 etiam
3451 5478 3686 5534 fatemur

2124 5603 2253 5642 vere
2277 5586 2380 5641 dici
2439 5584 2763 5654 genituram,
2803 5579 2995 5633 Filium
3056 5580 3514 5646 obsequentem,»
3575 5580 3681 5628 etc.

2125 5677 2368 5745 Denique
2405 5674 2505 5729 sub
2553 5671 2711 5725 linem
2756 5670 2934 5738 operis
2986 5684 3137 5722 num.
3173 5666 3242 5721 9.8
3295 5666 3373 5720 sic
3422 5662 3682 5731 scriptum

2125 5767 2427 5822 invenimus
2477 5784 2486 5818 :
2535 5761 2660 5821 Υἱὸς
2710 5760 2802 5812 τοῦ
2839 5758 2996 5822 Θεοῦ,
3041 5758 3282 5826 γέννημα
3329 5752 3420 5807 τοῦ
3453 5751 3682 5821 ἀγεννή-
