4094 6220
1533 365 1596 422 D.
1636 365 1780 421 JUL.
1821 359 2150 422 CARNEt’tll
2191 358 2578 416 ΡΒᾸΞῈΑΤΙΟ.

3428 371 3681 416 CCXIX“!

442 501 564 553 σου,
592 505 612 540 ι
637 483 808 541 Filius
837 483 956 548 Dei,
983 485 1229 554 genitura
1255 485 1503 555 mgeniti.
1534 505 1553 538 ι
1590 487 1728 544 Ecce
1765 495 2018 557 congesta
2046 486 2092 543 Α
2119 481 2329 538 Etenim
2381 481 2429 537 si
2481 493 2605 536 eum
2656 492 2781 534 vero
2835 475 3054 534 nomine
3085 484 3330 532 vocasset
3355 477 3684 548 genituram,

444 581 569 627 sunt
595 572 650 627 in
685 585 850 626 unum
883 571 1064 626 omnia
1102 572 1239 639 loca,
1298 573 1351 626 in
1397 573 1593 642 quibus
1642 575 1937 630 Eunomius
1962 575 2020 631 in

444 661 620 730 primo
645 674 746 714 suo
775 658 960 714 libello
989 661 1211 715 nomine
1240 659 1502 731 geniturae
1529 662 1719 717 utitur.
1754 662 1861 718 Sed
1892 672 2016 716 tan-

446 765 557 809 tum
606 753 776 816 abest,
809 762 870 806 ut
922 751 1125 807 alicubi
1180 754 1324 808 dicat
1374 752 1570 809 Filium
1631 755 1767 811 falso
1800 757 2021 811 nomine

445 847 747 914 genituram
783 845 988 910 vocari,
1023 854 1082 897 ut
1122 845 1282 899 etiam
1313 861 1420 899 uno
1449 847 1502 900 in
1537 847 1658 902 loco
1707 849 1897 902 doceat
1927 862 2021 918 ge-

453 940 648 992 niturae
697 951 892 991 nomen
935 937 1188 990 essentiae
1235 936 1353 991 Filii
1396 953 1716 1009 congruere,
1752 943 1803 994 in
1847 941 2019 996 altero

443 1044 575 1082 vero
613 1028 892 1097 conceptis
919 1026 1102 1082 verbis
1145 1033 1454 1097 pronuntiet
1493 1031 1685 1085 Filium
1713 1048 1840 1088 vere
1869 1035 2020 1104 geni-

443 1133 620 1174 turam
661 1121 790 1176 dici.
830 1118 965 1174 Cum
998 1134 1146 1188 ergo,
1182 1129 1240 1174 ut
1269 1136 1336 1175 ex
1372 1121 1532 1178 dictis
1577 1133 1743 1192 patet,
1794 1126 1845 1180 in
1896 1125 2020 1180 ulti-

445 1212 545 1266 mis
568 1210 775 1265 duobus
804 1210 862 1263 in
889 1207 1207 1263 Eunomium
1251 1210 1402 1265 libris
1439 1213 1747 1269 confutatus
1777 1215 1846 1269 sit
1873 1215 1918 1270 is
1948 1215 2018 1268 li»

444 1302 637 1368 bellus,
668 1301 720 1356 in
751 1315 858 1371 quo
884 1301 1168 1356 haereticus
1206 1301 1293 1356 ille
1321 1301 1620 1360 afﬁrmabat
1651 1305 1842 1360 Filium
1881 1307 2017 1361 falso

445 1393 661 1447 nomine
699 1393 1002 1463 genituram
1053 1392 1335 1461 appellari,
1370 1393 1424 1448 id
1461 1411 1569 1450 non
1601 1397 1818 1452 videtur
1869 1398 2017 1452 acci-

447 1485 696 1554 piendum
747 1485 815 1539 de
872 1484 1050 1554 primo
1093 1483 1343 1539 Eunomii
1379 1485 1583 1552 libello,
1629 1489 1683 1543 in
1735 1502 1842 1558 quo
1886 1490 2019 1544 nihil

449 1577 554 1631 tale
586 1576 880 1637 invenitur.
920 1577 1014 1631 sed
1043 1576 1110 1630 de
1143 1577 1403 1641 secundo,
1443 1593 1602 1645 quem
1653 1589 1801 1635 certe
1831 1580 2021 1635 confu-

447 1677 561 1721 tare
587 1684 692 1722 non
721 1668 898 1737 potuit
921 1668 1172 1735 Basilius,
1201 1668 1304 1723 nisi
1334 1671 1534 1723 mortui
1562 1670 1755 1724 librum
1784 1672 2016 1741 aliquem

445 1759 726 1813 confutare
777 1772 939 1829 posse
990 1758 1259 1838 dicantur.
1302 1759 1561 1828 Sequitur
1585 1762 2020 1830 quidem'neees-

2121 572 2305 626 dicere
2335 585 2440 626 non
2475 568 2738 639 potuisset
2770 567 2941 637 ipsius
3009 567 3302 622 essentiam
3361 565 3688 620 indiscrimi-

2120 664 2292 716 natim
2339 659 2444 716 dici
2497 673 2656 729 posse
2715 659 2976 729 genitam,
3001 665 3093 712 aut
3140 673 3244 714 non
3271 658 3528 728 genitam.
3551 656 3685 711 lllud

2119 753 2264 805 enim
2295 749 2638 820 apertissime
2664 757 2944 817 repugnat,
2969 747 3169 816 aliquid
3201 764 3327 802 vero
3357 749 3573 802 nomine
3602 761 3688 818 ge-

2125 845 2359 902 nituram
2420 841 2618 904 vocari,
2649 838 2803 906 cujus
2867 849 3044 894 tamen
3081 842 3312 894 essentia
3365 839 3465 896 dici
3523 841 3687 910 possit

2118 950 2224 988 non
2255 935 2456 1004 genita.
2503 932 2616 987 Non
2645 941 2880 1002 estergo
2908 931 3051 1001 quod
3111 932 3388 996 miremur,
3441 932 3487 984 si
3537 932 3687 998 quis—

2123 1026 2264 1096 piam
2293 1027 2524 1094 scriptor
2556 1025 2844 1080 confutans
2861 1024 3153 1079 secundum
3188 1025 3378 1077 librtnu
3413 1022 3680 1085 Eunomii,

2119 1116 2318 1170 dixerit
2346 1116 2541 1169 Filium
2594 1129 2661 1168 ex
2711 1113 2830 1184 ejus
2868 1115 3136 1168 sententia
3190 1112 3326 1168 falso
3357 1115 3573 1169 nomine
3599 1130 3687 1184 ge-

2124 1208 2359 1263 nituram
2393 1207 2649 1277 appellari
2688 1222 2702 1259 :
2741 1207 2833 1260 sed
2870 1207 3096 1260 mirandi
3128 1214 3272 1260 esset
3295 1206 3461 1272 locus,
3485 1209 3530 1262 si
3579 1206 3685 1262 Ba-

2119 1300 2274 1355 silius
2303 1301 2419 1369 ejus
2449 1299 2526 1353 rei
2559 1298 2880 1353 Eunomium
2936 1297 3324 1363 insimulasset,
3353 1314 3474 1352 cum
3511 1299 3688 1354 Euno-

2120 1393 2283 1456 mius,
2313 1401 2367 1444 ut
2391 1405 2458 1444 ex
2489 1389 2654 1444 dictis
2701 1389 2890 1456 liquet,
2926 1390 2981 1443 in
3013 1391 3188 1458 primo
3216 1405 3316 1444 suo
3356 1390 3535 1445 libello
3565 1390 3688 1445 huic

2121 1485 2455 1540 accusationi
2485 1484 2660 1540 locum
2685 1484 2890 1538 nullum
2927 1483 3154 1539 dederit.
3184 1484 3250 1538 Et
3284 1486 3537 1553 quoniam
3571 1499 3689 1538 ma-

2119 1577 2208 1642 gni
2240 1574 2496 1630 momenti
2523 1584 2625 1638 est,
2653 1588 2812 1629 nosse
2858 1583 2978 1628 uter
3022 1575 3236 1629 libellus
3271 1575 3513 1630 Eunomii
3547 1574 3692 1629 refu-

2121 1677 2266 1722 tetur
2294 1668 2347 1722 in
2374 1667 2530 1722 libris
2558 1675 2755 1736 quarto
2787 1675 2841 1720 et
2871 1667 3057 1735 quinto
3083 1676 3270 1721 contra
3312 1666 3558 1721 eumdem
3584 1666 3691 1720 Eu-

2121 1761 2404 1814 nominm:
2449 1759 2704 1829 experiar
2736 1772 2928 1813 rursus
2985 1773 3054 1812 an
3095 1758 3325 1827 probare
3359 1758 3557 1827 possim
3604 1773 3690 1812 re-

450 1849 619 1913 sario,
655 1858 715 1902 ut
748 1848 799 1902 in
845 1848 1139 1917 postremis
1168 1850 1374 1904 duobus
1405 1851 1459 1902 in
1505 1850 1828 1904 Eunomium
1860 1853 2013 1907 libris
2048 1839 2086 1894 Β
2117 1851 2341 1906 fututum
2387 1851 2556 1906 fuisse
2616 1866 2718 1906 non
2749 1851 3001 1920 primum,
3033 1853 3125 1906 sed
3175 1853 3491 1906 secundum.
3522 1850 3692 1906 Nemo

448 1936 758 1992 confutatus
792 1939 862 1993 sit
887 1939 1158 1994 secundus
1191 1940 1444 1996 Eunomii
1477 1941 1706 2006 libellus,
1740 1943 1784 1999 si
1814 1945 2017 2014 primus

447 2031 563 2100 ejus
593 2029 734 2084 liber
771 2030 825 2084 in
856 2030 942 2086 his
973 2045 1075 2086 non
1106 2030 1456 2086 confutatur:
1488 2034 1584 2086 sed
1618 2034 1670 2088 itl
1700 2043 1880 2089 tamen
1907 2051 2019 2089 rur-

447 2138 540 2177 cus
593 2123 920 2178 confirmare
966 2123 1098 2178 libet
1131 2139 1199 2178 ex
1237 2123 1486 2195 Gregorii
1533 2123 1762 2195 Nysseni
1813 2125 2013 2193 verbis,

446 2211 562 2278 qui,
593 2221 652 2266 ut
685 2221 873 2266 notum
915 2221 1022 2278 est,
1058 2214 1358 2268 secundum
1391 2215 1552 2276 .hunc
1583 2215 1834 2270 Eunomii
1867 2216 2020 2270 libel-

448 2305 556 2358 lum
611 2303 836 2361 refellit.
905 2304 1115 2360 lnducit
1173 2306 1338 2376 igitur
1395 2305 1475 2361 sic
1543 2306 1850 2376 loquentem
1908 2309 2018 2363 Eu-

448 2397 684 2450 uomium
748 2397 1044 2467 Gregorius
1118 2395 1398 2468 Nyssenus
1469 2399 1714 2453 oratione
1762 2399 1816 2464 5,
1887 2408 2017 2454 tom.

450 2485 516 2547 ll,
569 2501 692 2556 pag.
741 2485 839 2540 511
889 2503 904 2540 :
965 2486 1232 2556 Γεννητὸν
1295 2485 1449 2550 ὄντα,
1507 2487 1662 2558 φησι,
1718 2487 1810 2542 τὸν
1868 2489 2017 2554 Υἱὸν,

447 2578 540 2630 καὶ
574 2577 821 2648 γέννημα
848 2577 1028 2645 λέγειν
1057 2577 1116 2630 οὐ
1157 2576 1593 2650 παραιτούμεθα,
1614 2578 1714 2649 τῆς
1743 2578 2022 2650 γεννηθείς

448 2685 548 2740 σης
594 2669 764 2738 αὐτῆς
799 2669 1005 2732 οὐσίας,
1041 2670 1263 2740 καὶτῆς
1309 2669 1402 2723 τοῦ
1435 2669 1567 2723 Υῐοῦ
1622 2673 2018 2743 προσηγορίας,

445 2765 545 2834 τὴν
596 2762 852 2834 τοιαύτην
908 2762 1016 2816 τῶν
1068 2763 1349 2834 ὀνομάτων
1393 2765 1770 2836 οἰκειουμένης
1815 2764 2020 2836 σχέσιν.

453 2874 471 2904 ι
517 2853 786 2917 Genitum,
828 2854 1022 2924 inquit,
1075 2854 1271 2909 Filium
1323 2870 1464 2922 esse,
1503 2864 1556 2910 et
1601 2855 1900 2924 genituram
1935 2855 2023 2910 di-

447 2962 570 3001 cere
611 2962 716 3002 non
761 2961 1096 3014 recusamus,
1139 2963 1261 3002 cmn
1299 2947 1415 3016 ipsa
1473 2949 1651 3018 genita
1688 2949 1943 3014 essentia,
1971 2958 2026 3004 et

451 3037 568 3091 Filii
604 3039 890 3108 appellatio
930 3040 1088 3093 talem
1125 3040 1400 3093 nominum
1428 3039 1743 3095 relationem
1780 3041 1878 3094 sibi
1907 3042 2023 3095 vin-

449 3132 630 3185 dicare
664 3131 852 3199 possit.
891 3151 909 3182 ›
936 3131 1232 3184 Eunomius
1262 3132 1507 3198 quidem,
1533 3140 1589 3184 nt
1615 3147 1798 3186 verum
1831 3131 2022 3196 fatear,

451 3238 556 3276 non
584 3237 842 3292 expresse
875 3223 980 3276 hoc
1028 3222 1149 3277 loco
1174 3223 1250 3275 ait
1285 3222 1478 3276 Filium
1530 3222 1661 3277 falso
1685 3223 1898 3278 nomine
1925 3238 2018 3292 ge-

450 3313 687 3366 nituram
718 3312 980 3382 appellari
1014 3329 1027 3365 :
1085 3312 1179 3366 sed
1237 3321 1414 3364 tamen
1463 3312 1535 3365 ita
1565 3312 1732 3381 loqui,
1767 3330 1786 3364 ι
1812 3316 2022 3382 genitu-

450 3420 562 3458 ram
618 3403 800 3456 dicere
853 3416 960 3455 non
997 3415 1313 3454 recusamus
1343 3397 1615 3471 [Filium],
1658 3419 1677 3452 ι
1749 3399 1864 3470 ejus
1917 3408 2020 3464 est,

447 3495 540 3564 qui
569 3494 723 3562 quasi
775 3493 976 3546 invitus
1005 3491 1204 3545 Filium
1263 3501 1421 3545 vocat
1467 3493 1792 3558 genituram,
1826 3485 2024 3560 quique

447 3589 632 3657 aliquo
664 3586 825 3641 modo
854 3585 1119 3655 significet
1143 3597 1266 3636 eum
1312 3598 1422 3636 non
1458 3581 1676 3652 proprie
1733 3581 1805 3635 ita
1840 3581 2024 3636 vocari

450 3679 688 3742 debere;
746 3675 818 3732 ob
872 3677 1034 3745 idque
1091 3673 1392 3729 Eunomius
1439 3689 1470 3728 a
1515 3674 1784 3741 scriptore
1839 3688 2023 3743 repre-

450 3769 610 3824 hendi
661 3769 859 3823 merito
904 3767 1102 3838 potuit,
1151 3767 1294 3836 quod
1322 3765 1556 3835 quodam
1599 3765 1759 3820 modo
1805 3764 2025 3821 doceret

449 3859 644 3918 Filium
691 3862 829 3916 falso
883 3859 1103 3915 nomine
1145 3859 1449 3927 genituram
1483 3858 1690 3913 vocari.
1736 3855 1904 3926 Magis
1956 3855 2023 3910 ad

449 3971 564 4009 rem
599 3954 802 4008 faciunt
825 3968 944 4024 qua:
969 3952 1069 4007 hoc
1091 3950 1209 4021 ipso
1244 3951 1295 4003 in
1318 3950 1436 4004 loco
1465 3949 1736 4019 leguntur.
1770 3947 1894 4002 Haec
1926 3962 2024 4001 an-

451 4054 558 4096 tem
589 4050 715 4097 sunt
755 4042 830 4112 (α)
861 4061 874 4097 :
908 4040 1060 4103 Τέως
1103 4040 1199 4111 μὲν
1237 4034 1329 4093 οὖν
1373 4042 1400 4092 ὁ
1451 4037 1713 4108 κριτικῶς
1735 4037 1841 4091 τῶν
1865 4039 2021 4104 λεγο-

451 4134 626 4204 μένων
651 4133 882 4197 ἀκούων,
912 4133 1101 4186 τούτου
1138 4129 1451 4204 μεμνήσθω,
1481 4131 1562 4184 ὅτι
1599 4129 1698 4202 τὴν
1745 4129 2021 4201 γεννηθεῖ-

450 4243 545 4278 σαν
571 4225 741 4294 λὲγει,
759 4226 833 4289 ὠς
865 4226 1059 4297 μηκέτι
1101 4229 1237 4299 μήτε
1259 4225 1355 4297 τὴν
1393 4225 1735 4295 ἀγεννησίαν,
1759 4225 1894 4295 μήτε
1925 4223 2022 4294 τὴν

447 4317 696 4386 γέννησιν
757 4321 873 4372 ἀντ’
924 4320 1112 4383 οὐσίας
1157 4317 1699 4390 παραλαμϐάνεσθαι,
1755 4317 1868 4370 ἀλλ’
1917 4317 2024 4387 ἰδίᾳ

451 4408 550 4478 μὲν
581 4409 678 4479 τὴν
699 4408 884 4461 οὐσίαν
907 4406 1450 4480 παραλαμϐάνεσθαι,
1487 4407 1594 4478 ἰδίᾳ
1638 4406 1695 4459 δὲ
1743 4405 1804 4459 τὸ
1829 4422 2023 4476 γεννη-

2119 1955 2302 1998 autem
2337 1944 2495 2014 paulo
2522 1943 2752 2012 peritior
2784 1942 2958 1996 nescit
3009 1943 3346 1998 adversarios
3371 1945 3548 1997 dicere
3570 1943 3695 1997 soli-

2120 2042 2222 2101 tos,
2264 2035 2336 2104 (b)
2384 2034 2642 2090 Basiliam
2673 2035 2726 2088 in
2762 2033 2920 2088 libris
2972 2044 3166 2104 quarto
3207 2044 3262 2090 et
3290 2036 3476 2104 quinto
3507 2046 3694 2088 contra

2120 2124 2440 2181 Eunomium
2497 2128 2566 2181 de
2621 2127 2805 2181 multis
2855 2141 2976 2195 qua:
3037 2125 3106 2180 ab
3153 2127 3270 2196 ipso
3331 2126 3694 2181 efferebantur

2119 2218 2534 2288 Scriptti‘rarum
2583 2219 2909 2275 testimoniis
2948 2232 3193 2272 seorsum
3239 2218 3403 2285 loqui.
3432 2218 3538 2286 Ego
3566 2216 3693 2287 qui-

2119 2311 2240 2364 dem
2315 2310 2546 2366 libenter
2603 2312 2816 2367 fatebor
2881 2312 3172 2382 protulisse
3241 2309 3562 2364 Eunominm
3625 2325 3694 2364 ex

2122 2401 2418 2469 Scripturis
2457 2401 2570 2456 loca
2630 2403 2794 2456 multa
2837 2403 2903 2456 ad
2944 2403 3274 2472 probandam
3305 2418 3457 2456 suam
3483 2402 3693 2471 opinio-

2122 2506 2244 2546 nem
2282 2508 2297 2546 :
2337 2494 2430 2546 sed
2471 2508 2608 2562 nego
2665 2496 2779 2547 haec
2807 2493 3105 2560 Scriptura:
3151 2494 3265 2547 loca
3306 2508 3423 2560 quze
3461 2493 3512 2546 in
3545 2494 3695 2548 libris

2121 2591 2316 2652 quarto
2366 2590 2421 2637 et
2451 2583 2638 2650 quinto
2673 2595 2856 2638 contra
2885 2585 3200 2638 Eunontinm
3224 2585 3606 2654 explanantur,
3639 2585 3692 2638 iu

2121 2673 2362 2744 ejusdem
2399 2673 2643 2728 Eunomii
2676 2676 2810 2728 libro
2835 2677 3008 2743 primo
3038 2677 3282 2743 reperiri.
3322 2677 3388 2729 Et
3413 2690 3540 2730 vero
3571 2692 3694 2730 cum

2126 2775 2234 2820 tam
2267 2765 2435 2819 multa
2475 2778 2819 2835 exponuntur
2847 2768 3252 2836 Scripturarum
3295 2767 3602 2820 testimonia
3637 2767 3692 2820 in

2124 2857 2332 2910 duobus
2369 2857 2453 2910 his
2483 2871 2620 2926 quos
2666 2859 2776 2911 dixi
2834 2858 3006 2921 libris,
3039 2868 3215 2912 tamen
3252 2858 3523 2912 allirmare
3566 2873 3694 2926 pos-

2125 2962 2264 3009 sum,
2305 2947 2349 3000 si
2405 2947 2544 3002 forle
2595 2949 2698 3001 tria
2758 2960 2849 3002 aut
2893 2960 3124 3018 quatuor
3183 2949 3442 3016 excipias,
3483 2948 3693 3015 reliqua

2125 3041 2306 3093 omnia
2353 3039 2401 3093 in
2429 3041 2602 3109 primo
2625 3039 2875 3094 Eunomii
2904 3041 3082 3094 libello
3112 3056 3216 3094 non
3251 3041 3376 3110 legi.
3413 3039 3695 3108 Reliquum

2127 3140 2209 3184 est
2249 3132 2413 3200 igitur
2446 3141 2503 3186 ιιι
2562 3141 2640 3187 tot
2698 3131 3104 3202 Scripturarunt
3139 3133 3468 3198 testimonia,
3493 3149 3611 3200 qua:
3642 3134 3693 3186 iu

2129 3220 2279 3275 libris
2311 3232 2511 3288 quarto
2543 3233 2597 3276 et
2631 3223 2819 3292 quiqu
2851 3233 3037 3278 contra
3072 3222 3397 3277 Ennomium
3424 3225 3697 3293 explican-

2124 3322 2232 3374 tur,
2267 3314 2474 3381 pt‘olata
2509 3314 2618 3368 sint
2665 3315 2732 3368 ab
2783 3314 3045 3369 Eunomio
3073 3332 3178 3369 non
3212 3317 3264 3368 in
3297 3317 3470 3384 primo
3503 3331 3599 3370 suo
3629 3315 3698 3370 li-

2125 3404 2282 3470 bello,
2325 3405 2376 3457 in
2440 3420 2546 3472 quo
2601 3421 2708 3459 non
2757 3406 3144 3473 inveniuntur,
3185 3407 3278 3462 sed
3338 3408 3390 3460 in
3437 3407 3694 3466 secundo,

2123 3511 2282 3564 quem
2323 3505 2473 3550 certe
2510 3497 2743 3552 Basilius
2796 3499 3078 3553 confutare
3145 3515 3248 3554 non
3312 3499 3507 3567 potuit,
3571 3513 3693 3552 cum

2124 3600 2248 3644 ante
2277 3598 2522 3644 mortuus
2547 3599 2712 3657 esset,
2739 3606 2900 3658 quam
2936 3591 3202 3646 secundus
3235 3591 3326 3645 ille
3354 3592 3568 3644 libellus
3595 3606 3692 3660 pu—

2125 3681 2322 3734 blicum
2375 3681 2698 3749 accepisset.
2735 3680 2803 3734 Et
2835 3689 2892 3733 ut
2927 3681 3100 3749 magis
3155 3680 3504 3734 confirmetur
3553 3682 3694 3748 quod

2124 3771 2258 3837 dixi,
2298 3773 2456 3827 velim
2503 3773 2791 3842 diligenter
2824 3771 3077 3842 legantur
3107 3788 3226 3840 qua:
3265 3773 3316 3825 in
3340 3772 3479 3825 libro
3502 3783 3696 3840 quarto

2125 3861 2325 3930 scripta
2366 3870 2513 3928 sunt,
2533 3877 2652 3930 pag.
2683 3859 2808 3922 291,
2842 3861 2929 3914 ubi
2976 3859 3093 3928 ejus
3129 3859 3249 3914 libri
3293 3869 3478 3913 auctor
3530 3857 3695 3926 explio

2123 3960 2210 4007 cat
2238 3953 2367 4007 illud
2395 3952 2580 4019 Marci,
2606 3951 2803 4006 Nullus
2832 3951 2994 4006 bonus
3018 3952 3120 4004 nisi
3158 3968 3292 4006 unus
3319 3949 3458 4004 Deus
3482 3948 3546 4001 ⁸⁸.
3577 3947 3694 4002 Jam

2125 4058 2369 4112 quaram
2399 4043 2465 4099 ad
2495 4058 2653 4114 quem
2689 4042 2940 4097 Eunomii
2972 4041 3168 4094 librmn
3219 4037 3515 4110 respexerit
3557 4039 3694 4093 scri-

2129 4145 2273 4204 ptor,
2311 4151 2434 4191 cum
2481 4151 2543 4190 ea
2597 4150 2717 4205 qua:
2748 4134 2902 4190 retuli
2952 4132 3118 4186 Marci
3148 4132 3310 4187 verba
3357 4130 3693 4199 esplanaret.

2124 4228 2450 4297 BeSpexitne
2479 4229 2544 4281 ad
2573 4228 2830 4297 primum,
2859 4242 2926 4279 an
2980 4226 3047 4280 ad
3097 4223 3429 4278 secundum?
3475 4223 3698 4277 Constat

2123 4325 2271 4372 certe
2307 4317 2373 4370 ad
2396 4317 2626 4386 primum
2658 4317 2927 4383 respicere
2965 4330 3068 4367 non
3103 4314 3358 4382 potuisse,
3392 4326 3514 4365 cum
3545 4311 3597 4365 in
3631 4326 3696 4364 eo

2124 4407 2251 4461 illud
2295 4405 2458 4462 Marci
2491 4406 2859 4461 testimonium
2901 4420 3009 4459 non
3065 4404 3298 4474 legatur.
3345 4403 3695 4472 Consequens

448 4500 606 4572 θῆναι
632 4501 822 4571 αὐτὴν,
845 4501 878 4571 ἢ
910 4501 981 4573 μὴ
1006 4500 1351 4572 γεννηθῆναι,
1375 4499 1460 4553 διὰ
1487 4499 1596 4552 τῶν
1623 4497 2019 4570 ὲπιθεωρουμέ-

2126 4507 2210 4552 est
2239 4497 2423 4566 igitur,
2455 4505 2514 4552 ut
2543 4495 2845 4566 respexerit
2867 4495 2932 4546 ad
2975 4494 3289 4558 secundum,
3317 4492 3368 4545 in
3397 4507 3524 4561 quo,
3560 4500 3695 4544 teste

447 4611 554 4648 νων
585 4594 720 4664 αὐτῇ
757 4593 1060 4664 ἰδιωμάτων
1093 4591 1495 4646 κατανοεῖσθαι.
1534 4609 1554 4642 ι
1594 4591 1671 4644 Eo
1694 4604 1865 4660 usque
1899 4589 2022 4658 qui-

450 4685 594 4752 dem,
615 4686 706 4753 qui
742 4699 863 4738 cum
887 4685 1094 4751 judicio
1117 4698 1180 4738 ea
1217 4698 1337 4752 quae
1359 4683 1614 4737 dicuntur
1663 4682 1832 4747 audit,
1860 4680 2020 4750 hujus

449 4771 778 4837 meminerit,
805 4773 948 4842 quod
987 4773 1223 4844 genitam
1269 4772 1562 4827 essentiam
1612 4771 1764 4834 dicit,
1801 4780 1863 4826 ut
1909 4787 2014 4826 non

448 4864 685 4934 amplius
712 4874 957 4918 naturam
989 4862 1357 4933 generationis
1391 4869 1692 4932 expertem,
1719 4876 1896 4931 neque
1927 4877 2020 4932 ge-

453 4956 790 5010 nerationem
817 4970 917 5025 pro
947 4955 1061 5024 ipsa
1100 4953 1337 5009 essentia
1367 4967 1646 5009 sumamus
1677 4969 1691 5005 :
1726 4954 1822 5008 sed
1860 4968 2017 5021 sepa-

449 5049 611 5102 ratim
664 5047 879 5117 quidem
936 5046 1268 5109 essentiam,
1321 5044 1614 5114 separatim
1662 5059 1790 5098 vero
1846 5045 2015 5113 ipsam

448 5139 684 5204 genitam
734 5151 874 5202 esse,
903 5136 986 5190 vel
1038 5151 1144 5190 non
1192 5136 1464 5207 genitam,
1508 5149 1608 5204 per
1659 5135 2018 5203 proprietates

449 5245 568 5294 quae
617 5229 670 5283 in
721 5243 787 5283 ea
847 5228 1272 5296 conspiciuntur,
1315 5226 1702 5296 intelligamus.
1731 5245 1750 5278 ι
1801 5226 1940 5295 Ergo
1972 5227 2014 5280 si

451 5317 573 5374 Filii
602 5320 855 5384 essentia,
883 5329 943 5373 ut
970 5319 1231 5373 Eunomio
1260 5317 1454 5387 placet,
1478 5317 1583 5372 dici
1610 5325 1824 5387 poterat
1849 5316 2016 5369 indis-

459 5411 790 5465 eriminatim
829 5421 922 5466 aut
951 5411 1154 5480 genita,
1204 5417 1298 5463 aut
1329 5424 1432 5464 non
1464 5408 1641 5479 genita
1667 5447 1682 5472 ,
1719 5407 1887 5462 Filius
1923 5407 2020 5460 fal-

451 5519 514 5557 so
575 5513 780 5559 tantum
833 5505 1048 5560 nomine
1096 5505 1343 5573 genitura
1413 5503 1480 5556 ab
1531 5503 1650 5572 ipso
1703 5500 2016 5555 vocabatur.

526 5613 601 5687 (ᾳ)
631 5613 1016 5687 βτοεεΝγεεη
1042 5627 1173 5673 tom.
1200 5615 1266 5681 Il,
1289 5625 1428 5672 orat.
1463 5616 1518 5687 ὃς

2124 4588 2383 4658 Gregorio
2405 4585 2668 4657 Nysseno,
2705 4587 2957 4640 utebatur
2983 4584 3278 4638 Eunomius
3315 4582 3383 4635 iis
3432 4595 3550 4649 quae
3585 4579 3692 4632 dixi

2126 4680 2403 4752 Evangelii
2447 4679 2632 4734 verbis
2680 4680 2748 4734 ad
2775 4693 2925 4733 suam
2955 4677 3260 4746 opinionem
3298 4671 3689 4728 stabiliendum.

2125 4771 2422 4828 Audiamus
2473 4770 2794 4842 Gregorium
2849 4768 3174 4840 Nyssenum,
3205 4765 3357 4835 cujus
3402 4765 3516 4816 hate
3568 4770 3694 4814 sunt

2125 4865 2263 4918 libro
2287 4863 2574 4918 undecimo
2605 4871 2791 4916 contra
2824 4860 3165 4921 Eunomium,
3201 4866 3343 4911 tumo
3369 4854 3429 4918 ll,
3467 4870 3517 4922 p.
3540 4851 3642 4906 694
3676 4869 3692 4906 :

2126 4953 2334 5006 Οὐκοῦν
2381 4953 2584 5024 ἀγαθὸς
2628 4955 2658 5007 ὁ
2683 4951 2832 5014 Υἱός.
2875 4949 3014 5003 Ἀλλ’
3052 4948 3245 5013 οὐδεὶς,
3277 4947 3460 5017 φησιν,
3494 4942 3698 5012 ἀγαθὸς

2123 5046 2172 5097 εἰ
2207 5045 2282 5117 μὴ
2318 5039 2399 5110 εἷς
2448 5048 2478 5099 ὁ
2505 5045 2704 5108 Θεός...
2747 5041 2926 5105 Ἀλλὰ,
2979 5041 3148 5110 φησὶ,
3188 5036 3280 5092 τοῦ
3324 5037 3440 5101 ἐνὸς
3489 5035 3699 5109 ἠλέεις

2123 5138 2410 5210 ἀποκρίνει
2442 5137 2537 5191 τὸν
2569 5136 2696 5190 Υἰὸν
2718 5136 2819 5207 τῆς
2845 5135 2938 5188 τοῦ
2965 5130 3172 5201 ἀγαθοῦ
3203 5129 3510 5192 κοινωνίας.
3548 5145 3566 5179 ι
3589 5127 3696 5182 Bo-

2126 5245 2229 5284 nus
2279 5230 2443 5299 igitur
2486 5229 2676 5285 Filius.
2745 5227 2854 5284 Sed
2906 5224 3103 5289 nullus,
3157 5223 3355 5291 inquit,
3387 5220 3550 5275 bonus
3593 5220 3697 5272 nisi

2126 5337 2260 5375 unus
2289 5321 2516 5376 Deus....
2577 5320 2704 5385 Sed,
2764 5319 2938 5389 inquit
2977 5312 3342 5389 [Eunomius],
3391 5313 3551 5366 unius
3606 5311 3696 5364 di-

2124 5411 2230 5467 ctio
2276 5411 2472 5467 Filium
2520 5429 2550 5468 a
2596 5411 2722 5468 buni
2770 5411 3148 5468 communione
3180 5406 3438 5462 secernit.
3479 5422 3500 5458 ι
3532 5403 3726 5490 Plura.

2125 5503 2217 5571 qui
2252 5504 2413 5572 volet,
2445 5505 2584 5574 legat
2616 5504 2819 5574 primas
2873 5511 3080 5573 septem
3131 5500 3358 5573 paginas
3387 5496 3502 5568 ejus
3534 5512 3691 5568 quem

524 5685 597 5752 (b)
630 5683 772 5754 Lege
797 5683 1078 5759 Prologum
1107 5689 1197 5760 qui
1233 5690 1286 5744 itt
1324 5689 1454 5744 edit.
1479 5685 1672 5760 _Paris.
1706 5685 1911 5757 positus
1932 5692 2014 5742 est
2040 5693 2162 5741 ante
2194 5685 2283 5740 lib.
2318 5701 2367 5740 tv
2400 5685 2453 5739 in
2482 5683 2817 5740 Eunomium.

525 5775 572 5815 “-
599 5776 761 5834 Marc.
787 5795 843 5846 x,
875 5780 960 5838 l8.
