4094 6220
445 359 722 401 CCXXXHII

1816 339 2349 398 PROLEGOMENA.

445 473 572 514 mox
602 456 838 515 iudicavi
873 455 1018 520 libri,
1066 469 1292 524 quarum
1323 470 1390 512 ex
1448 457 1676 513 lectione
1707 457 1864 528 plane
1893 473 2022 513 con-
2049 464 2098 520 Α
2127 459 2350 513 nitatem
2413 457 2675 512 revocarit
2722 456 2772 510 in
2819 455 3064 523 dubium,
3120 456 3214 511 sed
3267 457 3406 527 quod
3463 457 3710 528 tempori'

448 551 611 606 stabit
643 548 962 602 Eunomium
997 546 1136 601 inter
1187 557 1382 603 uetera
1421 546 1718 617 Scriptura:
1775 549 2021 605 testimo-

451 641 539 694 nia
593 638 884 709 prOtulisse
938 647 993 692 et
1036 637 1189 704 illud,
1241 655 1260 689 ‹
1303 637 1492 694 ΝυΙΙυε
1522 641 1695 694 bonus
1743 639 1845 694 nisi
1885 653 2024 694 unus

453 734 613 788 Deus.
653 751 672 784 ι
717 732 812 786 Est
844 731 996 786 locus
1052 730 1105 784 in
1163 730 1338 799 primo
1392 730 1638 786 Eunomii
1694 730 1898 796 libello,
1930 731 2022 800 qui

448 839 689 880 errorem
720 824 854 878 viris
892 823 974 878 vel
1006 824 1386 879 eruditissimis
1415 823 1647 893 objicere
1676 833 1871 894 potest,
1900 839 2020 878 cum

450 916 567 970 viro
595 915 837 970 doctrina
873 915 1147 984 praestanti
1197 913 1389 969 Joanni
1423 915 1644 969 Alberto
1688 915 1936 970 Fabricio
1966 929 2023 969 re

449 1009 562 1078 ipsa
607 1007 890 1076 objecerit.
939 1004 1116 1060 Verba
1173 1015 1351 1060 autem
1416 1005 1664 1060 Eunomii
1726 1007 1840 1060 haec
1898 1015 2024 1060 sunt

446 1111 597 1154 num.
624 1099 694 1152 27
722 1117 737 1153 :
767 1098 984 1152 Τούτων
1017 1096 1082 1168 δὴ
1106 1097 1321 1153 πάντων
1354 1097 1618 1169 εὐκρινῶς
1654 1099 1750 1169 μὲν
1767 1099 1858 1152 καὶ
1887 1098 2023 1151 πλα-

442 1187 671 1260 τύτερον
719 1191 777 1241 ὲν
830 1189 1037 1258 ἑτέροις
1067 1189 1198 1258 ἡμῖν
1241 1187 1725 1258 ἀποδεδειγμένων,
1752 1191 1809 1240 ὲν
1831 1187 2024 1259 βραχεῖ

442 1280 500 1334 δὲ
522 1280 618 1333 νῦν
657 1280 792 1351 πρὸς
841 1280 986 1351 ὑμᾶς
1014 1279 1492 1350 ὁμολογουμένων,
1519 1289 1624 1334 etc.
1662 1297 1681 1330 ‹
1723 1278 1856 1334 Cum
1909 1279 2020 1347 jam

445 1374 693 1427 universa
721 1371 924 1438 liquido
949 1371 1232 1438 magisque
1263 1367 1472 1438 prolixe
1502 1367 1628 1422 alibi
1662 1384 1690 1422 a
1729 1368 1882 1423 nobis
1933 1370 2024 1424 de-

448 1473 764 1530 monstrata,
801 1477 943 1518 nunc
979 1477 1105 1517 vero
1139 1463 1191 1516 in
1231 1467 1446 1517 brevem
1478 1462 1544 1516 ad
1581 1477 1675 1516 vos
1719 1463 2022 1518 confessio-

447 1569 570 1613 nem
598 1557 706 1612 sint
737 1564 1036 1623 contracta,
1061 1574 1079 1606 ι
1115 1563 1221 1609 etc.
1265 1553 1433 1622 Quem
1471 1556 1536 1609 ad
1573 1555 1747 1609 locum
1784 1557 1827 1610 is
1860 1571 2020 1626 quem

448 1666 570 1704 mox
599 1650 872 1704 nominavi
903 1649 987 1702 vir
1017 1648 1364 1702 doctissimus
1397 1649 1537 1702 hanc
1561 1659 1740 1702 notam
1765 1649 1968 1704 addidit
2003 1666 2017 1703 :

451 1761 470 1793 ‹
515 1741 791 1797 Notandus
835 1739 922 1795 hic
979 1739 1150 1804 locus,
1181 1754 1290 1808 quo
1321 1739 1384 1793 ad
1415 1739 1666 1794 uberiora
1695 1755 1791 1794 sua
1820 1740 2020 1809 scripta

2125 554 2468 608 serviendum
2503 554 2775 622 sapienter
2802 551 3082 620 iudicarit.
3116 554 3289 622 Atque
3315 555 3367 608 in
3401 553 3505 609 illis
3556 555 3693 624 ipsis

2124 661 2261 714 quos
2295 645 2371 698 De
2420 643 2628 714 Spiritu
2670 654 2850 697 sant-to
2903 644 3228 708 conscripsit
3273 645 3446 709 libris,
3494 661 3701 700 nomen

2124 733 2217 788 Dei
2243 748 2309 788 ne
2345 733 2511 788 semel
2539 732 2754 802 quidem
2791 733 3016 801 Spiritui
3055 743 3242 788 sancto
3294 735 3550 790 tributum
3617 735 3695 790 le-

2123 825 2319 896 gimus.
2345 824 2471 892 Ejus
2495 825 2707 894 generis
2735 833 2859 877 sunt
2888 824 3023 877 liber
3054 824 3245 878 tertius
3278 826 3332 878 in
3369 825 3696 879 Eunomium

2123 926 2176 968 et
2213 914 2602 969 celeberrimus
2638 913 2727 968 ille
2770 913 2836 967 ad
2874 912 3306 981 Amphilochium
3361 913 3438 969 De
3487 915 3696 983 Spiritu

2123 1018 2302 1062 sancto
2341 1007 2474 1060 liber
2507 1006 2856 1076 :quorumin
2888 1016 3114 1075 utroque
3154 1015 3212 1061 ut
3269 1009 3695 1077 evidentissime,

2125 1101 2198 1153 ita
2230 1098 2582 1154 invictissime
2613 1098 3040 1168 probatqnidem
3097 1097 3334 1168 Spiritus
3385 1102 3560 1157 sancti
3611 1103 3705 1159 di-

2125 1191 2426 1251 vinitatem,
2463 1204 2562 1244 nec
2606 1204 2834 1258 usquam
2891 1198 3069 1244 tamen
3129 1189 3392 1260 Spiritum
3445 1203 3697 1249 sanctum

2124 1282 2291 1336 Deum
2335 1281 2588 1350 appellat.
2620 1280 2721 1347 Qui
2753 1295 2882 1350 ergo
2918 1279 3034 1336 fieri
3083 1283 3274 1350 possit,
3303 1292 3362 1338 ut
3391 1298 3579 1337 eorum
3627 1285 3700 1340 de

2123 1375 2318 1445 quibus
2341 1375 2519 1442 agitur
2550 1372 2809 1428 librorum
2839 1381 3030 1428 auctor
3053 1376 3162 1441 sit,
3187 1389 3310 1428 cum
3343 1375 3397 1429 in
3426 1376 3556 1446 ipsis
3588 1392 3698 1431 non

2123 1467 2288 1522 semel
2315 1466 2550 1536 Spiritus
2575 1477 2798 1520 sanctus
2830 1465 2971 1520 Deus
3015 1469 3284 1522 vocetur?
3325 1468 3582 1540 Exempla
3629 1485 3699 1525 eo

2123 1573 2232 1628 quo
2275 1557 2623 1611 inveniuntur
2677 1557 2890 1620 ordine,
2919 1557 3190 1627 subjicere
3235 1561 3544 1630 visumjest.
3577 1562 3699 1616 Pri-

2124 1660 2270 1699 mum
2324 1645 2567 1698 occurrit
2621 1645 2748 1699 illud
2814 1643 2888 1715 (p.
2942 1646 3068 1716 299)
3113 1649 3220 1701 :Ei
3255 1650 3434 1703 τοίνυν
3485 1652 3698 1717 οὐδενός

2124 1738 2270 1790 ἐστιν
2287 1737 2503 1805 ἀφιέναι
2531 1737 2824 1806 ἁμαρτίας,
2849 1737 3036 1809 ὥσπερ
3054 1741 3152 1794 οὐκ
3175 1741 3339 1804 ἔστιν,
3359 1745 3408 1796 εἰ
3428 1744 3501 1816 μὴ
3535 1746 3696 1815 μόνου

438 1832 550 1901 jam
578 1843 702 1887 ante
734 1833 865 1887 illud
903 1841 1115 1902 tempus
1144 1831 1288 1886 edita
1339 1831 1635 1888 Eunomius
1672 1842 1947 1901 provocat.
1995 1852 2013 1886 ι

2126 1829 2280 1898 Θεοῦ,
2313 1831 2506 1901 ἀφίησι
2552 1830 2608 1882 δὲ
2638 1831 2698 1884 τὸ
2727 1831 2951 1902 Πνεῦμα
2992 1834 3053 1886 τὸ
3101 1835 3255 1903 ἅγιον
3282 1836 3371 1889 διὰ
3536 1811 3696 1893 *ἀπο-

445 1927 511 1979 Et
548 1940 674 1981 vero
706 1925 752 1980 si
807 1924 973 1980 semel
1017 1939 1206 1978 verum
1255 1935 1339 1978 est
1372 1925 1692 1978 Eunomium
1737 1935 1863 1980 ante
1899 1943 2020 1980 eum

444 2032 608 2087 quem
667 2016 898 2072 Basilius
954 2015 1262 2072 confutavit
1314 2007 1512 2071 librum
1571 2015 1708 2070 alios
1759 2018 2021 2086 quosdam

444 2109 718 2180 longiores
765 2110 1036 2175 edidisse;
1066 2109 1324 2178 quidquid
1367 2125 1395 2162 a
1446 2110 1603 2164 nobis
1661 2111 1909 2180 superius
1943 2112 2024 2165 di-

448 2212 596 2258 ctum
622 2213 725 2266 est,
753 2217 848 2271 per
877 2217 936 2256 se
976 2203 1190 2270 penitus
1230 2201 1360 2254 ruit.
1397 2198 1530 2253 Nam
1555 2200 1657 2254 dici
1695 2201 1894 2271 poterit
1920 2200 2025 2254 Ba-

444 2295 622 2360 silius,
654 2311 776 2349 cum
815 2296 866 2348 in
893 2295 1048 2348 libris
1076 2303 1270 2364 quarto
1298 2303 1349 2347 et
1376 2293 1568 2363 quinto
1621 2305 1808 2347 contra
1846 2294 2022 2348 Euno-

443 2388 608 2439 mium
673 2385 838 2438 multa
897 2383 1300 2454 Scripturaruni
1379 2384 1495 2439 loca
1545 2385 1870 2455 explicaret,
1913 2402 2017 2440 non

445 2481 747 2550 respexisse
767 2481 983 2551 quidem
1021 2482 1086 2534 ad
1114 2496 1238 2536 eum
1273 2480 1468 2536 librum
1496 2521 1511 2547 ,
1548 2497 1708 2550 quem
1743 2482 2019 2536 nominavi

446 2573 680 2643 primum
709 2573 957 2628 Ennomii
1003 2573 1265 2636 libellum,
1297 2572 1390 2627 sed
1429 2573 1494 2628 ad
1525 2575 1724 2643 scripta
1773 2575 2018 2644 quaedam

448 2664 714 2735 longiora,
744 2682 863 2735 quae
885 2664 997 2733 jam
1049 2677 1176 2722 ante
1225 2669 1369 2721 edita
1407 2666 1474 2721 ab
1520 2667 1786 2721 Eunomio
1851 2667 2020 2722 fuisse

447 2757 677 2811 afﬁrmat
736 2757 973 2814 Joannes
1022 2758 1275 2813 Albertus
1302 2758 1603 2814 Fabricius.
1639 2757 1743 2813 Sed
1771 2759 1860 2829 qui
1906 2774 2016 2813 rem

447 2848 605 2915 paulo
634 2851 890 2904 attentius
923 2849 1303 2912 considerarit,
1341 2849 1518 2914 facile,
1563 2849 1775 2919 Opinor,
1829 2848 2020 2903 fatebi-

447 2949 536 2990 tur
560 2954 664 2991 non
692 2938 834 3008 loqui
864 2939 1208 3003 Eunomium,
1241 2954 1306 2992 eo
1323 2954 1480 3008 quem
1497 2939 1760 3008 exscripsi
1782 2940 1924 3002 loco,
1953 2940 2018 2993 de

450 3033 719 3102 prioribus
749 3032 1072 3102 quibusdam
1107 3032 1324 3100 scriptis
1354 3049 1382 3086 a
1419 3046 1480 3086 se
1521 3032 1634 3101 jam
1661 3041 1818 3086 antea
1843 3031 2018 3101 vulga-

447 3123 538 3186 tis,
567 3123 661 3178 sed
691 3124 755 3177 de
778 3122 950 3191 prima
987 3123 1068 3177 sui
1098 3122 1258 3176 libelli
1291 3132 1441 3191 parte
1464 3161 1478 3186 ,
1504 3136 1676 3191 eaque
1703 3122 2014 3191 prolixiore.

449 3215 676 3270 Constat
709 3220 850 3269 enim
888 3215 1214 3269 Eunomium
1260 3215 1500 3269 libellum
1561 3231 1716 3269 suum
1779 3215 1830 3268 in
1892 3215 2024 3270 duas

448 3315 628 3376 partes
659 3306 906 3362 divisisse
937 3327 948 3362 :
977 3321 1202 3376 quarum
1237 3306 1288 3361 in
1316 3307 1498 3378 priore
1521 3321 1670 3360 suam
1699 3307 2022 3362 sententiam

450 3398 625 3452 fusius
651 3400 892 3468 esponit,
931 3399 982 3452 in
1016 3399 1184 3453 altera
1212 3415 1362 3464 vero,
1395 3400 1556 3454 libelli
1588 3401 1668 3454 sui
1702 3401 1856 3470 quasi
1908 3401 2026 3470 epi-

447 3499 626 3542 tomen
663 3491 951 3558 quamdam
984 3489 1131 3544 fecit.
1166 3489 1220 3544 Id
1257 3492 1328 3544 ita
1370 3504 1490 3545 csse
1542 3491 1697 3545 docet
1734 3491 2026 3546 Eunomius

450 3581 581 3650 ipse,
613 3582 765 3649 cujus
791 3581 904 3636 haec
944 3591 1069 3635 sunt
1096 3583 1279 3646 verba,
1306 3598 1456 3636 num.
1481 3581 1550 3636 26
1585 3599 1598 3635 :
1657 3581 1797 3634 Ἀλλ’
1838 3581 1922 3634 ἵνα
1952 3583 2026 3653 μὴ

446 3671 524 3744 τῷ
555 3675 716 3744 μήκει
739 3673 846 3726 τῶν
875 3673 1048 3743 λόγων
1089 3676 1492 3746 ἀποκνὴσωμεν
1531 3674 1659 3738 τοὺς
1708 3674 2025 3740 ἀκούοντας,

448 3764 626 3817 πᾶσαν
673 3767 731 3817 ἐν
779 3765 971 3838 βραχεί
995 3765 1104 3819 τῶν
1158 3766 1429 3839 ῥηθέντων
1496 3767 1881 3838 περιλαϐόντες
1931 3770 2028 3838 τὴν

448 3856 699 3928 δύναμιν,
728 3869 834 3913 etc.
898 3876 918 3910 r
978 3857 1177 3913 Verum
1235 3875 1303 3913 ne
1352 3874 1664 3914 sermonum
1723 3859 2029 3929 prolixitale

442 3948 727 4012 _auditores
765 3961 1090 4014 gravemus,
1140 3948 1388 4002 minusve
1436 3948 1643 4004 alacres
1703 3951 2026 4015 reddamus,

450 4037 639 4106 paucis
668 4052 854 4090 eorum
880 4053 1000 4105 qua:
1029 4038 1264 4092 diximus
1299 4038 1404 4092 vim
1430 4052 1644 4092 omnem
1677 4041 2032 4106 comprehenc

454 4129 666 4193 dentes,
709 4146 728 4178 ι
761 4136 866 4181 etc.
922 4127 1102 4194 Quare
1134 4131 1324 4182 horum
1370 4130 1684 4196 verborum,
1712 4127 1931 4184 Τούτων
1963 4131 2027 4201 δὴ

449 4219 665 4272 πάντων
721 4219 987 4290 εὐκρινῶς
1033 4220 1129 4289 μὲν
1190 4219 1285 4274 καὶ
1343 4219 1678 4291 πλατύτερον
1723 4224 1778 4274 ὲν
1824 4222 2028 4293 ἑτέροις

448 4311 580 4380 ἡμῖν
608 4308 1097 4380 ἀποδεδειγμένων,
1133 4309 1176 4363 is
1201 4319 1286 4363 est
1315 4324 1510 4365 sensus
1541 4329 1554 4364 :
1595 4329 1612 4362 ι
1647 4311 1779 4366 Cum
1803 4310 1912 4378 jam
1941 4314 2031 4366 de-

450 4411 755 4456 monstrata
786 4405 894 4456 sint
933 4419 961 4455 a
997 4403 1153 4459 nobis
1179 4405 1292 4458 haec
1324 4405 1508 4460 omnia
1551 4405 1752 4475 liquide
1777 4415 1830 4459 et
1858 4406 2028 4474 magis

2127 1921 2328 1974 στόλων
2353 1940 2364 1952 ο
2396 1921 2527 1985 Θεὸς
2565 1921 2673 1993 ἄρα
2699 1921 2760 1973 τὸ
2783 1921 3007 1993 Πνεῦμα
3050 1925 3111 1977 τὸ
3142 1925 3314 1993 ἅγιον,
3351 1929 3445 1981 καὶ
3469 1930 3565 2000 τῆς
3595 1932 3694 1984 αὐ-

2123 2015 2221 2084 τῆς
2254 2013 2532 2084 ἐνεργείας
2585 2013 2664 2084 τῷ
2717 2016 2891 2086 Πατρὶ
2941 2016 3034 2068 καὶ
3097 2017 3175 2088 τῷ
3212 2017 3343 2088 Υἱῷ.
3374 2038 3392 2070 t
3439 2019 3624 2090 itaque
3648 2024 3696 2077 si

2125 2105 2322 2158 nullius
2347 2114 2431 2159 est
2455 2106 2728 2160 remittere
2760 2116 3002 2176 peccata,
3025 2107 3166 2161 sicut
3191 2123 3324 2164 sane
3360 2111 3557 2167 nullius
3589 2124 3710 2176 εει,

2127 2193 2228 2248 nisi
2250 2192 2342 2246 Dei
2381 2193 2574 2258 solius,
2619 2194 2852 2249 remittit
2877 2204 3054 2250 autem
3087 2197 3324 2266 Spiritus
3351 2211 3570 2257 sanctus
3594 2217 3694 2272 per

2125 2285 2431 2354 apostolos;
2475 2287 2616 2341 Deus
2659 2301 2786 2357 ergo
2816 2296 2900 2342 est
2945 2286 3178 2356 Spiritus
3209 2300 3450 2356 sanctus,
3478 2302 3532 2348 et
3556 2295 3704 2362 ejus-

2125 2377 2244 2431 dem
2284 2378 2617 2446 0perationis
2649 2387 2810 2446 atque
2845 2377 3008 2434 Pater
3063 2389 3118 2435 et
3175 2380 3364 2438 Filius.
3397 2402 3416 2436 ι
3489 2384 3695 2443 Rursus

2123 2470 2202 2524 sic
2229 2469 2464 2539 loquitur
2490 2469 2726 2539 scriptor
2753 2470 2830 2539 (p.
2857 2470 2983 2539 500)
3017 2487 3029 2522 :
3083 2472 3145 2524 Ei
3176 2472 3231 2526 δὲ
3265 2473 3417 2527 λαλεῖ
3460 2477 3518 2529 ὲν
3561 2479 3698 2532 ἀπο-

2125 2562 2328 2626 στόλοις
2359 2564 2452 2617 καὶ
2472 2566 2529 2616 ὲν
2551 2565 2858 2635 προφήταις
2888 2563 2947 2618 τὸ
2972 2564 3215 2636 Πνεῦμα,
3247 2569 3395 2623 πᾶσα
3422 2568 3478 2621 δὲ
3508 2569 3696 2641 Γραφὴ

2123 2652 2502 2718 θεόπνευστος,
2540 2654 2727 2706 εἴπατε
2771 2656 2885 2716 τοῖς
2921 2654 3176 2707 ἀσεϐοῦσι
3201 2696 3214 2719 ,
3250 2656 3365 2720 πῶς
3392 2659 3450 2710 οὐ
3471 2658 3603 2723 Θεὸς
3638 2660 3699 2713 τὸ

2123 2744 2347 2816 Πνεῦμα
2377 2745 2438 2797 τὸ
2471 2744 2624 2814 ἅγιον
2667 2744 2956 2815 τυγχάνει,
2995 2745 3093 2816 τῆς
3138 2747 3328 2800 τούτου
3381 2751 3701 2821 συγγραφῆς

2124 2835 2478 2889 θεοπνεύστου
2537 2834 2732 2906 οὔσηςς
2789 2855 2808 2890 r
2837 2837 2989 2903 Quod
3019 2839 3064 2892 si
3094 2837 3328 2906 Spiritus
3352 2841 3403 2894 in
3440 2841 3699 2910 apostolis

2121 2937 2176 2981 et
2203 2927 2482 2996 prophetis
2513 2926 2772 2996 loquitur,
2809 2926 3094 2996 omnisque
3119 2928 3397 2999 Scriptura
3442 2931 3702 2986 divinitus

2123 3017 2380 3088 inspirata
2437 3027 2562 3082 est,
2616 3019 2781 3073 dicite
2827 3020 3006 3090 impiis
3068 3036 3081 3071 :
3139 3019 3419 3087 Quomodo
3464 3021 3700 3094 Spiritus

2047 3144 2090 3203 ε
2124 3121 2346 3166 sanctus
2385 3111 2524 3166 Deus
2548 3127 2654 3166 non
2685 3120 2790 3174 est,
2818 3127 2939 3167 cum
2977 3112 3122 3168 illius
3169 3113 3449 3184 Scriptura
3503 3116 3700 3170 divini-

2133 3211 2219 3257 tus
2249 3203 2505 3272 inspirata
2539 3204 2660 3258 sit?
2691 3224 2710 3256 ›
2746 3204 2917 3259 Verba
2959 3206 3264 3274 scriptoris,
3312 3221 3434 3261 cum
3469 3207 3701 3276 explicat

2130 3293 2257 3347 illttd
2291 3291 2515 3347 Joannis
2543 3310 2617 3358 IV,
2647 3292 2738 3360 24,
2800 3293 3032 3363 Spiritus
3077 3305 3152 3350 est
3203 3295 3362 3361 Deus,
3401 3298 3511 3350 htec
3575 3308 3705 3352 sunt

2131 3388 2207 3460 (p.
2236 3389 2360 3459 510)
2393 3409 2404 3444 :
2435 3390 2647 3462 ’Ὠσπερ
2699 3391 2808 3463 γὰρ
2836 3391 2895 3445 τὸ
2944 3390 3167 3462 Πνεῦμα
3201 3393 3229 3444 ό
3281 3391 3431 3456 Θεὸς,
3459 3392 3597 3446 κατὰ
3619 3393 3700 3456 τὸ,

2130 3480 2279 3544 Nato;
2305 3481 2440 3535 Θεοῦ
2499 3484 2622 3535 ἐστε
2657 3484 2752 3536 καὶ
2799 3484 2858 3536 τὸ
2913 3483 3139 3554 Πνεῦμα
3175 3483 3268 3536 τοῦ
3310 3483 3446 3538 Θεοῦ
3481 3487 3622 3539 οἰκεῖ
3645 3485 3704 3537 ὲν

2131 3575 2259 3643 ὑμῖν
2278 3591 2291 3604 ·
2325 3573 2466 3627 οὕτω
2492 3574 2586 3628 καὶ
2615 3575 2642 3626 ὁ
2671 3575 2802 3639 Θεὸς
2831 3575 2892 3628 τὸ
2939 3575 3185 3646 Πνεῦμα,
3213 3577 3314 3646 τῆς
3349 3577 3576 3648 Τριάδος
3629 3575 3706 3648 μὴ

2128 3665 2581 3736 διακοπτομὲνης,
2617 3665 2750 3736 μηδὲ
2802 3663 3179 3736 χωριζομένης
3215 3668 3314 3738 τὴν
3341 3668 3520 3735 φύσιν,
3565 3669 3706 3722 ὥστε

2131 3756 2225 3808 καὶ
2273 3754 2342 3807 τὰ
2375 3754 2615 3825 ὀνόματα
2647 3754 2721 3825 μὴ
2783 3755 3130 3826 χωρίζεσθαι.
3177 3774 3196 3806 ‹
3234 3756 3704 3820 Quemadmodum

2130 3847 2274 3901 enim
2315 3845 2550 3915 Spiritus
2575 3844 2716 3898 Deus
2749 3853 2856 3912 est,
2909 3845 3063 3912 juxta
3117 3845 3263 3906 illud,
3303 3843 3573 3914 Templum
3611 3847 3706 3901 Dei

2129 3938 2274 4002 estis,
2305 3947 2350 3990 et
2389 3935 2619 4003 Spiritus
2655 3935 2752 3989 Dei
2803 3939 3008 3990 habitat
3057 3937 3110 3990 in
3156 3937 3296 3990 vobis
3330 3951 3349 3990 :
3373 3936 3444 3988 ita
3468 3947 3524 3992 ct
3561 3937 3704 3993 Deus

2131 4027 2367 4098 Spiritus
2408 4037 2512 4093 est,
2551 4043 2656 4081 non
2689 4027 2921 4083 dissceta
2950 4029 3234 4090 Trinitate,
3281 4041 3457 4096 neque
3503 4044 3702 4084 secun-

2129 4120 2255 4175 dum
2308 4128 2556 4174 naturam
2588 4129 2838 4188 separata
2873 4135 2889 4171 :
2926 4121 3067 4175 sicut
3108 4121 3319 4175 nomina
3367 4122 3532 4176 etiam
3593 4137 3700 4176 non

2129 4225 2471 4285 separentur.
2511 4233 2530 4267 ›
2571 4214 2764 4269 Parum
2796 4215 2898 4269 fuit
2946 4217 3047 4271 hoc
3090 4215 3209 4269 loco
3245 4216 3496 4285 scriptori
3528 4215 3703 4286 Spiri-

2133 4317 2241 4362 tum
2275 4319 2520 4363 sanctum
2572 4309 2738 4364 Deum
2792 4324 2985 4365 vocare
3026 4326 3041 4364 :
3079 4312 3174 4366 sed
3217 4313 3381 4365 etiam
3433 4312 3704 4366 rationem

2131 4400 2306 4455 reddit
2337 4417 2436 4455 cur
2473 4402 2542 4455 ita
2577 4401 2762 4457 faciat.
2798 4402 3089 4469 Quoniam,
3115 4403 3330 4474 'inquit,
3382 4414 3440 4458 tit
3469 4403 3709 4460 Trinitas

449 4493 658 4560 prolixe
699 4494 752 4546 in
785 4495 999 4547 caeteris
1027 4509 1145 4564 qua:
1183 4495 1497 4561 praecedunt
1547 4497 2028 4566 argttmenlationi-
2059 4513 2103 4569 ι)
2131 4505 2236 4544 non
2264 4500 2548 4560 separatur
2595 4491 2890 4545 secundum
2928 4499 3178 4544 naturam
3205 4529 3221 4554 ,
3258 4491 3331 4545 ita
3361 4506 3461 4546 nec
3494 4492 3710 4546 nomina

446 4586 568 4650 bus,
603 4604 622 4636 ι
667 4595 775 4640 etc.
816 4586 961 4639 Sane
993 4600 1020 4638 a
1049 4600 1133 4639 me
1186 4585 1393 4640 faciunt
1423 4585 1632 4655 antiqui
1669 4601 1859 4642 omnes
1886 4589 2024 4642 seri-

447 4685 652 4746 ptores,
683 4677 772 4744 qui
800 4675 936 4729 duos
972 4677 1237 4730 duntaxat
1273 4675 1523 4730 Eunomii
1587 4676 1796 4733 libellos
1860 4694 2025 4748 agno-

448 4782 596 4831 vere,
632 4767 927 4838 Gregorius
961 4768 1256 4840 Nyssenus,
1299 4767 1720 4838 Philostorgius,
1774 4770 2018 4840 PhOtius,

447 4869 504 4912 et
541 4859 655 4912 alii.
687 4858 805 4913 Jam
841 4861 885 4914 si
938 4863 1061 4930 quis
1095 4868 1304 4930 qinerat
1333 4874 1396 4914 ex
1438 4876 1542 4924 me,
1567 4877 1664 4916 cur
1705 4863 2017 4928 Eunomius,

447 4952 538 5018 qui
569 4952 619 5004 in
654 4954 828 5021 primo
852 4969 951 5007 suo
993 4954 1198 5022 scripto
1231 4953 1426 5008 Filium
1475 4955 1707 5008 libenter
1762 4954 2022 5023 simplici-

451 5053 642 5112 terque
670 5045 974 5112 genituram
1011 5049 1258 5110 vocabat,
1297 5047 1397 5101 hoc
1421 5047 1560 5101 idem
1592 5054 1770 5101 tamen
1811 5062 1913 5100 non
1945 5045 2024 5101 fe-

447 5136 585 5191 cerit
643 5137 694 5189 in
746 5136 948 5201 altero;
992 5137 1167 5191 dicam
1215 5137 1374 5207 hujus
1425 5119 1500 5191 rei
1563 5137 1792 5193 fortasse
1841 5137 2020 5193 aﬂ‘erri

450 5243 609 5296 posse
662 5229 1000 5296 probabilem
1053 5244 1294 5294 causam,
1331 5231 1580 5284 videlicet
1632 5229 1953 5284 Eunominm
1990 5245 2020 5283 a

450 5321 646 5376 Basilio
693 5325 764 5376 ob
820 5323 1078 5391 genitura:
1139 5339 1332 5376 nomen
1379 5331 1486 5375 tam
1548 5321 1686 5377 male
1741 5330 2020 5390 acceptum

449 5413 634 5477 fuisse,
671 5423 729 5467 ut
775 5427 840 5469 eo
897 5415 1154 5482 deinceps
1215 5425 1323 5467 tam
1375 5415 1541 5468 libere
1590 5415 1664 5469 uti
1726 5428 2025 5468 aususnon

451 5504 543 5558 sit.

521 5597 630 5653 73‘.
657 5598 784 5651 Fuit
809 5608 1040 5668 tempus,
1069 5607 1126 5652 ut
1157 5607 1344 5653 notum
1369 5605 1452 5652 est
1480 5638 1495 5663 ,
1524 5613 1645 5651 cum
1681 5595 1910 5650 Basilius
1937 5609 2030 5648 ne-

452 5704 556 5757 que
587 5691 636 5742 in
660 5689 772 5741 suis
803 5689 974 5755 libris,
1007 5707 1180 5760 neque
1211 5691 1261 5743 in
1296 5689 1524 5758 publicis
1544 5689 1882 5744 orationibus
1909 5686 2031 5755 Spi-

452 5780 612 5836 ritum
653 5787 903 5837 sanctum
937 5781 1102 5838 Deum
1149 5790 1404 5849 vocaret,
1438 5796 1540 5835 non
1579 5785 1718 5850 quod
1749 5779 1864 5849 ejus
1891 5777 2025 5834 divi-

2133 4583 2296 4637 etiam
2345 4590 2686 4652 separantur.
2742 4581 2912 4638 Secus
2963 4593 3142 4639 autem
3203 4583 3400 4638 fecisse
3452 4582 3710 4638 Basiliqu

2135 4683 2358 4741 norunt,
2403 4675 2598 4743 quibus
2639 4691 2746 4729 non
2781 4677 3008 4730 omnino
3050 4677 3230 4746 ignota
3273 4685 3359 4730 est
3411 4683 3720 4744 temporum-

2134 4767 2350 4822 illorum
2383 4768 2634 4833 historia,
2664 4767 2743 4823 sic
2782 4778 2842 4822 ut
2888 4768 3226 4822 intereadum
3275 4766 3540 4837 Spiritum
3583 4783 3711 4821 san--

2129 4871 2278 4916 etum
2333 4872 2541 4915 natura:
2587 4862 2783 4916 divina:
2832 4862 3155 4931 participem
3198 4876 3318 4914 esse
3353 4861 3606 4930 privatim
3655 4869 3710 4913 et

2129 4953 2343 5022 publice
2377 4951 2752 5020 proﬁteretur,
2807 4962 3128 5006 eumtaan
3153 4952 3304 5021 pacis
3357 4966 3487 5021 ergo
3539 4949 3705 5004 Deum

2130 5044 2406 5113 appellare
2449 5045 2766 5099 abstineret.
2813 5043 2919 5098 Sed
2975 5043 3166 5097 audire
3219 5041 3348 5095 mihi
3388 5042 3572 5093 videor
3619 5040 3716 5107 qui,

2131 5135 2320 5190 dicunt
2371 5135 2536 5188 fuisse
2594 5135 2759 5189 etiam
2795 5142 3024 5202 tempus,
3072 5147 3194 5186 cum
3254 5130 3483 5184 Basilius
3510 5139 3623 5182 tum
3656 5128 3710 5182 in

2132 5228 2401 5295 aliquibus
2428 5227 2680 5295 epistolis
2715 5235 2826 5280 tum
2852 5226 2902 5278 in
2957 5223 3188 5292 publicis
3221 5220 3546 5292 quibusdam
3581 5234 3714 5274 con-

2134 5319 2388 5372 cionibns
2421 5316 2682 5386 Spiritum
2716 5325 2960 5370 sanctum
2985 5317 3151 5368 Deum
3171 5321 3424 5377 vocaret;
3451 5313 3521 5366 ob
3551 5311 3714 5379 idque.

2133 5409 2248 5464 ﬁeri
2284 5410 2555 5478 potuisse,
2617 5419 2676 5462 ut
2709 5411 2764 5463 in
2802 5409 2993 5478 quinto
3043 5420 3260 5476 quoque
3294 5412 3480 5458 contra
3524 5400 3731 5484 Enna-3

2131 5501 2294 5553 mium
2313 5500 2455 5554 libro
2487 5499 2593 5554 hoc
2619 5499 2668 5553 ei
2704 5514 2897 5552 nomen
2916 5497 3144 5551 dederit.
3162 5495 3327 5549 Bene.
3351 5493 3455 5548 Sed
3481 5489 3732 5560 quaestio”

2135 5609 2241 5646 non
2275 5603 2377 5656 est,
2408 5602 2586 5644 utrum
2622 5591 2854 5644 Basilius
2879 5589 3137 5658 Spiritum
3159 5598 3407 5648 sanctum
3445 5586 3498 5638 in
3520 5583 3712 5652 quinto

2136 5696 2316 5738 contra
2355 5682 2674 5737 Eunomius:
2707 5681 2846 5735 libro
2883 5681 3048 5735 Deum
3078 5689 3276 5734 veca’re
3313 5675 3571 5745 poluerit,
3615 5672 3708 5727 sed

2135 5785 2314 5831 utrum
2358 5791 2414 5831 re
2456 5775 2568 5845 ipsa
2620 5772 2824 5828 vocarit
2857 5785 2870 5823 :
2905 5770 3048 5842 quod
3086 5769 3271 5826 falsum
3305 5782 3426 5825 esse
3456 5765 3707 5821 arbitror.
