4094 6220
1422 381 1484 437 1).
1525 383 1669 440 IUL.
1704 383 2034 442 GARNEBII
2073 386 2457 444 PREFATIO.

3342 411 3570 452 ccxxxtx

329 489 546 557 Etenim
579 501 622 555 si
651 499 883 556 Basilius
912 500 1014 555 sibi
1045 514 1142 571 per
1164 512 1371 571 tempus
1405 504 1566 558 licere
1594 507 1908 562 credidisset
1935 515 1980 572 Α
2013 510 2214 580 aliqttid
2243 511 2346 565 dici
2371 525 2530 580 posse
2567 511 2739 578 majus
2763 523 2853 566 aut
2893 515 3280 584 magnitudine,
3317 525 3408 569 aut
3437 525 3575 569 tem—

328 590 431 648 Dci
459 607 651 647 nomen
689 592 915 661 Spiritui
945 602 1133 648 sancto
1161 593 1213 647 in
1241 594 1380 648 libro
1408 597 1600 665 quinto
1630 599 1900 666 tribuere;

330 699 444 737 non
499 685 654 738 video
693 700 914 740 causam
967 685 1156 751 ullam,
1192 702 1288 741 cur
1330 689 1380 740 in
1430 691 1590 743 tertio
1638 691 1776 746 libro
1806 693 1906 748 bac

329 775 453 844 ipsa
489 777 553 831 de
598 792 701 845 qua
748 777 925 847 agitur
979 793 1110 833 voce
1141 779 1215 833 uti
1251 781 1501 836 noluerit.
1536 783 1603 836 Et
1653 799 1781 838 vero
1815 785 1906 838 mi-

327 867 488 919 randi
533 878 678 920 esset
714 868 897 933 locus,
927 869 994 934 si,
1045 881 1331 940 postquam
1367 873 1598 928 Basilius
1644 875 1902 944 Spiritum

327 969 583 1013 sanctum
615 961 667 1014 in
716 962 878 1015 tertio
907 961 1046 1016 libro
1074 965 1238 1018 Deum
1287 981 1481 1020 vocare
1517 978 1622 1020 tam
1667 968 1905 1022 studiose

325 1052 588 1116 cavisset,
617 1053 799 1106 statim
839 1054 887 1108 id
918 1055 967 1108 ei
1018 1057 1252 1111 nominis
1302 1059 1352 1110 in
1390 1060 1578 1128 quinto
1605 1059 1904 1130 librostrpe

325 1142 622 1199 tribueret.
656 1145 831 1201 Unum
862 1148 1040 1201 adhuc
1063 1160 1328 1218 superest,
1367 1154 1508 1220 quod
1559 1151 1771 1206 videtur
1811 1167 1906 1207 no-

333 1242 458 1288 tatu
506 1236 902 1306 dignissimum.
946 1239 1232 1308 Postquam
1282 1242 1538 1310 scriptor,
1567 1251 1623 1296 ut
1651 1257 1716 1296 ex
1748 1258 1904 1312 supe-

324 1325 573 1381 rioribus
611 1339 843 1392 constat,
869 1331 1073 1399 aliquot
1117 1333 1168 1384 in
1214 1332 1349 1387 locis
1378 1332 1635 1402 Spiritum
1660 1344 1902 1390 sanctum

323 1415 507 1472 Deum
541 1420 788 1486 vocavit;
823 1421 1180 1475 conﬁdentior
1229 1422 1424 1487 laetus,
1469 1423 1748 1492 aliquanto
1784 1436 1905 1494 post

324 1513 538 1580 majora
569 1512 752 1566 audet.
782 1514 872 1567 Ait
905 1514 1048 1568 enim
1081 1516 1170 1568 Dei
1201 1514 1462 1584 Spiritum
1497 1517 1676 1571 vocari
1710 1526 1763 1570 et
1799 1518 1904 1570 Do-

325 1605 539 1657 mitium
576 1613 629 1658 et
678 1605 870 1668 Deum,
927 1608 1376 1675 quemadmodum
1413 1619 1468 1663 et
1514 1609 1764 1663 Verbum.
1798 1609 1902 1664 Sed

324 1693 508 1764 ipsum
534 1697 718 1750 audire
747 1709 980 1766 praestat.
1004 1699 1093 1753 Sic
1117 1701 1277 1768 igitur
1311 1701 1545 1770 loquitur
1577 1701 1726 1771 (pag.
1751 1702 1898 1773 3M):

324 1786 445 1837 Καὶ
477 1785 678 1855 Κύριος
705 1790 797 1841 καὶ
825 1789 956 1852 Θεὸς
971 1790 1184 1860 εἴρηται
1217 1791 1278 1844 τὸ
1307 1791 1402 1844 τοῦ
1416 1791 1547 1845 Θεοῦ
1566 1792 1808 1864 Πνεῦμα,
1826 1793 1902 1856 ὡς

2006 613 2158 666 pore,
2189 608 2282 653 aut
2305 601 2587 670 dignitate,
2616 612 2709 655 aut
2737 606 2998 672 potentia,
3025 616 3117 658 aut
3153 615 3408 675 tanquam
3439 621 3571 660 cau-

2007 705 2144 744 sam.
2183 691 2472 760 Postquam
2509 695 2688 746 autem
2729 694 2862 748 dixit
2895 694 3104 750 Patrem
3139 697 3275 752 Filio
3302 712 3409 750 non
3454 711 3576 752 esse

2007 783 2304 851 majorem,
2372 799 2545 852 neque
2597 788 2998 854 magnitudine,
3066 803 3238 857 neque
3294 798 3574 856 tempore,

2007 890 2180 942 neque
2234 875 2516 944 dignitate,
2563 891 2734 946 neque
2761 879 3023 948 potentia,
3053 880 3322 934 concludit
3355 881 3574 949 genito-

2012 966 2126 1020 rém
2157 968 2338 1035 genito
2364 969 2618 1037 majorem
2649 984 2862 1037 quoque
2891 983 2994 1022 neu
3026 984 3145 1025 esse
3172 983 3422 1039 tanquam
3449 985 3576 1022 cau-

2005 1057 2410 1124 sam..l:‘.jttsbtee
2440 1061 2737 1111 suntverba
2768 1059 2892 1125 (lib.
2914 1074 2987 1121 tv,
3021 1075 3074 1127 p.
3097 1059 3238 1129 289)
3272 1077 3284 1112 :
3319 1059 3454 1113 Οὔτε
3497 1058 3573 1122 ὡς

2006 1144 2194 1209 αἴτιος·
2218 1145 2340 1198 ἐπεὶ
2364 1145 2562 1216 ὁμοίως
2588 1145 2681 1199 καὶ
2707 1146 2870 1199 αὑτοῦ
2897 1148 2988 1200 καὶ
3006 1148 3163 1218 ἡμῶν
3181 1147 3400 1218 μείζων,
3417 1150 3573 1219 ειπερ

2005 1237 2112 1308 γὰρ
2143 1237 2306 1289 αὐτοῦ
2330 1237 2423 1290 καὶ
2445 1236 2601 1308 ἡμῶν
2629 1238 2816 1300 αἴτιος.
2839 1257 2856 1289 t
2883 1237 2990 1291 Nec
3016 1247 3071 1290 ut
3093 1254 3250 1292 causa
3270 1237 3464 1310 [major
3491 1249 3572 1293 est

2006 1329 2164 1383 Pater
2198 1328 2390 1400 Filio];
2417 1329 2671 1397 quoniam
2697 1329 2899 1396 pariter
2932 1340 2984 1382 et
3021 1330 3117 1383 illo
3139 1341 3192 1383 et
3219 1330 3373 1383 nobis
3402 1330 3574 1398 major

2005 1431 2168 1485 esset,
2215 1437 2334 1474 cum
2374 1422 2542 1488 ipsius
2572 1429 2623 1474 et
2671 1420 2838 1473 nostri
2898 1432 3041 1474 esset
3067 1436 3252 1474 causa.
3289 1439 3307 1472 ι
3343 1419 3573 1475 Basilius

2004 1527 2133 1565 vero
2181 1527 2324 1577 eum,
2373 1525 2533 1580 quem
2565 1510 2705 1574 dixi,
2741 1512 3035 1578 Scripturae
3083 1512 3254 1565 locum
3303 1512 3370 1564 ita
3408 1512 3575 1565 inter-

2004 1609 2274 1670 pretatur,
2309 1611 2366 1654 ttt
2402 1611 2774 1655 asseveranter
2831 1603 2971 1654 dicat
2997 1601 3208 1655 Patrem
3241 1600 3376 1656 Filio
3409 1601 3578 1670 majo-

2006 1708 2118 1746 rem
2151 1706 2272 1747 esse
2301 1702 2554 1761 tanquam
2583 1705 2822 1744 causam.
2857 1692 2946 1744 Sic
2979 1702 3156 1745 autem
3196 1693 3432 1760 loquitur
3480 1693 3572 1744 lib.

2005 1783 2178 1849 primo
2208 1799 2356 1838 num.
2383 1783 2455 1837 25
2473 1799 2487 1834 :
2507 1784 2763 1835 Λείπεται
2795 1783 2971 1834 τοίνυν
2995 1783 3134 1835 κατὰ
3162 1782 3252 1835 τὸν
3277 1786 3376 1854 τῆς
3399 1782 3576 1844 αἰτίας

326 1876 426 1928 καὶ
457 1878 486 1928 6
511 1879 700 1946 Λόγος.
733 1898 752 1930 t
794 1879 856 1933 Et
891 1857 1150 1934 Dominus
1181 1894 1235 1936 et
1267 1883 1406 1937 Deus
1441 1883 1615 1937 dictus
1664 1857 1748 1937 est
1775 1885 1898 1950 Spi—

2011 1871 2161 1940 λόγον
2193 1871 2425 1926 ἐνταῦθα
2457 1873 2516 1925 τὸ
2553 1873 2734 1942 μεῖζον
2773 1871 3044 1939 λέγεσθαι.
3087 1871 3302 1943 Ἐπειδὴ
3329 1876 3436 1941 γὰρ
3468 1871 3577 1924 ἀπὸ

328 1971 475 2023 ritus
507 1973 618 2034 Dei,
670 1972 807 2027 sicut
835 1984 887 2028 et
917 1975 1172 2028 Verbum.
1219 1995 1236 2028 ι
1270 1975 1470 2029 Adduci
1501 1991 1773 2044 nunquam
1805 1990 1903 2044 po-

328 2071 478 2128 tero,
510 2073 568 2117 ttt
596 2065 708 2119 haec
731 2081 759 2118 a
793 2065 997 2121 Basilio
1027 2069 1228 2136 scripta
1275 2068 1439 2123 fuisse
1487 2070 1722 2122 credam.
1763 2067 1907 2122 Nihil

328 2157 503 2220 enim,
557 2167 613 2209 ttt
661 2157 790 2213 mihi
833 2159 1048 2228 quidem
1101 2163 1345 2228 videtur,
1385 2176 1414 2214 a
1454 2160 1634 2214 Basilii
1678 2161 1906 2216 consilio

334 2251 522 2318 magis
547 2251 781 2305 alienum
810 2253 1106 2320 excogitari
1155 2262 1352 2322 potest.
1385 2255 1535 2320 Quod
1580 2265 1635 2308 ut
1680 2254 1908 2308 mauile-

328 2339 478 2393 stius
505 2340 599 2394 ﬁat
636 2352 797 2411 atque
825 2345 1158 2413 exploratius
1185 2386 1200 2410 ,
1255 2361 1369 2400 rem
1423 2347 1588 2399 altius
1642 2357 1906 2416 repetam.

329 2430 526 2486 Etate
557 2434 644 2487 illa
673 2446 826 2489 erant
857 2453 961 2489 non
991 2439 1172 2506 pauci,
1202 2438 1316 2507 qui,
1348 2439 1490 2507 quod
1515 2437 1747 2506 Spiritus
1785 2455 1908 2493 san-

331 2531 459 2578 ctus
482 2525 533 2578 in
573 2526 870 2594 Scripturis
898 2545 1164 2597 nusquam
1199 2529 1340 2584 Deus
1374 2544 1632 2594 expresse
1665 2541 1904 2595 vocetur,

332 2615 437 2668 hoc
478 2615 526 2669 ei
564 2631 756 2669 nomen
789 2619 917 2672 dare
951 2621 1299 2674 recusabant.
1337 2617 1434 2672 Vir
1458 2629 1634 2673 autem
1669 2622 1906 2689 pruden-

333 2707 584 2761 tissimus
611 2701 840 2764 Basilius
870 2713 1096 2781 tempori
1117 2711 1388 2781 paulisper
1419 2711 1713 2766 cedendum
1737 2722 1905 2775 ratus,

341 2799 510 2852 modo
558 2813 669 2852 rem
729 2810 1013 2866 statueret,
1063 2801 1131 2856 de
1184 2803 1328 2857 nudo
1381 2802 1550 2855 verbo
1585 2803 1908 2855 contendere

337 2891 538 2944 noluit.
592 2892 823 2946 Mali-bat
855 2894 1021 2958 enim,
1075 2909 1193 2963 qua:
1226 2894 1343 2964 ejus
1371 2895 1424 2948 in
1457 2908 1646 2948 omnes
1669 2894 1907 2949 cltaritas

313 2985 480 3048 erat,
514 2983 761 3036 inﬁrmus
808 2999 932 3037 cum
981 2984 1212 3039 inﬁrmis
1238 2987 1378 3049 ﬁeri,
1410 2995 1468 3038 ut
1502 2999 1595 3038 eos
1621 2984 1908 3038 lucriface-

334 3081 436 3136 ret,
473 3088 635 3140 quam
690 3087 848 3124 unam
899 3086 1082 3126 vocem
1112 3075 1435 3128 obstinatius
1472 3075 1780 3140 defendere,
1813 3089 1908 3128 ve-

2007 1964 2099 2018 τοῦ
2140 1966 2352 2036 Πατρὸς
2393 1967 2426 2034 ἡ
2469 1965 2610 2035 ἁρχὴ
2653 1963 2730 2034 τῷ
2776 1964 2908 2033 Υίῷ,
2947 1962 3085 2016 κατὰ
3125 1963 3283 2016 τοῦτο
3328 1959 3578 2032 μείζωνὸ

2006 2057 2216 2129 Πατὴρ,
2250 2057 2325 2119 ὡς
2353 2059 2521 2120 αἴτιος
2545 2057 2637 2109 καὶ
2661 2057 2822 2127 ἀρχή.
2868 2055 2958 2108 Διὸ
2990 2056 3082 2107 καὶ
3121 2057 3148 2107 6
3177 2055 3377 2128 Κύριος
3404 2053 3577 2116 οὕτως

2006 2146 2160 2203 εἶπεν
2182 2167 2194 2179 ·
2244 2151 2306 2202 '0
2333 2149 2533 2217 Πατήρ
2565 2166 2684 2217 μου
2709 2146 2922 2216 μείζων
2957 2148 3073 2216 μού
3103 2147 3231 2200 ἐστι
3252 2188 3265 2210 ,
3303 2145 3435 2199 καθὸ
3464 2145 3578 2198 Πα-

2005 2243 2115 2315 τὴρ
2147 2243 2411 2314 δηλονότι.
2458 2242 2532 2294 Τὸ
2562 2242 2652 2306 δὲ,
2700 2243 2921 2312 Πατὴρ,
2970 2241 3023 2294 τί
3056 2239 3184 2294 ἄλλο
3233 2238 3506 2310 σημαίνει,
3542 2236 3576 2307 ἢ

2006 2338 2127 2406 οὐχὶ
2173 2336 2234 2388 τὸ
2269 2335 2416 2388 αἰτία
2451 2332 2590 2387 εἶναι
2633 2334 2726 2387 καὶ
2777 2332 2918 2404 ἁρχὴ
2951 2333 3046 2385 τοῦ
3087 2331 3144 2398 ἐξ
3189 2329 3354 2384 αὑτοῦ
3387 2345 3580 2399 γεννη⁹

2010 2429 2230 2492 θέντοςς
2271 2447 2288 2478 t
2325 2427 2610 2496 Reliquum
2661 2434 2741 2480 est
2799 2426 2982 2495 igitur,
3029 2433 3088 2478 ttt
3125 2439 3225 2478 vox
3279 2422 3452 2490 majus
3491 2421 3579 2476 ltic

2008 2520 2302 2574 secundum
2357 2533 2536 2571 causze
2589 2516 2850 2570 rationem
2885 2516 3113 2570 dicatur.
3157 2514 3290 2568 Nam
3325 2513 3577 2582 quoniam

2008 2625 2035 2663 a
2069 2610 2227 2664 Patre
2268 2609 2418 2678 origo
2447 2618 2532 2661 est
2568 2606 2727 2671 Filio,
2756 2609 2860 2661 hoc
2906 2605 3078 2672 major
3104 2617 3187 2659 est
3220 2605 3405 2667 Pater,
3436 2603 3580 2672 quod

2007 2715 2166 2753 causa
2195 2700 2264 2753 sit
2286 2711 2339 2751 et
2369 2698 2717 2766 principium.
2745 2699 3082 2764 Quapropter
3120 2706 3174 2749 et
3207 2694 3466 2747 Dominus
3500 2693 3581 2746 sic

2006 2792 2142 2845 dixit
2175 2805 2189 2842 ;
2225 2789 2387 2844 Pater
2411 2805 2554 2843 meus
2595 2789 2766 2856 major
2787 2804 2867 2841 me
2897 2800 2992 2850 est,
3045 2797 3201 2855 prout
3229 2785 3390 2839 Pater
3431 2784 3580 2837 vide—

2009 2885 2152 2939 licet.
2184 2882 2317 2938 lllud
2371 2891 2572 2945 autem,
2617 2881 2801 2946 Pater,
2853 2880 2980 2949 quid
3019 2879 3163 2932 aliud
3192 2878 3415 2940 indicat,
3450 2875 3576 2938 nisi,

2006 2990 2226 3031 causam
2259 2984 2420 3044 atque
2441 2973 2702 3042 originem
2731 2987 2851 3026 esse
2872 2972 2987 3040 ejus
3014 2971 3103 3038 qui
3130 2984 3194 3023 ex
3226 2967 3342 3036 ipso
3366 2966 3580 3035 genitus

2008 3070 2184 3124 est?»
2223 3068 2514 3137 Postquam
2568 3076 2752 3119 autem
2808 3062 3046 3118 Basilius
3099 3061 3285 3130 paucis
3339 3056 3582 3112 ostendit

335 3176 450 3214 ram
482 3162 629 3214 illam
678 3163 920 3232 quidem,
971 3163 1064 3217 sed
1093 3165 1158 3217 ad
1192 3163 1419 3218 salutem
1455 3173 1631 3218 tamen
1666 3179 1770 3218 non
1809 3179 1906 3218 ne-
1931 3190 1974 3247 ρ
2009 3161 2220 3214 Patrem
2259 3175 2362 3213 non
2419 3157 2526 3212 dici
2575 3155 2859 3224 majorem,
2916 3170 3091 3225 neque
3119 3152 3414 3207 secumlum
3451 3148 3582 3202 sub-

336 3256 660 3309 cessariatn.
691 3256 869 3320 Fides,
904 3265 962 3310 ut
991 3267 1136 3311 recte
1159 3256 1455 3326 judicabat,
1487 3257 1539 3310 in
1564 3272 1674 3310 rem
1709 3257 1900 3325 ipsam,

339 3356 445 3400 non
479 3347 533 3400 in
568 3347 770 3401 nudum
797 3349 1021 3403 verbum
1056 3349 1220 3402 cadit.
1252 3346 1415 3402 Fides
1445 3349 1618 3418 jubet,
1652 3357 1708 3402 ut
1735 3349 1906 3417 Spiri-

337 3447 446 3492 tum
483 3450 727 3493 sanctutn
761 3441 926 3494 Deunt
973 3455 1094 3494 esse
1133 3441 1453 3505 credamus;
1497 3455 1617 3493 eum
1650 3449 1707 3493 ut
1734 3442 1907 3494 nomi-

337 3541 530 3582 nemus
562 3529 753 3592 Deum,
779 3545 884 3583 non
902 3529 1076 3598 jubet.
1113 3530 1184 3583 Ex
1225 3529 1421 3599 quibus
1450 3529 1678 3598 perspici
1711 3538 1904 3598 potest,

334 3618 590 3675 Basiliam
623 3623 935 3691 praestitisse
969 3638 1027 3677 se
1058 3637 1178 3676 eum
1203 3624 1253 3675 itt
1281 3631 1391 3675 toto
1420 3621 1521 3675 ltoc
1550 3621 1785 3690 negotio,
1815 3621 1907 3688 qui

336 3713 519 3780 etipse
538 3729 658 3767 cum
677 3713 904 3768 inﬁrmis
933 3715 1172 3768 inﬁrmus
1195 3713 1363 3767 videri
1388 3713 1560 3775 vellet,
1585 3727 1680 3767 nec
1697 3727 1906 3780 aequum

337 3811 582 3872 putasse,
617 3813 674 3856 ttt
718 3806 788 3858 ob
827 3820 987 3856 unam
1041 3819 1264 3869 vocent,
1324 3819 1444 3873 quae
1491 3803 1771 3857 dicebatur
1802 3818 1906 3856 non

342 3890 572 3944 inveniri
602 3891 652 3944 iu
682 3891 1000 3959 Scripturis,
1035 3893 1372 3946 inﬁrmorum
1420 3894 1566 3948 salus
1613 3893 1912 3961 negligere-

343 3987 444 4034 tur.
481 3979 625 4050 Ergo
651 3996 816 4034 unum
855 3983 956 4036 hoc
979 3997 1080 4050 ego
1114 3982 1181 4035 ab
1220 3997 1284 4036 eo
1312 3997 1610 4050 rogassem,
1645 3990 1911 4034 utosten-

342 4069 514 4125 di'sset
543 4072 683 4126 hunc
706 4073 1001 4142 Scriptum
1023 4073 1222 4137 locum,
1261 4074 1314 4126 in
1341 4089 1448 4142 quo
1493 4074 1730 4143 Spiritus
1773 4090 1906 4128 san-

345 4174 462 4218 ctus
490 4173 547 4218 et
577 4164 836 4218 Dominus
864 4173 917 4218 et
944 4164 1083 4219 Deus
1114 4176 1358 4228 vocatur,
1395 4166 1535 4219 sicut
1556 4174 1613 4218 et
1633 4164 1868 4221 Verbum
1895 4185 1907 4220 :

344 4267 445 4320 qua
477 4253 666 4320 utique
713 4254 800 4307 via
836 4262 892 4308 et
919 4253 1067 4307 brevi
1103 4263 1156 4307 et
1197 4251 1340 4308 facili
1374 4253 1618 4309 inﬁrmos
1664 4251 1787 4308 illos
1821 4269 1911 4308 sa-

345 4359 474 4399 nare
532 4347 814 4414 potuisset.
872 4346 1104 4399 Verbum
1164 4346 1384 4414 quidem
1450 4345 1592 4414 apud
1651 4344 1910 4401 Joannem

345 4453 599 4508 expresse
655 4439 822 4492 Deum
874 4440 982 4493 dici
1034 4450 1248 4494 constat
1285 4453 1298 4490 :
1335 4439 1428 4492 sed
1458 4453 1567 4506 quo
1619 4437 1915 4508 Scriptura:

2007 3254 2475 3319 stantiam,neque
2500 3249 2796 3304 secundum
2844 3247 3058 3311 molem,
3094 3245 3274 3303 statim
3295 3243 3363 3295 ita
3395 3254 3582 3309 perse-

2008 3347 2187 3416 quitur
2213 3361 2230 3401 :
2258 3344 2576 3406 ’Υπόλοιπος
2595 3337 2685 3394 οὗν
2707 3342 2851 3393 ἐστιν
2868 3342 2894 3392 6
2922 3339 3050 3410 παρ’
3067 3336 3222 3409 ἡμῶν
3244 3333 3454 3405 λεχθεὶς
3485 3327 3582 3384 τοῦ

2012 3437 2257 3510 μείζονος
2278 3436 2498 3508 τρόπος,
2523 3438 2551 3488 6
2584 3435 2681 3505 τῆς
2707 3433 2902 3503 ἀρχῆς,
2927 3431 3088 3499 λέγω,
3126 3428 3218 3482 καὶ
3255 3426 3354 3495 τῆς
3379 3423 3578 3485 αἰτίας.

2016 3553 2034 3585 t
2079 3535 2336 3601 Superest
2381 3532 2542 3600 igitur
2568 3530 2633 3592 is,
2675 3543 2836 3596 quem
2883 3541 2980 3582 nos
3035 3525 3292 3583 diximus,
3360 3516 3581 3582 majoris

2011 3625 2217 3689 modus,
2270 3622 2540 3693 principii,
2605 3622 2844 3684 inquam,
2901 3627 2956 3671 et
3022 3628 3216 3669 causa.
3257 3630 3274 3663 ι
3309 3608 3581 3671 Basilius,

2010 3717 2152 3784 quod
2183 3724 2289 3770 tam
2321 3723 2701 3768 asseveranter
2733 3710 2893 3776 dixit,
2943 3709 2995 3761 id
3038 3705 3216 3760 statim
3253 3715 3451 3770 negare
3475 3712 3580 3752 non

2011 3811 2182 3873 solet;
2217 3823 2318 3862 nec
2355 3818 2482 3877 puto
2525 3805 2639 3873 ejus
2677 3805 2752 3858 rei
2795 3801 3101 3870 exemplum
3139 3798 3302 3852 ullttut
3349 3791 3581 3863 proferri

2010 3916 2187 3970 posse.
2233 3893 2411 3953 Malim
2451 3914 2580 3967 ergo
2615 3898 2749 3951 duos
2801 3896 2899 3948 ltus
2945 3895 2997 3946 in
3054 3889 3371 3945 Eunomium
3416 3884 3582 3938 libros

2011 3993 2166 4045 alteri
2192 3993 2365 4046 cuivis
2411 3990 2663 4058 scriptori
2706 3988 2970 4051 tribuere,
2993 4000 3154 4054 quam
3190 3994 3442 4050 magnum
3474 3975 3576 4029 Ba-

2012 4083 2190 4138 silium
2226 4085 2449 4138 insuetae
2481 4081 2716 4136 levitatis
2741 4088 3048 4148 su5pectunt
3089 4075 3334 4130 reddere.
3373 4069 3476 4124 Sed
3517 4067 3585 4122 de

2014 4176 2098 4230 liis
2137 4177 2268 4230 satis
2302 4194 2314 4228 :
2352 4191 2495 4229 nunc
2541 4175 2607 4228 de
2640 4174 2964 4242 quibusdam
3009 4169 3222 4223 Veteris
3248 4161 3582 4220 Testamenti

2014 4269 2148 4322 locis
2179 4268 2544 4322 instituendus
2579 4281 2759 4320 sermo
2793 4276 2895 4319 est.

2091 4359 2179 4412 75.
2215 4357 2290 4428 (a)
2325 4359 2508 4412 Mirari
2561 4357 2708 4410 subit
2766 4357 3049 4410 adversam
3101 4349 3424 4407 sententiam
3479 4361 3585 4400 non

2018 4450 2230 4504 aliunde
2256 4450 2424 4520 magis
2455 4449 2741 4510 inﬁrmari,
2764 4462 2924 4516 quam
2958 4445 3096 4500 unde
3125 4445 3360 4496 maxime
3389 4438 3587 4493 conﬁr-

346 4529 460 4584 loco
516 4531 755 4598 Spiritus
800 4540 1023 4584 sanctus
1071 4546 1330 4600 expresse
1386 4532 1527 4586 Deus
1582 4532 1761 4587 dictus
1807 4533 1908 4592 sit.
1945 4543 1988 4598 ι)
2021 4541 2155 4593 mari
2195 4541 2357 4608 vulgo
2409 4551 2647 4608 putatur.
2701 4538 2922 4591 Monere
2977 4550 3106 4603 ergo
3155 4535 3327 4602 juvat,
3370 4531 3474 4582 lioc
3516 4529 3584 4581 ab

347 4623 610 4692 hodieque
667 4624 967 4691 ignoratur.
1049 4623 1308 4692 Equidem
1365 4638 1470 4677 non
1531 4623 1801 4687 mirarer,
1866 4625 1910 4678 si

349 4709 608 4777 Spiritum
667 4721 913 4766 sanctum
963 4712 1016 4765 in
1073 4710 1368 4781 Scripturis
1447 4712 1666 4783 oblique
1743 4713 1909 4767 Deum

347 4804 597 4872 appellari
663 4804 890 4859 dixisset
941 4803 1168 4859 Basilius
1226 4821 1238 4856 :
1304 4805 1440 4870 sed,
1519 4813 1578 4858 ut
1645 4805 1773 4859 milii
1834 4806 1913 4859 vi-

350 4895 522 4961 detur,
560 4897 820 4965 Spiritum
858 4907 1104 4950 sanctum
1137 4897 1326 4950 eodem
1356 4913 1460 4965 quo
1497 4898 1726 4952 Verbum
1755 4899 1912 4953 modo

352 4987 402 5039 itt
427 4987 722 5058 Scripturis
746 4990 910 5044 Deum
945 4990 1203 5059 appellari
1240 4989 1305 5055 ⁸⁸,
1341 5007 1440 5044 nec
1473 4992 1608 5059 ipse,
1639 5004 1736 5044 nec
1759 4992 1912 5060 quis--

352 5091 507 5146 quam
544 5081 702 5145 alius,
739 5081 842 5135 nisi
875 5080 1039 5136 fuerit
1062 5081 1282 5134 omnino
1308 5079 1713 5148 Scriptttrarutn
1746 5082 1913 5149 rudis,

354 5168 525 5224 dicere
551 5171 748 5239 potuit.

423 5256 506 5310 74.
560 5258 692 5312 lllud
739 5258 982 5324 Joannis,
1026 5258 1189 5313 Pater
1223 5259 1394 5328 major
1433 5277 1514 5314 me
1543 5271 1618 5314 eu
1647 5261 1713 5327 ⁸⁸⁷,
1747 5262 1830 5316 bis
1859 5261 1913 5315 in

356 5352 502 5408 libris
530 5366 712 5408 contra
742 5355 1079 5408 Eumomium
1109 5356 1449 5425 explicatur:
1485 5357 1580 5410 sed
1607 5356 1720 5411 hmo
1749 5358 1919 5426 expli-

361 5446 498 5500 catio
535 5459 638 5502 tam
673 5449 887 5504 diversa
920 5459 1025 5514 est,
1059 5457 1118 5502 ut
1150 5449 1269 5517 ejus
1300 5463 1438 5503 unus
1465 5458 1518 5503 et
1563 5449 1702 5503 idem
1731 5460 1920 5505 auctor

358 5549 477 5594 esse
526 5557 628 5594 non
676 5543 868 5610 possit.
913 5542 1004 5596 Ait
1057 5543 1220 5612 igitur
1265 5543 1499 5612 scriptor
1529 5542 1708 5612 quarti
1758 5541 1906 5611 libri,

2021 4633 2356 4688 adversariis
2391 4631 2744 4684 callidissime
2783 4628 2885 4681 diei
2936 4627 3172 4691 solitum,
3227 4622 3484 4677 Basilium
3530 4619 3586 4672 in

2019 4733 2214 4793 quarto
2239 4725 2294 4775 in
2330 4721 2648 4774 Eunomium
2702 4720 2838 4773 libro
2870 4727 3179 4772 exsecutum
3233 4716 3397 4769 fuisse
3442 4711 3586 4782 quod

2019 4815 2070 4868 in
2104 4813 2340 4869 secundo
2367 4813 2634 4866 facturum
2666 4826 2728 4866 se
2761 4813 3100 4880 promiserat.
3149 4807 3382 4862 Basilius
3414 4805 3586 4869 enim,

2020 4907 2291 4976 inquiunt,
2323 4905 2682 4972 pollicebatur
2710 4906 2760 4956 itt
2795 4902 3030 4957 secundo
3058 4911 3241 4954 contra
3266 4897 3588 4952 Eunomium

2018 4999 2174 5061 libro,
2195 5012 2255 5052 se
2277 4997 2343 5049 ab
2362 4997 2446 5048 illa
2466 4994 2776 5048 Salomonis
2808 4993 3096 5056 sententia,
3114 4992 3366 5045 Dominus
3391 4987 3587 5043 creavit

2018 5106 2099 5142 me
2133 5087 2202 5150 ⁸⁸,
2236 5086 2409 5141 fusius
2443 5086 2496 5139 itt
2535 5085 2754 5154 proprio
2789 5084 2907 5139 loco
2959 5081 3264 5137 locuturum
3297 5097 3310 5134 :
3349 5077 3490 5148 quod
3520 5076 3589 5130 ab

2020 5195 2084 5234 eo
2115 5179 2167 5233 in
2194 5178 2330 5233 libro
2370 5186 2563 5246 quarto
2594 5176 2792 5229 factum
2818 5173 2986 5227 fuisse
3033 5177 3274 5226 censent.
3330 5167 3440 5236 Ego
3469 5165 3590 5234 qui-

2021 5269 2140 5324 dem
2177 5283 2282 5322 non
2324 5281 2460 5337 nego
2490 5267 2602 5320 bzec
2636 5263 2902 5332 promissa
2944 5275 3063 5316 esse
3103 5275 3132 5313 a
3167 5257 3362 5312 Basilio
3400 5255 3492 5308 lib.
3523 5250 3586 5316 ll,

2026 5379 2174 5414 num.
2201 5361 2272 5415 20
2309 5378 2322 5416 :
2359 5361 2452 5415 sed
2489 5360 2561 5414 ita
2609 5359 2803 5420 sentio,
2865 5365 3074 5410 tantunt
3141 5353 3332 5407 abesse
3377 5357 3433 5402 ttt
3489 5347 3591 5400 hoc

2027 5464 2216 5504 corum
2256 5449 2575 5504 sententiam
2615 5447 2876 5510 stabiliat,
2905 5454 2962 5498 ut
2995 5458 3112 5497 eam
3144 5443 3323 5511 potius
3350 5437 3591 5492 funditus

2029 5550 2257 5598 evertat.
2287 5542 2374 5607 Et,
2402 5550 2460 5595 ut
2482 5555 2544 5595 ea
2571 5540 2636 5595 de
2657 5554 2716 5594 re
2741 5553 2770 5592 a
2793 5537 3034 5608 quolibet
3062 5532 3361 5591 existimari
3395 5530 3590 5604 possit.

435 5675 507 5746 (tt)
531 5676 666 5750 Lege
696 5679 978 5751 Prologum
1008 5681 1096 5750 qui
1130 5682 1182 5734 itt
1212 5681 1339 5734 edit.
1370 5679 1542 5734 Paris.
1567 5685 1773 5749 positus
1803 5687 1886 5734 est
1909 5687 2030 5734 ante
2053 5679 2249 5736 librum
2283 5688 2530 5751 quartum
2570 5687 2748 5734 contra
2777 5676 3115 5731 Enna-mium.

438 5795 485 5824 ‘"
504 5794 648 5853 deant
676 5815 714 5868 ι,
741 5799 790 5853 i.
870 5800 911 5831 "’
934 5798 1087 5855 Joan.
1123 5798 1338 5867 x1v,28.
1418 5799 1461 5830 ⁸⁸
1489 5798 1646 5854 Prov.
1673 5811 1790 5860 vttt,
1818 5795 1906 5849 22.

870 5800 911 5831 ⁸⁷
934 5798 1087 5855 Joan.
1123 5815 1232 5867 xw,
1249 5798 1338 5855 28.
