4094 6220
508 424 644 468 CCXI.

1870 411 2398 471 PROLEGOMENA.

505 540 689 602 opera:
719 531 953 601 pretium
987 532 1123 589 duco
1137 547 1259 603 qua
1284 535 1338 591 in
1375 534 1529 592 libris
1555 538 1791 593 secundo
1816 544 1868 593 et
1890 545 2083 607 quarto
2108 539 2156 598 Α
2186 551 2277 599 νος
2319 535 2386 605 τῇ
2422 534 2596 604 φωνῇ.
2642 549 2661 583 ι
2700 529 2800 600 Qui
2829 534 2973 587 enim
3010 529 3179 595 dixit,
3227 492 3449 585 Passedi
3479 523 3741 582 hominem

508 621 759 692 leguntur
798 624 877 693 (p.
901 624 1038 690 256,
1076 614 1230 697 993),
1285 627 1576 698 diligenter
1604 630 1745 684 inter
1779 644 1839 685 se
1859 644 2077 701 compa-

512 730 655 769 rare.
678 716 1228 774 Animadvertendum
1268 719 1452 788 igitur,
1488 718 1745 775 Basilium
1768 722 1933 777 verba
1959 723 2076 777 haec

513 799 839 868 Salomonis,
874 804 1129 862 Dominus
1161 810 1357 863 creavit
1404 824 1505 873 me,
1558 810 1665 864 alio
1711 812 1928 882 quidem
1960 812 2078 867 loco

510 895 690 961 aptius
720 893 1140 967 diligentiusque
1161 900 1262 954 sibi
1291 900 1651 955 examinanda
1681 905 2023 972 proposuisse
2058 920 2072 956 :

509 983 604 1037 sed
642 995 817 1040 tamen
875 989 987 1042 lucc
1026 990 1143 1059 ipsa
1183 990 1487 1046 Salomonis
1544 995 1706 1047 verba
1748 1006 1856 1048 tam
1916 1010 2079 1063 parce

513 1083 728 1143 tamque
789 1079 1132 1149 indiligenter
1169 1084 1223 1137 in
1285 1095 1476 1153 quarto
1531 1097 1713 1141 contra
1760 1086 2079 1142 Eunomium

510 1162 652 1219 libro
679 1169 1078 1237 expenduntur,
1109 1181 1168 1225 ttt
1214 1174 1258 1227 si
1308 1176 1427 1243 quis
1457 1175 1718 1231 Basiliutn
1768 1179 1961 1233 harum
1995 1179 2076 1233 in-

513 1258 963 1322 terpretationunt
985 1259 1151 1315 faciat
1172 1273 1476 1329 auctorem,
1505 1283 1625 1320 cum
1668 1268 1950 1337 promissis
1973 1283 2079 1325 non

510 1346 726 1401 stetisse
763 1348 995 1405 fateatur
1024 1368 1247 1410 necesse
1290 1356 1383 1412 sit.
1434 1357 1498 1412 Et
1530 1373 1657 1413 vero
1682 1360 1723 1414 si
1752 1360 1881 1428 quid
1914 1360 2079 1414 alicu-

506 1436 598 1505 jus
628 1442 886 1518 momenti
940 1443 1135 1511 legitur
1166 1448 1217 1500 in
1246 1448 1388 1503 libro
1434 1458 1653 1518 quarto,
1685 1450 1737 1503 id
1761 1450 1873 1519 jam
1914 1464 1945 1504 a
1979 1449 2081 1504 Ba-

513 1527 638 1582 silio
686 1543 1116 1601 praaoccupalum
1150 1535 1326 1591 fuerat
1381 1537 1434 1592 in
1483 1539 1739 1594 secundo.
1773 1538 1941 1606 Quale
1975 1549 2078 1605 est,

514 1620 656 1685 quod
685 1620 885 1675 dicitur
907 1624 971 1677 de
1004 1627 1270 1696 scriptore
1300 1627 1716 1683 Proverbiorum
1756 1648 1771 1685 :
1804 1644 1904 1684 nec
1927 1631 2081 1686 valde

513 1706 699 1762 dubito
722 1713 849 1776 quin
876 1713 998 1769 libri
1027 1719 1207 1784 quarti
1238 1728 1430 1773 auctor
1462 1735 1615 1775 suam
1644 1719 2078 1791 explanationem

513 1810 545 1851 a
574 1796 774 1857 Basilio
809 1813 1083 1862 mutuatus
1139 1809 1230 1863 sit.
1279 1808 1526 1879 Reliqua,
1562 1824 1680 1878 quae
1722 1825 1891 1879 pauca
1929 1819 2075 1878 sunt,

2177 639 2270 694 per
2294 624 2480 689 Deum,
2512 631 2727 678 constat
2751 637 2873 678 eum
2925 622 3027 677 bac
3072 634 3206 677 voce
3252 633 3411 674 usum
3452 629 3592 685 esse,
3629 629 3741 671 non

2175 714 2320 782 quod
2352 722 2592 767 creasset
2640 712 2798 777 Cain,
2840 711 2935 766 sed
2996 709 3141 779 quod
3198 707 3494 779 genuisset.
3530 721 3549 756 ι
3600 703 3740 759 Vide

2182 803 2366 873 igitur,
2390 818 2515 858 ecce
2545 804 2639 859 tibi
2663 803 2766 857 duo
2798 801 3063 866 homines,
3086 814 3314 870 quorum
3344 797 3500 861 alter,
3529 805 3587 848 ut
3609 808 3740 864 pro-

2176 894 2407 963 positum
2463 902 2808 962 assequatur,
2861 906 3004 957 eum,
3058 904 3220 960 quem
3274 887 3409 950 dixi,
3467 886 3740 942 Geneseos

2176 982 2353 1037 locum
2388 983 2642 1052 depravat
2674 999 2690 1048 ;
2717 981 2854 1035 alter
2882 995 3008 1036 vero
3032 981 3176 1034 hunc
3201 980 3376 1049 ipsum
3405 975 3581 1030 locum
3615 982 3740 1043 apte

2176 1084 2230 1130 et
2259 1075 2419 1130 docte
2451 1075 2604 1128 citat.
2643 1073 2738 1128 llic
2772 1073 2985 1129 tandem
3022 1071 3149 1127 huic
3199 1069 3549 1139 disputationi
3576 1066 3737 1121 linem

2179 1167 2473 1237 imponam,
2505 1167 2553 1221 si
2586 1175 2765 1221 tamen
2795 1165 2944 1235 prius
2976 1178 3258 1229 monuere,
3315 1176 3419 1223 me,
3455 1157 3599 1228 quod
3648 1169 3740 1212 res

2178 1268 2304 1312 nota
2331 1258 2424 1323 sit,
2452 1273 2559 1313 non
2590 1256 2879 1312 allaturum
2933 1255 3168 1326 insignia
3214 1253 3419 1321 aliquot
3467 1247 3737 1318 exempla,

2178 1349 2378 1419 quibus
2406 1349 2618 1404 ostendi
2672 1348 2844 1418 possit
2872 1362 3037 1418 opera
3073 1346 3250 1416 aliqua
3290 1345 3413 1398 aliis
3440 1342 3604 1398 etiant
3638 1339 3741 1394 Pa-

2180 1442 2351 1498 tribus
2387 1439 2516 1497 olim
2548 1439 2683 1495 falso
2718 1440 2922 1496 tributa
2956 1438 3163 1494 fuisse:
3202 1450 3375 1505 neque
3400 1435 3539 1489 hanc
3566 1445 3738 1487 meam

2177 1532 2484 1603 opinionem
2505 1530 2834 1587 obstinatius
2861 1527 3233 1594 defensurum,
3277 1528 3322 1583 si
3361 1540 3482 1582 eam
3514 1521 3742 1579 eruditis

2177 1624 2487 1682 hominibus
2519 1639 2625 1681 non
2649 1623 2865 1696 probari
2899 1623 3219 1694 intelligam.

2184 1758 2212 1832 §
2236 1759 2351 1819 Xll.
2374 1759 2453 1816 De
2471 1756 2925 1814 lucubratiuncula
2952 1756 3175 1830 quadam
3210 1754 3275 1810 de
3314 1751 3516 1825 Spiritu
3538 1755 3742 1807 sancto.

512 1902 635 1946 cum
666 1901 842 1949 tamen
871 1894 1102 1952 Basilius
1148 1873 1556 1967 responsionem
1579 1873 1800 1971 longam
1831 1908 1887 1955 et
1917 1873 2078 1954 accu;
2107 1873 2154 1934 Β
2253 1891 2343 1947 76.
2380 1890 2634 1960 Sequitur
2659 1898 2777 1959 post
2809 1890 3054 1961 quintum
3085 1890 3140 1943 in
3169 1887 3488 1943 Eunomittm
3543 1882 3742 1937 librum

514 1989 688 2034 ratam
729 1984 1045 2049 promisisse
1083 1987 1349 2052 videatur,
1398 1998 1494 2042 aut
1547 2004 1654 2043 non
1704 1988 1981 2058 pertinent
2009 1988 2078 2044 ad

515 2086 655 2136 rem,
703 2084 797 2128 aut
846 2091 1125 2144 perperam
1170 2086 1225 2132 et
1286 2090 1475 2134 contra
1526 2080 1785 2135 librorum
1836 2081 2075 2136 omnium

515 2158 674 2214 ﬁdem
723 2163 1093 2231 proferuntur.
1124 2165 1458 2235 Adprimum
1487 2184 1655 2237 genus
1703 2179 1911 2239 spectat
1945 2169 2079 2224 illud

518 2249 772 2307 Davidis:
804 2255 1068 2323 Καρδίαν
1117 2258 1384 2326 καθαρὰν
1435 2260 1651 2314 κτίσον
1696 2261 1767 2315 ἐν
1815 2262 1984 2331 ἐμοὶ,
2046 2264 2079 2317 ό

515 2343 684 2410 θεός.
720 2345 825 2399 Cor
852 2352 1100 2400 mundum
1142 2367 1261 2402 crea
1297 2352 1346 2403 in
1371 2367 1469 2417 me,
1504 2352 1641 2405 Deus
1668 2352 1887 2407 ".ltem
1913 2354 2075 2409 illud:

514 2434 710 2523 ξεν-οῦ
739 2453 839 2506 μοι
860 2438 947 2503 εὶς
977 2438 1125 2523 ᾃεόν
1147 2442 1628 2510 ὑπεριισπιστήν.
1678 2443 1804 2498 Esto
1851 2445 1978 2499 mihi
2022 2446 2079 2499 in

517 2521 684 2576 Deum
732 2521 1164 2591 protectorem".
1207 2530 1336 2583 illud
1381 2547 1644 2601 quoque:
1694 2534 1933 2605 Ἐτένου
1977 2552 2081 2605 μοι

513 2617 605 2681 εὶς
640 2619 960 2685 σωτηρίαν.
1024 2618 1223 2674 Factus
1253 2639 1307 2676 es
1353 2623 1482 2678 mihi
1514 2627 1566 2679 in
1611 2626 1831 2681 salutem
1860 2628 1928 2681 '“.
1960 2627 2079 2681 Uno

515 2708 704 2773 verbo,
724 2710 968 2778 quisquis
988 2709 1177 2781 legerit
1205 2714 1365 2769 breve
1405 2717 1506 2770 hoc
1528 2717 1678 2786 quasi
1699 2717 2076 2787 fragmentum,

517 2800 571 2854 in
597 2815 705 2869 quo
733 2813 919 2857 auctor
950 2804 1122 2858 locum
1174 2805 1588 2863 Proverbiorutn
1659 2810 1948 2880 explanare
1999 2813 2084 2867 in-

518 2892 793 2956 5tituerat,
826 2907 1187 2961 nequaquam,
1212 2905 1361 2963 puto,
1393 2897 1722 2952 iniiciabitnr
1747 2901 1916 2968 ipsum
1942 2917 2084 2970 saepe

517 2980 733 3049 quidvis
760 2983 938 3050 potius
980 2984 1194 3047 fecisse,
1226 3001 1387 3051 quam
1441 2990 1584 3056 quod
1640 2990 1944 3046 faciendum
1978 2995 2082 3049 sibi

519 3083 894 3142 preposnerat.
927 3076 1006 3128 Ad
1046 3077 1342 3132 secundum
1373 3095 1544 3146 genus
1587 3082 1779 3136 referri
1808 3099 1967 3152 posse
2004 3085 2085 3138 vi-

518 3163 676 3216 detnr
749 3163 873 3217 illttd
920 3184 933 3219 :
993 3165 1314 3235 Ἐποίησεν
1362 3169 1532 3235 υἱοὺς
1586 3171 1687 3225 καὶ
1738 3173 2081 3244 θυγατέρας.

520 3252 668 3309 Fecit
701 3257 841 3324 ﬁlios
863 3266 910 3311 et
942 3259 1108 3326 ﬁlius.
1144 3260 1275 3314 Nam
1316 3262 1368 3315 in
1403 3263 1542 3317 Gen.
1590 3278 1711 3334 cap.
1747 3281 1781 3318 v
1820 3282 1928 3321 non
1961 3283 2086 3323 raro

521 3344 622 3415 legi
653 3345 942 3418 ἐγέννησεν
971 3350 1120 3414 υἱοὺς
1164 3351 1260 3404 καὶ
1291 3352 1615 3426 Θυγατέρας,
1645 3373 1665 3408 ι
1699 3356 1899 3413 Genuit
1948 3359 2088 3417 ﬁlios

521 3449 577 3491 t-t
610 3438 770 3504 tilias,
805 3460 824 3492 ι
860 3441 975 3496 scio
996 3444 1210 3510 quidem
1245 3463 1259 3499 ε
1295 3450 1389 3500 sed
1418 3447 1507 3500 ubi
1546 3448 1805 3519 scriptum
1836 3450 2085 3505 invenia-

523 3540 631 3595 tur,
658 3531 910 3602 ἐποίησεν
948 3536 1096 3597 υἱοὺς
1128 3537 1221 3589 καὶ
1250 3535 1577 3610 Θυγατέρας,
1613 3559 1631 3593 ι
1679 3539 1834 3595 Fecit
1866 3542 2005 3596 lilios
2033 3550 2089 3598 et

525 3621 696 3686 tilias,
732 3640 750 3673 ι
790 3623 992 3678 nescio.
1045 3624 1301 3682 Fortasse
1357 3629 1597 3695 scriptor
1644 3630 1859 3698 putavit
1910 3630 2089 3700 legere

523 3714 625 3767 sibi
652 3713 834 3779 licere,
879 3707 1132 3786 ἐποίησεν
1156 3717 1303 3783 υἱοὺς
1341 3718 1436 3771 καὶ
1467 3718 1796 3791 θυγατέρας,
1835 3722 1977 3786 quod
2012 3721 2085 3776 ita

522 3804 640 3873 eius
661 3810 985 3877 propositum
1002 3809 1298 3878 postularet
1329 3827 1342 3863 :
1370 3814 1463 3867 sed
1500 3813 1600 3866 hoc
1625 3813 1672 3865 ei
1707 3813 2091 3882 quisdederit?

526 3898 775 3967 Ejusdem
816 3903 1030 3971 generis
1082 3911 1207 3957 sunt
1248 3913 1301 3957 et
1335 3885 1430 3956 illa
1477 3900 1551 3974 (p.
1580 3902 1743 3973 295):
1774 3903 2006 3974 Λέγεται
2032 3903 2089 3959 δὲ

523 3990 620 4044 καὶ
640 3990 733 4045 ἐπὶ
750 3994 1081 4065 γεννήματος
1101 3993 1307 4064 κτίσμα
1327 3993 1421 4047 καὶ
1445 3994 1572 4065 ποίη
1581 4011 1676 4064 μα,
1697 3993 1771 4059 ὡς
1785 3995 1846 4049 τό
1864 4012 1878 4026 ’
1912 3996 2089 4050 Ἐκτιοε

524 4081 705 4151 σάμην
734 4083 1022 4154 ἄνθρωπον
1065 4086 1153 4138 διὰ
1189 4085 1285 4138 τοῦ
1318 4084 1475 4138 Θεοῦ.
1516 4104 1536 4138 ς
1569 4085 1709 4152 Quin
1756 4096 1809 4142 et
1841 4089 2090 4156 genitura

526 4174 726 4228 dicitur
743 4186 987 4230 creatura
1013 4186 1066 4230 et
1090 4177 1319 4240 factura,
1345 4177 1571 4242 utillud,
1594 4177 1783 4232 Creavi
1815 4178 2088 4236 hominem

525 4279 624 4332 per
653 4267 839 4321 Deum.
878 4286 898 4320 ι
940 4268 1103 4332 Satis,
1137 4271 1363 4338 opinor,
1413 4284 1606 4324 omnes
1643 4279 1845 4324 norunt
1877 4287 1988 4327 non
2016 4272 2091 4327 ita

528 4357 632 4426 legi
657 4356 792 4413 Gen.
826 4374 899 4426 tv,
928 4359 983 4423 1,
1019 4378 1037 4410 ι
1076 4358 1266 4414 Creavi
1291 4359 1559 4416 hominem
1586 4375 1682 4430 per
1712 4360 1912 4418 Deum:
1946 4379 1966 4415 ι
1998 4363 2092 4417 sed

530 4456 713 4501 tamen
743 4461 856 4500 rem
891 4448 1051 4517 paulo
1103 4447 1414 4519 diligentius
1440 4449 1775 4505 considerari
1801 4448 1943 4506 volo.
1979 4449 2092 4508 lloc

532 4538 694 4607 igitur
728 4538 859 4592 dicit
912 4540 1187 4609 scriptor,
1232 4539 1538 4611 genituram
1586 4541 1772 4596 vocari
1824 4556 1986 4612 posse
2038 4551 2092 4598 et

536 4647 559 4683 ι
596 4639 900 4685 creaturam
953 4630 1265 4685 facturam:
1308 4649 1329 4682 ι
1357 4630 1503 4699 quod
1549 4640 1610 4686 ut
1654 4632 1878 4704 probet,
1914 4631 2090 4687 locutu

528 4721 809 4777 Ceneseos
834 4736 1186 4791 corrumpere
1238 4722 1444 4777 veritus
1489 4737 1596 4777 non
1652 4730 1757 4779 est.
1805 4720 2094 4781 Enimvero

532 4826 709 4881 neque
741 4813 791 4865 in
820 4810 1035 4876 Bibliis,
1087 4825 1263 4881 neque
1307 4811 1361 4866 in
1395 4812 1536 4868 notis
1581 4809 1802 4878 Nobilii,
1835 4827 2012 4883 neque
2040 4815 2094 4869 in

533 4902 807 4971 llexaplis,
829 4917 1005 4973 neque
1034 4902 1089 4957 in
1112 4903 1235 4958 aliis
1266 4916 1387 4972 quae
1411 4902 2101 4973 viderelicuitexemplari-

534 4994 635 5049 hus
662 5009 887 5063 usquam
917 4994 1113 5064 legitur
1136 4994 1274 5050 Gen.
1298 5011 1374 5061 tv,
1396 4995 1448 5059 l,
1472 4995 1827 5067 ὲκτισάμην,‹
1846 4997 2024 5052 creari
2045 5014 2057 5049 :
2075 5017 2094 5049 ι

534 5080 629 5135 sed
658 5081 858 5149 ubique
889 5097 1081 5149 magno
1110 5082 1369 5138 librorum
1399 5084 1549 5137 inter
1570 5098 1629 5138 se
1654 5098 1931 5140 censensu
1966 5086 2101 5158 legi-

537 5181 626 5223 tur
658 5169 1064 5242 Ἔκτησάμην,
1093 5171 1337 5228 Possedi.
1364 5171 1484 5230 iam
1506 5174 1791 5230 audiamus
1819 5174 2098 5241 Basiliam,

534 5264 627 5329 qui
663 5263 767 5319 hoc
804 5264 921 5334 ipso
974 5264 1269 5334 Scriptura:
1318 5265 1635 5319 testimonio
1693 5264 2009 5321 ﬁdelissime
2038 5269 2108 5324 ad

539 5353 954 5425 institutumque
983 5356 1543 5412 accommodatissime
1582 5372 1713 5412 usus
1758 5366 1845 5412 est
1889 5357 1984 5412 lib.
2039 5374 2105 5425 tt,

541 5460 692 5500 num.
732 5445 821 5501 20.
875 5446 969 5502 Sic
1013 5456 1195 5503 autem
1245 5449 1483 5514 loquitur
1536 5465 1551 5505 :
1633 5449 1693 5502 ’0
1738 5449 1849 5519 γὰρ
1897 5449 2104 5516 εἰπὼν,

555 5534 936 5607 Ἐκτησάμην
963 5536 1275 5608 ἄνθρωπον
1297 5538 1395 5593 διὰ
1416 5538 1522 5593 τοῦ
1559 5539 1726 5601 Θεοῦ,
1760 5540 1882 5611 οὐχὶ
1917 5541 2109 5606 κτίσας

542 5626 633 5680 τὴν
650 5628 814 5696 Κάῖν,
845 5630 980 5685 ἀλλὰ
1008 5634 1293 5704 γεννήσας,
1336 5631 1510 5705 ταύτῃ
1554 5632 1800 5702 φαίνεται
1831 5633 2110 5707 χρησάμε-

615 5800 660 5832 ⁶⁹
696 5799 815 5857 Psal
867 5818 919 5865 ι,
960 5804 1039 5857 12.
1119 5806 1163 5837 ⁷ο
1204 5803 1341 5861 Psal.
1384 5822 1509 5872 xxx,
1544 5806 1595 5860 3.
1668 5808 1708 5839 ⁷¹
1734 5806 1872 5863 Psal.
1901 5824 2065 5877 csvtt,
2097 5808 2185 5863 Ἢ.

2183 1981 2641 2039 lucubratiuncula
2668 1980 2913 2051 quaedam
2951 1979 3017 2033 de
3060 1978 3269 2047 Spiritu
3292 1986 3469 2030 sancto
3497 1988 3515 2026 :
3542 1974 3607 2025 de
3637 1982 3745 2039 qua

2183 2089 2326 2130 nunc
2357 2089 2506 2130 more
2533 2083 2721 2129 nostro
2762 2073 3041 2143 disputare
3094 2069 3449 2125 instituimus.
3508 2060 3747 2119 Libellus

2184 2166 2273 2222 ille
2319 2181 2426 2221 non
2469 2165 2650 2237 magni
2699 2172 2782 2220 est
2831 2161 3122 2226 momenti;
3179 2174 3278 2214 nec
3313 2157 3542 2213 multum
3578 2151 3747 2209 refert

2184 2258 2269 2313 cui
2305 2257 2596 2325 tribuatur,
2632 2256 2857 2320 Basilio,
2905 2268 2972 2308 an
3010 2252 3181 2308 cuivis
3228 2250 3384 2305 alteri
3437 2242 3691 2316 scriptori
3724 2256 3742 2295 :

2185 2349 2436 2418 quoniam
2469 2357 2646 2403 tamen
2671 2347 2804 2403 mibi
2834 2362 2939 2402 non
2970 2347 3096 2400 licet
3122 2344 3414 2413 quidquam
3447 2335 3747 2409 prteterire,

2183 2440 2368 2511 paucis
2389 2440 2562 2494 dicam
2594 2439 2736 2509 quod
2770 2439 2967 2494 sentio.
2997 2436 3246 2490 Arbitror
3273 2434 3430 2503 igitur
3455 2431 3556 2485 hoc
3580 2440 3747 2492 opus-

2184 2528 2364 2584 culum
2418 2526 2603 2584 Basilii
2640 2544 2745 2583 non
2777 2542 2896 2583 esse
2939 2545 2954 2582 :
2986 2526 3079 2581 sed
3103 2524 3255 2595 cujus
3282 2524 3372 2588 sit,
3395 2529 3540 2576 certo
3570 2519 3751 2573 dicere

2187 2635 2293 2675 non
2326 2635 2489 2690 queo.
2518 2619 2647 2674 Mihi
2683 2630 2858 2674 tamen
2880 2616 3175 2673 verisimile
3220 2616 3280 2669 lit
3309 2598 3666 2682 compositum
3692 2604 3748 2660 id

2190 2711 2360 2767 fuisse
2394 2712 2461 2766 ab
2492 2713 2597 2766 hoc
2643 2710 2761 2781 ipso
2804 2708 3093 2779 scriptore,
3143 2709 3233 2776 qui
3271 2705 3492 2759 ultimos
3527 2702 3661 2756 duos
3692 2699 3751 2752 in

2187 2802 2507 2858 Eunautium
2533 2802 2700 2858 libros
2729 2801 2919 2857 edidit.
2957 2800 3025 2854 Et
3066 2799 3282 2870 quidem
3317 2812 3422 2850 non
3452 2803 3599 2848 tanta
3625 2790 3748 2846 dili-

2188 2894 2369 2964 gentia
2420 2894 2654 2963 scriptus
2705 2901 2790 2947 est
2816 2892 2906 2947 hic
2951 2890 3185 2956 libellus,
3226 2896 3286 2945 ut
3328 2888 3529 2942 Basilio
3560 2883 3750 2954 Magno

2191 2984 2353 3039 tribui
2385 2985 2506 3051 jure
2529 2985 2701 3054 possit
2736 3001 2750 3037 :
2784 2983 2892 3038 imo
2919 2982 3098 3053 potius
3123 2983 3452 3051 compositus
3490 2989 3574 3035 est
3608 2977 3751 3034 indi-

2190 3075 2409 3147 ligentia
2434 3092 2518 3142 ea,
2542 3091 2662 3146 qnte
2688 3075 2744 3130 in
2767 3090 2889 3131 eum
2911 3089 3067 3146 quem
3095 3075 3201 3128 dixi
3221 3075 3534 3143 scriptorem
3551 3070 3755 3140 optime

2191 3173 2496 3224 conveniat.
2531 3168 2683 3236 Quod
2713 3179 2895 3225 autem
2919 3168 3051 3231 dixi,
3095 3167 3264 3222 videri
3318 3166 3455 3220 hanc
3508 3163 3756 3218 lucubra-

2192 3262 2484 3316 tiunculam
2543 3262 2612 3317 ab
2664 3262 2853 3317 eodem
2907 3260 3172 3332 scriptore
3210 3260 3411 3314 editam
3446 3258 3632 3323 fuisse,
3661 3254 3753 3325 qui

2190 3360 2494 3421 postremos
2517 3351 2652 3405 duos
2671 3350 2726 3404 in
2753 3349 3075 3404 Eunomt'um
3101 3348 3271 3403 libros
3306 3346 3564 3416 vulgavit,
3593 3344 3646 3400 id
3685 3359 3752 3400 ex

2192 3444 2335 3496 notis
2387 3449 2552 3510 patet.
2598 3440 2656 3496 ln
2690 3442 2777 3497 bis
2814 3442 2959 3495 enim
2991 3440 3302 3495 monuimus
3350 3438 3537 3493 ultima
3580 3435 3755 3507 quinti

2194 3532 2313 3587 libri
2349 3535 2515 3588 verba
2551 3547 2671 3587 cum
2701 3532 2890 3601 primis
2920 3531 3077 3599 hujus
3105 3529 3590 3587 lucubratiunculas
3634 3542 3754 3583 ver-

2192 3626 2278 3683 bis
2300 3626 2375 3681 ita
2405 3626 2457 3681 in
2510 3625 2785 3681 veteribus
2823 3625 3146 3694 quibusdam
3184 3623 3337 3679 libris
3363 3622 3507 3677 inter
3535 3633 3597 3675 se
3627 3633 3759 3674 con-

2187 3719 2361 3791 jungi,
2395 3730 2455 3775 ut
2478 3718 2735 3774 continua
2791 3718 3036 3773 oratione
3083 3716 3240 3788 plane
3283 3716 3532 3786 legantur
3565 3730 3579 3766 :
3615 3711 3758 3781 quod

2195 3824 2342 3869 certe
2372 3811 2575 3867 indicio
2601 3818 2685 3867 est
2713 3810 2856 3866 hanc
2886 3807 3415 3865 lucubratiunculam
3450 3806 3581 3860 nihil
3607 3802 3758 3859 aliud

2193 3920 2336 3970 esse.
2389 3905 2492 3959 nisi
2527 3902 2697 3973 quinti
2750 3902 2877 3958 libri
2926 3901 3197 3971 epilogum
3243 3901 3311 3955 ab
3346 3913 3451 3953 uno
3484 3908 3540 3954 et
3568 3897 3759 3953 eodem

2159 3990 2167 3996 ’
2194 4007 2413 4054 auctore
2432 3996 2824 4065 conscriptum.
2849 3994 2918 4049 Et
2937 3994 3041 4050 hoc
3074 3993 3200 4048 inde
3222 3992 3533 4047 conﬁrmari
3562 3998 3758 4060 potest,

2193 4090 2339 4161 quod
2372 4089 2514 4144 utin
2551 4087 2754 4144 ultimis
2793 4088 3001 4142 duobus
3037 4085 3093 4139 in
3122 4083 3445 4139 Eunomium
3475 4082 3653 4145 libris,
3683 4082 3760 4136 ita

2193 4191 2248 4238 et
2282 4182 2335 4237 in
2365 4181 2456 4237 illo
2485 4193 2702 4251 quoque
2754 4177 3016 4249 opusculo
3065 4176 3301 4246 Spiritus
3353 4182 3573 4231 sanctus
3619 4173 3762 4228 Deus

2194 4282 2436 4330 vocetur.
2472 4272 2587 4339 Qua
2622 4279 2801 4326 autem
2851 4269 3133 4338 diligentia
3162 4268 3399 4336 scriptus
3443 4267 3516 4320 sit
3554 4264 3646 4320 hic
3689 4264 3763 4320 li-

2193 4361 2386 4429 bellus,
2429 4361 2542 4431 jam
2572 4360 2871 4416 videamus.
2923 4358 3025 4414 Ubi
3060 4366 3249 4412 auctor
3294 4358 3360 4412 de
3390 4357 3565 4410 anima
3627 4368 3762 4425 pura

2197 4454 2471 4524 loquitur,
2530 4452 2604 4506 ita
2639 4450 2856 4519 scripsit
2903 4465 2921 4504 :
2963 4448 3212 4523 Προσίτω
3243 4447 3301 4501 δὲ
3339 4446 3527 4519 ἡσύχῳ
3551 4447 3617 4516 τῇ
3664 4463 3766 4499 κα-

2195 4544 2473 4599 ταστάσει.
2510 4540 2750 4612 Ἤσυχον
2788 4538 2847 4594 δὲ
2886 4539 3056 4610 αὐτῆς
3094 4537 3253 4601 ἔστω,
3287 4537 3360 4608 μὴ
3387 4537 3545 4607 μόνον
3576 4535 3639 4589 τὸ
3663 4552 3764 4589 πε-

2202 4632 2507 4706 ρικείμενον
2532 4629 2712 4701 σῶμα,
2744 4628 2840 4683 καὶ
2865 4627 2895 4680 ὁ
2939 4627 3032 4682 τοῦ
3064 4619 3311 4699 σώεὶατος
3340 4626 3578 4681 κλύδων·
3627 4625 3766 4682 ἀλλὰ

2199 4730 2294 4784 καὶ
2323 4728 2432 4780 πᾶν
2458 4725 2519 4779 τὸ
2540 4723 2823 4796 περιέχονο
2852 4721 3103 4794 οὐρανὸς,
3148 4721 3241 4793 γῆ,
3272 4719 3534 4785 θάλασσα,
3570 4718 3666 4772 καὶ
3697 4720 3768 4774 τὰ

2200 4820 2259 4872 ὲν
2282 4818 2493 4881 τούτοις
2516 4814 2732 4884 λογικά.
2762 4833 2782 4866 ι
2810 4815 3041 4868 Accedat
3069 4820 3248 4867 autem
3281 4811 3570 4880 tranquillo
3597 4820 3764 4865 statu.

2203 4908 2314 4964 Nec
2345 4908 2517 4963 solum
2544 4920 2739 4974 corpus
2764 4905 2882 4973 ejus
2903 4903 3319 4972 circumjaeens,
3348 4911 3403 4956 et
3444 4914 3611 4956 aestus
3642 4916 3763 4955 cor-

2201 5001 2350 5073 poris
2398 4996 2689 5067 tranquilla
2718 4996 2870 5052 sint:
2903 4996 2996 5051 sed
3042 4997 3205 5050 etiam
3238 4992 3498 5064 quidquid
3523 4992 3688 5047 ambit
3715 5002 3769 5046 et

2201 5089 2689 5161 circumplectitur,
2717 5085 2912 5143 cmlum
2964 5086 3231 5152 videlicet,
3272 5097 3437 5152 terra,
3489 5098 3659 5153 mare,
3712 5092 3770 5138 et

2203 5196 2324 5251 qua:
2361 5182 2414 5235 in
2455 5179 2523 5235 iis
2552 5186 2681 5234 sunt
2733 5177 3044 5233 rationalia.
3081 5194 3100 5228 ›
3128 5176 3294 5243 Quasi
3345 5190 3477 5231 vero
3498 5175 3664 5230 situm
3714 5176 3767 5229 in

2201 5271 2359 5327 nobis
2381 5277 2547 5333 esset,
2584 5278 2643 5324 ut
2679 5267 2875 5325 caelum
2909 5279 3162 5337 terraque
3209 5274 3265 5320 et
3288 5281 3440 5322 mare
3478 5265 3767 5336 tranquilla

2204 5361 2404 5417 forent.
2440 5360 2594 5428 Quod
2624 5359 2889 5429 sequitur,
2922 5359 2996 5412 ita
3019 5360 3307 5413 obscurum
3354 5367 3462 5424 est,
3495 5358 3771 5415 utdoctis-

2205 5451 2329 5507 simi
2358 5451 2465 5507 duo
2511 5452 2611 5505 viri
2639 5445 3034 5519 Trapezuntius
3063 5461 3116 5503 et
3138 5448 3494 5505 Combeiisius
3538 5449 3769 5521 scripto-

2210 5545 2289 5599 ris
2321 5542 2647 5599 sententiam
2683 5557 2789 5596 non
2833 5542 3065 5596 assecuti
3117 5540 3283 5596 fuisse
3328 5540 3637 5596 videantur.
3677 5541 3773 5597 Est

2210 5646 2389 5692 autem
2413 5633 2677 5706 ejusmodi
2710 5653 2722 5691 :
2752 5632 2864 5689 Kal
2891 5634 3037 5688 πᾶσα
3071 5633 3365 5698 ὑπόστασις
3401 5632 3642 5702 δικαίων,
3679 5634 3773 5688 καὶ
