4094 6220
526 281 706 324 (ΞΕΧΜΙ

1889 273 2438 338 ΡΒΟΕΕΟΟΜΕΝΑΣ

527 378 888 437 Cursareeusis
938 384 1224 454 episcopus
1256 385 1537 443 ordinatus
1569 388 1656 443 die
1696 390 1762 444 11
1806 391 1948 447 Junii
1986 393 2098 468 (ιι),
2130 403 2175 456 Α
2207 406 2381 452 stetur
2424 397 2688 455 Baronius
2711 401 2777 456 ad
2823 401 3165 478 Martyrolog.
3196 407 3353 465 Bom.
3398 412 3465 466 ad
3516 412 3784 473 Kalendas

528 487 651 527 cum
687 488 782 542 per
825 489 997 530 annos
1020 487 1143 532 octo
1168 476 1241 548 (ὁ)
1266 478 1394 532 illud
1422 495 1635 535 sacrum
1666 499 1862 538 munus
1890 490 2094 554 gessis-

527 576 632 630 set,
670 566 813 619 diem
848 565 982 621 obiit
1010 583 1323 638 supremum
1360 572 1434 642 (ε)
1474 574 1539 627 Α.
1577 573 1638 628 C.
1670 574 1798 639 579,
1849 576 2099 632 Calendis

523 652 786 713 Januarii.
812 657 923 731 {De
947 676 1088 716 anno
1134 678 1242 732 quo
1272 665 1383 717 vita
1424 666 1657 721 decessit
1692 667 1943 734 Basilius,
1979 670 2099 724 vide

522 752 842 806 Assemanni
873 754 1192 809 sententiam
1218 760 1546 811 contrariam
1571 758 1678 812 vol.
1724 758 1855 824 VIII,
1881 760 1947 814 ad
1965 761 2094 816 edit.

521 853 631 897 vet.
671 844 778 899 vol.
825 844 929 912 VII,
962 861 1014 915 p.
1063 848 1200 915 2'51,
1234 860 1348 904 not.
1380 867 1471 916 au,
1519 851 1642 905 add.
1687 853 2009 907 Assemann.
2044 854 2095 907 in

519 931 773 993 Bibliotlt.
815 938 1079 1001 orientali,
1124 949 1253 995 tom.
1280 940 1337 1005 1,
1385 957 1436 1011 p.
1468 941 1537 996 5'2
1559 983 1575 1007 ,
1605 951 1719 996 not.
1765 941 1800 995 2
1822 985 1836 1009 ,
1864 952 1918 997 et
1948 959 2001 1013 p.
2028 943 2097 998 54

520 1023 641 1091 lim,
669 1026 756 1080 ubi
782 1028 1004 1096 colligit,
1031 1030 1213 1084 Basilii
1244 1042 1469 1085 mortem
1502 1034 1640 1086 ultra
1663 1035 1729 1086 A.
1765 1033 1869 1089 578
1898 1049 2097 1104 nequa-

518 1133 680 1189 quam
711 1135 832 1174 esse
855 1124 1296 1189 promovendam.
1331 1122 1531 1197 liram]

598 1209 662 1265 II.
702 1226 1026 1269 scmrrones
1067 1231 1306 1271 vermes
1345 1232 1410 1271 DE
1447 1232 1496 1271 s.
1535 1232 1730 1277 usu."
1769 1234 1895 1275 VITA
1937 1236 2007 1276 ET

972 1322 1228 1362 ιΑυυιΒυε
1269 1324 1615 1364 CONSULENDI.

586 1395 750 1467 Greg.
797 1396 1124 1454 Nazianzeui
1171 1401 1347 1455 oratio
1389 1402 1480 1469 20,
1524 1418 1646 1473 quae
1703 1405 1847 1460 dicta
1908 1415 1992 1462 est
2039 1407 2090 1462 in

517 1484 576 1549 S,
606 1487 788 1548 Basiiii
824 1489 1030 1545 funere.
1064 1491 1315 1559 Ejusdem
1348 1495 1739 1563 epigrammata
1773 1514 1852 1554 xu
1897 1501 1949 1553 iu
1991 1499 2091 1558 Ba-

514 1577 695 1636 silium
718 1596 838 1634 cum
863 1585 1118 1654 anonymi
1146 1583 1258 1656 jvel
1287 1586 1465 1655 potius
1489 1587 1713 1665 Nicetae]
1745 1589 1931 1646 Grteca
1963 1607 2089 1663 pro-

514 1673 656 1725 saria
686 1674 1043 1740 expositione,
1072 1676 1218 1734 edita
1251 1691 1281 1731 a
1316 1678 1608 1735 Lambecio
1627 1682 1772 1750 ,Vlll,
1802 1699 1922 1754 pag.
1956 1685 2088 1740 566-

510 1757 632 1813 571.
665 1759 815 1831 [pag.
851 1760 953 1818 778
993 1778 1114 1835 sqq.
1149 1765 1238 1821 ed.
1279 1766 1527 1836 Kollarii,
1580 1769 1734 1839 cujus
1774 1783 1931 1828 notas
1974 1776 2080 1831 vid.

509 1860 562 1903 et
610 1866 732 1922 pag.
780 1851 883 1906 782
932 1869 1056 1924 sqq.
1101 1857 1172 1912 de
1213 1857 1415 1914 Nicette
1443 1864 1686 1931 prosaria
1725 1866 2082 1933 expositione.

509 1940 710 2018 llam..]
744 1944 1085 2016 Epitaphium
1120 1964 1365 2018 carmen,
1402 1955 1543 2023 quod
1581 1966 1665 2011 est
1699 1967 1951 2026 quartum
1993 1960 2086 2016 de-

506 2040 709 2101 cimum
738 2044 955 2111 ordine,
993 2054 1125 2101 tom.
1155 2044 1201 2101 Il
1233 2046 1372 2119 Opp.
1414 2047 1643 2106 Videud.
1688 2053 1853 2110 etiam
1922 2057 2080 2126 epist.

503 2129 597 2199 58,
631 2144 741 2190 etc.

576 2222 821 2295 Gregorii
847 2209 1077 2299 Nysseni
1105 2230 1276 2285 oratio
1306 2232 1364 2290 in
1410 2232 1623 2289 laudem
1650 2233 1841 2290 Basilii
1869 2238 2077 2308 fratris,

502 2310 812 2384 ἐπιτάφιος,
846 2328 976 2373 ιοιη.
1006 2319 1074 2385 11,
1103 2336 1227 2391 pag.
1254 2322 1379 2377 911.

575 2404 848 2474 Ephraemi
881 2410 1003 2479 Syri
1048 2412 1278 2483 elogium
1314 2413 1372 2468 S.
1408 2414 1615 2483 Basilii,
1646 2418 1763 2488 ipso
1790 2421 2080 2489 superstite

501 2497 681 2556 adhuc
713 2503 997 2573 scriptum,
1034 2514 1092 2560 ut
1122 2509 1303 2563 notavi
1335 2509 1432 2566 lib.
1462 2526 1517 2577 v,
1551 2527 1673 2583 cap.
1704 2514 1758 2572 2.
1793 2514 1940 2589 [pag.
1973 2517 2072 2574 231

500 2603 588 2660 sq.
623 2592 712 2647 ed.
748 2605 885 2663 vet.,
924 2596 1015 2651 ubi
1040 2596 1152 2665 jam
1191 2599 1463 2667 adnotavi,
1495 2602 1820 2662 Assemann.
1854 2624 2079 2678 negasse

499 2692 689 2738 contra
714 2684 927 2743 Fabric.
954 2688 1097 2743 illam
1137 2690 1407 2760 Ephraemi
1436 2692 1793 2752 laudationem
1819 2703 2074 2769 scriptam

497 2788 620 2828 esse
662 2774 863 2832 Basilio
904 2780 1214 2849 superstite.
1258 2782 1400 2838 Add.
1457 2783 1778 2839 Assemauni
1827 2788 1963 2855 prol.
2006 2792 2075 2844 ad

498 2864 634 2936 Opp.
664 2866 829 2937 Epltr.
853 2869 994 2947 Syri,
1022 2871 1128 2927 vol.
1158 2872 1198 2938 I,
1234 2872 1262 2944 §
1287 2889 1361 2940 tx,
1392 2890 1517 2945 pag.
1545 2892 1597 2929 Ix
1629 2892 1713 2946 sq.
1744 2878 1852 2934 Sed
1898 2880 2065 2950 Ephr.

495 2960 689 3029 Syrus,
722 2976 874 3031 aeque
905 2976 966 3019 ac
999 2962 1161 3032 Greg.
1197 2963 1384 3035 Nyss,,
1414 2968 1565 3022 nimii
1596 2979 1724 3024 sunt
1775 2986 1839 3026 ac
1879 2990 2072 3041 super-

495 3051 692 3107 stitiosi
721 3051 773 3105 in
805 3052 1070 3109 laudando
1107 3055 1305 3112 Basilio
1332 3057 1402 3112 M.
1433 3057 1633 3133 Hasta]
1664 3060 1816 3117 Adde
1837 3063 2069 3122 Combe-
2096 3095 2138 3151 ο

495 3140 602 3195 ilsii
649 3140 1028 3203 Bibliotltecam
1071 3151 1542 3218 concionatoriam,
1595 3164 1725 3209 tom.
1773 3156 1882 3223 VII,
1941 3174 2064 3230 pag.

492 3231 528 3289 9
558 3247 642 3303 sq.

565 3323 1214 3398 Pseudo-Ampliiloeltius
1249 3334 1467 3403 (saeculi
1510 3353 1567 3392 ιχ
1603 3340 1859 3411 scriptor,
1892 3350 1951 3397 ut
1988 3343 2069 3398 vi-

492 3418 688 3490 detur)
720 3419 799 3475 De
831 3422 939 3476 vita
972 3432 1022 3478 et
1051 3426 1321 3480 miraculis
1355 3426 1415 3487 S.
1459 3429 1676 3487 Basilii.
1714 3433 1836 3488 Dixi
1875 3435 1942 3489 de
1977 3436 2066 3491 illo

490 3507 587 3565 lib.
635 3527 690 3576 v,
725 3527 844 3583 cap.
885 3512 940 3580 8,
975 3514 1122 3588 [ρας.
1157 3518 1281 3583 579,
1320 3518 1373 3575 1η
1412 3522 1519 3577 vol.
1567 3522 1679 3590 VII,
1710 3536 1843 3581 sect.
1883 3528 1972 3594 11,
2009 3539 2066 3585 et

489 3620 543 3674 p.
577 3602 716 3668 581,
760 3615 895 3662 sect.
938 3607 1038 3674 1-1;
1086 3609 1210 3664 add.
1249 3610 1476 3670 Scultet.
1518 3614 1757 3671 Medulla
1790 3617 2016 3674 Patrum
2047 3661 2062 3686 ,

487 3711 613 3766 pag.
662 3696 820 3753 1013.
864 3698 1045 3756 Leidae
1088 3702 1233 3757 inter
1280 3704 1440 3760 codd.
1489 3706 1643 3761 Voss.
1684 3718 1739 3764 et
1784 3710 1980 3765 dicitur
2008 3712 2061 3766 in

486 3796 596 3848 cat.
630 3787 782 3847 Voss.
812 3805 933 3847 esse
955 3790 1174 3848 Justini.
1204 3792 1271 3848 V.
1303 3804 1410 3851 cat.
1439 3796 1570 3852 bibl.
1598 3797 1776 3867 Leid.,
1803 3816 1924 3873 pag.
1957 3803 2062 3859 596

487 3877 612 3951 11η.]
643 3882 736 3934 sed
765 3878 877 3948 iam
908 3882 1066 3947 addo,
1114 3892 1320 3952 partem
1353 3885 1470 3955 ejus
1500 3899 1821 3958 extremam,
1853 3907 1973 3961 qua:
2006 3893 2058 3948 in

485 3969 793 4026 Combellsii
827 3973 1063 4028 editione
1099 3989 1204 4028 non
1235 3986 1438 4043 exstat,
1478 3981 1750 4048 vulgatam
1780 3997 1847 4037 ex
1873 3986 2060 4040 codice

485 4061 885 4117 Vindoltonensi
934 4080 1099 4130 xxxv,
1150 4082 1180 4120 a
1234 4065 1545 4134 Lambecio,
1600 4071 1732 4139 VIII,
1775 4090 1898 4144 pag.
1951 4076 2058 4135 566

482 4152 630 4226 [pag.
661 4154 764 4209 775
795 4153 990 4226 Koll.];
1034 4159 1170 4212 adde
1203 4175 1323 4229 pag.
1353 4160 1458 4219 582
1484 4160 1630 4232 [βεδε.
1669 4163 1771 4221 787
1809 4183 1894 4237 sq.
1927 4167 2059 4224 Κοι-

482 4244 711 4314 Iar‘iique
745 4256 883 4310 uot.,
917 4248 977 4299 it.
1008 4263 1130 4318 pag.
1172 4249 1276 4304 815
1302 4266 1385 4321 sq.
1425 4252 1498 4306 De
1530 4256 1652 4309 cod.
1693 4272 1921 4323 xxxvut,
1967 4277 2053 4317 nr.

479 4336 572 4403 20,
601 4339 653 4393 in
681 4352 731 4392 c.
761 4337 1100 4409 Augustauo.
1131 4357 1182 4395 v.
1212 4341 1424 4399 Beiser.
1455 4356 1563 4405 cat.
1588 4349 2050 4424 pag.24.l1ant..].

2200 489 2467 545 Januarﬁ.

2274 583 2491 637 Simeou
2516 583 2931 657 Metaphrastes,
2956 590 3021 645 de
3044 591 3104 648 S.
3133 592 3332 650 Basilio
3360 596 3557 667 (quem
3583 600 3774 656 Gram:

2200 687 2301 726 ms.
2333 681 2563 729 testatus
2590 685 2673 730 est
2702 692 2762 732 se
2793 679 2995 734 habere
3030 680 3346 741 Heribertus
3377 687 3735 763 Besweidus)
3759 735 3773 758 ,

2198 774 2254 817 et
2273 762 2579 821 Graecorum
2609 767 2805 823 Menaza
2831 771 2858 824 1
2895 770 3118 828 Januar.

2267 854 2561 923 Gregorius
2597 860 2881 932 presbyter
2928 863 2981 917 iu
3033 863 3154 918 Vita
3205 867 3369 940 Greg.
3419 870 3770 933 Nazianzeui.

2265 945 2503 1005 Joannes
2532 951 2907 1011 Euchaitensis
2952 956 3053 1027 (ιι),
3098 958 3434 1031 PhiIOtIteus,
3462 965 3649 1032 ενοι..
3674 968 3761 1027 Ni-

2196 1039 2383 1097 colaus
2415 1042 2725 1112 Cabasilas,
2759 1046 3079 1107 Theodorus
3125 1051 3446 1122 Metochita,
3483 1057 3768 1118 Matthzeus

2195 1131 2528 1203 Camariota,
2559 1137 2613 1192 in
2663 1148 2774 1195 tres
2809 1140 3161 1212 hierarcbas,
3203 1147 3295 1216 qui
3327 1160 3453 1205 sunt
3494 1150 3727 1209 Basilius
3749 1197 3765 1221 ,

2196 1226 2569 1286 Nazianzenus
2611 1242 2665 1287 et
2692 1233 3135 1305 Chrysostomus,
3185 1248 3238 1293 et
3286 1256 3514 1311 quorum
3556 1260 3766 1302 memo-

2196 1318 2330 1373 riam
2355 1317 2588 1388 junctim
2634 1323 2914 1381 celebrant
2935 1324 3110 1383 Graeci
3141 1329 3210 1384 '50
3249 1328 3516 1389 Januarii.
3563 1335 3643 1390 Ex
3679 1338 3769 1394 his

2193 1411 2340 1467 solus
2374 1411 2691 1470 Philotheus
2731 1418 2910 1473 editus
2934 1428 3054 1485 est;
3088 1424 3271 1477 czeteri
3305 1426 3428 1480 msti
3459 1429 3637 1485 adhuc
3681 1430 3765 1487 fe-

2193 1511 2408 1569 runtur,
2437 1512 2496 1557 ut
2528 1504 2637 1560 dixi
2673 1504 2767 1560 lib.
2798 1520 2850 1572 v,
2879 1522 2930 1561 c.
2960 1508 3021 1561 11
3058 1507 3190 1581 [σοι.
3226 1508 3360 1577 VIII,
3387 1528 3438 1582 p.
3470 1515 3621 1589 «159].

2260 1591 2650 1664 Philostorgius
2680 1593 2815 1661 VIII,
2859 1596 2950 1664 11,
2984 1599 3077 1664 12,
3121 1600 3223 1668 15;
3263 1602 3514 1661 Socrates
3545 1623 3619 1674 tr,
3659 1608 3760 1678 26;

2192 1682 2526 1740 Sozomenus
2553 1701 2627 1754 vt,
2656 1686 2761 1753 15;
2792 1685 3082 1758 Tripartita
3109 1706 3206 1757 vu,
3230 1693 3680 1768 56;.Nicepliorus
3702 1719 3756 1768 ι,

2119 1755 2160 1814 Β
2193 1773 2257 1829 17
2285 1791 2394 1843 sq.,
2428 1786 2535 1829 etc.

2257 1865 2481 1923 Photius
2513 1869 2634 1924 cod.
2669 1884 2789 1925 cxu
2825 1885 2907 1940 sq.
2941 1870 3297 1937 Bibliotheca’.

2256 1958 2569 2035 Hieronymi
2601 1976 2720 2031 cap.
2768 1961 2872 2017 116
2900 1961 2957 2018 S.
2995 1963 3087 2033 E.;
3125 1965 3446 2025 Theodoreti
3491 1987 3563 2038 tv,
3597 1974 3661 2031 19
3704 1986 3760 2031 et

2183 2049 2336 2118 praef.
2366 2050 2419 2104 in
2443 2048 2761 2120 Canticum;
2795 2051 3082 2123 Augustini
3119 2072 3136 2110 ι
3182 2070 3363 2115 contra
3399 2060 3607 2118 Julian.
3648 2065 3753 2122 Pe-

2183 2140 2450 2211 lagianam
2468 2158 2488 2207 ;
2525 2141 2704 2197 Suidae
2728 2185 2742 2206 ,
2772 2142 3061 2200 Gaudentii
3090 2145 3261 2213 Brix.,
3295 2148 3561 2208 Vincentii
3598 2154 3753 2211 Leri—

2182 2233 2390 2300 nensis,
2420 2243 2474 2289 et
2494 2232 2764 2290 Theodori
2791 2234 3073 2293 Prodromi
3103 2240 3218 2294 loca
3268 2240 3327 2295 S.
3358 2240 3542 2300 Basilii
3569 2249 3752 2317 operi-

2183 2325 2280 2379 bus
2309 2337 2340 2378 a
2369 2322 2768 2381 Parisiensibus
2797 2328 3078 2395 praemissa
3110 2342 3254 2385 sunt.

2531 2415 2616 2471 III.
2645 2432 2969 2478 scalprum-:5
3007 2435 3399 2480 necsartones.

2249 2504 2337 2562 Jo.
2376 2506 2630 2577 Baptista'
2658 2508 2933 2565 Mantuani
2963 2511 3037 2566 De
3071 2515 3174 2567 vita
3206 2513 3266 2573 S.
3298 2515 3492 2573 Basilii
3525 2518 3650 2577 libri
3685 2538 3748 2591 Il,

2180 2604 2418 2655 carmine
2444 2592 2681 2657 heroico.

2250 2691 2507 2747 Erasmus
2531 2691 2626 2746 111).
2651 2706 2822 2747 xxvm
2854 2691 2986 2748 edit.
3023 2694 3402 2767 Londinensis,
3436 2702 3660 2772 epistola
3690 2705 3747 2768 7,

2178 2785 2244 2839 ad
2270 2784 2387 2839 Jac.
2430 2785 2771 2852 Sadoletum,
2799 2802 2920 2857 qua:
2946 2788 3067 2843 loco
3095 2791 3427 2859 prazlationis
3462 2798 3748 2865 praemitti-

2177 2884 2266 2929 tur
2292 2878 2510 2932 editioni
2543 2877 2744 2932 Graacaa
2780 2879 2962 2933 Basilii
2987 2880 3051 2933 A.
3082 2880 3241 2938 1552.
3280 2883 3413 2940 Vide
3442 2888 3604 2941 etiam
3650 2888 3745 2943 Iih.

2175 2986 2326 3034 χχιχ,
2360 2972 2517 3041 epist.
2551 2972 2620 3028 90
2646 2987 2762 3042 seq.

2245 3061 2430 3117 Oratio
2465 3065 2528 3117 de
2563 3060 2623 3117 S.
2654 3061 2858 3121 Basilio
2887 3067 3092 3119 inserta
3129 3073 3258 3121 tum.
3292 3066 3356 3123 111
3382 3068 3744 3126 Declamatio-

2171 3169 2294 3206 num
2319 3152 2801 3226 Witebergensium,
2840 3171 2962 3227 pag.
2993 3156 3099 3211 716
3134 3173 3249 3228 seq.

2241 3244 2533 3301 Godl‘ridus
2604 3245 2950 3303 Ilermantius
3016 3249 3379 3320 (Tillemontii
3445 3251 3741 3322 Memoriis,

2168 3344 2298 3391 tunc
2340 3337 2521 3392 adhuc
2565 3337 2805 3402 itteditis,
2844 3340 3016 3411 usus),
3054 3339 3108 3395 in
3169 3339 3291 3395 Vita
3339 3340 3524 3399 Basilii
3551 3356 3603 3400 et
3634 3348 3742 3402 Na-

2169 3429 2439 3495 zianzeni,
2470 3427 2678 3484 Gallice
2709 3430 2932 3500 scripta,
2964 3431 3137 3489 Paris.
3164 3432 3304 3488 1674
3339 3433 3433 3507 [aL
3467 3436 3629 3511 1679]
3656 3440 3737 3508 4ο,

2167 3523 2378 3577 duobus
2411 3521 2793 3578 voluminibus.
2830 3521 3042 3579 Laudat
3085 3522 3332 3581 Baertius
3380 3543 3549 3599 eaque
3583 3546 3739 3587 usum

2166 3629 2226 3670 se
2254 3614 2559 3684 proﬁtetur,
2594 3625 2728 3671 tom.
2756 3614 2801 3669 11
2831 3616 2950 3673 Act.
2973 3629 3203 3671 sanctor.
3235 3617 3402 3683 Junii,
3430 3632 3557 3692 pag.
3604 3622 3730 3689 810.

2166 3704 2710 3762 Fiam—Ilermantii
2737 3706 2947 3763 dicendi
2990 3710 3125 3763 ratio
3143 3718 3198 3764 et
3223 3710 3518 3781 diligentia,
3548 3717 3737 3781 praeci-

2162 3814 2267 3870 pue
2302 3801 2355 3852 iu
2399 3799 2754 3868 excerpendis
2798 3799 2982 3853 Basilii
3032 3814 3183 3869 opp.,
3232 3811 3358 3856 sunt
3402 3803 3727 3863 laudandae:

2162 3892 2255 3946 sed
2305 3893 2520 3945 modum
2556 3891 2603 3947 is
2630 3892 2845 3946 excedit
2883 3892 2937 3947 in
2969 3893 3306 3948 celebrandis
3337 3895 3516 3950 Basilii
3556 3901 3728 3956 virtu-

2164 3986 2327 4051 tibus,
2357 4002 2460 4040 nec
2510 3985 2694 4041 limam
2729 3988 2865 4043 artis
2906 3987 3113 4042 eritirae
3169 3988 3446 4046 historicas
3478 3994 3725 4055 adhibet.

2160 4076 2331 4133 ΒΑΜ..

2228 4168 2624 4236 Tillemontius,
2660 4180 2807 4227 tomo
2850 4172 2922 4228 IX
2977 4174 3354 4233 .Ilemoriarum
3383 4180 3618 4235 historia:
3644 4197 3730 4236 ec-

2157 4261 2484 4327 clesiasticis,
2513 4262 2663 4316 edito
2694 4261 2871 4321 Paris.
2907 4265 3068 4333 1705,
3094 4274 3174 4322 4ο.

2227 4352 2550 4408 Franciscus
2593 4353 2836 4408 Baertius
2868 4354 2921 4409 in
2978 4355 3092 4410 Vita
3137 4357 3343 4423 Basilii,
3368 4369 3496 4415 tom.
3532 4359 3578 4415 ll
3608 4362 3726 4416 Act.

550 4427 785 4484 Joannes
834 4430 1229 4500 Damascenus,
1274 4448 1414 4492 orat.
1467 4454 1507 4501 ι,
1571 4440 1648 4494 De
1709 4441 2046 4513 imaginibus,
2079 4436 2132 4497 ι)
2155 4454 2387 4499 sanctor.
2418 4443 2590 4507 Junii,
2619 4459 2741 4513 pag.
2773 4444 2877 4500 807
2909 4460 3063 4514 seqq.

479 4522 610 4570 tum.
645 4516 661 4568 I
689 4515 819 4571 edit.
852 4518 1125 4585 prmclarte
1153 4521 1522 4593 Lequiuianae,
1555 4543 1680 4599 pag.
1709 4532 1839 4599 527,
1867 4532 2050 4590 laudat

475 4604 599 4663 Βίον
636 4606 916 4664 Βασιλείου
946 4612 1040 4665 τοῦ
1079 4614 1324 4688 μάκαρος
1354 4618 1420 4672 δι’
1458 4621 1731 4684 Ἑλλαδιου
1755 4628 1853 4680 τοῦ
1879 4629 2045 4683 αὐτοῦ

473 4695 721 4768 μαθητοῦ
751 4700 845 4753 καὶ
871 4701 1112 4776 διαδόχου
1140 4709 1241 4779 τῆς
1284 4711 1585 4784 ἱεραρχίας,
1639 4714 1815 4774 Vitam
1843 4717 1901 4773 S.
1934 4719 2047 4779 Ba-

471 4787 579 4839 silii
599 4790 848 4857 scriptam
871 4792 936 4846 ab
957 4792 1223 4862 Helladio,
1247 4798 1504 4868 discipulo
1526 4803 1639 4873 ejus
1657 4816 1703 4858 et
1727 4822 2042 4866 successore.

473 4877 580 4931 Sed
611 4878 699 4932 illa
724 4877 834 4947 jam
870 4884 1078 4951 pridem
1112 4891 1407 4956 intercidit,
1438 4892 1564 4948 licet
1593 4907 1803 4964 partem
1833 4897 1951 4967 ejus
1976 4916 2044 4956 ex

468 4970 745 5029 Anastasii
778 4973 1180 5036 Bibliothecarii
1209 4983 1456 5041 versione
1480 4984 1676 5059 legisse
1713 5005 1774 5047 se
1799 4990 1903 5047 ms.
1963 5004 2045 5050 te-

468 5211 691 5286 nennsem
721 5214 843 5256 esse
863 5201 1142 5286 scriptam,
1173 5235 1243 5251 -—
1272 5206 1448 5279 Caput
1471 5208 1742 5286 S._Basilii
1779 5222 2033 5286 tanquam

467 5269 710 5348 reliquias
748 5269 1077 5348 servabatur
1093 5276 1174 5348 _in
1212 5269 1406 5348 magna
1445 5283 1676 5336 ecclesia
1714 5269 2033 5343 monasterii

466 5341 520 5391 in
554 5352 734 5396 utoiite
761 5342 925 5398 Atho.
958 5342 1021 5399 V.
1060 5341 1428 5416 Moullaucon,
1459 5349 1723 5424 Palwogr.
1757 5352 1877 5422 Gr.,
1906 5341 2030 5429 pag.

465 5406 597 5464 £55.
641 5410 818 5464 ΒΑΜ..

583 5449 597 5464 ο
642 5426 818 5467 NAR]...

537 5481 614 5557 in)
649 5480 785 5536 Hinc
814 5484 1185 5557 blartyrologia
1221 5488 1408 5547 Basilii
1439 5497 1753 5549 memoriam
1784 5496 1853 5552 14
1881 5495 2026 5553 Junii

464 5548 762 5627 celebrant,
778 5562 846 5627 put
878 5548 1172 5627 Me'uulogvia
1206 5558 1460 5618 Kalendis
1483 5548 1745 5619 Januarii.

636 5619 1042 5710 nNitsi‘auzemts'
1087 5616 1159 5683 de
1180 5629 1427 5710 _Basilio,
1448 5616 1456 5618 ἡ
1793 5636 2028 5710 ὀκταετῆ

460 5684 609 5746 iacto
636 5689 923 5763 θεόφρονος
952 5695 1079 5766 ἡνία
1109 5684 2024 5778 calvae,—opbdvrzimbeciuin'Vlll':

2224 4532 2506 4589 Matthaeus
2542 4532 2785 4591 Raderus
2835 4536 2888 4589 in
2936 4533 3204 4590 Viridario
3237 4546 3560 4603 sanctorum,
3596 4554 3721 4609 pag.

2153 4625 2426 4773 Ἃόεὲῗὶο
2467 4717 2616 4773 velut
2648 4717 2840 4773 notiss.
2888 4717 3166 4774 Centurias
3221 4719 3717 4792 Magdeburgenses,

2153 4812 2394 4867 centuria
2434 4806 2932 4880 tv,’Baroniumque
2965 4824 3021 4868 et
3061 4815 3192 4870 alios
3233 4816 3510 4874 annalium
3541 4826 3595 4871 et
3629 4820 3713 4870 hi-

2142 4904 2326 4959 storia:
2348 4903 2733 4958 ecclesiastica:
2760 4906 3076 4974 scriptores,
3113 4917 3275 4976 atque
3307 4907 3475 4961 Eliam
3501 4910 3570 4963 du
3586 4907 3708 4975 Pin,

2143 5005 2290 5051 tomo
2335 4995 2574 5050 secundo
2622 4993 2962 5052 Bibliotheca:
2991 5013 3124 5063 suae,
3154 5013 3274 5069 pag.
3316 4998 3419 5054 151
3446 5014 3625 5070 seqq.,
3656 5013 3713 5057 et

2143 5232 2278 5295 pag.
2302 5216 2406 5295 5118
2438 5217 2719 5295 [pag._782
2744 5220 3005 5295 licitam].

2213 5288 2287 5362 (ρ)
2315 5288 2565 5362 Ιξειθιξιίιιε
2594 5288 2981 5362 1οοο1ςιιιόειιοζ
3018 5306 3140 5362 pag.
3174 5291 3298 5348 815.

2210 5358 2289 5430 (d)
2326 5358 2481 5438 conf.
2519 5361 2626 5416 vol.
2655 5361 2804 5438 _Vlll,
2854 5358 3047 5438 lib.v,
3092 5358 3218 5438 cap.
3263 5363 3351 5438 η,
3394 5364 3422 5438 §
3458 5365 3602 5431 XIX,
3640 5368 3711 5423 de

2135 5427 2341 5507 Joanne
2375 5428 3106 5507 Mauropodeumetropol‘ita
3152 5427 3494 5491 Euchaitéhsi
3520 5477 3535 5498 ,
3582 5427 3702 5507 pag.

2135 5497 2253 5571 627_
2274 5514 2417 5567 sqq.,
2451 5497 2671 5571 etupag.
2721 5500 2844 5566 628,
2882 5497 2956 5557 de
2990 5502 3106 5571 ejus
3133 5515 3274 5556 orat.
3315 5497 3703 5561 encomias'tiét

2135 5568 2189 5624 in
2223 5568 2475 5623 Basilium
2505 5569 2600 5648 111.,
2624 5568 2938 5648 Gregorium
2966 5568 3324 5648 Theologum,
3342 5587 3411 5648 _et
3432 5575 3516 5648 Jo.
3541 5578 3714 5648 Chry-

2135 5650 2469 5709 snstomum;
2505 5642 2560 5693 it.
2601 5656 2720 5709 pag.
2759 5640 2865 5695 632
2904 5643 2970 5696 de
3012 5641 3130 5709 ejus
3160 5640 3461 5703 canouibus
3489 5647 3544 5701 ia
3571 5640 3713 5705 festa

2138 5710 2298 5766 trium
2334 5708 2548 5766 illorum
2575 5708 2795 5767 Patrum
2826 5708 3134 5770 ecclesiast.
3165 5712 3339 5774 Haec.
