4094 6220
1603 274 1886 331 ΝΟΤΙΤΙΑ
1932 270 2026 324 EX
2066 269 2409 324 FABRICIO.

3445 285 3642 326 CCXLI"

383 401 633 455 ceteros,
685 405 778 459 qtn
824 389 892 444 de
939 388 1292 458 scriptoribus
1328 388 1726 444 ecclesiasticis
1779 401 1960 459 egere.
1995 391 2041 447 A
2078 384 2138 437 lii
2175 383 2439 447 narralio,
2462 383 2559 436 88d
2584 381 2781 452 saepius
2799 381 3123 444 emendata:
3153 388 3414 450 ρτωῑοτθδ
3447 382 3644 436 multas

379 484 648 542 Antonius
695 481 1027 536 Posscvinus
1079 482 1133 535 in
1182 481 1456 551 Apparatu
1502 498 1654 536 sacro
1688 482 1849 535 etiam
1901 483 1968 535 de

380 574 660 630 codicibus
688 573 1037 642 scriptorum,
1069 571 1254 627 Basilii
1307 588 1467 626 manu
1501 572 1762 639 exaratis,
1789 573 1880 642 qui
1913 572 1964 626 in

380 668 513 725 bibl.
545 666 880 735 Augustana,
903 663 1236 720 Messanensi
1263 675 1318 720 et
1335 663 1707 720 Monacbiensi
1727 674 1962 730 exstant,

380 769 586 820 monet,
633 768 794 828 atque
840 757 900 810 in
931 757 1211 813 versiones
1237 759 1419 811 varias
1462 758 1786 826 scriptorum
1813 757 1966 811 Basi-

378 851 646 905 lianormn
722 849 1137 904 observationes
1209 848 1516 919 complures
1569 863 1693 903 cum
1765 847 1966 903 lectore

379 941 766 995 coinmunicat.

450 1033 796 1087 Abrahantus
838 1030 1114 1088 Scultetus
1142 1044 1297 1102 parte
1330 1049 1385 1087 tv
1415 1031 1668 1087 Medulla:
1716 1030 1962 1097 Patrum,

379 1140 502 1195 pag.
532 1125 672 1179 1015
698 1140 853 1194 seqq.

452 1220 599 1274 Guil.
632 1221 844 1274 Caveus
879 1219 929 1272 in
983 1218 1120 1272 Vitis
1173 1218 1562 1288 primitivorum
1597 1217 1819 1270 Patrum
1860 1216 1965 1272 Ec-

377 1310 576 1372 clesiuz,
613 1307 834 1378 Anglice
864 1307 1102 1377 scriptis.
1137 1319 1191 1362 et
1222 1307 1419 1361 deinde
1464 1308 1745 1362 translatis
1786 1310 1836 1361 in
1863 1309 1965 1361 lin-

381 1417 515 1471 guas
551 1400 822 1470 Belgicam
886 1409 1050 1469 atque
1098 1399 1504 1463 Germanicam,
1555 1411 1685 1454 tom.
1746 1401 1790 1455 ll
1833 1400 1962 1456 edit.

383 1490 742 1554 Germanicae,
784 1504 902 1558 pag.
937 1489 1042 1544 504
1064 1521 1090 1530 -
1115 1490 1238 1545 598.
1269 1491 1450 1544 Brem.
1495 1490 1655 1555 1701,
1686 1491 1773 1546 4ο.

453 1579 513 1633 D.
549 1579 876 1649 Theophilus
912 1578 1178 1648 Spizelius
1233 1580 1288 1634 in
1344 1578 1528 1634 Vetere
1563 1582 1847 1635 Academia
1874 1580 1966 1635 Je-

382 1688 445 1726 su
469 1672 687 1738 Christi,
721 1688 846 1741 pag.
879 1672 948 1726 75
975 1689 1091 1742 seq.
1127 1675 1296 1729 Fasu.

2069 476 2158 530 ille
2193 489 2279 529 res
2307 474 2391 528 vel
2425 475 2624 528 certius
2662 473 2744 528 vel
2774 474 2963 528 saltem
2993 473 3325 544 probabilius
3349 475 3593 541 exposuit
3625 491 3642 528 :

2068 566 2306 619 maxime
2353 574 2568 619 versata
2612 574 2694 620 est
2743 563 2857 632 ejus
2904 580 3033 617 cura
3090 565 3141 617 in
3187 566 3318 630 vita,
3375 564 3644 634 praecipue

2068 658 2310 728 epistolis
2333 658 2561 725 aliisque
2597 657 2815 726 scriptis
2834 657 3018 712 Basilii
3060 658 3354 711 secundum
3385 659 3645 726 temporis

2066 751 2334 804 rationem
2368 749 2428 804 .in
2488 749 2766 804 meliorem
2796 749 3040 802 ordinem
3073 750 3402 818 redigendis,
3431 759 3523 803 aut
3553 766 3646 804 ve-

2066 839 2140 893 ris
2168 855 2196 892 a
2237 839 2386 894 falsis
2411 854 2475 894 ac
2507 839 2869 910 supposititiis
2900 838 3268 891 discernendis
3299 853 3310 888 :
3344 853 3440 890 nec
3467 847 3644 890 tamen

2065 947 2095 986 a
2128 936 2362 1001 partium
2405 933 2587 987 studio
2623 942 2718 985 aut
2761 931 3049 985 timiditate
3079 930 3310 999 quadam
3344 930 3397 983 in
3425 928 3645 998 judiciis

2065 1024 2176 1078 suis
2203 1025 2423 1080 omnino
2456 1024 2555 1078 fuit
2586 1024 2630 1078 is
2664 1023 2871 1077 alienus
2907 1021 3004 1093 (a).

2135 1117 2312 1187 Aﬂqua
2358 1118 2511 1172 lance
2554 1126 2663 1171 tam
2705 1115 3059 1178 eruditionis,
3112 1113 3315 1182 ingenii
3367 1111 3646 1182 animique

2065 1214 2318 1278 virtutes,
2355 1228 2475 1282 qua:
2507 1211 2743 1278 insignes
2779 1210 2830 1262 in
2872 1207 3070 1261 Basilio
3108 1205 3174 1259 Μ.
3212 1206 3450 1269 fuerunt,
3480 1218 3642 1273 quam

2066 1307 2434 1370 inﬁrmitates,
2469 1303 2754 1372 disciplina
2790 1301 2912 1354 vitae
2942 1299 3254 1353 monasticae
3284 1313 3403 1352 cum
3450 1297 3645 1367 primis

2069 1408 2408 1462 contractas,
2438 1393 2760 1466 ponderavit
2785 1392 3074 1460 sobrieqne
3100 1389 3364 1459 judicavit
3389 1398 3443 1442 et
3475 1389 3643 1442 vitam

2067 1491 2375 1558 scriptaque
2422 1503 2485 1541 ac
2529 1485 2830 1540 doctrinam
2882 1483 3060 1536 Basilii
3107 1482 3324 1552 copiose
3360 1489 3414 1534 et
3457 1489 3644 1534 curate

2066 1581 2335 1652 exposuit,
2368 1595 2468 1634 nec
2510 1594 2635 1631 raro
2665 1575 2914 1631 Garncrii
2966 1574 3265 1627 sententias
3299 1571 3645 1640 rationesque

2067 1672 2400 1728 examinavit
2439 1679 2489 1724 et
2529 1668 2718 1735 rejecit
2759 1666 2842 1721 Jo.
2888 1664 3142 1718 Matthias
3198 1663 3497 1720 Scin-(nth
3539 1664 3591 1716 in
3625 1679 3639 1715 :

454 1764 597 1821 Cave
625 1766 678 1820 in
714 1764 953 1820 Historia
982 1766 1247 1821 litterario
1284 1767 1531 1836 scriptor.
1565 1767 1718 1833 eccl.,
1757 1778 1888 1823 tum.
1919 1768 1960 1835 1,
1995 1748 2038 1802 Β
2069 1766 2290 1822 Christl.
2321 1761 2880 1830 Kirchengeschichte,.
2899 1768 3037 1826 part.
3071 1773 3192 1818 xm,
3226 1772 3356 1827 pag.
3407 1755 3484 1808 l.—
3513 1755 3640 1808 220.

387 1872 510 1926 pag.
547 1857 651 1912 258
678 1873 854 1928 seqq.,
882 1859 970 1916 ed.
1001 1858 1168 1913 Basil.

459 1950 566 2004 The
581 1950 797 2018 clergies
830 1950 1059 2004 Honour
1076 1969 1096 2017 ;
1127 1967 1212 2016 0r,
1243 1953 1335 2006 the
1365 1951 1512 2006 Lines
1539 1951 1602 2020 of
1620 1951 1677 2006 S.
1705 1951 1858 2006 Basil
1882 1955 1966 2007 the

385 2041 566 2110 Great,
601 2044 934 2112 arch-bishOp
982 2043 1042 2113 of
1091 2043 1508 2108 Neo-Ctesarea,
1545 2045 1653 2097 and
1678 2043 1764 2098 St.
1799 2043 1966 2113 Chry-

386 2146 606 2199 sostom,
668 2135 1050 2202 .arch-bishop
1115 2136 1178 2203 of
1217 2132 1430 2202 CPole,
1491 2135 1672 2187 drawn
1728 2136 1792 2204 by
1857 2151 1969 2204 way

383 2229 450 2295 of
490 2227 742 2282 Parallel.
794 2227 1037 2285 London.
1085 2226 1307 2282 Printed
1355 2226 1444 2282 lor
1484 2226 1580 2281 W.
1617 2227 1844 2297 Cooper.
1897 2257 1968 2268 -

387 2318 547 2382 1681,
581 2318 636 2373 8.
1035 2381 1047 2390 ,

456 2409 582 2466 Cas.
617 2407 861 2464 Oudinus
917 2408 970 2462 in
1026 2405 1320 2463 Comment.
1379 2405 1486 2462 SS.
1517 2407 1726 2472 eccles.,
1760 2417 1890 2463 lOlll.
1922 2406 1966 2471 Ι,

381 2518 511 2573 pag.
546 2503 652 2556 545
703 2517 881 2572 seqq.,
918 2503 1012 2572 qui
1075 2516 1134 2556 se
1169 2499 1456 2568 profitetur
1489 2499 1655 2553 multa
1689 2501 1755 2554 ab
1784 2499 1866 2552 El.
1897 2499 1966 2552 du

385 2596 486 2652 Pin
534 2595 620 2650 vel
661 2596 884 2662 omissa,
929 2595 1017 2651 vel
1072 2595 1419 2650 dissimulata
1450 2607 1572 2648 esse
1616 2592 1968 2647 animadver-

390 2691 541 2754 tisse,
574 2698 626 2745 et
673 2691 723 2744 in
755 2705 876 2760 cap.
910 2689 1084 2758 primo
1111 2688 1280 2742 vitam
1332 2703 1397 2742 ac
1438 2685 1742 2741 doctrinam
1775 2683 1834 2738 S.
1863 2683 1968 2737 Ba—

387 2784 518 2843 silii.
554 2783 817 2838 Caesarea:
863 2783 1247 2852 Cappadocum
1300 2779 1562 2850 episcopi,
1592 2777 1814 2833 uberius
1847 2792 1970 2845 per-

387 2880 658 2945 sequitur.

463 2975 615 3032 Sam.
671 2975 915 3044 Basnage
972 2974 1025 3028 in
1087 2973 1311 3037 Anna..,
1372 2979 1505 3024 tom.
1540 2966 1626 3032 Ill,
1663 2982 1785 3040 pag.
1815 2966 1870 3031 4,
1898 2964 1968 3019 25

2141 1855 2218 1910 De
2250 1853 2538 1924 praecipuis
2573 1850 2756 1907 Basilii
2795 1850 3014 1918 scriptis
3061 1858 3247 1902 curate
3297 1847 3428 1917 egit,
3482 1856 3537 1903 et
3586 1845 3640 1900 in

2067 1951 2210 2003 notis
2245 1955 2400 2001 acute
2441 1946 2720 2011 libereque
2744 1942 3014 2011 judicavit
3046 1941 3114 1996 de
3160 1941 3268 1995 illis
3299 1938 3510 1994 Semler
3539 1939 3590 1993 in
3626 1957 3640 1992 :

2069 2039 2377 2095 Geschichte
2401 2038 2492 2092 der
2516 2035 2857 2090 ,cltristlichen
2898 2033 3329 2098 Claubenslehre,
3361 2033 3641 2104 praemissa

2066 2128 2473 2197 Baumgarlenii
2531 2125 2834 2195 Theologite
2867 2123 3160 2193 polenticw,
3212 2131 3346 2182 tom.
3399 2124 3486 2192 Ill,
3515 2139 3638 2195 pag.

2069 2219 2326 2275 123-168.

2138 2311 2361 2366 Christi.
2391 2309 2605 2365 Frider.
2665 2309 2905 2364 Bmssler
2955 2307 3008 2360 in
3041 2325 3054 2360 :
3088 2306 3336 2360 Biblioth.
3366 2307 3460 2360 der
3511 2303 3643 2364 Kir-

2075 2405 2388 2469 chenvtcter,
2410 2413 2540 2457 tom.
2573 2401 2681 2467 Vll,
2709 2417 2831 2472 pag.
2866 2400 3052 2464 1-157,
3083 2400 3150 2453 de
3198 2398 3395 2452 Basilio
3441 2397 3510 2455 M.
3539 2398 3650 2468 egit

2069 2507 2125 2553 et
2152 2510 2408 2564 excerpta
2441 2494 2609 2559 dedit,
2637 2494 2876 2563 aspersis
2901 2494 3028 2547 hinc
3062 2493 3187 2546 inde
3219 2492 3376 2550 bonis
3402 2492 3650 2550 animad-

2076 2589 2447 2654 versionibus,
2477 2601 2541 2641 ex
2581 2587 2736 2640 libris
2768 2601 2827 2639 ιιι
2864 2594 3048 2638 contra
3092 2583 3432 2650 Eunomium,
3459 2598 3526 2638 ex
3553 2583 3648 2643 lib.

2070 2681 2136 2733 ad
2161 2678 2584 2749 Amphilochium
2614 2680 2678 2730 de
2703 2675 2909 2746 Spiritu
2938 2674 3021 2742 S.,
3047 2690 3111 2730 ex
3144 2674 3380 2729 homiliis
3407 2676 3460 2729 l°
3487 2675 3651 2728 Deum

2071 2789 2175 2827 non
2215 2789 2324 2826 esse
2369 2781 2637 2825 auctorem
2668 2767 2821 2832 ntali,
2845 2769 2904 2820 2°
2941 2767 3016 2821 De
3044 2767 3317 2836 gentilium
3350 2767 3498 2820 libris
3533 2781 3653 2819 cum

2073 2865 2251 2934 fructu
2293 2862 2545 2933 legendis,
2582 2872 2636 2914 et
2665 2862 2722 2916 5ο
2754 2860 2830 2914 De
2872 2859 3035 2912 libero
3078 2857 3336 2924 arbitrio;
3369 2873 3431 2911 ex
3459 2858 3656 2912 asceti-

2075 2960 2153 3012 cis
2189 2957 2439 3027 scriptis,
2475 2955 2710 3024 denique
2750 2967 2818 3008 ex
2864 2951 3138 3021 epistolis;
3173 2951 3228 3005 in
3273 2950 3356 3004 his
3386 2950 3656 3020 praecipue

375 3081 718 3136 seqq.,pag.
748 3041 945 3130 29,_de
1001 3074 1241 3132 tempore
1296 3074 1402 3130 quo
1465 3057 1697 3112 Basilius
1749 3064 1968 3112 creatus
2001 3094 2042 3152 α
2077 3059 2298 3105 secutus
2349 3058 2435 3102 est
2483 3045 2856 3102 recensionem
2900 3043 2978 3096 Dn
3015 3043 3137 3109 Pin,
3170 3043 3263 3112 qui
3315 3041 3369 3095 in
3419 3043 3656 3096 secundo

375 3159 554 3214 .fuerit
581 3160 870 3228 cpiscopus
896 3157 1120 3223 Cassan,
1150 3170 1276 3225 pag.
1301 3154 1386 3216 52,
1415 3152 1483 3206 56
1509 3166 1685 3222 seqq.,
1706 3150 1777 3205 42
1796 3164 1974 3219 seqq.,

389 3251 482 3311 5|.
519 3250 605 3317 69,
625 3251 717 3304 70.

462 3340 578 3398 Jac.
616 3342 860 3412 Basnage
891 3341 943 3394 in
979 3357 992 3391 :
1028 3338 1266 3392 Histoire
1315 3336 1380 3389 de
1425 3332 1664 3401 l‘Eglise,
1689 3348 1812 3402 pg.
1852 3330 1975 3396 615,

391 3435 520 3500 655,
555 3434 655 3490 641
690 3449 871 3504 seqq.,
900 3432 1037 3486 1156
1066 3446 1247 3499 seqq.,
1281 3429 1422 3484 H95
1455 3442 1606 3495 seqq.

466 3527 665 3583 Arnold
699 3529 749 3582 in
788 3541 803 3580 :
837 3513 1200 3579 Kirchen-und
1244 3517 1721 3581 Ketzer-Historie,
1770 3525 1907 3585 part.
1939 3531 1976 3579 ι,

380 3621 493 3676 111).
519 3636 594 3686 ιν,
619 3636 740 3689 cap.
773 3620 828 3686 ll,
860 3619 887 3690 §
926 3618 1016 3682 57,
1047 3616 1137 3679 58,
1161 3614 1252 3669 59.

467 3713 706 3771 Gottlieb
779 3711 948 3766 Stolle
1019 3709 1072 3762 in
1106 3725 1121 3762 :
1159 3704 1450 3760 Nachricht
1501 3721 1599 3758 von
1657 3705 1758 3756 den
1810 3699 1984 3754 Leben

385 3808 587 3864 .....tler
613 3804 1028 3866 Kircnenvwler,
1059 3809 1188 3862 etc.,
1220 3813 1340 3868 pag.
1369 3795 1473 3850 559
1512 3809 1664 3863 seqq.

470 3899 537 3954 Β.
568 3898 763 3954 Cciller
790 3893 933 3948 Hist.
987 3895 1106 3964 gen.
1156 3896 1246 3945 des
1300 3899 1412 3943 aut.
1453 3886 1661 3950 eccles.,
1719 3894 1850 3940 tom.
1892 3883 1981 3950 Vl,

392 4008 520 4066 pag.
553 3991 622 4046 60

469 4083 781 4155 Apollinare
823 4079 1053 4146 Agresla
1109 4073 1228 4126 Vita
1285 4071 1373 4126 del
1438 4069 1872 4140 protopatriarca
1918 4066 1981 4123 S.

400 4177 607 4234 Basilio
643 4173 718 4228 Μ.
759 4174 814 4226 ln
846 4170 1102 4234 Messina,
1146 4165 1287 4222 uella
1322 4163 1613 4233 stantperia
1656 4163 1710 4218 di
1750 4160 1986 4215 Vicenzo

404 4269 673 4334 d‘Amico,
698 4266 855 4328 1681,
883 4264 963 4318 4ο.

472 4362 558 4418 Jo.
589 4361 688 4414 Ge.
722 4357 1080 4424 Wercnberg,
1114 4351 1260 4406 Diss.
1324 4352 1388 4404 de
1446 4346 1726 4418 prudentia
1785 4342 1981 4397 Basilii

402 4455 483 4513 Μ.
511 4457 567 4508 in
612 4451 908 4519 refutandis
933 4447 1210 4502 Ittrreticis.
1232 4443 1435 4513 Lipsiae
1469 4440 1628 4504 1721,
1658 4437 1736 4491 4ο.

474 4546 524 4602 ι.
559 4545 658 4600 Ge.
701 4542 919 4601 Walch.
961 4538 1103 4592 Hist.
1169 4537 1354 4590 eccles.
1411 4531 1485 4586 N.
1541 4530 1628 4592 T.,
1689 4543 1812 4598 pag.
1848 4526 1983 4580 1557

405 4654 587 4708 seqq.,
623 4645 679 4691 et
731 4635 937 4706 passim
983 4632 1040 4686 in
1086 4627 1418 4684 Bibliotheca
1474 4623 1787 4694 patristica;
1845 4617 1987 4673 lena:

406 4730 566 4794 1770,
598 4728 730 4782 mai.
766 4726 820 4782 8.

2083 3153 2229 3198 ιοιιιο
2287 3139 2455 3194 Novas
2505 3138 2675 3201 Bibl.,
2727 3152 2848 3206 pag.
2895 3134 3140 3190 268-512
3191 3135 3319 3190 edit.
3375 3134 3517 3199 Lat.,
3554 3148 3652 3188 eas

2079 3235 2375 3290 secundum
2418 3231 2680 3300 temporis
2722 3229 2968 3283 ordinem
3015 3229 3304 3296 disponere
3361 3235 3523 3294 atque
3562 3241 3658 3279 ex-

2083 3326 2283 3396 plicare
2335 3323 2616 3378 sustinuit.
2673 3321 2783 3376 Sed
2824 3319 3116 3375 dolendum
3155 3326 3260 3380 est.
3313 3317 3644 3372 Boesslcrum

2081 3418 2322 3472 caruisse
2347 3417 2476 3470 edit.
2513 3413 2790 3478 Garncrii,
2815 3413 2904 3482 qui
2934 3410 3101 3465 multa
3135 3409 3270 3464 vidit
3312 3410 3524 3465 acutius
3549 3423 3662 3464 nte-

2082 3512 2292 3580 liusque
2317 3508 2606 3578 disposuit.
2639 3506 2790 3564 llsar.

2442 3641 2530 3698 lV.
2571 3657 2680 3695 ALII
2721 3654 2909 3694 essu."
2950 3651 3121 3692 unus
3163 3650 3293 3688 xxx.

2152 3779 2388 3835 Basilius
2441 3778 2607 3832 abbas
2679 3775 2736 3830 S.
2794 3773 2989 3827 Laurac
3047 3786 3217 3841 prope
3270 3767 3660 3839 Hierosolyma.

2083 3874 2220 3930 Vide
2258 3873 2420 3938 infra,
2459 3871 2748 3925 Maleinus.

2154 3965 2410 4030 Basilius,
2453 3962 2818 4018 Achridcnus.
2859 3959 2993 4015 Vide
3042 3957 3202 4023 infra,
3232 3952 3668 4008 Thessalonicen-

2085 4077 2179 4114 818.

2158 4151 2437 4225 [Basilius,
2471 4151 2758 4220 episcopus
2790 4143 3154 4207 Alexandriae,
3185 4156 3305 4196 cum
3336 4138 3404 4192 72
3443 4137 3662 4207 episco-

2087 4247 2170 4316 pis
2212 4244 2534 4313 subscripsit
2567 4239 2855 4302 Gennadii,
2901 4235 3229 4304 patriarcha:
3274 4230 3501 4293 CPolit.,
3544 4228 3672 4297 Epi-

2089 4337 2238 4391 stula:
2287 4335 2578 4406 encyclios:
2635 4334 2700 4386 ad
2758 4346 2950 4386 omnes
3006 4325 3454 4394 tnetropolitanos
3505 4320 3666 4374 A.C.

2019 4441 2065 4499 ο
2092 4430 2217 4484 459.
2245 4426 2307 4482 ν.
2343 4428 2462 4482 cod.
2494 4425 2798 4480 Viudobon.
2847 4421 3052 4477 Caesar.
3089 4417 3274 4478 XLIV,
3325 4425 3381 4470 et
3415 4413 3671 4468 Lambec.

2093 4520 2389 4577 Comment.
2448 4517 2582 4582 Vlll,
2643 4531 2767 4587 pag.
2827 4513 2931 4569 888
2977 4527 3159 4582 seqq.,
3209 4509 3394 4578 ibique
3455 4505 3668 4560 Kollar.

2095 4613 2268 4670 Hann.

2168 4630 2268 4668 λιιι..

2168 4611 2419 4765 Basilius.
2451 4701 2758 4755 Amasenus
2805 4697 2858 4751 in
2909 4691 3243 4762 Cappadocia
3293 4687 3580 4759 episcopus
3619 4691 3677 4740 et

482 4777 871 4871 bilucidazioni
912 4811 1368 4868 critico-istoriche
1399 4808 1540 4863 della
1583 4808 1691 4860 vita
1735 4805 1790 4858 di
1835 4810 1989 4857 santo
2099 4806 2309 4865 martyr
2344 4790 2670 4847 Nicomediae
2703 4789 2769 4843 A.
2800 4787 2860 4844 C.
2899 4785 3027 4848 522,
3053 4789 3118 4838 de
3149 4795 3258 4851 quo
3298 4777 3676 4871 Hensclienius

409 4911 612 4967 Basilio
644 4909 721 4964 M.
746 4909 830 4964 dal
853 4906 1124 4975 Giuseppe
1156 4904 1242 4959 del
1269 4902 1433 4956 Pozo.
1465 4902 1652 4955 Romae
1678 4896 1838 4962 1716,
1863 4895 1942 4950 4ο.

484 4998 814 5066 Hamherger
842 4996 937 5050 in:
969 4992 1332 5062 Zuverlwssig.
1373 4990 1711 5056 Nachricht.,
1763 4998 1894 5042 tom.
1928 4985 1992 5050 Il,

411 5107 536 5164 pag.
569 5089 673 5146 804
702 5103 856 5158 seqq.
895 5087 1144 5156 Inprimis
1192 5085 1494 5138 laudandus
1522 5093 1606 5136 est
1634 5099 1662 5136 a
1691 5079 1992 5151 diligentia,

2100 4889 2155 4942 in
2191 4887 2335 4940 Actis
2372 4894 2630 4946 sanctor.,
2665 4889 2794 4934 tom.
2833 4876 2899 4930 lll
2954 4875 3124 4945 April.
3156 4873 3251 4935 26,
3280 4885 3402 4940 pag.
3426 4868 3531 4922 416
3557 4882 3678 4936 seq.

2095 4981 2235 5035 Acta
2295 4977 2387 5029 illa
2441 4973 2688 5028 fabulosa
2734 4969 2985 5023 videntur
3031 4962 3266 5027 Valcsio,
3303 4974 3426 5030 pag.
3469 4956 3576 5013 208
3607 4957 3674 5008 ad

2099 5069 2296 5126 Euseb.
2330 5067 2626 5140 [canticum
2655 5077 2798 5117 sacr.
2827 5062 2878 5114 in
2903 5057 3053 5112 illum
3082 5055 3137 5109 d.
3159 5053 3229 5109 26
3262 5053 3395 5123 Apr.
3421 5049 3488 5105 V.
3510 5049 3676 5104 Lam-

414 5147 592 5235 sttulio
618 5147 859 5247 curaque
901 5147 972 5230 in'
1006 5174 1129 5229 Vita
1176 5171 1360 5227 Basilii
1415 5169 1632 5224 uberitts
1677 5147 1994 5236 explicanda
2098 5165 2216 5218 hec.
2257 5160 2462 5215 Comm.
2493 5155 2628 5218 Vlll,
2664 5169 2785 5225 pag.
2821 5147 2972 5247 2l0.l

415 5282 471 5326 et
500 5254 1004 5340 colligendis'atque
1047 5264 1242 5350 melius
1285 5261 1602 5316 ordinandis
1635 5259 1821 5315 Basilii
1857 5259 1996 5314 scri-

2170 5251 2400 5316 Basilas,
2430 5249 2547 5305 sive
2587 5247 2816 5301 Basilius
2865 5244 3007 5297 arcis
3035 5238 3282 5295 ltlechaeae
3310 5235 3385 5308 (b)
3419 5241 3582 5304 atque
3611 5231 3680 5286 ab

2102 5349 2168 5403 A.
2201 5347 2262 5401 C.
2291 5343 2418 5409 556,
2451 5358 2558 5413 quo
2602 5338 2914 5394 Marcellum
2957 5336 3011 5389 in
3042 5333 3248 5404 synodo
3273 5329 3433 5384 CPol.
3465 5325 3683 5396 deposi-

487 5457 594 5512 .lul.
625 5455 872 5512 Garnier.
891 5455 943 5508 in
971 5450 1092 5505 Vita
1117 5451 1176 5504 S.
1206 5449 1413 5513 Basilii,
1445 5448 1734 5518 praemissa
1773 5456 1903 5501 tom.
1939 5443 2011 5498 ll‘l
2107 5450 2219 5493 tum
2250 5444 2488 5500 constat,
2515 5435 2836 5503 Ancyranus
2863 5429 3174 5497 episcopus,
3214 5423 3284 5518 de
3317 5418 3679 5518 ηυξ-1118101).

415 5547 577 5617 Opp.,
594 5562 717 5618 pag.
735 5541 1370 5602 xxxvn-cxxxvunBasis
1393 5537 2014 5609 quidemestTillemon—

2112 5532 2186 5586 De
2212 5531 2454 5598 scriptor.
2479 5526 2688 5590 eccles.,
2725 5537 2845 5594 cap.
2878 5519 2967 5591 89.
3003 5518 3166 5574 Plura
3196 5515 3263 5570 de
3301 5528 3365 5568 eo
3393 5509 3686 5598 Tillemon~

491 5663 568 5789 Σο)
605 5661 800 5717 Recole
834 5669 1014 5714 notam
1047 5655 1123 5726 (1)
1157 5653 1454 5723 superioris
1483 5651 1692 5732 pagina:
1715 5664 1894 5728 ccxst.
1931 5645 2095 5730 _Eot1'.
2171 5715 2183 5726 .
2310 5714 2320 5726 ι
3048 5701 3061 5712 1
3300 5699 3312 5712 ο
3515 5695 3526 5706 ⁸
3563 5693 3575 5704 .

517 5736 568 5789 bl
602 5733 822 5789 Rectius
844 5731 896 5787 in
919 5729 1162 5789 pluribus
1180 5725 1336 5788 codd.
1374 5723 1502 5778 libri
1537 5722 1944 5789 Hieronymum:
1981 5716 2053 5774 De
2080 5711 2421 5786 scriptoribus
2451 5707 2663 5777 eccles.,
2692 5720 2813 5776 cap.
2840 5701 2932 5772 89,
2961 5703 3177 5773 legitur,
3207 5706 3343 5753 artts
3389 5695 3574 5750 medici

517 5695 568 5806 ῖς
2080 5695 2421 5786 scriptoribus
2451 5707 2663 5777 eccles.,
2692 5720 2813 5776 cap.
2840 5701 2932 5772 89,
2961 5701 3177 5773 legitur,
3207 5699 3343 5753 artis
3389 5695 3682 5750 medicina.
