4094 6220
1583 298 1863 357 NOTITIA
1905 301 1997 356 EX
2040 302 2397 361 FABRICIO..

3426 311 3601 355 CCXLV

349 421 459 483 829
481 423 551 480 ad
581 421 680 479 841
712 422 874 478 rebus
905 419 1138 491 praefuit,
1164 429 1345 476 exstat
1370 419 1422 475 in
1456 421 1769 479 Combelisii
1803 424 1923 478 Ma—
1951 434 2000 490 Α
2025 426 2251 484 Coislin.
2283 425 2539 491 CCLXX,
2584 438 2746 497 quam
2799 421 2966 481 edidit
3019 419 3309 479 Montfauc.
3350 422 3406 477 in
3456 420 3599 478 Bibl.

352 515 530 586 nipulo
562 516 699 585 orig.
733 512 925 579 CPoI.,
958 527 1080 582 pag.
1130 512 1389 586 110-143.
1427 513 1603 570 Paris.
1640 515 1806 581 1664,
1832 518 1911 571 4ο.

352 607 515 662 ΕΑΒΒ.
548 605 787 676 Epistola
829 604 918 659 illa
966 604 1243 674 synodalis
1296 608 1361 660 ad
1409 606 1600 675 imper.
1647 606 1922 678 Theophi—

349 697 459 753 lum
486 697 922 762 Iconomachum,
958 712 1056 766 pro
1100 697 1248 752 cultu
1300 712 1580 753 sacrarum
1617 699 1917 769 imaginum

351 803 686 847 memoratur
717 802 771 845 et
808 791 963 845 locus
993 789 1304 859 excerpitur
1333 806 1362 844 a
1400 789 1687 846 Lambecio
1713 792 1915 851 Comm.

348 883 415 936 de
440 883 566 936 bibl.
598 882 824 949 Cmam,
850 929 855 935 .
877 882 987 935 vol.
1016 880 1148 945 VIII,
1176 897 1299 952 pag.
1335 880 1459 939 697.
1491 884 1630 938 Add.
1669 898 1789 955 pag.
1816 884 1920 941 708

351 988 524 1043 seqq.,
556 973 643 1027 ubi
676 974 725 1027 in
762 980 887 1027 nota
934 971 1293 1027 Combelisius
1322 974 1567 1043 carpitur
1603 982 1658 1028 et
1699 985 1920 1029 contex-

352 1074 439 1119 tus
461 1064 556 1118 Gr.
590 1063 854 1118 beneﬁcio
890 1062 1093 1116 codicis
1120 1061 1353 1118 Caesarei
1406 1062 1707 1133 suppletur.
1759 1065 1916 1120 Gonf.

347 1168 510 1223 supra
543 1153 650 1207 vul.
683 1151 815 1216 VIII,
858 1168 980 1222 pag.
1010 1153 1100 1215 84,
1126 1161 1262 1208 sect.
1292 1153 1345 1207 '5.
1390 1152 1563 1207 Hanc.

422 1243 693 1315 [Basilius,
724 1242 1151 1312 Λατινελέγκτης
1191 1243 1643 1299 bieromonachus
1685 1244 1919 1312 Studita.

346 1336 442 1404 qui
474 1346 658 1389 contra
702 1333 924 1387 Latinos
969 1333 1207 1399 scripsit,
1249 1344 1582 1390 memoratus
1611 1335 1679 1389 ab
1727 1336 1923 1394 Allatio

350 1425 428 1481 De
452 1442 719 1489 consensu,
742 1441 795 1494 p.
831 1424 937 1478 555
965 1433 1017 1479 et
1049 1424 1173 1477 624.
1207 1423 1403 1497 Hann]

421 1518 650 1573 Basilius
674 1516 1124 1585 lrenopelitauus,
1158 1531 1443 1585 perperam
1478 1531 1509 1571 a
1539 1517 1705 1573 Cilice
1734 1519 1924 1575 distin-

350 1612 534 1679 guitur
562 1612 613 1665 in
664 1608 1073 1677 Chartophylace
1108 1608 1269 1663 Cavei
1300 1608 1413 1678 (qui
1450 1610 1501 1663 id
1546 1621 1689 1665 recte
1731 1611 1923 1668 deinde

346 1702 750 1773 emendavit)et
774 1702 827 1755 in
858 1698 1141 1755 Pandectis
1174 1701 1514 1756 Ilendreichii
1550 1701 1923 1759 Brandenbur-

348 1808 505 1863 gtcts.

422 1882 669 1946 Basilius,
714 1880 930 1937 Isauria
982 1882 1305 1952 episcopus,
1361 1882 1502 1937 idem
1547 1898 1666 1939 cum
1731 1883 1913 1941 Seleu-

347 1976 540 2029 ciensi.

419 2065 665 2132 Basilius,
694 2066 925 2121 Larissze
947 2067 1000 2120 in
1035 2066 1314 2122 Thessalia
1350 2067 1795 2136 metropolitanus
1820 2069 1924 2123 Ba-

350 2158 490 2225 luz.,
536 2175 591 2229 p.
626 2158 730 2213 886
789 2158 953 2213 Nova:
999 2158 1201 2213 collect.
1242 2160 1432 2213 concil.
1488 2158 1574 2231 [V.
1622 2161 1688 2215 de
1726 2160 1923 2216 Basilio

348 2250 682 2316 Euchaitar.,
710 2261 841 2317 etc.,
875 2261 1060 2306 notata
1090 2268 1143 2321 p.
1170 2252 1209 2306 8
1240 2251 1410 2323 ωιτη]

419 2363 649 2417 Basilius
693 2363 934 2427 Macedo,
993 2365 1123 2431 imp.
1161 2364 1229 2417 ab
1280 2365 1345 2417 A.
1390 2362 1449 2418 C.
1481 2363 1585 2419 866
1626 2365 1692 2419 ad
1721 2363 1824 2420 889
1859 2364 1924 2419 de

346 2454 500 2523 cujus
526 2455 841 2524 κεφαλαῖοις
866 2458 1272 2528 παραινετικοῖς
1303 2456 1412 2510 dixi
1442 2457 1538 2512 lib.
1564 2471 1616 2524 ν,
1638 2471 1688 2511 c.
1714 2457 1768 2511 5.
1790 2456 1919 2529 [vol.

347 2543 482 2612 VIII,
510 2561 561 2615 p.
603 2546 675 2599 42
716 2544 833 2617 sq.]
870 2547 943 2602 De
991 2547 1107 2615 ejus
1150 2548 1316 2603 variis
1354 2547 1840 2604 Constitutionibus
1870 2559 1926 2603 et

348 2637 572 2706 legibus,
610 2629 1102 2707 aliisquescriptis,
1136 2641 1203 2693 ad
1229 2639 1350 2709 jura
1379 2639 1775 2707 spectantibus,
1810 2639 1923 2693 dis-

346 2727 556 2781 serendi
615 2727 766 2782 locus
806 2728 911 2782 erit
935 2730 1092 2810 .libro
1137 2743 1223 2796 v1,
1265 2728 1720 2798 quemadmodum
1753 2738 1809 2785 et
1859 2731 1926 2785 de

349 2812 583 2873 Novellis
614 2817 799 2874 Basilii
822 2817 1266 2900 Porpliyrogeniti
1292 2819 1421 2889 imp.

418 2930 685 2997 Basilius,
721 2932 1005 3002 Magnesia:
1047 2933 1362 3002 episcOpus,
1414 2931 1661 2988 interluit
1698 2934 1927 2990 concilio

346 3014 565 3080 Nicacno
594 3040 656 3089 ιι,
693 3033 822 3078 tom.
856 3022 923 3076 ιιι
954 3023 1113 3088 Binii,
1138 3039 1191 3093 p.
1218 3023 1341 3078 516.

419 3134 651 3192 Basilius
688 3151 892 3205 magus,
924 3136 989 3190 de
1021 3150 1127 3205 quo
1180 3135 1474 3205 Gregorius
1518 3135 1742 3206 Magnus
1777 3137 1869 3192 lib.
1909 3126 1997 3192 ιο

349 3225 647 3295 Dialogor.,
673 3243 726 3297 p.
779 3227 910 3282 1551
973 3242 1114 3297 seq.,
1150 3237 1277 3283 tom.
1316 3226 1521 3297 IOpp.,
1559 3239 1614 3283 et
1643 3227 1929 3284 Cassiodo-

348 3336 441 3376 rus
471 3337 545 3385 ιγ,
577 3319 632 3383 2,
673 3320 798 3375 Var.

417 3435 649 3491 Basilius
668 3434 946 3498 Maleinus,
965 3434 1023 3490 S.
1045 3434 1234 3489 Laurae
1258 3449 1423 3504 prope
1446 3434 1811 3505 Hierosolyma
1839 3450 1929 3489 ar-

346 3526 721 3597 chipresbyter
736 3534 789 3580 el
805 3526 989 3589 abbas,
1008 3528 1159 3595 cujus
1171 3525 1442 3597 ἀσκητικὴ
1459 3522 1805 3589 ὑποτύπωσις
1828 3526 1925 3595 (α),

347 3630 401 3678 et
430 3620 663 3685 libellus,
699 3635 806 3689 quo
858 3619 1069 3687 probat,
1118 3629 1314 3675 ascette
1354 3634 1459 3673 non
1490 3632 1611 3673 esse
1654 3617 1924 3688 captanda

347 3714 636 3768 honoraria
688 3727 791 3768 nec
838 3712 1070 3766 honores
1120 3711 1457 3777 ambiendos,
1494 3724 1597 3763 ms.
1636 3708 1823 3764 Grmce
1871 3710 1926 3763 in

346 3800 637 3855 Bodleiana
669 3801 801 3855 bibl.
852 3801 1015 3855 Faue.
1050 3798 1371 3868 Informatio
1415 3799 1673 3868 ascetica,
1705 3799 1757 3853 in
1792 3798 1921 3854 bibl.

344 3891 551 3947 Bodlei.
578 3892 699 3947 cod.
725 3884 784 3939 V.
803 3885 1046 3946 Herbert.
1067 3893 1196 3946 ibid.
1216 3893 1356 3947 inter
1376 3892 1533 3947 codd.
1563 3890 1665 3947 Th.
1692 3891 1830 3957 Roe,
1867 3907 1921 3946 n.

344 3981 590 4037 CCLXIII
620 3987 737 4038 cod.
766 3983 927 4049 XVII,
955 3985 1155 4038 Arcem:
1192 4000 1295 4037 non
1315 4000 1424 4039 esse
1449 3983 1736 4053 captandas
1761 3984 1926 4038 Itono-

348 4089 456 4129 res.
478 4103 549 4115 -ο
574 4076 713 4127 Add.
742 4075 806 4127 ad
832 4083 1013 4129 notam
1043 4074 1267 4142 scripta.

418 4164 671 4237 [Basilius
696 4165 879 4227 abbas,
909 4164 1228 4236 ἡγούμενος·
1269 4164 1335 4219 ad
1382 4178 1504 4220 eum
1540 4162 1923 4219 scribitTheo-

343 4254 510 4312 dorus
537 4256 770 4312 Studita.
792 4258 847 4311 V.
873 4256 1235 4311 Montl‘aucon.
1261 4255 1399 4329 Bibl.
1429 4256 1617 4323 Coisl.,
1650 4271 1772 4327 pag.
1798 4256 1922 4323 I44,

342 4345 471 4412 320,
494 4348 619 4412 522,
650 4348 777 4414 set,
811 4348 939 4402 M5.
973 4347 1171 4419 utne]

2024 518 2210 584 CoisL,
2238 536 2291 590 p.
2324 518 2427 574 549
2450 532 2569 589 sqq.
2603 528 2659 574 et
2683 514 2910 573 Basilius
2936 517 3037 573 iste
3068 516 3375 572 nominatur
3402 512 3597 586 p.573.

2025 607 2223 680 Hane]

2098 699 2373 772 [Basilius,
2406 698 2665 763 medicus,
2696 698 3093 769 Bogomilorum
3130 697 3401 753 haereseos
3435 696 3522 750 fax
3548 707 3604 751 et

2028 792 2177 848 tuba.
2208 791 2271 847 γ.
2322 790 2575 845 Allatium
2603 790 2680 845 De
2722 807 2999 854 consensu,
3044 804 3165 860 pag.
3210 789 3341 844 655.
3379 790 3455 844 De
3482 788 3604 843 aliis

2026 883 2240 939 Basiliis
2285 884 2510 938 medicis
2538 898 2591 936 γ.
2630 881 2766 936 infra
2802 883 2852 936 in
2898 882 3122 936 elencho
3153 881 3413 935 medicor.
3445 889 3601 946 vett.,

2028 974 2134 1028 vol.
2159 973 2293 1039 XIII,
2326 988 2380 1043 p.
2410 974 2510 1028 I00
2549 987 2657 1041 sq.;
2718 973 2811 1027 sed
2850 971 2993 1025 conf.
3050 971 3224 1038 ipsum
3280 970 3493 1025 Fabric.
3545 970 3605 1025 in

2028 1064 2135 1119 vol.
2168 1064 2295 1130 Vlll,
2336 1080 2387 1133 p.
2426 1065 2531 1119 517
2565 1079 2646 1133 sq.
2676 1072 2781 1118 vet.
2820 1062 2952 1117 edit.
2986 1060 3183 1132 Harum]

2099 1156 2329 1211 Basilius
2351 1156 2748 1225 Megalomites,
2772 1153 2926 1221 cujus
2961 1152 3270 1223 AEnigmata
3300 1150 3484 1207 Graece
3511 1166 3607 1206 er-

2026 1259 2174 1306 stant
2203 1265 2303 1304 ms.
2354 1247 2467 1303 CXI
2493 1249 2545 1303 in
2606 1248 2737 1301 bibl.
2774 1246 2977 1300 Bodlei.
3008 1244 3108 1318 [De
3142 1243 3342 1299 Basilio
3375 1243 3608 1313 Megalo-

2027 1343 2158 1397 mite
2211 1356 2265 1395 ν.
2315 1340 2457 1395 infra
2490 1338 2599 1393 vol.
2648 1338 2716 1401 Χ,
2750 1354 2802 1409 p.
2835 1338 2938 1392 538
2976 1337 3061 1392 ed.
3110 1347 3220 1390 vet.
3270 1333 3398 1402 Ejus
3441 1333 3606 1387 .Eni-

2026 1441 2202 1499 gmala
2271 1431 2325 1484 in
2394 1430 2553 1486 codd.
2614 1428 2745 1484 bibl.
2807 1428 2954 1499 publ.
3009 1426 3182 1482 Paris.
3246 1424 3498 1480 CMLVlll
3552 1433 3608 1479 et

2028 1521 2342 1577 MDCXXX.
2374 1519 2571 1591 Hanc]

2100 1610 2391 1683 [Basilius,
2425 1609 2656 1665 Moldav.
2708 1610 2982 1680 princeps,
3034 1609 3100 1664 de
3148 1624 3255 1679 quo
3299 1625 3350 1664 ν.
3399 1608 3604 1665 Kollar.

2030 1702 2306 1773 Supplem.
2361 1702 2429 1756 ad
2482 1700 2755 1757 Lambecii
2812 1700 3135 1768 Comment.,
3186 1715 3307 1771 pag.
3360 1700 3467 1757 240
3517 1717 3602 1772 sq.

1956 1791 2000 1847 B
2028 1794 2231 1868 Hann]

2094 1890 2342 1955 Basilius,
2396 1887 2690 1943 monachus
2736 1887 3060 1957 Cappadox,
3092 1886 3246 1957 cujus
3299 1886 3473 1942 fertur
3517 1900 3605 1941 re-

2024 1998 2278 2053 sponsum
2324 1983 2438 2037 sive
2482 1981 2730 2051 ἀναφορὰ
2784 1982 2849 2033 ad
2892 1980 3157 2042 Nicetam,
3206 1979 3604 2049 metropolitam

2024 2073 2563 2129 Thessalonicensem
2602 2072 2749 2126 circa
2790 2071 2853 2122 Α.
2890 2070 2952 2125 C.
2988 2069 3145 2124 l‘200.
3204 2068 3370 2123 lina.
3405 2069 3470 2122 ad
3498 2067 3606 2121 Ba-

2024 2165 2204 2220 silium
2248 2180 2301 2217 ν.
2340 2163 2568 2217 Bandin.
2612 2161 2733 2216 Cat.
2770 2162 2924 2216 codd.
2974 2160 3069 2215 Gr.
3108 2160 3293 2225 Laur.,
3332 2159 3374 2227 Ι,
3406 2174 3525 2230 pag.
3548 2159 3605 2224 9,

2024 2272 2079 2310 ιι.
2117 2256 2205 2311 86.
2226 2254 2546 2309 Monachum
2575 2253 2761 2308 scribit
2792 2252 3063 2307 Theodor.
3105 2251 3609 2307 Studita.V.Mont—

2025 2344 2167 2402 fauc.
2211 2345 2346 2401 Bibl.
2378 2345 2625 2408 Coislin.,
2658 2360 2779 2415 pag.
2812 2345 2930 2400 M9.
2952 2344 3096 2399 Inter
3130 2346 3370 2402 melodos
3390 2345 3610 2402 Graecos

2025 2436 2187 2504 infra,
2224 2438 2331 2493 vol.
2367 2437 2439 2502 Χ,
2474 2453 2595 2507 pag.
2630 2439 2753 2492 151.
2780 2437 3008 2504 Quidam
3068 2439 3435 2510 calligraphus
3479 2454 3607 2495 saec.

2025 2543 2099 2583 ιι.
2127 2528 2190 2581 V.
2225 2528 2517 2583 Montl‘auc.
2545 2528 2913 2598 Palwograph.
2946 2527 3067 2595 Gn,
3097 2544 3150 2597 p.
3199 2531 3323 2585 511.
3364 2530 3535 2586 ΗΑιιι..

2097 2620 2305 2693 [Basilii
2366 2619 2570 2674 minimi
2608 2620 2721 2687 (qui
2771 2618 2975 2673 scholia
3031 2634 3246 2688 quoque
3288 2622 3506 2690 scripsit
3555 2623 3609 2676 in

2026 2712 2271 2781 Gregorii
2293 2710 2548 2765 Naziauz.
2573 2709 2691 2766 XVI
2723 2710 2910 2780 oratt.)
2941 2710 3223 2779 epistolam
3252 2712 3319 2765 ad
3341 2712 3611 2767 Constan-

2029 2801 2199 2854 tinum
2234 2798 2663 2869 Porpbyrogen.,
2696 2814 2727 2855 e
2782 2800 2906 2854 cod.
2950 2800 3195 2854 Naniano
3236 2798 3399 2854 LXIV
3433 2801 3609 2869 publi-

2027 2891 2168 2945 cavit
2222 2888 2522 2959 Mingarcll.
2570 2891 2625 2945 in
2680 2900 2785 2945 cat.
2824 2891 2980 2946 codd.
3012 2906 3093 2960 gr.
3146 2890 3283 2949 Nan.
3310 2906 3362 2960 p.
3393 2891 3497 2948 115
3521 2908 3607 2962 sq.

2026 2981 2166 3036 Add.
2189 2980 2419 3035 Bandin.
2458 2982 2512 3037 in
2561 2991 2663 3037 cat.
2697 2983 2853 3038 codd.
2904 2980 3000 3037 Gr.
3035 2980 3314 3048 Laurent.,
3339 2983 3379 3047 Ι,
3418 2998 3473 3053 p.
3505 2986 3609 3039 556

2030 3088 2151 3143 sqq.
2184 3072 2384 3145 Hasta]

2105 3164 2383 3237 [Basilius,
2406 3166 2690 3237 episcopus
2711 3167 3026 3229 Ναυκλέων,
3051 3167 3189 3222 inter
3216 3168 3612 3237 subscriptores

2029 3256 2267 3326 epistola:
2299 3256 2566 3312 Gennadii
2618 3259 2912 3329 encyclica‘.
2958 3275 3009 3315 a.
3055 3259 3180 3314 459.
3231 3258 3292 3314 V.
3339 3243 3610 3318 Latnbecil

2028 3348 2316 3402 Comment.
2339 3360 2393 3404 et
2415 3347 2615 3404 Kollar.
2647 3360 2761 3405 not.
2791 3351 2899 3405 vol.
2942 3338 3070 3413 VIII,
3100 3367 3151 3420 p.
3184 3350 3307 3407 894.
3342 3351 3540 3424 Hum]

2096 3437 2328 3494 Basilius
2382 3438 2839 3506 Nicomediensis,
2876 3453 3104 3514 martyr.
3143 3444 3320 3513 Supra
3353 3446 3408 3500 in
3448 3450 3613 3501 Ama-

2026 3545 2176 3585 seno.
2205 3530 2281 3583 De
2309 3531 2429 3586 aliis
2469 3531 2681 3588 Basiliis
2735 3534 3067 3605 martyribus
3109 3546 3233 3591 octo
3268 3536 3350 3593 vel
3386 3553 3609 3607 novem,

2024 3620 2289 3678 Barouius
2310 3624 2377 3678 ad
2406 3623 2752 3693 Martyrolog.
2793 3622 3116 3680 Romanum.

2097 3711 2353 3776 Basilius,
2401 3714 2664 3781 patricius
2710 3721 2765 3766 et
2818 3712 3108 3781 prazlectus
3152 3714 3410 3778 cubiculi,
3457 3715 3611 3782 cujus

2029 3800 2412 3865 Naumachica,
2460 3801 2721 3856 hactenus
2757 3801 2980 3868 inedita,
3030 3802 3169 3857 dabo
3217 3803 3403 3859 Graece
3444 3803 3608 3861 infra.

2025 3890 2191 3947 Fann.
2219 3891 2300 3946 Ad
2325 3906 2448 3946 eum
2479 3892 2668 3945 scribit
2710 3891 3027 3946 Theodorus
3070 3892 3303 3948 Studita.
3347 3894 3412 3950 ν.
3440 3894 3612 3950 Mont-

2024 3982 2168 4038 I'auc.
2198 3982 2337 4037 Bibl.
2371 3982 2610 4049 Coislin.,
2634 3997 2756 4053 pag.
2784 3983 2908 4038 522.
2946 3983 3116 4038 Hauc.

2097 4075 2325 4131 Basilius
2359 4074 2641 4145 Pegoriota
2664 4116 2680 4142 ,
2712 4076 2803 4145 qui
2839 4077 2979 4130 inter
3006 4077 3249 4132 melodos
3276 4074 3478 4131 Graecae
3503 4075 3612 4131 Ec-

2026 4166 2203 4221 clesiae
2228 4166 2480 4220 laudatur
2509 4181 2539 4220 a
2571 4165 2755 4220 Leone
2793 4165 3012 4233 Allatio,
3044 4176 3118 4232 et,
3150 4167 3240 4237 qui
3274 4168 3427 4236 plura
3457 4169 3523 4222 de
3546 4184 3613 4225 eo

2026 4258 2424 4325 dicet,Urbauo
2449 4258 2708 4314 Godlrido
2738 4258 2928 4314 Sibero
2957 4257 3120 4330 [infra
3150 4260 3256 4318 vol.
3276 4259 3347 4325 X,
3372 4278 3425 4331 p.
3460 4260 3608 4335 πη.

2097 4351 2329 4406 Basilius
2356 4350 2735 4421 Philippensis,
2775 4350 2927 4419 cujus
2952 4351 3170 4406 homilia
3215 4353 3266 4404 in
3317 4362 3613 4421 praesenta-

413 4440 647 4495 Basilius
688 4449 888 4506 asceta,
941 4439 1199 4495 Marciani
1235 4436 1547 4508 discipulus,
1582 4454 1613 4493 a
1652 4455 1761 4510 quo
1794 4456 1923 4497 con—
1955 4472 1999 4527 Β
2028 4439 2229 4494 tionem
2283 4438 2343 4494 Β.
2381 4439 2616 4507 Virginis
2660 4441 2713 4493 in
2744 4439 2941 4507 templo
2974 4478 2991 4503 ,
3020 4455 3121 4494 ms.
3163 4440 3350 4494 Graece
3386 4442 3436 4494 in
3474 4441 3607 4497 bibl.

340 4534 515 4590 ditum
547 4533 934 4587 monasterium
967 4532 1020 4587 in
1064 4531 1434 4597 Seleucobelo,
1472 4532 1689 4587 civitate
1730 4531 1921 4602 Syrias,

2028 4532 2232 4586 Bodlei.
2276 4530 2357 4603 [n.
2404 4529 2712 4586 CCXXXIV
2738 4540 2793 4585 et
2817 4530 3397 4597 MMMCCCLXXXIII,
3430 4540 3483 4587 et
3531 4533 3611 4587 in-

340 4635 533 4681 narrat
585 4625 949 4680 Theodoritus
994 4624 1207 4680 «Histor.
1260 4624 1496 4695 religios.
1542 4640 1661 4695 cap.
1690 4626 1745 4690 5,
1782 4626 1924 4680 inter
2029 4631 2113 4679 ter
2150 4621 2305 4677 codd.
2353 4621 2563 4675 Galen.
2596 4620 3181 4692 MMMMMCMXLIX.]

340 4717 637 4784 discipulos
664 4717 780 4787 ejus
817 4717 1097 4780 Sabinum,
1138 4717 1442 4792 miramque
1480 4727 1533 4771 et
1566 4716 1724 4783 hujus
1751 4717 1923 4772 absti-

338 4810 581 4863 nentiam
643 4809 961 4876 praedicans.
998 4808 1260 4862 Eumdem
1308 4823 1432 4862 cum
1485 4807 1685 4863 Basilio
1735 4806 1921 4862 Seleu-

338 4899 508 4954 ciensi
550 4899 700 4952 illum
731 4898 859 4954 facit
894 4898 1156 4955 Barouius
1182 4901 1249 4955 ad
1277 4899 1346 4953 A.
1370 4899 1434 4955 C.
1464 4900 1591 4963 382,
1626 4916 1678 4953 n.
1709 4898 1800 4963 68,
1826 4897 1921 4953 sed

339 4990 577 5053 rectius,
627 4989 1067 5060 distinguendum
1114 5005 1269 5055 esse,
1314 5001 1499 5047 monet
1547 4990 1923 5046 Tillemontius

337 5084 471 5132 tom.
508 5077 600 5133 XV
625 5077 873 5149 Memora,
904 5096 958 5150 p.
980 5079 1106 5135 5M.

2098 4714 2355 4778 Basilius,
2412 4713 2631 4768 Pisidia
2702 4714 3012 4783 episcopus,
3080 4713 3494 4784 lcouumacbus,
3553 4716 3607 4768 in

2027 4822 2185 4876 quem
2218 4807 2540 4860 invehuntur
2561 4804 2750 4859 Patres
2790 4805 2980 4875 synodi
3014 4806 3413 4872 vu,actionet,
3439 4803 3611 4861 tom.l

2025 4896 2265 4951 Biniauae
2291 4896 2421 4950 edit.
2460 4910 2510 4965 a_.
2549 4894 2705 4959 1618,
2744 4911 2795 4965 p.
2821 4895 2949 4949 489..

2099 4987 2332 5041 Basilius
2366 4954 2671 5056 presbyter,
2707 4987 2863 5055 cujus
2899 4983 3023 5038 Vita
3057 4994 3279 5039 auctore
3318 4986 3523 5038 incerto
3554 4983 3612 5037 in

2029 5088 2159 5133 tom.
2189 5076 2252 5131 ΙΙΙ
2287 5078 2403 5131 Act.
2450 5084 2707 5140 sanctam,
2742 5075 2919 5129 Martii
2961 5074 3054 5140 22,
3088 5090 3210 5145 pag.
3250 5074 3376 5129 580.
3421 5073 3611 5127 Latino

413 5168 666 5241 [Basilius
703 5170 1057 5237 Manicbmus,
1086 5171 1260 5243 Sergii
1305 5171 1626 5243 discipulus,
1663 5171 1717 5227 in
1740 5170 1921 5228 Photii
2027 5181 2083 5225 et
2118 5170 2305 5225 Graece
2334 5169 2400 5223 ad
2442 5169 2728 5223 voluminis
2768 5168 2994 5225 calcem.
3027 5168 3190 5223 FABB.
3229 5167 3309 5221 Ad
3352 5165 3608 5221 Basilium

336 5261 650 5317 narratione
698 5262 768 5317 de
812 5261 1123 5319 Manichmis
1181 5264 1666 5335 repullulantibus,
1697 5265 1751 5319 in
1796 5264 1919 5320 cod.

408 5417 488 5487 (α)
534 5417 911 5493 ξΥπρτύπωσις
944 5420 1036 5493 Illa
1077 5420 1201 5493 sive
1246 5421 1537 5493 descriptio
1571 5424 1695 5478 vita:
1723 5438 1909 5478 mona-

336 5486 489 5542 stica:
521 5487 726 5556 Latine
763 5501 942 5544 exstat
976 5492 1028 5543 in
1076 5486 1671 5547 bibliothecis'Patrum
1694 5533 1709 5556 ,
1741 5494 1911 5547 inter.

336 5566 489 5633 prelo
507 5555 623 5633 :lac.
641 5557 902 5633 Pontano,
927 5569 1057 5633 tom.
1089 5559 1233 5633 XXII
1258 5562 1397 5633 edit.
1414 5562 1605 5633 Lugd.,
1637 5555 1761 5633 pag.
1781 5563 1912 5617 750-

336 5625 459 5705 752.
505 5625 609 5705 [Ιε
645 5629 819 5705 indice
866 5631 988 5705 cod.
1017 5630 1141 5705 msti
1186 5625 1681 5705 Antoniihljlparcbi
1709 5625 1910 5705 Linlra

332 5695 393 5753 in
434 5695 541 5755 vol.
568 5695 638 5763 Χ,
668 5699 812 5767 mag.
864 5698 989 5752 479.
1048 5698 1105 5753 In
1158 5702 1317 5755 codd.
1370 5695 1509 5760 bibl."
1555 5695 1907 5773 publ.'Paris.

657 5794 927 5857 Ρηιιοι..
954 5795 1074 5859 Gs.
1107 5797 1351 5860 XXIX.

2027 5263 2401 5332 presbyterum
2427 5260 2615 5316 scribit
2637 5259 2792 5315 Joan.
2827 5260 3199 5332 Chrysostom.
3226 5258 3290 5313 V.
3315 5255 3607 5313 Montl'auc.

2015 5419 2353 5478 DCCGLVIII
2391 5429 2445 5475 et
2474 5418 2788 5474 MDCXXX.
2832 5448 2901 5459 ——
2937 5415 3119 5471 Basilii
3176 5415 3445 5478 monachi,
3472 5431 3611 5484 prac-

2016 5494 2175 5561 positi
2230 5493 2422 5545 Laurze
2494 5489 2854 5550 Mallinorum,
2901 5486 3089 5561 capita
3156 5487 3472 5561 pgrrpnetica
3536 5485 3610 5541 ad

2016 5555 2184 5631 ﬁlium
2221 5577 2404 5625 suum;
2451 5561 2808 5631 it._ejusdem‘
2833 5567 2888 5612 et
2925 5555 3392 5631 aliorumEclogae
3415 5557 3611 5631 legunt.

2018 5625 2073 5685 in
2107 5634 2263 5687 codd.
2301 5625 2588 5695 Escorial.,
2607 5639 2744 5686 teste
2778 5627 2972 5684 Pluero
3012 5628 3065 5683 in
3092 5626 3282 5683 ltiner.
3303 5642 3397 5695 per
3426 5625 3611 5696 Hisp.,

2020 5718 2142 5773 pag.
2179 5701 2300 5756 161.
2335 5698 2547 5772 Hann].

3248 5809 3296 5867 Ρ
