4094 6220
437 385 691 427 οῦεκινιιιι

1815 359 2346 417 PROLEGOMENA.

460 507 600 552 rum,
636 505 666 541 α
706 483 1186 553 Ruﬁno-conversa.
1241 481 1317 536 De
1347 481 1528 552 regula
1565 481 1814 536 monach.
1846 482 1909 536 ν.
1941 482 2015 534 in-

2119 501 2197 556 De
2237 500 2476 568 scriptor.
2525 498 2729 564 eccles.,
2771 513 2892 569 pag.
2937 495 3036 552 177
3067 510 3205 564 seq.,
3239 493 3306 548 ab
3334 490 3696 550 Hendrelehio

460 583 544 636 fra
570 583 634 636 ad
670 580 738 634 IX
765 620 778 645 ,
824 579 907 632 11.
964 575 1214 630 Ruﬁnum
1243 590 1362 630 esse
1410 575 1701 644 pessimum
1754 575 2019 644 interpre-

460 684 590 737 tem,
625 670 813 726 statuit
873 667 1095 722 liuetius
1151 667 1230 722 De
1281 669 1738 737 interpretatione,
1799 666 1921 720 li'br.
1956 678 2019 731 ιι,

457 779 582 834 pag.
628 760 732 814 246
765 775 848 829 sq.
881 758 967 812 ed.
1013 757 1209 813 Sladte.
1243 758 1400 822 1680,
1440 759 1519 814 8⁰.
1543 787 1611 802 -
1643 758 1718 812 De
1771 759 1856 813 ed.
1897 756 2015 811 Col.

439 856 620 909 1551.
666 851 796 906 Vide
847 850 1075 905 Panzer.
1133 849 1198 904 Α.
1255 849 1341 915 Τ.,
1396 849 1482 914 Vl,
1525 866 1574 920 p.
1626 849 1752 914 414,
1802 866 1855 903 n.
1892 848 2015 901 609.

457 945 627 1000 Ηλιιι..

529 1035 727 1108 [Paris
751 1033 912 1089 1523.
945 1031 1128 1086 Basilii
1151 1031 1220 1085 Μ.
1241 1046 1401 1100 opera
1419 1045 1483 1086 ex
1509 1031 1844 1100 interpretat.
1860 1027 2015 1083 Joan.

455 1127 796 1198 Argyropuli,
839 1126 904 1181 G.
945 1123 1320 1194 Trapezuntii,
1347 1131 1400 1178 et
1439 1122 1615 1192 Raph.
1661 1121 2014 1176 Volaterrani.

455 1232 545 1286 ap.
593 1215 714 1271 Jod.
745 1215 990 1268 Badium.
1027 1212 1158 1280 fol.;
1213 1213 1356 1268 conf.
1415 1211 1842 1268 Schoenemann.
1873 1210 2013 1266 Bibl.

433 1333 525 1349 -—-
575 1306 802 1361 Patrum
851 1305 998 1372 Lat.,
1031 1305 1070 1371 l,
1101 1320 1152 1372 p.
1183 1303 1286 1358 619
1312 1319 1396 1373 sq.
1428 1333 1500 1344 —
1537 1302 1613 1358 De
1669 1303 2015 1371 Trapezuntii

455 1399 708 1454 versione
755 1397 1016 1450 librorum
1054 1395 1240 1451 Basilii
1265 1404 1451 1449 contra
1483 1393 1824 1459 Eunomium,
1874 1393 2016 1461 ejus-

455 1507 560 1562 que
617 1489 945 1545 editionibus
977 1503 1027 1541 v.
1062 1487 1196 1542 Zeni
1241 1487 1460 1541 Dissert.
1497 1486 1765 1550 Vossiane,
1791 1495 1920 1541 tom.
1947 1485 2012 1550 ll,

452 1600 508 1654 p.
534 1583 589 1650 9,
615 1599 669 1636 n.
706 1579 792 1636 Vl.
820 1609 895 1622 —
922 1580 1154 1636 Garnier
1189 1581 1242 1632 in
1275 1579 1428 1648 praef.
1455 1579 1522 1633 ad
1559 1586 1689 1633 tom.
1723 1575 1741 1628 Ι
1770 1576 1926 1646 Opp.,
1957 1591 2010 1645 p.

453 1691 527 1741 tv,
562 1679 826 1730 memorat
852 1672 980 1727 edit.
1016 1669 1136 1726 Lat.
1167 1667 1526 1736 Paris.vl525,
1558 1663 1674 1735 fol.,
1705 1684 1792 1738 ap.
1820 1670 2013 1723 Ascen-

450 1768 611 1822 sium.
647 1764 818 1820 "sat.

520 1858 683 1913 Basil.
716 1857 875 1923 1540,
910 1855 1030 1923 fol.,
1058 1855 1198 1925 apud
1244 1854 1569 1926 l‘lervagium
1625 1869 1746 1908 cum
1801 1852 2008 1924 prwfat.
2043 1837 2087 1893 Β

440 1950 752 2022 Wolfgangi
782 1949 1026 2004 Musculi.
1057 1948 1208 2002 llanc
1235 1948 1526 2002 editionem
1558 1956 1752 2015 prater
1803 1947 2014 2002 Gesne-

448 2060 566 2099 rum
605 2052 853 2098 recenset
894 2041 1254 2095 Bellarminus
1277 2039 1354 2093 De
1389 2039 1450 2094 S.
1487 2038 1556 2094 E.
1588 2048 1642 2094 et
1667 2039 1735 2093 Β.
1772 2038 2010 2094 Gerhar-

431 2139 550 2192 -dus
578 2138 630 2190 in
658 2133 1173 2202 Patrologia.FABtt.
1207 2131 1497 2202 Inscriptio
1531 2131 1646 2186 hrec
1677 2141 1761 2186 est
1791 2150 1806 2186 :
1842 2119 2015 2201 opera

447 2227 516 2283 D.
548 2227 739 2282 Basilii
769 2226 849 2282 Μ.
885 2258 952 2267 -
977 2228 1167 2282 Omnia
1191 2269 1207 2295 ,
1239 2217 1346 2282 sive
1372 2243 1544 2282 recens
1578 2243 1750 2292 versa,
1785 2229 1894 2282 sive
1944 2228 2015 2282 ad

449 2319 658 2375 Graecos
707 2322 1015 2390 archetypos
1053 2322 1127 2374 ita
1167 2321 1390 2386 collata,
1429 2337 1519 2389 per
1559 2319 1761 2390 Wolfg.
1793 2321 2015 2376 Museu-

447 2414 556 2466 lum
578 2451 592 2477 ,
625 2411 899 2465 Daunum
919 2452 933 2477 ,
967 2423 1022 2465 ut
1063 2411 1227 2466 aliam
1254 2413 1466 2466 omnino
1493 2412 1684 2481 faciem
1725 2416 2013 2482 sumpsisse

447 2504 742 2558 videantur.
760 2503 996 2568 Quorum
1014 2506 1282 2574 catalogus
1313 2505 1605 2573 insequitur
1623 2507 2007 2576 prwfationem.

446 2595 611 2650 Basil.
644 2610 710 2650 ex
758 2594 848 2650 oﬂ'.
901 2594 1240 2665 Hervagiana
1277 2594 1492 2661 MDXL,
1525 2596 1616 2652 fol.
1647 2596 1894 2667 Exempl.
1926 2604 2012 2653 est

447 2688 500 2741 in
529 2687 658 2742 bibl.
699 2688 852 2743 acad.
889 2687 1105 2758 Erlang.
1137 2686 1308 2743 Hann.

513 2781 678 2836 Basil.
711 2781 868 2846 1552,
899 2781 1016 2848 lol.,
1055 2783 1249 2838 edente
1281 2778 1417 2837 Jano
1446 2781 1728 2838 Cornario.

514 2873 676 2930 Basil.
699 2873 860 2937 1565,
882 2873 995 2942 fol.,
1012 2873 1151 2944 apud
1168 2871 1323 2929 Joan.
1346 2872 1662 2944 Oporinum,
1681 2891 1802 2930 cum
1822 2876 2010 2932 eadem

444 2963 667 3021 Musculi
699 2965 1036 3036 praefatione,
1069 2964 1159 3034 qui
1203 2965 1259 3021 in
1310 2965 1413 3020 hac
1450 2967 1684 3022 editione
1717 2968 1920 3023 scholia
1955 2968 2011 3024 in

442 3055 708 3121 Psalmos,
737 3065 793 3110 et
829 3055 1226 3112 enarrationem
1267 3056 1321 3111 in
1361 3057 1594 3113 sedecim
1634 3059 1806 3128 capita
1837 3059 2007 3127 lsaize,

2119 594 2173 647 in
2215 592 2500 646 Pandectis
2542 590 3049 658 Brandenburgicis,
3097 587 3214 652 sed,
3238 587 3327 655 qui
3361 585 3526 640 multa
3557 599 3690 639 con-

2119 683 2237 738 fuse
2285 697 2347 736 ac
2380 681 2513 735 falso
2545 682 2609 735 de
2639 681 2968 735 editionibus
3004 678 3184 733 Basilii
3229 677 3552 748 scriptorum
3582 685 3692 730 tra-

2119 775 2216 829 dit.
2285 772 2384 839 Qui
2447 773 2586 826 hanc
2648 771 3004 825 Parisiensem
3057 768 3349 823 editionem
3403 777 3684 831 curarunt,

2119 866 2318 920 Fronto
2349 865 2572 919 Duczeus
2601 873 2655 919 et
2689 862 2819 918 Fed.
2859 861 3129 927 blorellus,
3163 867 3444 923 testantur,
3475 874 3534 914 se
3559 871 3689 912 usos

2118 959 2352 1014 editione
2396 956 2583 1013 Graeca
2627 956 2758 1032 anni
2799 954 2958 1018 1551,
2995 953 3186 1007 collata
3223 966 3343 1006 eum
3372 965 3502 1005 mss.
3533 965 3562 1002 a
3593 949 3689 1002 Ri-

2117 1052 2318 1107 chardo
2364 1048 2706 1104 Montacutio.
2757 1045 2933 1100 Ducaei
2979 1053 3141 1108 uotae,
3182 1042 3376 1112 quibus
3409 1040 3687 1095 versiones

2116 1141 2314 1214 passim
2365 1141 2714 1210 castigantur,
2756 1137 2980 1206 implent
3022 1135 3076 1189 in
3121 1131 3424 1203 Appendice
3475 1132 3602 1185 tomi
3640 1128 3685 1182 ll

2114 1233 2336 1304 paginas
2378 1231 2512 1296 H8;
2547 1231 2672 1284 hinc
2713 1229 3006 1284 succedunt
3055 1227 3262 1294 exigua:
3295 1223 3539 1278 Federici
3572 1219 3684 1276 Mo-

2116 1323 2235 1379 relli
2262 1340 2314 1392 p.
2353 1324 2454 1378 119
2481 1351 2551 1363 -
2581 1321 2702 1376 126.
2747 1318 2906 1392 [Add.
2939 1317 3166 1374 Garnier
3194 1316 3230 1371 l.
3270 1331 3342 1380 ο..
3379 1329 3432 1384 p.
3462 1312 3542 1385 v.]

2185 1415 2340 1471 1658.
2370 1415 2541 1470 Paris.
2579 1428 2664 1483 ap.
2691 1411 2869 1483 Egid.
2903 1409 3130 1476 Morell.,
3167 1407 3287 1474 fol.,
3327 1408 3361 1461 5
3393 1406 3550 1470 voll.;
3585 1404 3684 1458 mi—

2114 1523 2215 1564 nus
2244 1507 2412 1562 nitida
2453 1506 2739 1574 minusque
2775 1502 3083 1565 emendata,
3127 1513 3300 1568 neque
3345 1498 3447 1552 ulla
3485 1511 3544 1551 re
3578 1495 3682 1550 alia

2114 1601 2341 1656 auctior.
2385 1597 2531 1653 Hanc
2574 1603 2819 1652 recenset
2848 1593 3145 1649 Casimirus
3175 1590 3414 1646 Oudinus
3447 1589 3501 1644 in
3543 1587 3682 1656 Sup-

2111 1693 2365 1764 plemento
2395 1690 2462 1744 de
2497 1688 2852 1758 Scriptoribus
2881 1684 3091 1747 eccles.,
3130 1697 3185 1754 p.
3218 1681 3289 1736 42
3317 1695 3436 1750 seq.
3471 1675 3626 1752 [lom.
3662 1678 3681 1732 1

2115 1783 2427 1846 Comment.,
2470 1795 2523 1850 p.
2551 1779 2672 1834 ’548
2719 1792 2864 1847 sqq.,
2895 1785 2950 1831 et
2983 1775 3138 1839 ibid.,
3167 1790 3220 1844 p.
3250 1773 3352 1828 577
3382 1770 3530 1843 sqq.]
3587 1785 3682 1825 no-

2118 1891 2237 1930 vam
2262 1871 2673 1944 Lsciagraphiam
2717 1869 2937 1938 subjicit
2972 1866 3202 1933 ordinis,
3245 1880 3352 1936 quo
3385 1866 3499 1934 ipse
3531 1871 3681 1932 optet

2115 1983 2276 2038 opera
2332 1966 2391 2020 S.
2432 1962 2614 2018 Basilii
2662 1961 2865 2025 recudi,
2915 1967 2972 2014 ut
3015 1959 3189 2029 primo
3232 1966 3376 2011 tomo
3426 1954 3678 2018 homilias,

2114 2057 2285 2111 altero
2322 2053 2444 2109 libri
2483 2061 2536 2106 et
2570 2051 2939 2114 tractationes,
2975 2049 3134 2103 tertio
3161 2045 3418 2116 epistolae,
3467 2043 3681 2112 liturgia

2113 2157 2168 2202 et
2201 2147 2306 2200 alia
2341 2144 2606 2216 quaedam,
2644 2142 2697 2197 in
2727 2140 3000 2211 prioribus
3029 2153 3135 2193 non
3183 2136 3360 2200 obvia,
3387 2134 3684 2189 exhibeano-

2114 2247 2224 2293 tur—
2246 2233 2632 2309 [proscribendi
2681 2240 2856 2288 tamen
2899 2230 2991 2285 lib.
3039 2229 3113 2283 De
3147 2227 3492 2299 grammatica
3531 2239 3682 2280 cater-

2113 2331 2261 2384 citat.
2289 2337 2344 2383 et
2371 2324 2590 2396 epistola
2613 2323 2666 2376 in
2695 2321 2926 2376 adversis
2953 2314 3349 2389 consolatoria].

2180 2420 2384 2476 Novam
2427 2416 2608 2472 Basilii
2641 2429 2863 2485 operum
2911 2413 3200 2468 editionem
3231 2411 3450 2466 molitus
3476 2408 3680 2480 pridem

2112 2512 2212 2568 fuit
2271 2510 2593 2566 Franciscus
2636 2505 2970 2572 Combelis.,
3002 2517 3230 2572 cumque
3275 2502 3469 2558 edendi
3515 2502 3684 2572 ipsius

2113 2603 2248 2659 vasti
2285 2603 2467 2674 operis
2512 2600 2726 2656 occasio
2782 2601 3015 2664 deesset,
3065 2596 3448 2666 castigationes
3499 2592 3682 2650 saltim

2111 2711 2240 2752 suas
2273 2710 2340 2752 ex
2373 2695 2541 2750 variis
2574 2693 2853 2749 codicibus
2891 2706 3025 2746 mss.
3055 2699 3110 2746 et
3155 2689 3560 2745 observationes
3584 2701 3680 2741 va-

2111 2786 2222 2840 rias
2254 2785 2320 2840 ad
2349 2785 2574 2854 paginas
2611 2781 2864 2837 editionis
2900 2779 3073 2836 Paris.
3110 2778 3250 2834 1618
3274 2778 3493 2850 vulgare
3528 2777 3686 2830 insti-

2111 2878 2233 2943 tuit,
2265 2878 2520 2946 variaque
2551 2876 2749 2930 inedita
2785 2875 2844 2930 S.
2889 2872 3077 2928 Basilii
3099 2864 3448 2928 monumenta
3477 2870 3680 2938 passim

2111 2971 2354 3025 inseruit.
2402 2969 2506 3024 Sed
2540 2969 2603 3021 A.
2638 2967 2797 3032 1679,
2825 2967 2895 3020 25
2927 2966 3076 3030 Jun.,
3119 2974 3265 3020 aetat.
3291 2965 3377 3028 74,
3407 2963 3555 3034 operi
3584 2964 3686 3016 im-

2111 3045 2322 3117 mortuo
2345 3060 2693 3125 Combelisio,
2737 3059 3140 3116 observationes
3167 3057 3270 3112 illae
3292 3056 3478 3112 eodem
3509 3055 3686 3108 adhuc

443 3153 500 3200 et
523 3146 773 3214 epistolas
803 3149 1064 3216 quasdam
1093 3146 1359 3214 adiunxit.
1397 3149 1563 3204 FABR.
1605 3148 1739 3206 Late
1767 3160 2010 3206 recenset
2035 3171 2079 3231 α
2111 3168 2253 3209 anno
2296 3153 2598 3223 publicatae,
2642 3162 2698 3207 et
2738 3152 2976 3220 archiep.
3029 3148 3342 3214 Parisiensi,
3387 3145 3682 3201 Francisco

433 3238 586 3292 hanc
629 3237 759 3291 θάίι·
810 3249 865 3291 el
905 3237 1010 3292 alia
1053 3238 1195 3293 Ῑθεῑιι
1241 3238 1402 3310 digna
1445 3239 1510 3294 de
1550 3238 1748 3294 Basilio
1791 3239 2012 3311 ejusque
2115 3246 2345 3312 Harlceo,
2388 3245 2657 3313 inscriptas
2701 3250 2828 3298 sunt
2864 3257 2895 3296 a
2930 3241 3216 3297 Vincentio
3244 3238 3294 3293 le
3329 3237 3521 3304 Ferre,
3559 3236 3682 3292 ord.

444 3328 664 3397 scriptis
703 3336 864 3397 atque
907 3328 1292 3398 interpretibus
1342 3328 1567 3399 profert,
1621 3339 1875 3399 notatque
1911 3334 2013 3386 tria

431 3419 794 3489 interpretum
830 3429 1045 3488 peccata
1069 3419 1224 3476 Joan.
1243 3419 1456 3476 Fabric.
1487 3421 1538 3476 in
1555 3418 1696 3474 Hist.
1723 3420 1844 3476 bibl.
1879 3439 2009 3490 suae,

445 3520 574 3565 tom.
603 3509 644 3574 l,
673 3524 793 3581 pag.
827 3509 924 3565 101
953 3541 1023 3553 -
1051 3511 1172 3566 106.
1207 3511 1378 3566 ΒΑΜ..

516 3601 833 3657 Parisiensis
864 3601 1106 3658 Godfridi
1138 3603 1405 3659 Tilmanni
1445 3603 1600 3670 1566,
1636 3603 1754 3671 fol.,
1789 3620 1908 3675 quae
1937 3620 2014 3660 re-

440 3709 570 3750 cusa
607 3705 712 3752 est.

514 3789 788 3858 Antwerp.
839 3787 998 3856 1568,
1055 3786 1173 3853 fol.,
1208 3787 1374 3857 apud
1421 3785 1724 3856 Philippum
1767 3784 2008 3841 Nutium.

438 3877 595 3935 ﬂanc
645 3880 938 3936 editionem
981 3886 1230 3935 recenset
1277 3877 1602 3934 Possevinus
1641 3877 1697 3932 in
1742 3877 2013 3948 Apparatu

441 3987 613 4027 sacro.
647 3970 810 4042 [Add.
842 3969 1070 4026 Garnier
1097 3969 1306 4040 praefat.
1340 3970 1435 4025 cit.
1471 3985 1527 4040 p.
1559 3968 1662 4042 1v.]

514 4063 688 4119 Paris.
731 4063 890 4129 1571,
924 4062 1052 4128 fol.,
1092 4062 1229 4131 apud
1263 4061 1476 4117 Sebast.
1508 4062 1790 4117 Nivellium
1820 4078 1836 4116 :
1868 4061 2014 4132 prio-

439 4153 595 4209 ribus
640 4153 878 4220 nitidior,
924 4153 1237 4222 pleniorque
1277 4161 1331 4206 et
1367 4151 1699 4222 castigatior,
1737 4166 1899 4221 quam
1931 4165 2015 4206 se-

441 4253 567 4300 cuta
600 4243 921 4300 Parisiensis
953 4245 1092 4315 apud
1122 4245 1384 4299 Sonnium
1410 4246 1478 4300 A.
1510 4244 1669 4310 1605,
1702 4243 1798 4299 fol.

512 4335 791 4392 Postrema
839 4337 1265 4408 Antwerpieasis
1306 4336 1478 4402 1616,
1533 4345 1758 4392 curante
1801 4336 2014 4394 Andrea

439 4425 690 4492 Schotto,
733 4428 848 4492 fol.,
885 4429 1109 4499 repetita
1141 4428 1373 4484 Coloniae
1405 4429 1562 4497 1618,
1598 4429 1690 4484 fol.

2113 3337 2310 3400 Prazd.,
2339 3335 2430 3404 qui
2471 3333 2572 3389 sub
2598 3334 2815 3388 nomine
2846 3331 3006 3385 Pauli
3043 3331 3106 3384 de
3146 3329 3358 3398 Golefer
3393 3328 3562 3383 latere
3589 3342 3685 3382 vo-

2112 3428 2232 3483 luit.
2260 3424 2468 3482 Titulus
2491 3425 2671 3496 operis
2701 3433 2785 3479 est
2820 3443 2833 3479 :
2861 3422 3096 3477 Basilius
3132 3437 3354 3492 magnus
3386 3437 3451 3475 ea:
3485 3421 3684 3490 integro

2113 3519 2432 3584 recensitus,
2481 3527 2649 3572 textus
2693 3515 2797 3586 ﬁde
2842 3516 3155 3586 Optimorum
3207 3513 3446 3567 codicum
3494 3511 3684 3582 ubique

2113 3611 2424 3678 castigatus,
2457 3619 2665 3673 auctus,
2705 3607 3025 3670 illustratus,
3062 3603 3384 3667 emendatus,
3426 3603 3682 3656 versiones

2113 3703 2408 3772 recognittz,
2436 3708 2540 3755 etc.
2576 3699 2753 3753 Paris.
2795 3697 2955 3761 1679,
2984 3698 3058 3762 8°,
3100 3696 3310 3750 duobus
3341 3694 3462 3750 voll.
3499 3693 3680 3766 [ConL

2112 3791 2359 3848 Garnerii
2389 3790 2538 3861 praef.
2570 3792 2661 3845 cit.
2695 3806 2746 3860 p.
2774 3789 2874 3861 vt.]

2183 3881 2400 3936 Memini
2439 3890 2493 3936 et
2513 3880 2859 3935 Wilbelmum
2889 3879 3175 3933 Ernestum
3204 3876 3559 3942 Tentzelium,
3588 3880 3685 3932 sev

2117 3973 2446 4045 μακαρίτην,
2476 3973 2660 4027 multis
2687 3970 2862 4035 annis,
2896 3979 2950 4025 et
2989 3969 3359 4025 beatissimum
3401 3969 3682 4024 deside-ra-

2118 4065 2488 4133 tissimumque
2537 4063 2725 4119 Godfr.
2775 4061 3048 4118 Olearium
3096 4072 3340 4118 nostrum
3393 4060 3683 4131 aliquando

2115 4157 2180 4212 de
2209 4171 2344 4212 nova
2371 4155 2552 4210 Basilii
2586 4155 2818 4210 editione
2845 4154 3214 4208 concinnanda
3241 4153 3525 4224 cogitasse,
3547 4159 3601 4206 et
3629 4153 3684 4204 in

2113 4262 2232 4303 eam
2288 4263 2401 4304 rem
2444 4247 2593 4301 varia
2639 4246 2917 4316 collegisse
2966 4245 3223 4309 subsidia,
3273 4245 3365 4300 sed
3407 4243 3686 4312 utriusque

2115 4338 2303 4393 doctos
2336 4325 2565 4393 conatus
2598 4351 2892 4407 properans
2930 4335 3098 4390 fatum
3129 4335 3417 4390 antevertit

2187 4426 2388 4482 Novam
2421 4441 2562 4480 nunc
2591 4425 2647 4480 S.
2681 4424 2864 4480 Basilii
2892 4427 3183 4480 editionem
3213 4423 3407 4478 eruditi
3438 4420 3684 4477 monachi

512 4519 754 4589 Denique
802 4520 1129 4576 Franciscus
1182 4519 1538 4577 Comheﬁsius
1596 4521 1651 4576 in
1696 4520 2013 4576 Ecclesiaste
2044 4527 2088 4582 D
2119 4519 2472 4584 Benedictini,
2515 4519 2709 4587 quibus
2758 4529 2834 4572 tot
2879 4517 3295 4587 praeclarissima
3338 4523 3686 4571 monumenta

443 4607 860 4677 erco,_Paris.
903 4611 1061 4677 1674,
1108 4612 1280 4665 forma
1315 4619 1504 4665 octava
1539 4612 1761 4681 majore,
1811 4621 1919 4666 tum
1959 4612 2012 4666 in

438 4698 766 4754 Bibliotheca
806 4702 1194 4756 concionatoria
1241 4701 1409 4766 ibid.,
1453 4702 1613 4766 1662,
1656 4703 1790 4766 fol.,
1836 4704 2016 4758 varias

440 4790 610 4849 Basil.
651 4792 905 4847 homilias
943 4791 1134 4848 Latine
1175 4808 1206 4846 a
1234 4809 1306 4856 ,se
1346 4794 1428 4849 vel
1469 4793 1785 4862 recensitas,
1826 4793 1910 4848 vel
1947 4795 2015 4850 de

438 4880 653 4950 integro
692 4895 877 4937 versas
902 4880 1094 4937 Latine
1121 4882 1307 4937 edidit.

1069 4973 1402 5030 Germanica.

512 5066 802 5138 lngolstad.
849 5067 1011 5133 1591,
1051 5067 1168 5135 fol.,
1213 5066 1629 5123 Schweikhardo
1663 5066 1858 5122 comite
1890 5065 2015 5120 Hel-

441 5158 840 5224 l‘ensteiniensi,
896 5168 1028 5226 etc.,
1082 5159 1394 5230 interprete.
1445 5157 1628 5232 [Prle
1683 5159 1881 5227 scripta
1930 5167 2014 5213 est

441 5249 800 5320 Landsbergze
829 5249 883 5305 in
913 5249 1141 5304 Bavaria
1172 5266 1380 5320 super.,
1412 5249 1597 5322 1589.]

1003 5341 1440 5397 Grteco—Latinw.

512 5437 576 5492 A.
616 5435 772 5502 1618,
800 5434 996 5503 Paris.,
1028 5433 1145 5497 fol.,
1172 5435 1208 5487 2
1234 5435 1382 5499 voll.,
1420 5449 1487 5488 ex
1516 5432 1728 5488 oﬁicina
1763 5432 2015 5488 Nivellia-

442 5541 514 5582 na
576 5527 686 5598 [ap.
744 5527 1024 5582 Claudium
1086 5525 1294 5580 Morell.
1365 5527 1659 5580 secundum
1723 5525 2011 5596 Hamberg.

443 5617 658 5676 Zuverl.
703 5616 926 5684 Nachr.,
974 5617 1038 5683 ll,
1081 5633 1137 5687 p.
1165 5617 1310 5690 808].
1351 5617 1476 5672 Haec
1513 5617 1738 5688 insignis
1768 5627 1822 5672 et
1850 5617 2015 5671 nitida

442 5711 835 5778 emendataque
877 5709 955 5780 [et
991 5709 1056 5764 ad
1099 5708 1254 5765 codd.
1297 5710 1550 5780 Anglicos
1580 5719 1635 5764 et
1667 5708 1904 5764 Gallicos
1934 5724 2017 5761 re-

446 5803 674 5876 censita]
704 5801 869 5882 editio
902 5810 1211 5857 rccensctur
1241 5817 1270 5856 a
1305 5803 1549 5872 Philippo
1585 5801 1799 5858 Labbeo
1833 5812 1962 5855 tom.
1997 5801 2012 5853 Ι

2117 4609 2481 4665 ecclesiastica
2510 4608 2786 4672 debemus,
2815 4609 3004 4678 jubent
3030 4618 3347 4676 exspectare
3372 4606 3439 4659 ab
3461 4603 3688 4674 insigni-

2115 4704 2214 4758 bus
2265 4701 2534 4757 sodalibus
2586 4703 2719 4767 suis,
2776 4701 2989 4758 Juliano
3035 4701 3338 4765 Garnierio,
3397 4699 3689 4755 Francisco

2114 4793 2413 4847 Faverollio
2438 4803 2491 4847 et
2519 4791 2677 4846 Joan.
2735 4791 2935 4847 Jacobo
2961 4791 3227 4855 Raverdo,
3257 4796 3539 4859 postquam
3577 4785 3685 4846 ille,

2113 4884 2204 4954 qui
2245 4897 2311 4938 ex
2357 4883 2546 4939 eodem
2586 4883 2777 4938 ordine
2819 4884 3074 4938 ornanda:
3118 4883 3243 4936 huic
3268 4889 3463 4951 spartae
3497 4877 3690 4947 praefe-

2113 4985 2233 5032 ctus
2276 4985 2433 5031 antea
2483 4976 2680 5042 fuerat,
2704 4973 2936 5030 Jacohus
2975 4973 3236 5044 Lopinus,
3273 4972 3384 5041 jam
3422 4971 3489 5025 Δ.
3525 4969 3690 5034 1693,

2111 5067 2182 5122 29
2211 5067 2361 5132 Dec.,
2388 5067 2511 5123 fatis
2541 5068 2830 5123 concessit.
2858 5065 3146 5138 [Lopinum
3177 5075 3333 5119 antea
3363 5061 3530 5117 fuisse
3554 5075 3681 5131 pm-

2113 5159 2336 5224 fectum,
2357 5169 2515 5229 negat
2539 5158 2789 5214 Garnier.
2808 5157 2960 5228 praef.
2985 5157 3050 5211 ad
3075 5167 3208 5211 tom.
3225 5171 3267 5220 ι,
3288 5153 3425 5222 Opp.
3449 5168 3570 5222 pag.
3588 5147 3690 5220 tv.]

2185 5252 2415 5325 [Prodiit
2444 5253 2530 5308 ed.
2563 5250 2812 5308 Garnier.
2844 5265 2966 5319 quae
2992 5249 3097 5304 huc
3129 5262 3299 5316 usque
3328 5245 3689 5315 principatum

2114 5355 2328 5410 tuetur;
2378 5345 2542 5398 alium
2582 5345 2843 5398 librorum
2885 5339 3069 5395 Basilii
3115 5339 3363 5394 ordinem
3415 5335 3596 5400 habet,
3637 5341 3694 5386 et

2113 5447 2197 5493 est
2231 5438 2489 5504 inscripta
2534 5456 2547 5489 :

2186 5529 2294 5582 Τοῦ
2317 5557 2388 5568 -
2414 5526 2692 5580 Βασιλεὶου
2721 5555 2792 5564 -—-
2822 5557 2892 5566 —
2917 5523 3101 5580 Sancti
3133 5520 3315 5576 Patris
3344 5519 3510 5576 nostri
3538 5515 3695 5571 Basi-

2116 5621 2195 5684 lii,
2218 5621 2472 5675 Cazsarea:
2498 5618 2844 5687 Cappadocicr
2870 5615 3263 5684 archiepiscOpi,
3293 5611 3465 5681 Opera
3495 5608 3691 5674 omnia,

2116 5728 2230 5781 qua:
2272 5720 2495 5771 exstant,
2537 5709 2615 5762 vel
2660 5724 2775 5776 qua:
2815 5707 2927 5775 ejus
2978 5707 3185 5760 nomine
3228 5703 3689 5771 circumferuntur,

2117 5806 2186 5857 ad
2219 5821 2341 5860 mss.
2374 5805 2525 5856 codd.
2566 5800 2888 5862 Gallicanos,
2938 5797 3236 5861 Vaticanus,
3271 5793 3606 5849 Florentinos
3641 5799 3690 5846 et
