4094 6220
1666 352 1948 408 NOTITIA
1988 351 2078 405 EX
2120 349 2457 404 FABRICIU.

3467 356 3660 401 οςηη

408 476 675 547 Anglicas,
728 491 820 533 nec
868 491 972 531 non
1022 475 1091 531 ad
1140 476 1458 546 antiquiores
1526 478 1654 532 edit.
1702 478 1983 546 castigata,
2018 485 2062 540 Α
2092 490 2149 529 ra
2182 475 2236 528 in
2264 471 2608 529 conferendis
2644 468 3104 538 emendandisque
3143 467 3295 521 libris
3335 466 3508 521 sacris
3544 465 3662 521 Iau-

408 569 589 624 multis
622 577 780 622 aucta
806 584 825 623 :
854 585 986 623 nova
1020 569 1471 639 interpretatione,
1497 570 1691 624 criticis
1720 572 1989 640 praefatio-

408 660 585 721 nibus,
643 658 803 722 notis,
846 657 1007 712 variis
1048 656 1358 712 lectionibus
1402 658 1693 723 illustrata,
1739 676 1868 713 nova
1923 660 1985 715 S.

408 747 654 803 Doctoris
694 749 799 803 vita
836 758 884 804 et
918 750 1296 818 copiosissimis
1336 750 1597 803 indicibus
1648 751 1983 820 locupletato.

410 837 582 910 Opera
622 850 670 895 et
713 842 891 896 studio
925 840 1141 895 Domini
1175 840 1379 895 Iuliani
1422 838 1668 907 Garnier,
1696 844 1987 913 presbyteri

406 943 454 985 et
492 930 735 985 monachi
782 930 1131 997 Benedictini,
1168 947 1196 985 e
1236 933 1636 1002 congregatione
1676 933 1739 988 S.
1785 932 1982 987 Mauri.

407 1021 608 1078 Tomns
633 1024 844 1093 primus
872 1021 1047 1077 Paris.
1074 1022 1214 1093 typis
1234 1032 1287 1077 et
1309 1024 1612 1092 sumptibus
1642 1022 1797 1077 Joan.
1827 1024 1982 1094 Bapt.

406 1114 696 1185 Coignard,
737 1113 899 1179 1721,
943 1112 1076 1179 iol.;
1118 1124 1293 1168 tomus
1328 1114 1618 1180 secundus,
1651 1114 1780 1167 ibid.
1817 1114 1982 1182 1712;

408 1215 587 1261 tomus
608 1207 803 1261 tertius
830 1205 1106 1278 (defuncto
1125 1206 1238 1277 jam
1262 1204 1493 1261 Garnier
1518 1207 1573 1261 d.
1602 1204 1773 1261 3Jun.
1803 1207 1985 1277 I725),

406 1311 572 1369 opera
611 1306 665 1353 et
707 1298 885 1353 studio
922 1299 1238 1355 monachor.
1261 1299 1382 1356 0rd.
1416 1298 1475 1354 S.
1506 1298 1806 1366 Benedicti,
1852 1300 1983 1355 ibid.

409 1388 568 1443 1750.
593 1388 753 1445 Coni.
785 1390 973 1445 doctas
1001 1405 1261 1447 censuras
1300 1392 1353 1446 in
1383 1390 1527 1447 Actis
1559 1396 1710 1446 erud.
1736 1392 1882 1463 Lips.
1915 1392 1981 1447 A.

406 1476 569 1544 “22,
612 1493 666 1549 p.
710 1479 815 1534 465
868 1495 1032 1552 sqq.;
1079 1511 1153 1522 —
1178 1480 1245 1535 Α.
1286 1482 1445 1550 1751,
1486 1498 1540 1552 p.
1569 1483 1664 1538 491
1697 1498 1817 1553 sqq.
1850 1492 1980 1553 etp.

406 1570 512 1625 557
546 1585 665 1641 sqq.
695 1600 766 1611 —
790 1570 961 1627 Codd.
1004 1571 1072 1627 ad
1097 1586 1232 1643 quos
1259 1583 1450 1628 exacta
1480 1583 1565 1629 est
1587 1576 1772 1642 editio,
1803 1576 1986 1645 singu-

406 1662 474 1719 lis
508 1663 671 1718 tomis
716 1673 839 1735 post
880 1663 1090 1734 praefat.
1137 1666 1469 1722 indicantur.
1501 1698 1571 1707 —
1600 1666 1827 1724 Garnier
1870 1669 1984 1739 ipse

405 1754 460 1809 in
507 1754 659 1825 praei.
710 1757 779 1811 ad
819 1756 926 1812 vol.
968 1755 1010 1825 Ι,
1058 1771 1181 1829 pag.
1225 1773 1260 1809 ν
1301 1772 1448 1829 sqq.,
1490 1759 1619 1829 quid
1649 1760 1982 1831 praestiterit,

2091 568 2251 621 datur
2300 564 2375 636 (ν.
2420 578 2581 634 supra
2620 561 2726 619 vol.
2773 559 2861 628 III,
2896 577 2949 631 p.
2980 558 3137 630 7l5);
3180 559 3232 613 in
3262 572 3452 613 omnes
3478 567 3663 612 tamen

2088 657 2255 713 libros
2278 656 2491 712 divinos
2524 655 2579 711 id
2610 654 2678 709 ab
2709 669 2772 710 eo
2807 653 3006 709 {aetum
3033 666 3173 716 esse,
3202 649 3417 721 probari
3450 648 3659 719 nequit.

2086 750 2415 806 —Ilomilite
2464 750 2521 803 in
2561 747 2923 802 Hexaemeron
2964 753 3179 801 exstant
3218 751 3406 813 msptae
3447 742 3500 797 in
3537 738 3665 794 XIX

2088 845 2245 900 codd.
2284 841 2487 907 Paris.,
2521 848 2575 895 et
2597 839 2838 909 quidem,
2860 835 3142 892 Garnierio
3176 837 3230 890 in
3267 832 3420 905 prati.
3453 849 3574 905 pag.
3606 848 3663 887 χι

2087 944 2361 1002 monente,
2412 948 2607 989 novem
2650 931 2887 987 homilias
2939 930 2994 984 in
3058 930 3221 984 codd.
3273 925 3663 996 antiquissimis

2087 1029 2413 1093 membran.,
2457 1026 2511 1080 in
2549 1022 2821 1078 nonnullis
2870 1029 3050 1076 autem
3106 1027 3308 1075 recent.
3361 1017 3664 1073 chartaceis

2086 1121 2337 1178 undecim
2371 1119 2626 1175 homilite.

2156 1214 2446 1271 Florentia:
2487 1215 2541 1268 in
2582 1212 2740 1267 codd.
2774 1210 3034 1266 Laurent.
3087 1205 3203 1273 XII,
3233 1223 3287 1261 n.
3320 1205 3376 1270 ἓ,
3401 1204 3537 1273 plut.
3576 1204 3665 1266 10,

2088 1324 2281 1365 novem
2305 1307 2538 1363 homilias
2578 1308 2635 1361 in
2671 1305 2928 1360 Hexaem.
2960 1334 3027 1343 —
3051 1302 3110 1357 In
3146 1300 3266 1356 cod.
3304 1297 3487 1362 XVIII,
3526 1314 3580 1351 n.
3610 1299 3660 1360 1,

2086 1401 2225 1471 plut.
2266 1400 2318 1464 4,
2347 1397 2630 1453 duodecim
2675 1397 2824 1451 hom.
2856 1395 2909 1449 in
2932 1393 3086 1449 illud.
3113 1423 3180 1432 —
3209 1390 3266 1445 In
3299 1389 3420 1445 cod.
3442 1385 3662 1449 XXVII,

2085 1509 2141 1547 n.
2161 1493 2215 1558 5,
2240 1506 2430 1547 novem
2456 1490 2603 1545 hom.
2627 1504 2751 1543 cum
2773 1485 2991 1542 scholiis
3018 1482 3290 1540 nonnullis
3308 1480 3537 1551 margin.
3560 1478 3663 1534 Se-

2084 1584 2317 1650 veriani,
2351 1582 2676 1640 Gabalorum
2704 1580 2964 1650 episcopi,
2988 1587 3231 1648 tempore
3266 1571 3661 1646 Chrysostomi,

2084 1677 2329 1749 Gregorii
2360 1676 2610 1747 Nysseni,
2638 1683 2693 1730 et
2716 1671 2990 1744 anonymi.
3020 1668 3084 1723 V.
3111 1668 3338 1724 Bandin.
3363 1665 3480 1721 Cat.
3506 1664 3660 1718 codd.

2085 1771 2179 1826 Gr.
2208 1770 2397 1833 Laur.,
2422 1767 2464 1837 l,
2495 1782 2549 1838 p.
2579 1766 2705 1831 482,
2731 1765 2828 1821 541
2853 1773 2907 1819 et
2927 1763 3052 1828 550,
3088 1762 3179 1818 ubi
3216 1758 3460 1816 Scholion
3498 1758 3665 1813 Seve-

402 1856 459 1901 et
498 1849 553 1903 in
606 1848 805 1918 quibus
852 1864 1115 1920 superare
1168 1849 1435 1906 studuerit
1483 1850 1722 1906 laborem
1762 1852 1983 1907 merita-

2087 1862 2223 1918 riani
2251 1861 2316 1917 ad
2338 1836 2661 1932 principium
2689 1857 2925 1913 homilias
2957 1854 3271 1927 speciminis
3300 1853 3420 1909 loco
3452 1850 3659 1909 retulit.

403 1954 527 2009 que
564 1941 904 2011 superiorum
963 1941 1268 2009 editorum,
1326 1942 1433 1998 late
1481 1943 1734 1999 ostendit.
1786 1943 1980 2000 Totum

404 2043 587 2088 autem
622 2049 758 2104 opus
796 2035 875 2090 sic
903 2035 1202 2091 distribuit.
1236 2035 1623 2107 Complectitnr
1657 2044 1833 2092 tomus
1865 2037 1981 2107 pri-

406 2140 526 2179 mus
557 2124 809 2180 homilias
843 2126 898 2180 in
945 2124 1312 2181 Hexaemeron
1347 2135 1401 2181 et
1426 2127 1481 2181 in
1513 2124 1778 2191 Psalmos,
1816 2126 1983 2182 libros

403 2216 460 2270 in
488 2214 831 2284 Eunomium,
869 2224 1032 2287 atque
1069 2217 1518 2272 commentarium
1548 2220 1605 2272 in
1634 2218 1869 2283 Isaiam;
1900 2234 1982 2272 se-

404 2312 630 2377 cundus,
675 2310 926 2364 homilias
977 2313 1043 2366 de
1083 2311 1331 2376 diversis,
1376 2311 1638 2376 ascetica,
1683 2312 1875 2366 librum
1908 2312 1983 2367 De

403 2405 725 2474 virginitate,
760 2404 1038 2475 librosque
1083 2403 1159 2458 De
1205 2405 1498 2474 baptismo;
1536 2405 1747 2470 tertius,
1784 2404 1983 2461 librum

404 2493 697 2566 DeSpiritu
728 2509 930 2564 sancto,
949 2497 1221 2568 epistolas,
1240 2498 1536 2569 liturgiam,
1554 2498 1741 2569 viginti
1757 2507 1985 2569 quatuor

406 2604 686 2645 sermones
721 2588 1025 2661 Symeonis,
1068 2592 1310 2662 magistri
1362 2607 1427 2647 ac
1472 2593 1777 2664 logothetas,
1825 2592 1984 2647 vitam

405 2680 614 2737 Basilii.
657 2683 836 2749 Quare
881 2686 933 2739 in
964 2686 1313 2741 recensendis
1339 2684 1525 2740 Basilii
1560 2685 1631 2740 Μ.
1667 2686 1884 2755 scriptis
1909 2687 1983 2742 ita

406 2773 684 2838 versabor,
710 2782 768 2828 ut
789 2774 936 2829 illum
963 2775 1179 2846 quidem
1205 2776 1450 2831 ordinem
1481 2786 1713 2840 teneam,
1739 2777 1983 2832 ordinem

404 2879 538 2919 vero
579 2865 634 2920 in
671 2877 900 2937 utraque
936 2869 1065 2923 edit.
1101 2868 1510 2925 Graeco-Latina
1540 2869 1832 2925 Parisiensi
1871 2884 1986 2925 ser-

409 2966 590 3012 vatum
630 2967 685 3014 et
711 2975 738 3014 a
770 2960 1025 3016 Fabricio
1053 2962 1347 3017 indicatum
1383 2964 1681 3034 designem,
1710 2964 1986 3032 adjiciam-

407 3066 533 3121 que,
572 3067 690 3122 qua:
723 3054 787 3108 de
816 3055 1039 3124 singulis
1070 3064 1289 3112 notarat
1322 3055 1625 3124 Fabricius,
1654 3072 1772 3127 qua:
1806 3069 1983 3112 autem

2153 1952 2397 2009 Venetiis
2428 1954 2571 2009 inter
2599 1951 2756 2008 codd.
2790 1948 2921 2005 bibl.
2949 1949 3009 2004 S.
3040 1946 3337 2014 Michaelis,
3367 1952 3494 2001 sunt
3513 1944 3666 1999 Basi-

2082 2046 2142 2101 lii
2172 2046 2322 2100 hom.
2365 2058 2559 2100 novem
2582 2042 2847 2112 genuinae,
2875 2048 2930 2095 et
2961 2040 3079 2095 duae
3106 2038 3179 2093 De
3207 2046 3472 2093 structura
3492 2036 3663 2091 homi-

2084 2136 2167 2190 nis
2197 2135 2417 2206 spurius,
2457 2133 2526 2188 ab
2553 2133 2675 2188 aliis
2706 2130 2966 2201 Gregorio
2989 2128 3234 2202 Nysseno
3262 2129 3558 2191 attributae,
3594 2126 3661 2183 V.

2082 2225 2351 2282 Mittarelli
2391 2224 2532 2280 Bibl.
2581 2225 2736 2280 codd.
2774 2241 2899 2280 mss.
2949 2221 3007 2278 S.
3049 2220 3325 2277 Michaelis
3370 2217 3567 2283 Venet.,
3604 2233 3661 2287 p.

2083 2320 2181 2376 111
2216 2335 2302 2390 sq.
2334 2348 2407 2361 —
2434 2318 2565 2374 ibid.
2604 2318 2657 2373 in
2686 2317 2818 2373 bibl.
2854 2315 3022 2371 Marc.
3052 2316 3171 2371 cod.
3210 2314 3300 2369 LV
3332 2321 3385 2369 et
3410 2309 3588 2367 LVlll.

2154 2411 2357 2467 Matriti
2405 2412 2460 2466 in
2496 2410 2629 2467 bibl.
2676 2411 2837 2480 regite
2877 2410 3003 2468 cod.
3047 2406 3278 2473 CXXIII,
3310 2404 3543 2462 homilias
3570 2402 3665 2459 XII

2082 2507 2139 2560 iu
2178 2504 2462 2572 Hexaem.,
2496 2518 2725 2573 quarum
2767 2511 2947 2557 tamen
2982 2502 3141 2556 tertia
3184 2502 3241 2555 in
3274 2499 3405 2555 duas
3428 2506 3511 2554 est
3550 2497 3663 2552 dis-

2088 2605 2276 2663 tracta,
2308 2597 2406 2661 ita,
2468 2604 2527 2651 ut
2559 2595 2776 2666 proprie
2808 2595 2917 2650 sint
2943 2592 3016 2648 XI
3047 2592 3415 2657 numerandus,
3449 2598 3511 2644 ut
3539 2589 3666 2659 plu-

2084 2690 2234 2746 ribus
2263 2688 2500 2746 ostendit
2527 2687 2720 2743 lriarle
2750 2687 2807 2742 in
2839 2686 2959 2742 Cat.
2989 2686 3146 2739 codd.
3178 2681 3273 2738 Gr.
3309 2682 3499 2749 Matr.,
3537 2697 3662 2753 pag.

2085 2779 2210 2847 501,
2236 2781 2330 2850 qui
2369 2778 2514 2834 hunc
2541 2777 2785 2833 codicem
2818 2777 2871 2830 in
2895 2775 3098 2831 ultimis
3131 2772 3367 2829 homiliis
3408 2787 3531 2828 cum
3572 2772 3662 2826 ed.

2084 2872 2482 2930 Combeﬁsiana
2516 2869 2907 2927 conferendum
2939 2882 3059 2922 esse
3083 2866 3307 2937 judicat.

2157 2963 2427 3020 Monachii
2452 2963 2505 3019 in
2529 2962 2687 3018 codd.
2705 2961 2900 3018 Bavar.
2919 2951 3135 3025 XXXII,
3154 2954 3396 3023 XXXIV,
3414 2951 3616 3011 CCXLI
3623 2955 3662 3022 Ι,

2086 3057 2259 3115 CCLI.

408 3145 543 3199 mihi
597 3146 902 3201 adnotanda
957 3148 1361 3220 supplendaque
1408 3148 1714 3217 videantur,
1775 3149 1985 3205 uncinis
2013 3170 2060 3234 ρ
2161 3152 2415 3222 Augusta:
2442 3147 2653 3205 Vindel.
2689 3148 2831 3203 inter
2857 3144 3019 3203 codd.
3049 3142 3232 3200 Basilii
3269 3141 3519 3197 undecim
3562 3139 3665 3195 ho-

409 3252 653 3305 separem
683 3255 713 3293 a
746 3240 986 3310 reliquis.
1025 3240 1223 3314 Hann]

407 3326 499 3386 VI.
545 3330 737 3387 Basilii
794 3332 977 3405 Magni
1030 3338 1246 3404 scripta,
1315 3352 1431 3404 qua:
1497 3344 1724 3401 exstant,
1767 3335 1823 3388 in
1859 3333 1984 3389 edit.

690 3424 1095 3483 Graeco-Latina
1131 3428 1311 3482 Paris.
1349 3427 1699 3483 Carneriana.

480 3516 1125 3591 1.Εἱςτὴν¹Εξαήμερον,
1155 3522 1210 3573 in
1237 3519 1599 3574 Hexaemeron
1621 3517 1851 3572 homiliaz
1879 3515 1984 3571 ΙΧ.

412 3608 481 3681 [1,
511 3626 562 3679 p.
593 3626 637 3677 ι,
662 3611 855 3683 Garn.]
886 3614 961 3665 Ex
991 3614 1074 3668 bis
1102 3613 1356 3683 pleraque
1381 3612 1446 3666 ad
1475 3613 1697 3666 verbum
1723 3610 1991 3680 expressit

409 3696 801 3756 S.Ambrosins
824 3702 978 3755 libris
1009 3718 1060 3756 v1
1090 3701 1163 3773 (η)
1191 3704 1244 3755 in
1273 3701 1656 3765 Hexaemeron,
1687 3703 1776 3769 qui
1798 3701 1990 3755 etiam-

410 3806 539 3843 num
578 3800 890 3860 supersunt.
925 3791 1155 3847 Easdem
1179 3791 1514 3858 Eustathius,
1541 3793 1645 3845 sive
1665 3789 1989 3845 Eustachius

411 3884 605 3954 (Afer),
646 3887 725 3939 vir
763 3886 1159 3954 disertissimus,
1204 3888 1280 3941 ita
1318 3888 1586 3941 transtulit
1624 3888 1679 3941 in
1716 3886 1985 3952 Latinum,

410 3984 469 4028 ut
513 3976 781 4045 ingenium
829 3979 1123 4033 doctissimi
1172 3981 1271 4034 viri
1313 3979 1541 4051 (Basilii)
1582 3979 1848 4049 facundia:
1879 3996 1988 4034 sua:

411 4067 609 4122 viribus
659 4071 1011 4139 a'quiparasse
1047 4072 1307 4139 videatur,
1335 4073 1424 4142 qui
1463 4088 1623 4141 usque
1661 4073 1729 4125 ad
1763 4072 1988 4125 hominis

411 4162 763 4215 conditionem
794 4180 974 4217 norem
1007 4163 1169 4218 libros
1214 4166 1450 4231 tetendit,
1490 4174 1550 4218 ut
1585 4173 1738 4219 notat
1767 4162 1986 4219 Cassio-

412 4253 576 4307 dorus
603 4270 722 4323 cap.
756 4256 783 4310 1
820 4255 1062 4311 Divinar.
1098 4256 1240 4311 Lect.
1271 4256 1400 4323 Qua.-
1428 4258 1604 4311 versio
1640 4258 1813 4312 sorori
1851 4256 1989 4327 Syn-

409 4342 634 4411 cleticaa,
653 4346 970 4403 diaconissm
994 4348 1092 4419 (b),
1117 4351 1183 4405 ab
1206 4350 1487 4405 Eustatbio
1513 4352 1687 4405 dicata
1707 4358 1760 4405 et
1785 4366 1988 4405 memo-

412 4444 529 4487 rata
568 4436 731 4490 etiam
767 4438 1048 4507 Sigeberto
1074 4440 1448 4497 Gcmblacensi
1478 4457 1596 4512 cap.
1626 4441 1688 4496 21
1722 4442 1799 4496 De
1830 4441 1890 4497 S.
1919 4441 1984 4496 E.

2090 3244 2251 3301 milia:
2295 3244 2354 3300 in
2402 3243 2634 3314 primum
2675 3239 2947 3298 Geneseos
2994 3246 3155 3308 caput
3205 3238 3271 3293 de
3316 3235 3533 3306 opiﬁcio
3568 3248 3667 3289 sex

2090 3338 2331 3403 dierum;
2372 3342 2533 3404 atque
2574 3332 2784 3389 Reiser.
2825 3332 2880 3387 in
2913 3330 3087 3387 Catal.
3125 3345 3178 3400 p.
3221 3326 3291 3383 50
3324 3329 3569 3392 adnotat,
3605 3325 3665 3379 in

2089 3430 2182 3485 illo
2228 3428 2419 3485 codice
2469 3428 2604 3482 duas
2642 3426 2972 3497 posteriores
3002 3423 3252 3479 homilias
3289 3421 3486 3477 ascribi
3523 3419 3663 3476 Gre.

2089 3521 2240 3591 gorio
2285 3517 2552 3589 Nysseno,
2594 3516 2713 3582 sed,
2749 3515 2937 3583 judice
2984 3512 3328 3578 lloeselielio,
3374 3525 3659 3583 perperam

2089 3619 2309 3683 propter
2343 3609 2569 3681 Nysseni
2605 3608 2729 3666 libr.
2763 3608 2875 3679 (qui
2918 3607 2974 3662 in
3006 3609 3195 3662 eodem
3236 3605 3482 3675 sequitur
3517 3603 3662 3669 cod.)

2088 3704 2167 3759 De
2203 3704 2428 3757 hominis
2473 3710 2766 3768 structura,
2797 3699 2889 3769 qui
2931 3697 3170 3768 ejusdem
3208 3696 3424 3767 quidem
3462 3704 3543 3751 est
3574 3709 3663 3749 ar-

2089 3796 2351 3868 gumenti,
2383 3795 2477 3851 sed
2506 3810 2613 3851 non
2644 3792 2883 3863 ejusdem
2915 3788 3168 3845 methodi.

2159 3887 2389 3943 Vindob.
2412 3888 2463 3942 in
2493 3887 2650 3943 codd.
2679 3884 2814 3941 Caes.
2840 3881 3129 3952 LXIV,qui
3151 3880 3314 3935 multa
3332 3876 3513 3935 Basilii
3536 3891 3660 3948 opp.

2089 3981 2351 4048 continet,
2394 3997 2448 4038 n.
2488 3982 2539 4034 1.
2575 3978 2639 4034 V.
2684 3976 2982 4039 Lambert.,
3025 3974 3109 4040 III,
3155 3988 3209 4044 p.
3242 3974 3367 4030 294.
3398 4001 3470 4014 -
3503 3972 3569 4027 It.
3608 3972 3665 4025 in

2089 4075 2207 4131 cod.
2233 4071 2393 4139 LXII,
2426 4089 2481 4127 n.
2520 4072 2572 4127 1.
2604 4102 2672 4111 -
2701 4069 2835 4125 Cod.
2862 4066 3043 4136 LXIII,
3074 4083 3128 4121 n.
3156 4067 3209 4135 1,
3248 4082 3368 4123 cum
3395 4064 3669 4121 nonnullitt

2089 4167 2262 4224 schol.
2314 4167 2547 4236 margin.
2598 4196 2672 4207 -—-
2714 4166 2847 4221 Cod.
2876 4163 3039 4228 LXV,
3090 4179 3145 4218 n.
3196 4163 3251 4226 1,
3308 4161 3427 4216 cod.
3476 4155 3668 4217 LXVI.

2090 4260 2325 4332 (Lamb,
2353 4259 2440 4326 III,
2466 4274 2519 4331 p.
2545 4259 2652 4314 285
2682 4274 2788 4328 sq.,
2818 4258 2947 4324 289,
2981 4257 3085 4313 5M
3108 4263 3162 4310 et
3200 4253 3347 4325 525.)

2158 4352 2339 4408 Leidze
2364 4353 2505 4408 inter
2532 4352 2687 4407 codd.
2720 4350 3012 4406 Vossianos
3034 4347 3349 4403 Eustathius
3377 4341 3666 4400 inﬂexae-

2090 4459 2288 4508 meron,
2325 4451 2381 4498 et
2411 4444 2464 4497 in
2493 4442 2634 4496 idem
2664 4440 2845 4495 Basilii
2875 4439 3133 4503 homilias,
3171 4437 3267 4493 sed
3297 4436 3413 4490 sine
3442 4434 3567 4486 line.
3594 4430 3663 4485 V.

408 4539 464 4584 et
488 4527 668 4595 Beda),
703 4532 816 4586 sive
841 4530 1042 4588 Jnnilio
1071 4535 1223 4602 praei.
1255 4535 1309 4588 in
1338 4532 1556 4588 Genesin
1600 4534 1777 4605 [inter
1804 4534 1982 4590 Latin.
2024 4538 2062 4590 ι)
2092 4536 2210 4593 Cat.
2235 4534 2367 4590 bibl.
2397 4532 2573 4598 Leid.,
2605 4547 2660 4602 p.
2694 4531 2817 4597 595,
2843 4547 2898 4585 ιι.
2920 4530 3013 4595 50,
3037 4537 3090 4585 et
3126 4530 3205 4584 sic
3240 4527 3292 4580 in
3323 4524 3443 4580 aliis
3473 4521 3665 4578 biblioe

410 4622 567 4677 codd.
603 4622 798 4681 Venet.
837 4626 898 4681 D.
941 4625 1106 4681 Marc.
1139 4627 1203 4683 V.
1232 4636 1338 4685 cat.
1372 4628 1527 4681 codd.
1568 4627 1806 4692 illorum,
1833 4644 1885 4699 p.
1918 4628 1990 4682 9.3

410 4713 542 4786 sq.],
583 4718 782 4785 prodiit
827 4717 1048 4773 Nicolao
1083 4718 1261 4775 Fabro
1310 4730 1554 4785 curante,
1609 4730 1893 4790 exstatque
1938 4722 1991 4772 in

408 4804 741 4862 Bibliotheca
788 4808 1010 4879 Patrum
1054 4810 1230 4867 Paris.
1272 4811 1431 4877 1654,
1483 4822 1613 4866 tom.
1658 4812 1699 4877 I,
1739 4822 1900 4879 atque
1939 4812 1991 4864 in

410 4899 622 4955 Latinis
659 4900 716 4956 S.
763 4901 949 4956 Basilii
990 4904 1317 4958 editionibus
1355 4904 1683 4959 novissimis.
1720 4903 1885 4957 Fssn.
1914 4933 1983 4943 —

415 4989 760 5062 Singularnm
795 4993 1139 5046 liomiliarum
1184 5007 1500 5064 argumenta
1546 4995 1776 5049 strictim
1820 4996 1986 5049 refert

412 5085 794 5154 examinatque
840 5085 1171 5139 Schroeckb.
1214 5085 1251 5143 I.
1305 5102 1377 5151 c.,
1426 5101 1547 5155 pag.
1599 5086 1700 5139 168
1744 5101 1887 5155 sqq.,
1931 5093 1986 5141 et

414 5176 515 5228 180
543 5192 627 5245 sq.
674 5174 931 5229 Basilium
967 5176 1019 5230 in
1052 5177 1311 5245 quosdam
1344 5177 1557 5246 quidem
1584 5176 1747 5231 libros
1774 5176 1987 5231 divinos

412 5279 830 5324 commentatum
862 5283 1008 5333 esse,
1041 5271 1223 5339 negari
1253 5285 1355 5323 non
1387 5279 1579 5339 potest,
1613 5271 1834 5339 ejusque
1861 5284 1989 5340 ope-

480 5410 558 5483 (a)
602 5409 831 5484 IIornilia
882 5412 1053 5480 prima
1098 5411 1282 5466 Basilii
1332 5413 1615 5482 respondet
1660 5416 1845 5484 primis
1886 5431 1979 5470 sex

411 5480 532 5535 libri
574 5482 730 5551 primi
768 5483 1036 5536 Ambrosii
1095 5485 1383 5549 capitibus,
1420 5480 1675 5538 secunda
1712 5487 1982 5550 capitibus

415 5552 635 5625 reliquis
664 5563 896 5619 quatuor
933 5554 1171 5625 ejusdem
1208 5554 1350 5615 libri,
1399 5560 1555 5608 tertia
1598 5556 1733 5608 libro
1773 5558 1982 5625 integro

411 5623 669 5685 secundo,
717 5633 904 5691 quarta
937 5624 1203 5690 capitibus
1235 5626 1491 5693 quinque,
1528 5635 1581 5677 et
1611 5627 1797 5693 quinta
1826 5623 1982 5679 caete-

411 5694 488 5745 ris
513 5693 793 5764 duodecim
826 5695 970 5746 tertii
1010 5695 1168 5759 libri;
1205 5704 1354 5748 sexta
1393 5697 1527 5748 libro
1560 5708 1773 5764 quarto,
1823 5697 1985 5763 septi-

411 5778 495 5816 ma
531 5763 648 5816 libri
678 5764 849 5831 quinti
884 5764 1150 5832 capitibus
1180 5766 1450 5832 prioribus
1483 5765 1751 5825 undecim,
1792 5776 1982 5821 octava

409 5833 820 5901 posterioribus,
868 5849 1010 5889 netia
1040 5834 1273 5904 denique
1313 5836 1449 5891 libro
1490 5846 1661 5892 sexto.
1703 5833 1980 5909 [Quaedam

2091 4626 2281 4693 thecis,
2328 4639 2491 4695 supra
2530 4623 2867 4680 memoratis.
2906 4620 2967 4676 In
3002 4621 3189 4675 eadem
3220 4617 3351 4673 bibl.
3388 4613 3663 4675 Leidensi,

2090 4737 2141 4791 p.
2170 4719 2239 4773 52
2264 4734 2377 4789 sq.,
2406 4726 2700 4773 occurrunt
2730 4713 2987 4769 Hexaem.
3015 4721 3070 4767 et
3097 4711 3324 4764 aliorum
3355 4722 3480 4775 opp.
3511 4704 3665 4758 Basi-

2090 4812 2147 4864 lii
2182 4810 2335 4865 editt.
2377 4840 2446 4849 —
2483 4808 2543 4861 In
2586 4808 2707 4862 cod.
2751 4807 2921 4875 Mosq.
2963 4804 3093 4859 bibl.
3134 4801 3327 4873 synod.
3361 4797 3498 4863 XIV,
3539 4808 3677 4853 sunt

2088 4899 2227 4954 XLII
2267 4908 2427 4957 oratt.
2466 4898 2653 4953 Basilii
2685 4898 2754 4952 Μ.
2792 4913 2911 4967 quae
2941 4896 3054 4966 jam
3087 4895 3244 4949 editae
3274 4900 3418 4956 sunt,
3445 4899 3502 4954 et
3531 4904 3667 4958 quas

2090 4992 2333 5061 designat
2358 4990 2595 5045 Matthzei
2628 4991 2680 5043 in
2717 4988 2891 5043 Notit.
2928 4987 3082 5040 codd.
3123 4984 3320 5054 Mosq.,
3351 4998 3404 5052 p.
3436 4981 3506 5036 24
3541 4995 3663 5050 sqq.

2090 5083 2222 5138 Ibid.
2238 5085 2289 5137 in
2308 5083 2427 5137 cod.
2451 5080 2546 5135 XV
2571 5082 2716 5138 liom.
2752 5081 2806 5133 in
2824 5077 3080 5146 Spiritum
3120 5073 3518 5130 sanctum—In
3541 5072 3663 5126 cod.

2090 5173 2279 5241 XVIII,
2307 5174 2340 5229 9
2365 5174 2618 5229 homilias.
2652 5201 2722 5213 —-
2750 5174 2806 5226 In
2832 5172 2953 5226 cod.
2991 5168 3106 5233 XX,
3147 5169 3219 5222 51.
3251 5167 3459 5231 homil.,
3496 5166 3549 5218 in
3583 5165 3667 5219 bis

2095 5277 2240 5324 orat.
2289 5266 2367 5321 De
2404 5266 2717 5337 perfectione
2755 5265 2875 5319 vitae
2923 5262 3196 5325 Monach.,
3244 5260 3465 5325 inedita,
3501 5273 3666 5327 quant

2085 5414 2354 5469 Ambrosii
2404 5412 2518 5468 loca
2561 5412 2794 5467 illuStrat
2840 5408 3086 5464 Garnier.
3138 5404 3289 5477 praef.
3335 5404 3400 5458 ad
3444 5412 3575 5458 tom.
3622 5405 3664 5472 I,

2087 5485 2115 5557 ἐ
2273 5554 2398 5608 Hrec
2433 5552 2759 5625 Syncletice,
2792 5551 2966 5625 cujus,
2994 5558 3052 5602 ut
3080 5546 3303 5625 aequalis
3335 5560 3467 5612 suae,
3493 5546 3666 5625 sedu-

2086 5619 2190 5681 lius
2211 5619 2273 5679 in
2297 5625 2449 5695 praei.
2474 5619 2661 5695 '0p_eris
2690 5621 2975 5695 Paschalis
3002 5619 3403 5695 meminit,_non
3435 5620 3670 5695 coniun—

2087 5696 2262 5750 denda
2294 5686 2413 5749 cum
2450 5686 2868 5763 S.'Syncletice,
2907 5688 3233 5763 antiquiore,
3262 5686 3525 5763 de_cujn_s
3557 5687 3665 5741 vita

2089 5766 2198 5819 dixi
2252 5766 2395 5819 inter
2437 5757 2635 5831 scripia
2684 5763 2744 5816 S.
2794 5760 3106 5831 Αιιιθιιιιεὶί)Δ
3144 5758 3418 5828 snpposita
3470 5757 3562 5811 lib.
3606 5771 3673 5824 ν,⁸

2089 5851 2204 5907 cap.
2229 5836 2283 5892 2.
2321 5852 2372 5894 n.
2406 5836 2491 5892 84.
2527 5828 2671 5905 IVOI.
2711 5831 2839 5898 VIII,
2870 5846 2922 5901 ιι.
2959 5828 3111 5898 sui]
