4094 6220
444 386 547 462 ὼ

1806 393 2338 460 ΡἊΟΕΕΟΟΜΕΝΑ.

447 518 636 574 Πειιιιι.
683 532 803 573 cum
863 514 1063 586 Xiphil.
1108 522 1164 570 et
1207 516 1416 572 duabus
1471 514 1592 571 aliis
1639 515 1825 571 Basilii
1874 526 2013 571 orat.
2046 522 2092 578 Α
2121 516 2320 581 dentis,
2358 513 2806 584 interpretatione
2846 511 3225 582 subjiciuntur,
3263 511 3317 568 in
3356 511 3680 570 Graeco-La;

447 610 682 680 ﬂosque
728 593 897 675 .1775,
951 608 1029 675 4°,
1076 608 1130 662 in
1183 607 1357 663 lucem
1404 609 1648 678 protulit.
1705 608 1769 663 ν.
1824 608 2014 664 Matth.

449 705 644 769 Notit.,
689 696 823 768 etc),
854 719 907 773 p.
953 702 1022 757 50
1062 718 1202 773 seq.,
1234 703 1417 772 ibique
1447 713 1560 757 not.
1591 703 1645 757 2.
1667 733 1738 743 -
1763 702 1818 757 In
1859 704 2014 757 codd.

442 795 566 850 XXI
586 806 640 850 et
662 793 755 847 XII
791 794 1073 863 permultae
1112 794 1367 849 homiliae.
1393 792 1610 862 (Matth.
1635 811 1753 866 pag.
1783 795 1854 851 52
1876 798 2016 866 seq.)

441 888 586 944 --In
614 892 736 946 cod.
769 888 958 957 XXIII,
989 891 1138 945 varia
1171 892 1352 949 Basilii
1376 892 1774 965 opp.—lncod.
1798 890 2015 958 XXXII,

443 997 502 1037 ιι.
536 982 605 1037 50
634 990 690 1038 et
714 983 806 1049 54,
838 981 1158 1053 fragmenta.
1193 985 1364 1040 lianc.

514 1095 755 1168 Dionysii
810 1112 1024 1168 quoque
1072 1099 1264 1167 Exigui
1318 1099 1625 1154 versionem
1678 1099 1910 1163 Caveus,
1962 1108 2017 1153 et

443 1196 570 1241 ante
591 1202 712 1241 eum
744 1186 1068 1245 Possevinus
1090 1197 1145 1243 et
1166 1188 1313 1243 Elias
1339 1190 1407 1243 du
1436 1188 1554 1250 Pin.
1583 1200 1867 1243 memorat.
1909 1188 2014 1245 Sed

441 1291 653 1343 vereor,
684 1293 751 1333 ne
778 1279 941 1350 Greg.
983 1280 1276 1351 Nyssenus,
1300 1297 1460 1351 quem
1485 1298 1515 1335 a
1542 1281 1799 1352 Dionysio
1824 1280 2014 1337 Latine

443 1369 712 1424 redditum
739 1380 971 1436 constat,
1002 1373 1273 1427 memoriae
1301 1386 1489 1427 eorum
1522 1374 1875 1437 obversatus;
1909 1373 2011 1434 vel,

442 1468 504 1515 ut
547 1463 600 1517 b.
631 1462 836 1517 doctori
865 1478 1007 1526 meo,
1033 1462 1168 1519 Tho.
1213 1462 1413 1534 lttigio,
1447 1463 1811 1529 observatum,
1849 1464 2014 1517 verba

443 1551 715 1606 Tilmanni
759 1567 862 1607 non
902 1561 1049 1608 recte
1096 1553 1366 1608 intellecta
1411 1553 1528 1608 illos
1580 1553 1913 1617 induxerint,
1957 1563 2016 1608 ut

443 1639 701 1697 Basilium
744 1658 959 1712 quoque
1003 1645 1070 1699 ab
1108 1659 1174 1700 eo
1228 1660 1440 1701 versum
1481 1645 1834 1699 allirmarent.
1868 1644 2016 1699 Inter

442 1732 772 1786 recentiores
815 1735 1020 1802 primus
1055 1732 1312 1789 Basilium
1359 1736 1748 1801 interpretatus
1786 1745 1871 1790 est
1910 1734 2015 1789 La-

444 1823 554 1877 tine
603 1820 876 1879 Iohannes
925 1824 1323 1895 Argyropulus,
1371 1825 1525 1895 cujus
1577 1827 1765 1880 versio
1813 1825 2012 1894 prodiit
2042 1864 2087 1921 Β

442 1913 648 1981 Romae,
691 1917 835 1984 apud
877 1914 993 1970 Jac.
1037 1917 1279 1972 Mazoch.
1320 1917 1479 1972 1515.
1525 1917 1618 1973 fol.
1646 1917 1707 1973 V.
1748 1916 2014 1974 Maittaire

440 2008 506 2061 Α.
540 2005 624 2068 Τ..
656 2006 723 2071 ll,
756 2024 808 2076 p.
832 2008 959 2073 274,
991 2009 1044 2063 in
1085 2009 1336 2079 operibus
1364 2008 1572 2073 Basilii,
1606 2008 1672 2063 A.
1704 2009 1865 2076 1564,
1916 2008 2008 2066 fol.

440 2098 632 2155 Latine
676 2099 900 2155 Basileas
942 2102 1189 2170 vulgatis,
1246 2110 1301 2157 et
1347 2117 1377 2155 a
1424 2100 1681 2157 Godi‘rido
1728 2101 2013 2157 Tilmanno

442 2192 718 2262 recognita
759 2193 971 2249 caeteris
1007 2194 1216 2248 Latinis
1258 2208 1320 2249 ac
1360 2192 1788 2250 Graeco-Latinis
1830 2193 2011 2250 Basilii

442 2281 770 2338 editionihus
791 2284 1049 2339 occurrit.

510 2392 649 2449 Hinc
680 2393 990 2451 Joacbimus
1028 2395 1328 2461 Perionius,
1370 2396 1546 2452 Paris.
1585 2396 1743 2459 I552,
1770 2397 1820 2450 in
1860 2396 2013 2465 cujus

441 2485 889 2557 interpretatione
916 2487 1072 2556 plura
1109 2498 1261 2543 notat
1293 2504 1359 2544 ac
1390 2489 1736 2557 reprehendit
1763 2487 2012 2545 Possevi-

441 2592 545 2632 nus
577 2588 707 2634 tom.
736 2578 753 2632 1
786 2579 1088 2648 Apparatus
1109 2581 1270 2647 sacri,
1303 2596 1423 2651 pag.
1460 2581 1563 2635 184
1592 2596 1707 2648 seq.

511 2667 631 2723 Iani
664 2668 912 2724 Cornarii
939 2671 1243 2725 versionem
1271 2670 1513 2724 invenies
1542 2671 1595 2724 in
1623 2670 1860 2725 editione
1891 2686 2015 2739 ope-

440 2773 563 2813 rum
594 2759 776 2814 Basilii
812 2759 1004 2816 Latina
1041 2760 1208 2816 Basil.
1241 2761 1398 2825 1552,
1421 2761 1516 2816 I‘ol.
1547 2775 1775 2828 eamque
1813 2760 2010 2829 passim

442 2849 663 2919 praefert
686 2851 886 2907 Fronto
906 2851 1132 2907 Ducaeus
1169 2852 1221 2906 in
1251 2853 1389 2907 notis
1427 2853 1492 2906 ad
1520 2853 1624 2907 hoc
1647 2851 1830 2908 Basilii
1855 2868 2008 2922 opus.

443 2939 610 2997 ΕΔΜ.
638 2940 838 2996 Contra
867 2941 1116 2998 Garnier.
1151 2941 1203 2996 in
1227 2940 1378 3010 praef.
1416 2942 1483 2996 ad
1512 2952 1639 2997 tom.
1682 2943 1724 3010 Ι,
1752 2958 1808 3013 p.
1838 2958 1892 3008 v,
1923 2940 2013 2997 ubi

443 3034 511 3088 de
542 3034 926 3104 interpretibus
951 3034 1133 3088 Basilii
1156 3032 1367 3087 Latinis
1392 3035 1519 3103 agit,
1549 3033 1703 3103 plura
1731 3032 1911 3104 culpat
1953 3034 2010 3087 in

443 3123 697 3198 Qornarii
718 3124 990 3187 versione,
1011 3137 1171 3193 quam
1198 3122 1272 3176 ita
1302 3136 1549 3190 asperam
1573 3124 1868 3192 duramque
1892 3137 2013 3180 esse

438 3212 666 3282 iudicat,
693 3220 752 3266 ut
778 3228 883 3267 una
912 3222 1005 3268 aut
1032 3212 1203 3269 altera
1237 3212 1430 3284 pagina
1459 3227 1572 3282 pra:
1597 3214 1756 3269 taedio
1788 3215 1892 3286 legi
1920 3215 2009 3271 vix

443 3304 634 3374 possit.
661 3303 832 3358 Hann.

516 3416 780 3473 Victorini
825 3417 1061 3488 Strigelii
1104 3417 1480 3488 interpretatio
1511 3417 1807 3487 separatim
1838 3418 2014 3475 lucem

443 3509 580 3564 vidit
621 3508 814 3579 Lipsiae
852 3509 1006 3573 1566,
1039 3510 1115 3566 8°.
1148 3509 1398 3565 Laudant
1429 3509 1688 3565 Basilium
1720 3510 1777 3564 in
1805 3509 2016 3565 Hexae-

444 3618 622 3657 meron
668 3603 915 3658 certatim
964 3612 1197 3666 veteres,
1251 3601 1618 3659 Nazianzenus
1669 3601 1767 3674 (a),
1812 3603 2015 3675 Nysse-

445 3712 547 3751 nus
592 3694 690 3768 (b),
736 3693 1098 3767 Hieronymus
1137 3693 1235 3767 (ο),
1275 3694 1497 3750 Photius
1535 3692 1642 3765 (ά),
1682 3693 1882 3750 Suidas
1921 3694 2012 3768 (e),

446 3788 663 3857 aliique.
680 3790 821 3846 Ante
848 3789 1103 3844 Basilium
1138 3789 1192 3840 in
1225 3785 1591 3842 Hexaemeron
1612 3787 1701 3857 qui
1730 3786 2013 3856 scripsere,

448 3871 705 3951 temporis
738 3882 933 3951 injuria
969 3880 1357 3936 interciderunt
1389 3893 1579 3934 omnes
1611 3889 1805 3948 praeter
1836 3877 2018 3939 Philo.

445 3986 567 4026 nem
612 3972 878 4036 Judznum,
913 3979 972 4025 ut
995 3969 1256 4040 .Rhodon,
1285 3968 1497 4024 Tatiani
1538 3968 1850 4039 discipulus,
1885 3969 2016 4041 llip.

444 4063 659 4132 polytus
690 4070 743 4119 et
766 4062 1048 4132 Origenes,
1074 4060 1398 4131 Hieronymo
1420 4060 1642 4127 laudati,
1667 4058 2016 4130 Justinusque

446 4150 671 4223 Martyr,
718 4162 771 4207 et
816 4153 907 4207 alii
945 4152 1265 4219 complures.
1307 4166 1445 4222 quos
1487 4153 1803 4208 Anastasius
1843 4152 2016 4207 Sinai—

447 4251 500 4297 ta
530 4242 611 4315 (f)
643 4249 1050 4299 commemorat.
1080 4241 1207 4296 Post
1235 4240 1493 4295 Basilium
1526 4241 1819 4310 scriptores
1856 4242 2015 4311 hujus

446 4334 751 4406 argumenti
793 4334 963 4389 tulere
1003 4341 1216 4389 aetatem
1245 4332 1420 4388 Graeci
1466 4332 1779 4402 scriptores,
1818 4331 2016 4403 Nysse-

444 4442 568 4492 nus,
600 4426 934 4493 Eustathius,
964 4426 1301 4492 Anastasius,
1332 4424 1568 4480 Joannes
1600 4423 1941 4495 Philoponus.

2118 607 2248 661 tinis
2271 607 2488 661 omissa'
2530 614 2677 672 sunt,
2713 605 2966 674 quoniam
3011 603 3163 658 multi
3196 613 3436 659 veterum
3472 613 3676 660 testan-

2117 709 2229 765 tur,
2267 700 2523 756 Basilium
2566 686 2671 754 non
2706 696 2932 751 ulterius
2969 709 3341 764 progressum,
3365 711 3463 751 nec
3490 696 3557 751 de
3579 696 3680 751 ho-

2114 793 2278 847 minis
2308 801 2584 847 structura
2621 797 2900 843 tractasse.
2944 784 3144 845 Tamen
3164 785 3280 840 illas
3307 796 3428 855 post
3461 787 3676 858 longum

2116 884 2361 938 morbum
2395 898 2425 936 a
2454 880 2653 936 Basilio
2683 895 2873 935 revera
2901 878 3134 945 additas,
3177 879 3333 947 eique
3380 879 3514 933 adeo
3560 880 3678 933 vin-

2114 976 2373 1030 dicandas
2402 988 2522 1028 esse
2573 972 2854 1027 contendit
2908 971 3233 1026 Franciscus
3281 968 3677 1037 Combeﬁsius,

2115 1067 2206 1136 qui
2235 1080 2327 1120 eas
2357 1080 2387 1120 e
2418 1080 2550 1119 mss.
2583 1064 2890 1118 emendavit
2921 1071 2976 1117 et
3000 1061 3302 1131 supplevit,
3350 1071 3405 1116 et
3435 1077 3557 1115 cum
3590 1077 3677 1114 ar-

2113 1156 2387 1226 gumentis
2419 1169 2540 1224 qua:
2571 1155 2622 1208 in
2642 1155 2827 1209 codice
2859 1153 3007 1223 regio
3034 1152 3474 1223 prmﬁguntur,iu
3501 1156 3676 1222 capita

2115 1244 2394 1312 distincta,
2429 1247 2615 1301 addita
2658 1260 2797 1299 nova
2824 1244 3072 1299 versione
3106 1260 3202 1299 sua
3234 1247 3500 1314 notisque,
3534 1245 3678 1298 dedit

2116 1348 2249 1393 tom.
2274 1336 2299 1392 Ι
2327 1336 2519 1392 Basilii
2552 1336 2814 1400 recensiti,
2841 1351 2963 1405 pag.
3000 1335 3103 1390 418
3139 1351 3290 1405 seq.,
3326 1335 3483 1391 Paris
3516 1337 3675 1400 1679,

2113 1431 2188 1492 8°,
2226 1428 2514 1496 subjuncta
2546 1427 2708 1481 etiam
2740 1440 2862 1495 pag.
2894 1424 3000 1479 524
3024 1424 3239 1479 homilia
3275 1424 3350 1479 De
3387 1427 3633 1494 paradiso
3658 1468 3673 1487 .

2113 1536 2228 1589 quat
2260 1519 2398 1571 inter
2421 1517 2664 1577 diversas
2701 1527 2784 1573 est
2811 1518 3105 1581 tricesima,
3138 1528 3191 1570 et
3209 1527 3315 1570 tom
3338 1515 3377 1581 ι,
3402 1532 3524 1586 pag.
3550 1517 3674 1576 625.

2113 1612 2601 1670 edit.Graeco-Lat.
2636 1611 2679 1664 Δ
2718 1609 2856 1664 1618
2891 1608 3104 1679 legitur.
3146 1607 3297 1680 [Gar.
3334 1608 3384 1673 I,
3423 1624 3544 1679 pag.
3572 1608 3673 1663 3L7

2115 1719 2266 1775 seqq.
2323 1714 2465 1761 orat.
2515 1704 2585 1758 lli
2614 1702 2687 1756 De
2717 1702 2954 1756 hominis
2972 1711 3265 1764 structura,
3318 1701 3467 1754 inter
3492 1702 3677 1769 spuria

2115 1796 2293 1850 Basilii
2328 1793 2578 1867 scripta.]
2597 1793 2759 1849 Certe
2782 1792 3033 1853 homilias
3062 1791 3108 1847 Χ
3129 1802 3184 1846 et
3214 1790 3283 1844 XI
3307 1807 3336 1846 a
3354 1791 3516 1861 Greg.
3542 1791 3676 1862 Nys-

2115 1901 2246 1945 seno
2273 1887 2554 1955 adjunctus
2570 1884 2753 1940 Basilii
2778 1884 2928 1953 operi
2962 1899 3076 1939 non.
3096 1898 3239 1948 esse,
3262 1884 3416 1938 docet
3446 1883 3678 1937 luculen-

2116 1988 2221 2041 tus,
2250 1992 2410 2045 quem
2435 1976 2501 2031 ab
2529 1992 2594 2032 eo
2614 1975 2970 2045 supplementi
2992 1974 3246 2030 Basiliani
3272 1973 3389 2029 loco
3418 1974 3675 2029 habemus

2114 2069 2248 2124 liber
2282 2068 2360 2122 De
2394 2068 2604 2137 opiﬁcio
2643 2067 2892 2133 hominis,
2926 2076 2980 2121 et
3022 2066 3162 2121 inter
3191 2067 3353 2134 cujus
3378 2079 3541 2134 opera
3560 2064 3676 2118 illae

2113 2162 2230 2215 dum
2275 2158 2507 2215 homilia:
2553 2168 2683 2213 tom.
2714 2156 2769 2217 ι,
2806 2171 2927 2225 pag.
2972 2154 3214 2209 159-155
3264 2154 3510 2223 leguntur
3551 2170 3675 2207 cum

2109 2250 2361 2305 versione
2393 2248 2539 2307 Petri
2570 2246 2848 2303 Francisci
2886 2246 3002 2301 Zini
3038 2246 3202 2301 Fusa.
3240 2245 3498 2301 Homilies
3524 2244 3678 2300 lict

2112 2341 2205 2397 XII
2229 2353 2280 2397 et
2312 2341 2390 2397 De
2415 2341 2666 2412 paradiso
2696 2340 2831 2395 falso
2856 2340 3019 2395 tribui
3048 2339 3271 2403 Basilio,
3303 2347 3492 2394 contra
3520 2338 3676 2393 Com-

2111 2430 2399 2495 belisium,
2436 2429 2507 2484 du
2556 2429 2654 2483 Pin
2694 2438 2748 2483 et
2795 2429 2931 2484 alios
2972 2429 3081 2483 late
3134 2428 3403 2497 docteque
3445 2428 3676 2482 ostendit

2113 2520 2345 2577 Gamier
2401 2521 2455 2576 in
2503 2520 2657 2590 praef.
2705 2521 2772 2575 ad
2814 2532 2944 2576 tom.
2978 2520 3021 2584 l,
3045 2535 3169 2589 pag.
3194 2535 3312 2584 vin,
3345 2519 3526 2575 multis
3547 2535 3679 2575 usus

2113 2612 2468 2683 argumentis,
2497 2625 2527 2666 a
2557 2611 2771 2666 diversa
2796 2611 2918 2681 styli
2949 2617 3004 2664 et
3023 2610 3411 2664 sententiarum
3443 2610 3673 2676 ratione,

2112 2715 2169 2758 et
2194 2703 2472 2759 meliorum
2503 2701 2975 2772 antiquiorumque
2991 2699 3237 2757 codicum
3264 2698 3679 2764 auctoritate_ab

2114 2795 2487 2864 immensaque
2534 2796 2802 2851 variarum
2833 2793 3123 2849 lectionum
3174 2792 3328 2857 silva,
3369 2807 3485 2861 quae
3517 2793 3569 2846 in
3590 2805 3681 2861 ge-

2114 2887 2296 2943 nuinis
2321 2885 2505 2941 Basilii
2529 2902 2656 2956 opp.
2683 2885 2827 2940 haud
2856 2885 2993 2939 adeo
3014 2897 3204 2952 magna
3223 2893 3326 2948 est,
3349 2883 3596 2952 sumptis,
3620 2892 3679 2937 et

2115 2976 2284 3044 ipsius
2317 2975 2566 3043 Gregorii
2594 2974 2821 3045 Nysseni
2867 2973 2988 3028 loco
3008 3013 3022 3037 ,
3056 2987 3215 3041 quem
3245 2972 3384 3026 male
3412 2972 3679 3040 interpre-

2114 3075 2260 3122 tatus
2285 3076 2369 3123 est
2397 3066 2771 3122 Combelisius.
2791 3065 2927 3120 Tum
2947 3063 3220 3133 subiungit
3243 3063 3501 3132 quasdam
3527 3077 3677 3132 quas-

2036 3192 2081 3252 e
2117 3157 2317 3214 stiones
2347 3196 2363 3221 ,
2414 3157 2479 3211 ad
2524 3154 2640 3210 loca
2681 3155 2924 3224 quaedam
2956 3161 3143 3209 notatu
3175 3151 3331 3220 digna
3364 3151 3678 3205 illustrauda

2116 3249 2469 3318 pertinentes.
2500 3246 2639 3300 Add.
2665 3245 2839 3299 Riveti
2877 3243 2970 3299 lib.
3030 3259 3091 3298 nt
3135 3241 3318 3297 Critiri
3360 3243 3520 3308 sacri,
3555 3256 3675 3309 cap.

2114 3338 2205 3404 20,
2234 3354 2354 3409 pag.
2391 3337 2518 3405 ⁵528,
2544 3337 2634 3392 ed.
2659 3337 2881 3406 quintae,
2914 3344 2969 3390 et
3006 3332 3287 3389 Schrockh
3316 3332 3351 3384 Ι.
3389 3348 3463 3399 c.,
3485 3349 3538 3404 p.
3577 3332 3681 3388 178

2115 3443 2198 3499 sq.
2232 3459 2303 3469 --
2326 3428 2419 3482 Est
2452 3427 2504 3480 in
2539 3426 2746 3481 duobus
2797 3427 2954 3480 codd.
2996 3424 3170 3478 Paris.
3203 3424 3353 3479 "aut.

2188 3517 2302 3592 [ΙΙ.]
2342 3517 2584 3588 Ὀμιλίαι
2618 3516 2869 3571 Ηοηιὶιὶω
2902 3514 3075 3569 XVII
3116 3517 3173 3569 in
3197 3513 3437 3570 Psalmos
3458 3514 3524 3588 [l,
3554 3529 3676 3586 pag.

2115 3612 2185 3670 89
2212 3626 2358 3681 sqq.,
2393 3609 2590 3683 Carm]
2623 3609 2737 3664 Hoc
2768 3618 2872 3675 est,
2912 3616 3109 3678 praeter
3146 3623 3306 3662 unam
3342 3608 3394 3662 in
3434 3607 3631 3662 Psalmi
3660 3623 3680 3662 ι

2117 3704 2351 3769 initium,
2379 3703 2626 3772 prooemii
2661 3701 2780 3757 loco
2806 3701 3165 3770 praemissam,
3198 3698 3422 3767 singulae
3448 3700 3502 3754 in
3537 3698 3681 3769 psal-

2116 3811 2259 3851 mum
2293 3812 2385 3860 vn,
2418 3810 2549 3849 nix
2577 3792 2679 3865 (Ιι),
2712 3809 2884 3859 xxx",
2919 3808 3115 3856 χχχιιι,
3135 3807 3348 3857 xxxv",
3378 3806 3523 3856 xuv,
3553 3806 3679 3857 xcv,

2116 3902 2316 3953 xum,
2341 3901 2464 3950 ιιι,
2492 3901 2615 3951 LXI,
2663 3894 2719 3940 et
2752 3885 2892 3940 binae
2923 3886 2976 3939 in
3012 3884 3278 3954 psalmum
3335 3899 3447 3949 xw,
3482 3899 3681 3949 xxvm,

2115 3993 2258 4034 cxiv.
2288 3977 2402 4044 IIIa,
2429 3991 2592 4047 quam
2618 3976 3030 4047 prooemii'loco
3066 3976 3402 4046 praemissam
3433 3974 3581 4038 dixi,
3612 3987 3682 4028 ex

2114 4070 2294 4125 Ruﬁni
2336 4069 2587 4124 versione
2637 4067 2775 4122 solet
2822 4065 3025 4138 praeﬁgi
3069 4066 3259 4122 Latine
3300 4064 3358 4119 S.
3394 4063 3680 4134 Augustini

2116 4161 2458 4217 Enarrationi
2480 4160 2839 4225 Psalmorum,
2862 4160 3024 4215 etiam
3046 4160 3097 4213 in
3118 4158 3408 4213 novissima
3423 4156 3679 4224 editione,

2117 4255 2183 4309 ab
2203 4238 2426 4309 eruditis
2442 4252 2721 4315 monachis
2736 4251 3098 4307 Benedictinis
3117 4259 3323 4314 curata,
3346 4258 3490 4305 tomo
3504 4248 3573 4304 IV
3591 4248 3678 4320 (ί).

2116 4345 2372 4401 Homilias
2397 4346 2679 4400 universas
2707 4342 3090 4411 septemdecim
3123 4342 3313 4397 Latine
3349 4343 3513 4396 vertit
3534 4341 3681 4397 God—

2117 4437 2290 4493 fridus
2317 4437 2653 4504 Tilmannus,
2675 4451 2794 4491 cum
2823 4437 2975 4507 cujus
3001 4435 3447 4505 interpretatione
3468 4443 3685 4489 exstant

517 4520 754 4575 Homilia
777 4518 829 4572 Χ
853 4530 902 4574 et
932 4517 1014 4573 XI
1042 4520 1105 4574 de
1137 4519 1347 4588 opiﬁcio
1376 4517 1600 4571 hominis
1631 4515 1739 4589 [ap.
1766 4516 1933 4572 Garn.
1961 4517 2004 4584 l,

2114 4545 2161 4603 in
2184 4527 2604 4585 Graeco-Latinis
2618 4535 2671 4583 et
2687 4527 2972 4596 postremis
2988 4526 3197 4582 Latinis
3226 4525 3407 4581 Basilii
3429 4524 3684 4579 editioni-

443 4628 498 4683 p.
528 4610 681 4684 525],
704 4627 823 4681 qua:
852 4611 998 4665 velut
1018 4608 1200 4664 Basilii
1232 4609 1286 4661 in
1302 4606 1506 4663 Graecis
1535 4607 1862 4664 editionihus
1890 4609 2007 4680 plu-

444 4704 702 4772 ribusque
736 4716 893 4767 mss.,
929 4709 988 4756 ut
1018 4700 1073 4755 in
1096 4699 1365 4764 Caesareo,
1395 4698 1536 4769 apud
1583 4697 1872 4768 Lambec.,
1913 4701 2009 4770 Ill,

445 4811 571 4867 pag.
609 4796 713 4851 122
735 4795 807 4866 (9)
844 4804 900 4850 et
926 4794 980 4848 in
1020 4793 1361 4849 versionibus
1405 4792 1653 4847 Cornarii
1681 4834 1697 4859 ,
1730 4792 1967 4850 Perionii
1991 4835 2007 4861 ,

448 4888 712 4959 Strigelii,
746 4897 912 4957 atque
965 4888 1018 4940 in
1052 4885 1260 4941 Latinis
1301 4885 1483 4941 Basilii
1533 4885 1864 4942 editionihus
1908 4886 2015 4954 ple-

448 4982 630 5052 risque
651 4996 683 5036 e
713 4980 913 5050 Wolfg.
940 4979 1181 5044 Musculi,
1210 4978 1607 5049 Argyropnlum
1633 4979 1881 5048 supplere
1903 4988 2016 5033 stu-

518 5096 596 5168 (a)
637 5094 1013 5168 Nazianzenus
1040 5101 1181 5168 or_at.
1216 5092 1288 5146 20
1323 5091 1380 5146 in'
1414 5091 1767 5168 S.__Basilium
1800 5111 1814 5148 :
1846 5092 2018 5168 ξὈταιί

447 5161 545 5239 sip)
578 5161 916 5239 "Eiaﬁpepov
957 5163 1120 5217 αὐτοῦ
1184 5162 1681 5235 μεταχειρίζωμαι,
1738 5162 1874 5232 μετὰ
1928 5161 2022 5214 τοῦ

449 5237 668 5292 stcta-:05
696 5237 937 5307 γίνομαι.

446 5341 451 5365 ε
520 5309 593 5377 (b)
636 5301 907 5379 Ny'ssenus
949 5307 1005 5379 in
1057 5303 1335 5379 Hexaent..
1388 5314 1516 5379 tom.
1549 5301 1606 5379 _l,
1649 5302 1866 5379 pag,__5,
1900 5318 2020 5379 cum

450 5372 785 5433 dix'isset'se
844 5378 1153 5444 neutiquam
1213 5375 1349 5429 velle
1423 5372 2023 5444 ἁντιρογματζζεινίτῷ

451 5446 590 5519 ἁγίῳ
618 5446 883 5517 Βασιλείῳ
905 5442 1033 5519 περῖ
1060 5446 1169 5519 τῶν
1362 5445 1459 5519 (sint
1488 5442 1846 5519 κρσμογᾳνίαν
1874 5442 2023 5514 αὐτῷ

453 5512 939 5590 φξλᾴσοφηθέντὼν,
974 5512 1267 5590 subjungit,
1296 5512 1622 5590 emtum
1655 5512 1796 5590 _péy_
1821 5512 2023 5590 κεκραξ

450 5582 667 5657 ἐήσθω,
700 5582 819 5641 ’καὶ
909 5587 1038 5658 όνης
1074 5582 1196 5655 ήτῆς⁷
1241 5584 1598 5640 θεοπνεύστου
1649 5582 2022 5655 διαϐήκηςέὰ

451 5657 727 5714 δευτερεῖα
756 5607 1020 5714 maxilla).

511 5675 727 5712 υτεοεισ.
756 5675 1020 5712 φεοεσυω.

524 5676 727 5729 nepeta
756 5675 1020 5729 φερεσυω.

524 5727 595 5864 ξε)
640 5729 856 5808 Hieron.
885 5726 1163 5797 Calalogo,
1198 5741 1247 5782 c.
1284 5726 1410 5791 116,
1441 5734 1495 5782 et
1526 5728 1686 5798 epist.
1720 5725 1806 5781 55.

545 5802 601 5864 Δ)
640 5800 860 5852 Phottus
896 5796 1015 5850 cod.
1047 5812 1193 5851 cm.

545 5796 601 5867 Δ)
640 5798 860 5852 ΡΙιοιίυε
896 5796 1015 5850 cod.
1047 5812 1193 5851 cm.

523 5865 595 5937 (ε)
629 5869 821 5923 Suidas
844 5868 897 5920 in
928 5867 1264 5937 Βασιλειρς.
1296 5866 1429 5920 Vide
1447 5869 1795 5937 etSocratem
1822 5882 1897 5931 tv,
1928 5865 2015 5919 26.

528 5935 603 6012 (Γ)
634 5937 950 5994 Anastasius
978 5950 1056 5994 vn
1084 5937 1137 5990 in
1162 5935 1442 6007 Hexaem.,
1470 5940 1633 6014 cujus,
1659 5935 1825 5994 verba
1861 5936 2017 5994 Gne-

2115 4621 2236 4679 bus.
2267 4620 2407 4672 Ante
2436 4615 2777 4673 Tilmannum
2796 4618 3013 4673 easdem
3034 4616 3422 4673 transtulerant
3442 4614 3682 4686 Raphael

2116 4711 2531 4775 Volaterranus,
2579 4710 2734 4779 cujus
2771 4710 2951 4765 versio
2998 4710 3193 4779 legitur
3225 4709 3279 4763 in
3318 4707 3521 4763 Latinis
3565 4708 3686 4777 qui-

2121 4803 2345 4858 busdam
2368 4802 2719 4866 editionihus,
2753 4810 2811 4856 ut
2844 4800 3141 4857 Basileensi
3189 4800 3327 4855 l565
3356 4800 3478 4864 fol.,
3509 4810 3564 4855 et
3594 4798 3689 4854 Ja-

2119 4911 2220 4950 nus
2252 4893 2568 4960 Cornarius,
2596 4908 2717 4963 qua!
2760 4895 3002 4949 occurrit
3042 4894 3097 4948 in
3143 4894 3378 4948 editione
3406 4893 3595 4948 Latina
3619 4893 3684 4946 A.

2120 4985 2280 5041 1552.
2314 4984 2476 5043 Plura
2536 4999 2604 5040 ex
2651 4985 2733 5040 his
2764 4984 3002 5041 homiliis
3058 4983 3359 5040 aﬂ‘eruntur
3401 4985 3453 5038 in
3480 4984 3686 5039 Catena

2121 5114 2189 5155 ce
2242 5098 2497 5168 produxit
2546 5096 2783 5168 Michael
2813 5095 2889 5151 Le
2934 5096 3106 5162 Quien
3151 5095 3683 5168 ad_Dantascenum,

2127 5164 2258 5223 tom.
2298 5169 2338 5233 I,
2370 5184 2491 5238 pag.
2536 5167 2658 5221 174.
2687 5168 2864 5238 Alium
2898 5182 2963 5238 ex
2997 5167 3134 5222 libro
3170 5182 3183 5220 I
3223 5164 3427 5219 Fronto
3463 5166 3688 5219 Duczeus

2125 5240 2180 5293 in
2220 5236 2408 5292 limine
2438 5236 2684 5290 notarum
2715 5237 2781 5289 ad
2816 5236 3095 5290 Basilium.

2192 5310 2270 5432 39)
2305 5306 2433 5377 Pag.
2473 5306 2579 5360 285
2618 5322 2701 5376 sq.
2724 5346 2740 5371 ,
2777 5306 2905 5370 289,
2952 5305 3079 5385 514,
3119 5303 3438 5386 ed..Kollar.
3463 5322 3477 5369 ;
3506 5303 3599 5357 sed
3634 5304 3686 5357 in

2234 5421 2246 5432 .
2275 5375 2388 5432 XV.
2422 5393 2475 5429 n.
2506 5376 2561 5432 5.
2591 5385 2732 5430 orat.
2769 5376 2928 5432 Grca.
2959 5376 3186 5432 hvssent
3215 5391 3269 5428 tn
3299 5372 3483 5429 Cenes.
3526 5388 3563 5432 I,
3594 5373 3685 5432 9.6.

2126 5372 2475 5442 cod'jXan.
2506 5376 2561 5439 5,
2591 5372 2928 5446 oratacreg.
2959 5374 3186 5446 Nysseni
3215 5375 3269 5428 in
3294 5372 3499 5446 Cenes.
3526 5388 3563 5438 ι,
3594 5373 3685 5437 9.6,

2124 5448 2267 5502 male
2304 5446 2595 5503 ascribitur
2628 5445 2833 5513 Basilio
2854 5444 2923 5499 Μ.
2962 5442 3115 5513 quasi
3157 5458 3221 5498 ea
3260 5445 3332 5499 sit
3362 5442 3603 5513 oratio;
3632 5446 3690 5497 in

2125 5515 2380 5572 Hexaem.
2404 5516 2481 5585 7V.
2510 5514 2765 5571 Lambec.
2793 5512 2880 5579 Ill,
2918 5511 3038 5585 pag.
3086 5513 3191 5570 5M
3219 5530 3302 5585 sq.
3349 5514 3533 5582 ibique
3557 5511 3687 5568 Κοι-

2122 5585 2223 5643 lar.
2254 5597 2365 5641 not.
2401 5584 2572 5639 HARL.

2194 5657 2271 5726 (It)
2311 5657 2614 5711 Secundum
2667 5654 2988 5711 llehraicam
3026 5653 3317 5709 editionem
3378 5653 3431 5706 in
3484 5652 3684 5722 psalm.

2121 5743 2221 5789 VII,
2243 5743 2333 5789 XV,
2365 5741 2518 5790 XXIX,
2548 5741 2676 5785 XXX,
2699 5741 2892 5788 XXXIII,
2920 5739 3109 5786 Χχιιν,
3141 5738 3372 5789 XXXVIII,
3389 5738 3517 5789 XLV,
3539 5737 3683 5785 XLVI,

2123 5814 2273 5859 xux,
2300 5813 2389 5860 ιχ,
2419 5810 2524 5849 uti
2567 5806 2614 5848 ct
2645 5810 2787 5850 cxvr.

2195 5868 2260 5937 (ἰ)
2297 5862 3046 5937 (ΞοῃιλΕριιιειιιὶηἱΑῌὶεςρτ.
3091 5864 3316 5923 lilterar.
3360 5860 3680 5936 Aquileiens-

2123 5932 2330 6011 Bottiac,
2360 5934 2519 6005 I742,
2545 5934 2618 6003 4°,
2644 5950 2767 6007 pag.
2798 5934 2922 5992 299.
2948 5932 3121 5989 Hum.
