4094 6220
1640 348 1921 404 NUTI'I'IA
1963 350 2050 404 EX
2093 349 2437 407 FABRICIO.

3524 373 3653 414 CCLl‘

389 466 707 524 Graecorum
744 464 963 520 Patrum
1016 464 1083 519 ad
1141 462 1386 519 Psalmos
1434 463 1799 531 Corderiana;
1840 483 1965 521 non-

2096 482 2264 534 χχιιι,
2292 482 2396 521 una
2436 468 2493 520 in
2520 467 2711 535 psalm.
2750 484 2878 523 xxix
2900 508 2917 535 ,
2960 485 3110 523 χχχιι
3134 508 3147 533 ,
3178 482 3390 535 χχχιιι,
3420 484 3644 538 χχχχιι,

389 558 534 615 nulla
566 558 732 613 etiam
766 555 1040 626 praaterito
1074 555 1258 610 Basilii
1289 557 1525 610 nomine.
1562 556 1803 611 Fann.—
1825 558 1965 612 Fuse

401 651 621 708 disserit
649 652 716 704 de
742 649 848 705 illis
876 648 1113 704 homiliis
1144 649 1375 704 Garnier
1406 658 1459 702 et
1497 649 1551 702 in
1598 650 1801 703 monito
1833 666 1967 718 pra:-

395 744 562 798 misso
592 758 715 814 pag.
744 741 835 807 89,
865 750 920 795 et
939 757 1070 797 vero
1092 742 1144 795 in
1177 744 1384 810 prmfat.
1412 741 1438 813 §
1464 742 1551 807 VI,
1582 759 1701 813 pag.
1725 760 1811 796 χχι
1844 760 1963 813 sqq.

400 835 590 889 Priore
639 834 759 891 loco
810 835 998 905 paucis
1034 835 1285 888 observat
1318 836 1510 903 psalmi
1568 850 1753 888 xxxvn
1806 838 1968 889 inter-

407 926 794 995 pretationem,
837 924 940 993 iam
988 924 1314 979 Combeﬁsio
1345 938 1682 995 suspectam,
1716 940 1833 980 esse
1863 926 1970 979 Eu.

397 1016 569 1081 sebii,
625 1032 733 1072 non
780 1015 967 1071 Basilii
1000 1015 1199 1082 fetum;
1244 1018 1745 1087 interpretationem
1779 1019 1971 1088 psalmi

397 1124 591 1173 χχχιιι,
624 1122 654 1161 a
690 1106 1039 1171 Combetisio,
1070 1106 1435 1170 Tillemontio,
1464 1108 1539 1161 Du
1568 1106 1666 1162 Pin
1703 1125 1800 1178 pro
1827 1109 1969 1164 adul-

401 1202 576 1256 terina
618 1200 881 1265 habitam,
931 1213 1053 1254 esse
1077 1214 1212 1269 opus
1242 1199 1506 1269 plagiarii,
1554 1201 1634 1254 vel
1659 1203 1836 1269 potius
1860 1211 1972 1257 stu-

400 1291 538 1346 diosi
560 1290 882 1361 eujuspiam,
902 1289 995 1359 qui
1023 1304 1081 1344 se
1100 1302 1375 1350 exercere.
1409 1300 1460 1342 et
1488 1288 1743 1343 Basilium
1775 1290 1974 1344 imitari

404 1384 673 1451 voluerit;
701 1384 753 1438 in
782 1396 1001 1454 genere,
1026 1382 1320 1445 orationes,
1347 1398 1466 1450 qua:
1484 1398 1606 1436 vere
1627 1381 1804 1436 Basilii
1828 1391 1971 1449 sunt,

403 1476 472 1530 ad
503 1476 757 1545 papulum
806 1476 1021 1530 habitas
1063 1490 1206 1541 esse,
1254 1474 1306 1528 in
1357 1484 1734 1544 conventuque
1764 1474 1976 1543 publico

402 1568 817 1637 pronuntiatas;
863 1579 1201 1637 quaecunque
1236 1570 1417 1619 autem
1454 1566 1593 1620 hanc
1648 1576 1829 1619 notam
1864 1582 1976 1635 prce

403 1676 464 1716 se
492 1676 600 1716 non
639 1660 797 1726 ferat,
846 1674 966 1714 eam
1020 1659 1222 1714 debere
1268 1659 1337 1715 ob
1369 1658 1420 1713 id
1456 1659 1628 1713 solum
1668 1668 1976 1728 suspectam

402 1753 573 1808 videri
608 1771 624 1806 :
668 1763 782 1807 tum
822 1752 1223 1816 animadvertit,
1273 1753 1759 1817 commentarium,
1794 1753 1977 1806 haete-

405 1860 507 1899 nus
538 1845 827 1899 Theodoro
866 1844 1197 1899 Heracleota:
1226 1844 1567 1908 attributum,
1602 1858 1708 1897 non
1730 1857 1851 1897 esse
1880 1845 1978 1899 Ba-

404 1936 511 1991 silii
532 1937 587 1990 in
603 1933 849 1993 Psalmos
872 1935 1290 2004 expositionem.
1316 1936 1554 2003 Denique
1581 1937 1824 1999 adnotat,
1855 1937 1981 1989 Am-

407 2028 675 2095 brosium,
710 2042 831 2083 cum
860 2044 985 2082 suos
1007 2029 1063 2081 in
1091 2028 1456 2083 Hexaemeron
1484 2030 1749 2083 scriberet
1788 2029 1977 2096 libros,

409 2117 575 2172 etiam
603 2117 985 2187 Augustinum,
1014 2120 1279 2189 permulta
1312 2119 1377 2173 ad
1407 2120 1630 2175 verbum
1647 2119 1983 2191 sumpsissee

407 2204 615 2265 Basilio
650 2227 667 2264 :
698 2224 817 2280 qua:
863 2211 1045 2265 omnia
1093 2211 1307 2281 aliaque
1336 2212 1607 2281 copiosius
1641 2214 1863 2282 exponit
1892 2214 1983 2268 de-

408 2309 787 2371 monstratque
825 2302 877 2356 in
920 2301 1134 2357 Prml‘at.
1160 2302 1195 2358 I.
1234 2319 1308 2364 c.,
1352 2304 1405 2358 in
1443 2319 1547 2373 qua
1591 2307 1754 2360 etiam
1783 2307 1980 2372 docet,

408 2394 711 2448 orationem
760 2395 859 2449 lin
888 2394 1151 2463 psalmum
1182 2412 1272 2451 χιχ
1322 2397 1462 2451 haud
1493 2412 1612 2453 esse
1651 2400 1982 2467 genuinam;

412 2493 567 2540 notat
587 2487 831 2556 quasdam
881 2487 933 2541 in
967 2488 1421 2558 explicationibus
1464 2490 1794 2556 psalmorum
1833 2506 1873 2554 ι,
1908 2506 1984 2544 χιι

412 2588 470 2635 et
495 2596 667 2635 χχχιιι
695 2597 710 2647 ;
738 2580 945 2649 judicat
968 2582 1035 2639 de
1058 2590 1351 2635 comment.
1380 2582 1437 2635 in
1475 2579 1721 2637 Psalmos
1742 2624 1756 2649 ,
1789 2599 1985 2653 perpe-

418 2686 536 2726 ram
588 2672 688 2727 sub
739 2674 958 2728 nomine
1008 2672 1277 2729 Theodori
1304 2673 1635 2729 Heracleotac
1668 2690 1697 2727 a
1728 2674 1987 2730 Corderio

417 2764 584 2828 edito,
614 2776 690 2833 et,
715 2766 897 2819 multis
932 2767 1264 2834 argumentis
1303 2774 1465 2835 atque
1496 2768 1758 2836 exemptis
1788 2767 1985 2834 allatis,

420 2856 677 2923 ostendit,
715 2872 835 2912 esse
860 2866 1107 2911 catenam
1137 2873 1168 2912 e
1205 2857 1494 2911 multorum
1538 2857 1757 2912 Patrum
1785 2859 1985 2913 eccles.

424 2949 578 3005 libris
610 2951 1066 3004 consarcinatam.
1102 2950 1244 3005 Idem
1276 2950 1443 3004 Garn.
1486 2950 1653 3004 edidit
1691 2965 1813 3018 pag.
1853 2950 1989 3003 552-

423 3044 529 3098 577
592 3044 775 3098 Basilii
806 3043 1078 3109 homilias,
1115 3044 1167 3098 in
1194 3045 1388 3113 quibus
1416 3044 1577 3097 multa
1612 3044 1725 3098 loca
1777 3060 1842 3098 ex
1886 3044 1993 3097 Eu-

423 3137 574 3191 sebio
606 3153 712 3191 non
746 3152 772 3187 a
798 3136 1023 3199 Basilio,
1052 3137 1143 3190 sed
1178 3138 1244 3190 ab
1282 3136 1386 3190 alio
1427 3145 1648 3190 auctore
1697 3136 1989 3205 compilata

422 3239 571 3296 sunt,
594 3231 651 3283 in
678 3231 867 3299 psalm.
901 3246 1010 3293 xiv,
1044 3230 1203 3301 aliam
1230 3231 1463 3299 ineptam
1490 3230 1546 3283 in
1574 3229 1763 3298 psalm.
1794 3244 1989 3294 χχχιιι,

424 3333 534 3376 tum
572 3324 626 3376 in
660 3324 852 3393 psalm.
893 3338 1105 3387 χχχχιι,
1136 3332 1189 3377 et
1216 3322 1269 3375 in
1303 3322 1491 3389 psalm.
1520 3337 1641 3376 cxv.
1679 3351 1749 3363 —-
1772 3321 1995 3375 Floren-

424 3415 510 3469 tiae
546 3415 597 3469 in
646 3416 765 3469 cod.
805 3414 997 3469 Medic.
1035 3414 1199 3469 Laur.
1234 3413 1369 3479 VIII,
1411 3414 1544 3483 plut.
1579 3413 1633 3479 4,
1675 3415 1763 3482 qui
1804 3430 1872 3467 χι.
1901 3416 1998 3469 ho-

423 3509 535 3563 mil.
574 3510 846 3575 continet,
876 3518 959 3563 est
998 3526 1051 3561 ιι.
1091 3509 1144 3571 5,
1182 3509 1328 3562 Ιιοιιι.
1365 3509 1415 3560 in
1450 3507 1639 3577 psalm.
1681 3524 1795 3573 χιχ,
1837 3525 1995 3579 quam

422 3599 591 3655 Garn.
630 3601 682 3655 in
719 3601 953 3670 append.
999 3610 1130 3657 tom.
1166 3598 1207 3663 I,
1242 3615 1295 3668 p.
1334 3599 1459 3663 552,
1507 3608 1760 3668 tanquam
1800 3598 1997 3655 Basilio

424 3694 754 3763 suppositam
790 3694 987 3762 posuit.
1015 3692 1239 3747 Bandin.
1295 3708 1423 3748 vero
1463 3692 1484 3746 Ι
1525 3692 1644 3746 Cat.
1688 3695 1842 3747 codd.
1876 3692 1996 3761 Gn,

424 3801 543 3856 pag.
580 3786 711 3848 526,
740 3786 1035 3841 arbitratur
1085 3800 1151 3840 ex
1186 3786 1351 3841 Laur.
1399 3786 1491 3841 illo
1522 3787 1729 3852 codice,
1770 3802 1892 3841 saec.
1944 3803 2000 3841 xt

426 3876 650 3947 scripto,
684 3877 833 3947 argui
869 3891 1048 3945 posse,
1098 3878 1286 3931 homil.
1322 3877 1479 3930 istam
1520 3878 1683 3931 etiam
1716 3888 1842 3931 ante
1875 3878 2002 3932 illud

429 3979 638 4038 tempus
664 3968 830 4023 fuisse
857 3968 1056 4023 Basilio
1080 3969 1466 4036 adjudicatam,
1511 3970 1670 4039 eique
1719 3982 2004 4038 propterea

429 4060 601 4116 locum
648 4064 980 4133 assignatum
1039 4071 1163 4116 ante
1214 4074 1553 4133 sequentem,
1586 4079 1637 4117 ιι.
1685 4064 1716 4114 ti
1752 4065 1897 4117 hom.
1951 4064 2005 4116 in

427 4164 630 4224 partem
666 4170 755 4208 χιχ
784 4154 975 4221 psalmi
1016 4165 1202 4208 contra
1228 4155 1579 4223 feneratores,
1624 4157 1779 4226 cujus
1818 4156 2007 4211 titulus

432 4260 495 4300 ac
535 4247 708 4316 prima
755 4253 916 4301 verba
958 4246 1118 4300 aliam
1156 4257 1463 4317 supponant
1507 4248 1558 4301 in
1588 4249 1838 4306 eumdem
1864 4250 2009 4319 psal-

434 4354 579 4392 mum
610 4340 917 4398 homiliam.
942 4369 1012 4381 —
1032 4340 1170 4395 Add.
1205 4340 1523 4394 Schroeckh
1555 4341 1589 4394 I.
1619 4356 1669 4395 c.
1693 4380 1709 4405 ,
1745 4358 1865 4413 pag.
1905 4342 2001 4396 I8I

432 4444 553 4498 sqq.
587 4463 651 4471 -—-
690 4430 874 4485 Basilii
905 4431 1156 4500 prologus
1198 4433 1251 4484 in
1280 4432 1475 4500 psalm.
1530 4434 1791 4501 repetitus
1826 4444 1909 4488 est
1954 4435 2008 4488 in

2069 575 2216 627 xuv,
2259 576 2385 625 χιχ,
2423 574 2614 623 χχχιιι,
2651 575 2762 626 th,
2805 576 2955 626 χχχι,
2993 575 3117 615 cxtv
3157 569 3213 616 et
3244 576 3347 617 (ειν
3372 601 3388 628 ,
3418 576 3647 630 quarum

2071 651 2220 704 initia
2249 650 2430 720 posuit
2464 649 2720 706 Lambec.
2764 651 2817 704 in
2848 649 3162 716 Comment.,
3189 648 3276 717 III,
3300 666 3355 720 p.
3387 649 3494 705 526
3524 665 3647 721 sqq.

2071 773 2140 782 —
2162 744 2378 799 Eaedem
2408 744 2711 813 eodemque
2732 744 2924 798 ordine
2953 744 3005 797 in
3040 744 3197 799 codd.
3228 742 3470 806 LXVIII,
3504 761 3558 796 ιι.
3596 743 3648 797 1.

2073 834 2347 905 (Lambec.
2406 834 2561 901 ibid.,
2618 850 2741 906 pag.
2791 835 3038 907 359.)——
3076 836 3134 891 In
3169 836 3327 893 codd.
3374 834 3650 903 CCXLIV,

2072 943 2127 982 ιι.
2166 928 2253 993 10,
2291 929 2577 998 fragment.
2610 928 2847 983 homiliae
2877 929 2930 980 in
2969 928 3157 996 psalm.
3196 945 3390 995 χχχιιι,
3434 940 3653 983 notante

2074 1021 2313 1076 Kollario
2337 1022 2402 1076 ad
2429 1019 2679 1075 Lambec.
2709 1020 2751 1086 Ι,
2785 1036 2838 1091 p.
2866 1020 3134 1075 237.—In
3161 1021 3280 1076 cod.
3318 1019 3651 1081 CCXXXVI,

2075 1130 2131 1167 ιι.
2158 1112 2209 1177 5,
2242 1120 2367 1167 sunt
2391 1112 2801 1183 quatuordecim
2827 1110 3011 1165 Basilii
3030 1120 3168 1167 orat.
3198 1110 3477 1182 (Lambec.
3506 1111 3570 1174 V,
3597 1126 3650 1178 p.

2078 1206 2182 1260 184
2207 1205 2351 1277 sq.);
2405 1206 2459 1260 in
2493 1206 2579 1261 his
2609 1205 2837 1275 septima
2880 1204 3199 1259 inscribitur
3240 1203 3383 1257 κατὰ
3412 1202 3657 1268 τοκιζόν-

2075 1314 2206 1361 των,
2232 1306 2420 1350 contra
2444 1288 2792 1364 feneratore},
2822 1294 2915 1349 sed
2948 1293 3153 1349 Kollar.
3191 1294 3244 1348 in
3267 1304 3393 1349 nota
3408 1294 3653 1348 animad-

2076 1388 2241 1441 vertit
2261 1428 2277 1454 ,
2314 1386 2458 1440 illam
2487 1385 2624 1440 nihil
2672 1386 2815 1440 aliud
2845 1399 2987 1448 esse,
3021 1399 3084 1439 ac
3114 1383 3297 1439 Basilii
3332 1385 3609 1439 homiliam
3635 1423 3651 1448 ,

2078 1480 2236 1534 initio
2272 1479 2539 1543 mutilam,
2567 1479 2619 1532 in
2665 1488 2872 1549 partem
2903 1476 3097 1547 psalmi
3139 1493 3251 1541 χιχ,
3285 1487 3336 1532 et
3360 1488 3544 1532 contra
3575 1476 3651 1530 t‘e-

2079 1582 2360 1627 neratores
2396 1572 2449 1626 in
2483 1572 2570 1626 ed.
2599 1570 2767 1625 Garn.
2805 1580 2935 1625 tom.
2970 1567 3012 1636 Ι,
3042 1584 3163 1640 pag.
3200 1568 3322 1635 107,
3358 1569 3496 1624 Add.
3529 1567 3659 1622 Κοι-

2079 1665 2183 1722 lar.
2211 1672 2323 1719 not.
2358 1666 2425 1718 ad
2463 1662 2573 1717 vol.
2618 1662 2706 1729 III,
2752 1677 2877 1733 pag.
2906 1677 3016 1716 Lvn
3039 1700 3055 1727 ,
3102 1662 3168 1715 de
3198 1661 3319 1716 cod.
3356 1660 3447 1714 XI.
3483 1691 3551 1702 —
3578 1662 3658 1716 Ex

2082 1758 2199 1813 cod.
2230 1757 2452 1811 Patrum
2483 1754 2668 1810 Basilii
2714 1754 2961 1809 Romano
3008 1752 3282 1823 specimen
3316 1752 3499 1807 Basilii
3540 1768 3659 1808 ser-

2084 1849 2260 1903 monis
2308 1849 2363 1902 in
2408 1848 2699 1918 septimum
2748 1846 3015 1913 psalmum
3062 1844 3211 1901 dedit
3262 1843 3558 1899 Montl'auc.
3606 1846 3659 1900 in

2084 1941 2349 2011 Palwogr.
2378 1938 2497 2005 Gn,
2530 1956 2583 2010 p.
2619 1938 2748 1994 285.
2773 1934 3014 1992 —Idem
3059 1937 3114 1991 in
3158 1935 3301 1990 Bibl.
3342 1933 3562 1990 Coisliu.
3604 1954 3660 2005 p.

2084 2034 2185 2087 117
2217 2048 2325 2103 sq.,
2366 2032 2569 2102 aliquot
2598 2030 2781 2094 codd.,
2809 2029 3057 2083 homilias
3087 2036 3247 2097 atque
3275 2026 3535 2093 epistolas
3560 2024 3666 2078 Ba-

2084 2126 2191 2181 silii
2221 2124 2587 2189 continentes,
2628 2128 2900 2186 recenset,
2941 2119 2995 2174 in
3027 2118 3221 2189 quibus
3245 2118 3408 2171 etiam
3446 2125 3666 2172 exstant

2084 2216 2319 2273 homiliae
2338 2217 2394 2269 in
2419 2214 2663 2268 Psalmos
2692 2228 2710 2265 :
2746 2212 2800 2267 in
2827 2211 2950 2267 cod.
2973 2210 3138 2280 igitur
3168 2205 3375 2264 XLVIII
3408 2208 3661 2268 membr..

2085 2325 2213 2365 saec.
2238 2324 2295 2375 χ,
2321 2306 2574 2375 leguntur
2601 2306 2752 2361 hom.
2786 2303 3085 2369 sexdecim,
3110 2301 3310 2357 omissa
3340 2300 3577 2356 secunda
3610 2299 3667 2353 iu

2084 2400 2275 2471 psalm.
2306 2413 2497 2463 xxvm,
2524 2396 2761 2451 homiliaa
2793 2397 2849 2450 in
2884 2395 3075 2464 psalm.
3107 2407 3235 2458 χιχ,
3264 2408 3354 2447 th
3376 2400 3431 2447 et
3462 2406 3552 2446 th
3583 2390 3666 2446 bis

2087 2499 2406 2551 occurrunt.
2433 2519 2505 2533 —-—
2538 2490 2596 2544 In
2622 2488 2778 2545 codd.
2812 2485 2983 2543 XLIX
3018 2494 3071 2542 et
3100 2485 3143 2540 L
3190 2484 3463 2541 sexdecim
3495 2484 3667 2547 hom.,

2088 2586 2289 2640 omissa
2340 2582 2575 2638 secunda
2625 2581 2681 2634 in
2732 2578 2923 2649 psalm.
2965 2592 3162 2631 χχχιιι.
3214 2606 3288 2618 -
3324 2574 3562 2630 Venetiis
3613 2574 3669 2628 in

2088 2676 2222 2733 bibl.
2258 2675 2427 2732 Marc.
2476 2682 2622 2738 sunt,
2660 2681 2859 2741 praeter
2906 2669 3106 2724 multas
3141 2668 3276 2723 alias
3305 2668 3559 2723 bomilias
3600 2666 3669 2720 Ii-

2089 2770 2326 2837 hrosque
2358 2766 2567 2830 Basilii,
2608 2763 2767 2832 hujus
2794 2761 3028 2817 homilize
3057 2761 3110 2813 in
3151 2758 3400 2814 Psalmos
3431 2760 3484 2815 in
3510 2758 3669 2814 codd.

2090 2860 2221 2923 LIII,
2250 2859 2384 2923 LIV,
2421 2856 2533 2924 LV,
2560 2855 2697 2923 LVI,
2740 2853 2899 2908 DLIX
2933 2862 2990 2907 ct
3028 2852 3234 2922 DLXII,
3272 2860 3407 2908 teste
3438 2851 3673 2921 catalogi

2094 2961 2334 3015 auctore,
2370 2959 2476 3003 etc.
2508 2978 2573 2988 —
2602 2948 2743 3001 Edit.
2770 2946 2886 3003 Lat.
2909 2945 3211 3001 Romanam
3234 2944 3348 3016 jam
3375 2958 3539 3014 supra
3561 2958 3674 2997 me-

2095 3045 2443 3098 moravimus.

2170 3135 2223 3187 In
2248 3134 2486 3189 editione
2510 3131 2766 3193 Garner.,
2808 3143 2932 3199 pag.
2968 3126 3072 3181 207
3097 3142 3243 3197 sqq.,
3284 3134 3588 3199 sequuntur
3611 3124 3677 3179 ii—

2096 3228 2179 3282 bri
2214 3241 2247 3279 v
2278 3235 2463 3279 contra
2491 3223 2832 3287 Eunomium,
2874 3221 3119 3289 inscripti
3150 3219 3258 3273 Τοῦ
3286 3251 3355 3260 -
3385 3217 3675 3273 Βασιλείου

2093 3349 2167 3363 —
2204 3314 2605 3389 ἁνατρεπτικὺς
2653 3313 2747 3367 τοῦ
2801 3312 3201 3383 ἀπολογητικοῦ
3248 3312 3342 3365 τοῦ
3382 3308 3679 3373 δυσσεϐοῦς

2097 3410 2385 3480 Εὐνομίου.
2411 3440 2481 3450 -
2503 3407 2694 3462 Basilii
2727 3406 2847 3458 libri
2874 3405 3061 3475 quibus
3091 3404 3239 3474 impii
3268 3402 3522 3457 Eunomii
3556 3420 3680 3473 apo-

2099 3507 2348 3576 logcticus
2397 3503 2665 3557 evertitur.
2710 3502 2885 3570 Atque
2924 3500 3091 3555 Garn.
3121 3497 3176 3553 in
3212 3506 3342 3551 nota
3368 3504 3575 3563 monet,
3603 3503 3685 3549 tot

2099 3612 2219 3653 esse
2248 3596 2362 3650 fere
2413 3593 2599 3649 titulos
2623 3593 2801 3646 varios
2837 3601 2969 3660 quot
2994 3590 3179 3655 codd.,
3224 3602 3285 3643 se
3310 3594 3492 3643 autem
3528 3600 3684 3641 secu-

2103 3702 2211 3743 tum
2244 3704 2365 3742 esse
2394 3687 2482 3741 ed.
2506 3683 2694 3740 Venet.
2726 3694 2779 3739 et
2813 3684 3067 3738 meliores
3102 3680 3257 3735 codd.
3290 3710 3360 3720 —
3397 3679 3691 3749 Ἀντιῤῥη-

2101 3780 2251 3844 me;
2278 3779 2475 3849 legitur
2502 3778 2559 3833 in
2589 3778 2708 3831 cod.
2751 3776 2919 3846 Regio
2950 3776 3225 3837 secundo;
3276 3768 3697 3842 ἀντιρῤητικῶνη

2102 3872 2217 3940 λόγ.
2246 3876 2292 3922 α’
2326 3874 2377 3923 in
2413 3869 2534 3923 cod.
2576 3867 2908 3923 Colhertino.
2942 3897 3012 3908 --
3042 3864 3095 3917 In
3124 3863 3247 3918 edd.
3285 3876 3468 3931 super.
3506 3860 3683 3914 Paris.

2104 3975 2228 4020 sunt
2261 3964 2379 4017 libri
2408 3962 2480 4015 illi
2524 3962 2576 4015 in
2609 3970 2739 4014 tom.
2784 3960 2848 4021 Il,
2878 3968 3037 4028 atque
3066 3955 3346 4011 Fabricius
3375 3955 3428 4008 in
3460 3962 3571 4008 vet.
3595 3954 3685 4007 ed.

2107 4059 2282 4112 locum
2325 4056 2429 4109 illis
2458 4053 2756 4123 assignavit
2782 4053 3084 4116 septimum,
3129 4060 3182 4103 et
3203 4063 3267 4103 ea
3292 4062 3414 4118 qua:
3444 4060 3687 4116 sequun-

2109 4161 2213 4211 tur,
2257 4152 2321 4203 de
2356 4150 2459 4202 illis
2488 4148 2714 4201 notavit.
2744 4146 2913 4199 HABL.

2182 4241 2341 4315 [χιι]
2390 4240 2795 4311 Ἀντιῤῥητικὸς
2814 4237 2909 4290 τοῦ
2944 4234 3344 4308 ἀπολογητικοῦ
3372 4233 3468 4288 τοῦ
3497 4234 3690 4287 δυσσε-

2111 4334 2239 4398 ϐοῦς
2264 4332 2556 4403 Εὐνομίου,
2600 4332 2863 4385 Adversus
2914 4329 3214 4397 apologiam
3246 4327 3393 4396 impii
3441 4324 3691 4377 Eunomii

2112 4426 2517 4486 autirrhetieus,
2567 4421 2717 4474 libris
2751 4422 3000 4490 quinque,
3031 4428 3162 4472 tom.
3194 4417 3259 4480 II,
3287 4430 3409 4484 pag.
3447 4417 3498 4469 1.
3531 4413 3691 4483 Egre-

433 4519 674 4589 Liturgia
705 4524 949 4590 antiqua,
998 4522 1287 4591 Ilispanica
1315 4562 1329 4587 ,
1381 4522 1632 4589 Gothica,
1667 4525 1965 4579 Isidoriana
1987 4567 2002 4592 ,
2037 4531 2083 4589 ο
2112 4520 2227 4585 gius
2256 4517 2419 4569 libros
2453 4523 2610 4568 vocat
2646 4512 3003 4581 Hieronymus
3034 4526 3155 4577 cap.
3188 4506 3289 4562 116
3314 4504 3560 4571 Catalogi
3586 4543 3600 4567 ,
3636 4510 3693 4557 et

434 4609 794 4675 Mozarabica,
830 4614 1090 4665 'I‘oletaua
1129 4614 1309 4677 mista,
1349 4614 1617 4669 illustrata
1659 4616 1883 4685 adjectis
1915 4634 2010 4671 ve-

436 4703 595 4757 tustis
624 4705 991 4771 monimentis,
1034 4720 1156 4759 cum
1191 4706 1578 4770 auditionibus,
1612 4717 1717 4760 etc.
1756 4710 1852 4777 (a),
1877 4720 2007 4762 tom.

433 4793 500 4860 ll,
531 4810 584 4864 p.
618 4796 720 4849 155
748 4811 831 4865 sq.
862 4827 933 4838 —
958 4798 1187 4852 Codices
1211 4797 1261 4849 in
1292 4798 1632 4852 bibliothecis
1676 4812 1728 4852 ct
1753 4802 2013 4870 catalogis

435 4903 599 4958 supra
624 4892 959 4956 memoratis,
996 4892 1363 4959 reperiuntur.
1400 4890 1499 4945 llic
1550 4907 1845 4960 paucorum
1876 4896 2016 4949 dabo

439 4983 714 5036 notitiam.
741 4981 969 5036 Exstant
1001 4983 1164 5053 igitur
1198 4984 1301 5036 illae
1339 4984 1520 5036 homil.
1558 4984 1609 5037 in
1647 4983 1785 5037 XVII
1816 4986 2016 5040 codici-

435 5072 538 5127 bus
570 5073 699 5126 bibl.
732 5074 877 5142 publ.
911 5075 1088 5129 Paris.
1118 5103 1189 5116 —-
1221 5074 1546 5130 Vindobonm
1580 5077 1630 5129 in
1665 5078 1783 5131 cod.
1811 5079 2012 5133 (ἐπείη.

440 5162 662 5231 LXVII,
705 5168 797 5234 qui
851 5168 1147 5235 permultas
1180 5166 1383 5220 .Basilii
1420 5168 1671 5221 homilias
1705 5180 1866 5235 atque
1900 5170 2018 5238 epi-

441 5258 607 5313 stolas
652 5261 916 5324 continet,
962 5266 1307 5330 reperiuntur
1363 5278 1415 5314 n.
1460 5262 1496 5313 2
1526 5261 1761 5315 ΙΙΟΙΙΙῘΙῘὲῐΞ
1799 5278 1908 5315 χχιι
1959 5263 2016 5315 in

441 5350 633 5420 psalm.
694 5368 747 5416 I,
802 5368 899 5419 vn,
963 5353 1081 5407 duae
1136 5356 1189 5406 in
1229 5354 1420 5420 psalm.
1458 5368 1571 5415 xlv,
1602 5353 2018 5421 duminpsalm.

518 5530 592 5599 (a)
619 5532 694 5586 De
724 5533 828 5587 hoc
855 5546 1042 5601 opere,
1073 5533 1278 5595 Romre,
1313 5541 1441 5586 tom.
1475 5533 1512 5594 I,
1546 5532 1607 5595 II,
1641 5533 1776 5603 typis
1798 5540 1853 5585 et
1881 5546 2027 5585 sum-

450 5602 626 5667 ptibus
667 5604 889 5656 Hieron.
921 5604 1180 5655 Mainartli
1222 5604 1380 5664 1746,
1426 5606 1539 5667 IUL,
1574 5605 1741 5663 etlitu,
1774 5605 1920 5669 plura
1951 5603 2026 5649 le.-

449 5686 543 5734 gcs
568 5676 619 5725 in
662 5673 1061 5737 Batnngartenii
1101 5674 1409 5728 tVar/rric/tt.
1445 5693 1541 5727 von
1573 5672 1884 5727 merkwurd.
1922 5672 2028 5725 Ba-

448 5741 628 5807 chern,
659 5753 782 5796 tuin.
824 5742 885 5807 V,
910 5760 960 5809 p.
1000 5744 1103 5796 508
1130 5760 1248 5811 sqq.

526 5814 600 5879 (ὁ)
637 5813 1028 5879 I’hilostorgius
1075 5830 1195 5874 χιιι,
1230 5813 1329 5874 12,
1356 5817 1590 5881 quinque
1632 5813 1797 5866 libros
1847 5813 2027 5865 Euno~

453 5882 545 5938 mi:
580 5894 865 5951 memorat,
900 5886 1103 5954 aitque,
1131 5884 1382 5938 Basilium
1419 5886 1591 5952 primo
1623 5885 1756 5939 lecto
1784 5883 2023 5953 βαρυθυ-

2112 4606 2672 4676 Grazcusllieronymi
2725 4606 2995 4673 interpres
3028 4612 3190 4670 atque
3235 4598 3433 4653 Suidas
3480 4593 3693 4665 ἐξαιρέ-

2113 4720 2239 4766 τους
2273 4702 2485 4769 λόγους.
2538 4698 2751 4753 Laudat
2803 4697 2970 4752 etiam
3013 4695 3239 4769 Photius
3273 4691 3396 4745 cod.
3423 4703 3646 4743 cxxxvu
3679 4726 3694 4749 ,

2117 4810 2380 4861 cxxxvtn,
2404 4793 2491 4845 ubi
2516 4792 2763 4847 Eunomii
2788 4791 3003 4845 ἔκθεσιν
3028 4797 3081 4843 et
3106 4786 3172 4841 ad
3204 4782 3387 4838 Basilii
3417 4781 3583 4836 libros
3613 4795 3699 4835 re-

2119 4889 2488 4958 sponsionem,
2528 4888 2581 4940 in
2612 4896 2723 4941 tres
2763 4886 2837 4956 (b)
2872 4884 3182 4940 distinctam
3211 4880 3424 4948 λόγους,
3457 4877 3552 4933 sed
3578 4885 3701 4946 post

2123 4983 2267 5036 illius
2307 4990 2536 5035 mortem
2568 4980 2781 5033 demum
2821 4980 2873 5032 in
2903 4977 3091 5047 vulgus
3131 4975 3335 5039 datam,
3368 4985 3704 5027 commemo-

2125 5085 2228 5128 rat.
2268 5073 2345 5127 Ex
2378 5074 2462 5127 his
2486 5071 2669 5126 Basilii
2703 5071 2858 5125 libris
2902 5080 3013 5123 tres
3048 5067 3257 5139 priores
3308 5061 3702 5120 accuratiorem

2122 5174 2568 5233 argumentorum
2602 5162 2851 5216 Eunomii
2904 5159 3331 5215 confutationem
3382 5154 3702 5215 continent,

2126 5258 2324 5329 quibus
2355 5264 2583 5325 quartus
2618 5254 2811 5309 deinde
2834 5262 2886 5307 et
2912 5253 3135 5321 quintus
3168 5248 3333 5303 veluti
3368 5244 3703 5315 spicilegium

2130 5350 2398 5420 quoddam
2434 5348 2505 5419 (ε)
2541 5364 2569 5400 a
2618 5345 2819 5400 Basilio
2860 5344 3123 5413 adjuncti,
3172 5340 3545 5402 excutiendis,
3586 5351 3707 5406 quae

2140 5532 2393 5603 μήσαντα.
2422 5530 2600 5603 λιπεῖν
2625 5528 2879 5603 τὸνλβίον.
2917 5524 3069 5603 Quod
3105 5529 3438 5603 postremum
3484 5519 3708 5572 menda-

2135 5589 2214 5657 éu‘
2238 5605 2415 5672 arguit
2444 5602 2690 5665 Photius,
2727 5589 2842 5653 haec
2881 5589 3301 5672 cvl’hilostorgio
3335 5589 3598 5643 referens.

2210 5654 2283 5743 (ς)
2440 5654 2860 5743 ιιιιιΙίιιιηῖίμιειιιι
2888 5668 3058 5743 quod
3115 5654 3367 5743 Petavius
3427 5675 3548 5727 pag.
3578 5654 3710 5743 107

2138 5731 2327 5812 Πόρίη.
2367 5742 2523 5796 theol.
2562 5743 2627 5794 de
2656 5731 2756 5793 SS.
2811 5731 3075 5812 'I‘rinitate
3110 5752 3122 5787 :
3174 5731 3448 5812 _Nimirum
3485 5738 3710 5797 quartus

2136 5804 2384 5865 illevliber
2413 5824 2457 5865 et
2492 5814 2703 5881 quintus
2736 5808 3138 5862 tumultuariam
3164 5804 3399 5881 locorum
3423 5813 3709 5881 argumen-

2138 5896 2411 5954 torumque
2442 5872 2623 5938 silvam
2649 5892 2693 5934 ct
2728 5881 3000 5933 matorium
3036 5876 3262 5929 nondum
3286 5872 3510 5924 absoluti
3538 5872 3710 5936 operis
