4094 6220
459 392 600 435 sun

1809 364 2340 435 PROLEGOMENA.

460 499 602 554 forte
650 506 1014 565 superessent,
1072 496 1231 563 locis,
1287 497 1623 569 argumentis
1657 510 1720 553 ae
1757 495 2021 552 minutiis.
2050 486 2411 555 ALascarim
2458 482 2686 555 epistola
2736 482 2807 538 de
2856 479 3204 552 processione
3252 477 3485 550 Spiritus
3520 478 3698 534 sancti

456 589 642 661 Neque
670 591 812 645 enim
846 589 1116 645 assentior
1140 590 1228 656 iis,
1254 592 1343 660 qui
1373 592 1473 646 hos
1505 592 1663 646 binos
1689 590 2022 659 posteriores

459 679 661 737 Basilio
688 681 1022 749 abjudicant,
1047 680 1187 735 nulla
1217 692 1368 737 certa
1397 684 1606 738 ratione
1645 683 1778 737 nixi.
1820 680 1952 734 Nam
1971 688 2025 734 et

456 769 513 826 In
546 784 678 824 mss.
702 770 979 825 codicibus
1007 771 1417 839 quamplurimis
1448 773 1548 827 sub
1585 771 1767 825 Basilii
1811 770 2024 825 nomine

454 854 725 932 prioribus
750 863 849 916 sub
883 861 1035 917 tilqu
1066 863 1330 934 Ἀποριῶν
1352 862 1491 915 κατὰ
1515 862 1778 933 Εὐνομὶου
1799 861 1874 932 (a)
1898 862 2017 930 jun-

455 951 529 1007 cti
561 951 856 1017 habentur,
886 961 940 1007 et
977 967 1009 1007 a
1053 952 1258 1009 Graecis
1294 954 1392 1009 sub
1444 953 1629 1011 Basilii
1681 956 1897 1008 nomine
1947 953 2022 1023 ιι)

454 1045 762 1109 laudantur,
791 1060 1017 1114 quorum
1046 1048 1238 1102 merito
1266 1046 1386 1116 plus
1423 1061 1482 1101 se
1515 1047 1751 1101 tribuere
1784 1044 2025 1099 testimo-

453 1134 546 1190 nio
575 1135 651 1189 ait
683 1134 840 1190 Ricb.
894 1134 1103 1193 Simon.
1157 1140 1250 1192 lib.
1304 1154 1361 1193 ιιι
1418 1138 1561 1194 Hist.
1601 1139 1802 1192 critici:
1833 1135 1904 1194 N.
1934 1136 2018 1203 T.,

450 1240 576 1297 pag.
619 1227 748 1293 107,
787 1242 947 1298 quam
988 1229 1222 1295 Erasmi,
1254 1230 1387 1284 Abr.
1436 1229 1661 1285 Sculteti
1698 1238 1753 1285 et
1794 1229 2021 1283 aliorum

455 1319 812 1385 quorumdam
862 1322 1137 1387 censuris,
1198 1326 1387 1391 partim
1444 1322 1672 1377 ﬁrmiter
1723 1320 2022 1389 colligenti-

454 1407 555 1462 bus
595 1406 689 1479 (c).
729 1408 919 1466 Graece
947 1413 1177 1481 primum
1207 1414 1459 1482 prodiere
1489 1422 1596 1467 tres
1641 1413 1798 1484 primi
1837 1413 1890 1466 in
1910 1413 2021 1467 edi-

455 1497 600 1552 tione
637 1515 861 1569 operum
888 1503 1072 1558 Basilii
1101 1504 1302 1560 Veneta
1339 1506 1500 1570 1555,
1549 1506 1642 1560 fol.
1664 1548 1678 1573 ,
1710 1506 2023 1576 posteriori-

455 1589 555 1643 bus
605 1591 812 1647 duobus
847 1595 1043 1651 additis
1075 1596 1129 1650 in
1168 1597 1297 1652 edit.
1352 1597 1518 1653 Basil.
1567 1598 1699 1653 1551
1734 1638 1748 1660 .
1806 1613 1836 1653 a
1884 1597 2021 1653 Jano

452 1678 730 1736 Cornario.
770 1682 960 1741 Latine
990 1689 1150 1741 vertit
1173 1691 1454 1744 universos
1482 1689 1719 1759 quinque
1759 1689 2020 1760 Georgius

454 1768 876 1843 Trapezuntius,
902 1779 1054 1849 cujus
1084 1780 1460 1849 interpretatio
1494 1779 1705 1853 [multis
1740 1781 1862 1835 aliis
1884 1822 1899 1847 ,
1931 1782 2020 1849 ju-

453 1862 573 1918 dice
599 1863 763 1919 Garn.
797 1870 1172 1939 anteponenda
1195 1912 1211 1937 ,
1244 1871 1337 1941 et]
1380 1884 1593 1926 servata
1644 1872 1699 1926 in
1751 1871 2022 1941 plerisque

453 1946 665 2008 Latinis
702 1953 884 2010 Basilii
943 1958 1270 2013 editionibus
1302 1999 1315 2020 ,
1350 1968 1404 2013 et
1448 1959 1501 2013 in
1541 1967 1768 2027 utraque
1804 1957 2022 2013 Graeco-

451 2042 636 2098 Latioa
666 2042 956 2103 Parisiensi
977 2050 1075 2119 (d).
1097 2048 1358 2104 Nonnulla
1381 2051 1431 2103 in
1456 2050 1553 2103 hac
1570 2049 1817 2105 versione
1841 2064 2023 2119 repre-

452 2135 637 2189 hendit
686 2134 803 2194 Jac.
862 2138 1086 2203 Billius,
1128 2155 1246 2209 quae
1303 2140 1354 2193 in
1418 2140 1695 2194 l'ossevini
1749 2141 2021 2210 Apparatu

450 2235 676 2293 possunt
711 2228 899 2283 videri.
935 2230 1116 2300 Longe
1147 2231 1299 2301 plura
1336 2232 1561 2287 Ducreus
1593 2242 1648 2287 et
1681 2241 1809 2287 tom.
1842 2231 1884 2284 Il
1913 2231 2020 2285 Ba-

449 2317 561 2372 silii
594 2322 833 2374 recensiti
864 2322 1240 2377 Combelisius.
1269 2322 1388 2377 Jani
1422 2323 1668 2378 Cornarii
1702 2324 2022 2393 interpreta-

451 2409 528 2463 tio
576 2411 818 2479 quinque
867 2413 1123 2467 librorum
1184 2414 1380 2482 legitur
1437 2415 1490 2468 in
1540 2415 1775 2470 editione
1828 2415 2019 2469 Latina

450 2496 750 2555 Basileensi
790 2503 1049 2570 A.1552,
1077 2503 1171 2559 l’ol.
1214 2505 1456 2575 Denique
1491 2520 1612 2560 cum
1648 2506 1897 2560 versione
1924 2520 2018 2559 sua

451 2596 563 2643 tres
609 2597 663 2643 et
710 2600 962 2659 quartum
1005 2602 1247 2647 extrema
1297 2602 1450 2661 parte
1501 2600 1750 2646 truncum
1785 2591 2022 2661 vulgavit

452 2678 772 2737 Theodorus
804 2681 968 2750 Beza,
1000 2684 1270 2753 adjunctis
1314 2672 1596 2739 Athanasii
1633 2683 1855 2754 dialogis
1885 2699 1917 2737 v
1946 2683 2021 2737 De

453 2763 727 2834 Trinitate,
765 2774 1035 2828 Anastasii
1075 2784 1130 2829 et
1161 2774 1345 2845 Cyrilli
1392 2774 1754 2849 explicatione
1798 2774 1918 2829 ﬁdei
1968 2783 2023 2828 et

450 2858 767 2926 Phoebadio,
809 2863 968 2928 l570,
1009 2864 1083 2930 8°,
1117 2865 1256 2935 apud
1300 2864 1364 2918 ll.
1401 2864 1754 2933 Stephanum.
1789 2864 1845 2918 ln
1876 2863 2019 2917 tertii

453 2952 574 3006 libri
605 2954 827 3009 exordio
874 2954 1075 3021 locum,
1112 2972 1142 3009 a
1182 2956 1388 3011 Grteeis
1439 2965 1777 3024 corruptum,
1817 2954 2020 3008 notavit

450 3042 774 3101 Possevinus
822 3044 1158 3099 Bibliotheca:
1213 3046 1415 3100 selectte
1452 3063 1529 3111 vr,
1567 3047 1655 3110 16,
1691 3055 1745 3101 et
1789 3046 2020 3099 Allatius

452 3133 527 3186 De
571 3138 897 3204 processione
946 3136 1174 3204 Spiritus
1225 3140 1431 3203 sancti,
1481 3139 1656 3206 capite
1699 3137 1787 3201 20,
1827 3153 1882 3207 p.
1916 3137 2019 3191 114

450 3242 566 3293 seq.
618 3227 817 3282 Confer
865 3227 1087 3283 Joannis
1137 3229 1296 3283 Vecci
1344 3230 1519 3298 capita
1566 3230 1632 3282 de
1675 3229 2015 3294 processione

449 3315 684 3388 Spiritus
717 3320 892 3375 sancti
940 3322 993 3375 in
1027 3329 1167 3375 tomo
1193 3321 1210 3374 I
1238 3320 1456 3375 Grazcitz
1485 3322 1789 3375 orthodoxa:
1814 3321 2016 3389 Allatii,

450 3427 505 3479 p.
555 3410 661 3466 225
708 3428 825 3479 seq.
874 3414 1038 3471 Faen.
1070 3446 1139 3455 —-
1185 3417 1432 3486 Quinque
1475 3417 1595 3470 libri
1648 3426 1772 3471 sunt
1809 3417 1863 3471 in
1899 3418 2019 3474 cod.

452 3499 684 3558 Vindob.
734 3505 929 3561 Cmsar.
967 3506 1147 3570 LXIII,
1191 3524 1250 3574 ll,
1300 3509 1354 3574 5,
1406 3517 1461 3563 et
1511 3507 1841 3573 LXXXVIII,
1888 3525 1944 3564 ιι.
1987 3510 2023 3563 2

451 3590 730 3663 (Lambcc.
780 3596 869 3663 lll,
913 3613 967 3665 p.
1014 3598 1119 3653 290
1164 3609 1219 3654 et
1269 3599 1417 3669 475).
1451 3629 1516 3639 -
1556 3599 1611 3653 In
1657 3597 1763 3652 vol.
1798 3597 1862 3664 ν,
1899 3599 2021 3653 cod.

451 3682 698 3753 CCLVll,
734 3704 789 3744 ιι.
832 3687 887 3753 8,
927 3700 1007 3745 est
1057 3690 1349 3744 cardinalis
1400 3689 1739 3745 Bessarionis
1769 3690 1833 3743 ad
1868 3688 2021 3744 Alex.

454 3820 739 3895 continent.
772 3821 890 3887 Quo
919 3824 1093 3877 minus
1124 3824 1498 3877 admirandum
1533 3833 1643 3887 est,
1676 3825 1926 3895 rqttatdam
1954 3825 2028 3878 ibi

454 3906 564 3965 esse
595 3890 771 3965 aliter,
801 3902 956 3965 atque
986 3895 1041 3946 in
1083 3895 1288 3947 ctrteris
1325 3895 1592 3949 meditatis
1636 3890 2028 3965 elaboratisque

453 3961 665 4027 scriptis
700 3960 765 4013 ab
797 3960 978 4015 eodeni
1004 3971 1220 4014 auctore
1248 3965 1481 4028 prodita.

525 4029 600 4099 (a)
621 4029 761 4100 Vide
792 4031 1104 4086 Combeﬁsii
1147 4030 1408 4085 Basiliam
1438 4033 1771 4099 recensitum,
1802 4041 1931 4089 tom.
1961 4032 2029 4100 Il,

455 4098 886 4246 pafliiglzuczeum
916 4168 968 4222 in
992 4167 1179 4225 limine
1204 4179 1384 4226 notar.
1418 4171 1486 4225 ad
1527 4170 1623 4227 lib.
1656 4189 1671 4226 ι
1703 4182 1887 4226 contra
1915 4172 2026 4225 Eu-

455 4252 770 4389 {miti-iub?“
802 4305 854 4359 in
883 4306 1139 4389 praeit-ad
1160 4309 1246 4389 ed.
1266 4308 1425 4377 paulo
1442 4318 1564 4377 post
1594 4310 1888 4376 laudatam,
1916 4319 2026 4389 tres

458 4382 666 4429 tantum
717 4390 838 4430 esse
892 4376 1078 4431 Basilii
1133 4376 1464 4443 arbitratur,
1522 4391 1900 4445 cumtamen,
1935 4382 2026 4448 qui

456 4456 1055 4544 numeratur,
1089 4457 1153 4527 ιιι⁸
1175 4450 1395 4544 ιιιίιιξειθ
1430 4449 1704 4544 inutilem,
1736 4451 2019 4544 adjuns‘it;
2051 4484 2100 4544 Β

456 4515 704 4585 quintum
732 4529 861 4585 vero
888 4517 1250 4585 pratermisit.
1279 4518 1344 4573 IV
1376 4531 1552 4573 autem
1583 4515 2017 4585 Griecos’edidit,

458 4584 516 4665 ut
538 4586 631 4649 ait,
671 4584 862 4648 multo,
890 4584 1366 4665 ’quam_ante_hac,
1396 4591 1813 4665 emendatiores.
1845 4619 1914 4631 —
1946 4584 2021 4665 De

459 4652 554 4708 illa
587 4669 718 4708 vero
749 4652 1454 4729 controversiamultus'est
1477 4658 1724 4729 Garnier.
1761 4661 1811 4711 in
1842 4661 2017 4729 prmf.,

460 4734 582 4797 pag.
618 4738 748 4778 Lxm
768 4740 893 4797 sqq.
917 4725 943 4795 §
966 4724 1056 4797 XI,
1082 4726 1171 4781 ubi
1201 4728 1267 4782 de
1302 4728 1519 4782 lihrisin
1543 4724 1864 4782 Eunomium
1887 4724 2015 4797 agit.

460 4792 733 4868 Erasmus
766 4792 938 4868 igitur
968 4796 1163 4865 aliique
1189 4808 1403 4868 negant,
1444 4799 1577 4853 duos
1604 4792 2021 4868 posteriores—li-

458 4861 586 4945 hros
630 4877 660 4945 a_
697 4861 897 4944 Basilio
928 4861 1402 4945 esse_'pro_le_c'tos:
1445 4861 1616 4945 alque'
1656 4870 2017 4945 antiquiorum

461 4931 627 5006 fuisse
645 4932 922 5006 homin_um
948 4935 1071 4988 illud
1091 4931 1372 5003 indit-ium,
1391 4936 1471 4990 vel
1492 4931 1555 4995 e'x
1580 4953 1644 4991 eo
1664 4931 1829 5006 patet,
1853 4940 2015 5006 quod,

458 5000 779 5087 observante
807 5003 1033 5087 G-aIrner.
1072 5000 1126 5059 iit
1147 5006 1335 5087 quinto
1361 5000 1506 5070 cod.,
1539 5000 1888 5087 olimlltegio',
1920 5000 2015 5063 Gr.

462 5085 620 5150 manu
653 5074 822 5150 initio"
845 5074 963 5150 libri
992 5074 1181 5150 quarti
1225 5085 1464 5150 notatum
1495 5087 1597 5139 est,
1633 5078 1767 5131 alios
1786 5074 2015 5145 'negare,

462 5139 609 5194 illum
637 5155 755 5195 esse
791 5142 848 5197 S.
883 5139 1065 5197 Basilii
1092 5161 1106 5207 ;
1144 5147 1236 5199 sed
1272 5157 1445 5200 tamen
1476 5162 1596 5200 eum
1627 5162 1730 5199 non
1762 5139 2016 5201 condam;

463 5225 611 5290 nare,
643 5212 800 5290 quasi
827 5213 1042 5290 absurdi
1081 5213 1601 5290 aliquidcoutineat.
1642 5215 1804 5290 Atqui
1847 5216 2013 5290 Garn.

465 5278 688 5355 ἱΙΙοιίιιιιιΔ
721 5280 1028 5355 subscribit
1056 5278 1359 5349 sententiae,
1393 5287 1530 5353 quod
1559 5278 1763 5355 (tunltis
1793 5288 1842 5339 in
1881 5288 2017 5339 hanc

461 5350 779 5425 sententiain
799 5353 1097 5425 exemplis
1129 5350 1577 5425 argutnenlisque‘
1623 5354 1741 5408 aliis
1773 5355 2015 5424 prolatis)

465 5420 880 5493 verba,_dictio,
917 5420 1131 5491 phrasis
1162 5420 1448 5492 oiuniaque
1480 5420 1887 5493 peregrinitatis
1919 5420 2016 5479 nec

465 5486 671 5567 subacti
692 5489 878 5567 judicii
904 5486 1082 5567 notam
1120 5508 1228 5557 prae
1256 5509 1314 5549 se
1345 5486 2017 5567 ferant,et'BasiliusAase

464 5559 581 5637 ipso
608 5559 893 5637 dissentire
924 5562 1168 5637 videatur
1196 5581 1210 5618 :
1242 5571 1353 5637 tum
1379 5566 1501 5631 quia
1534 5565 1617 5637 isti
1647 5566 1751 5637 duo
1774 5564 1903 5637 libri
1925 5565 2017 5637 de—

466 5616 576 5707 sint
607 5627 778 5707 in__ed.
814 5638 918 5681 vet.
958 5616 1242 5707 Veneta,et
1269 5633 1320 5707 i_n
1352 5616 1783 5707 nonnulliscod:
1804 5616 1907 5707 Sed
1934 5616 2015 5707 le:

467 5702 567 5775 gat.
586 5698 744 5750 velim
776 5707 935 5765 atque
972 5703 1243 5775 examinet
1268 5701 1449 5757 Basilii
1481 5705 1706 5773 cupidus
1746 5703 2013 5775 Garnierii

470 5771 637 5833 ipsius
670 5779 996 5838 argumenta,
1029 5771 1270 5838 speciose
1299 5771 1565 5843 docteque
1579 5775 1840 5843 exposita.
1876 5774 2009 5828 Add.

2101 596 2104 599 '
2129 583 2296 655 (edita
2336 594 2365 634 a
2405 578 2567 635 Petro
2591 575 2828 631 Arcadio
2858 574 2952 629 Gr.
2984 588 3106 628 cum
3136 571 3335 642 duplici
3362 572 3695 640 interpreta-

2129 675 2276 729 tione
2305 672 2423 727 Lat.
2469 684 2592 724 cum
2625 666 2902 737 opusculis
2940 664 3253 735 theologicis
3293 664 3437 719 circa
3479 677 3697 731 proces-

2125 768 2333 822 sionem
2378 762 2613 833 Spiritus
2649 758 2823 813 sancti
2871 755 3124 825 Romae);
3187 755 3327 824 quod
3376 755 3692 823 opusculum

2126 857 2331 913 Kollar.
2365 856 2430 908 ad
2463 852 2652 908 Lamb.
2697 849 2921 912 Comm.,
2956 846 3021 913 V,
3050 862 3104 915 p.
3128 847 3252 913 567,
3296 846 3547 907 miratur,
3584 858 3691 898 non

2128 948 2431 1005 consultum
2484 944 2650 997 fuisse
2694 957 2722 994 a
2758 940 3042 1003 Garnerio,
3077 937 3142 992 ad
3188 936 3563 1007 corrigendum
3613 935 3694 990 lo-

2125 1056 2245 1093 cum
2279 1038 2330 1092 in
2364 1036 2529 1091 Basil.
2561 1034 2763 1088 Contra
2807 1032 3126 1086 Eunomium
3172 1030 3310 1083 libro
3350 1046 3434 1093 nr,
3467 1045 3518 1097 p.
3560 1027 3688 1092 277,

2124 1129 2393 1200 ἀξιώματι
2432 1127 2529 1198 μὲν
2558 1125 2687 1194 γάρ,
2730 1134 2862 1187 elc.,
2893 1138 3053 1194 quem
3093 1121 3294 1176 Kollar.
3330 1120 3606 1174 contendit
3636 1120 3690 1172 in

2124 1219 2512 1277 recentioribus
2532 1218 2690 1273 codd.
2712 1232 2741 1271 a
2764 1211 3358 1271 Graecis-schismaticis
3379 1211 3541 1265 fuisse
3569 1224 3691 1262 cor-

2123 1321 2364 1381 ruptum,
2392 1319 2448 1364 et
2482 1307 2631 1378 plura
2671 1307 2727 1361 in
2770 1307 2911 1359 hanc
2947 1318 3061 1357 rem
3098 1303 3358 1370 disputat.
3386 1328 3455 1339 —
3482 1297 3537 1351 lo
3566 1298 3686 1353 cod.

2122 1400 2306 1465 XCIX,
2343 1418 2397 1454 ιι.
2431 1400 2483 1461 4,
2520 1406 2648 1453 sunt
2693 1399 2798 1451 duo
2846 1395 3146 1464 fragmenta
3180 1407 3247 1446 ex
3277 1406 3441 1458 opere
3485 1391 3686 1443 advers.

2122 1494 2443 1547 Eunomium
2474 1491 2595 1544 lihri
2622 1504 2677 1546 ν.
2705 1488 2743 1542 V
2774 1486 2978 1541 Kollar.
3010 1486 3070 1538 in.
3093 1482 3365 1550 Supplem.
3402 1480 3467 1534 ad
3498 1479 3685 1533 Lamb.

2120 1586 2346 1648 Comm.,
2387 1600 2442 1653 p.
2482 1583 2606 1637 624.
2639 1612 2709 1621 -
2744 1580 2800 1634 In
2852 1577 2974 1631 cod.
3017 1573 3109 1629 Xll
3138 1571 3440 1640 Mosquensi
3490 1568 3685 1639 fragm.

2120 1694 2183 1733 ex
2224 1677 2404 1733 Basilii
2438 1676 2593 1730 tertio
2624 1674 2760 1728 libro
2777 1669 3143 1725 Antirrhet.ex
3170 1679 3332 1733 opere
3360 1663 3424 1715 ad
3452 1660 3684 1729 Amphil.

2120 1781 2173 1825 et
2196 1785 2285 1839 op.
2329 1769 2579 1822 adversus
2613 1764 2949 1825 Eunomium,
2969 1770 3075 1814 etc.
3100 1756 3234 1811 Vide
3256 1754 3488 1809 Matthaai
3514 1751 3681 1805 Notit.

2123 1864 2239 1917 cod.
2287 1860 2609 1930 Masquens.,
2649 1873 2702 1923 p.
2748 1856 2840 1909 21.
2880 1883 2950 1894 -
2987 1852 3041 1905 In
3091 1851 3211 1905 cod.
3251 1848 3476 1903 Coislin.
3522 1843 3684 1907 CXX,

2124 1952 2217 2008 fol.
2254 1953 2287 2007 6
2317 1967 2384 2006 ex
2417 1951 2557 2004 libro
2594 1959 2774 2003 contra
2802 1944 3120 1998 Eunomittm
3148 1944 3213 1994 de
3244 1939 3521 1992 Trinitate.
3555 1935 3686 1989 Vide

2122 2042 2416 2099 Montfauc.
2445 2039 2584 2095 Bibl.
2618 2037 2864 2102 Coistin.,
2897 2050 2949 2104 p.
2984 2032 3110 2097 195,
3137 2041 3298 2098 atque
3327 2028 3453 2082 alihi
3487 2027 3539 2080 in
3568 2025 3685 2078 aliis

2121 2140 2241 2193 cod.
2276 2151 2412 2191 mss.
2444 2163 2515 2173 —-
2544 2132 2601 2185 lu
2649 2129 2814 2184 Henr.
2862 2125 3061 2181 Canisii
3096 2122 3327 2176 Lection.
3384 2121 3546 2187 antiq.
3597 2124 3689 2169 aut

2129 2228 2398 2284 Thesauro
2425 2231 2877 2278 monumentorum
2904 2219 3083 2271 eccles.
3112 2225 3160 2268 et
3181 2214 3390 2277 histum,
3415 2225 3543 2264 cura
3568 2207 3684 2262 Jac.

2123 2320 2387 2384 Basuage,
2426 2325 2555 2370 tom.
2606 2314 2649 2377 l,
2697 2329 2750 2366 ιι.
2791 2310 2845 2371 6,
2882 2324 2935 2378 p.
2973 2308 3075 2362 169
3126 2321 3265 2375 seq.,
3312 2312 3437 2358 sunt
3477 2300 3685 2365 Latine,

2121 2410 2304 2465 Basilii
2348 2408 2416 2462 M.
2450 2406 2702 2460 Rationes
2752 2402 3085 2474 syllogisticaz
3114 2408 3298 2453 contra
3326 2398 3573 2460 Arianos,
3607 2394 3685 2446 in—

2120 2514 2290 2573 terpr.
2317 2503 2410 2559 Fr.
2447 2502 2735 2563 Turriano,
2770 2509 2825 2554 et
2853 2495 3111 2567 particula
3135 2493 3313 2564 operis
3345 2490 3539 2545 Contra
3571 2485 3684 2539 Ert-

2122 2596 2395 2660 nomium,
2445 2594 2587 2663 quod
2634 2590 2931 2662 ingenitum
2989 2602 3093 2642 non
3149 2584 3544 2643 substantiam,
3594 2577 3687 2632 sed

2121 2685 2375 2756 ὓπαρξιν,
2408 2686 2457 2739 id
2481 2693 2565 2741 est
2616 2682 3013 2743 exsistentiam,
3046 2677 3305 2732 declaret.
3359 2674 3685 2740 Sequuntur,

2122 2794 2176 2849 p.
2204 2778 2309 2832 225
2335 2792 2451 2847 seq.
2483 2775 2796 2844 appendicis
2844 2773 2964 2828 loco
3002 2785 3165 2839 opera
3196 2767 3464 2838 quaedam,
3492 2764 3687 2818 Basilio

2128 2885 2411 2941 perperam
2440 2869 2700 2937 ascripta,
2729 2867 2982 2934 adjuncto
3014 2861 3258 2917 Eunomii
3295 2873 3475 2927 opere.

2193 2961 2247 3015 1.
2289 2959 2417 3015 Duze
2460 2959 2695 3013 homiliar
2749 2958 2823 3011 De
2869 2956 3074 3026 api/icio
3101 2952 3345 3019 hominis
3385 2959 3438 3002 et
3476 2961 3578 3002 una
3618 2945 3689 3001 De

2119 3055 2386 3125 paradiso,
2416 3068 2469 3121 p.
2500 3053 2604 3106 525
2630 3067 2769 3122 seq.,
2803 3052 2869 3105 de
2915 3050 3111 3119 quibus
3138 3048 3251 3118 jam
3292 3051 3450 3099 antea
3476 3043 3541 3097 ad
3566 3056 3619 3095 ιι.
3656 3040 3682 3092 1

2122 3146 2460 3201 homiliarum
2496 3144 2702 3213 egimus
2738 3142 2972 3197 uberius.

2191 3232 2248 3289 2.
2290 3232 2534 3287 Homiliae
2580 3231 2635 3285 in
2684 3230 2821 3298 psal.
2870 3246 2986 3292 xlv,
3021 3245 3217 3294 xxvnr,
3270 3244 3453 3284 xxxvii
3485 3235 3537 3281 et
3565 3240 3686 3289 cxv,

2123 3338 2245 3393 pag.
2307 3322 2413 3377 552
2462 3337 2603 3392 seq.,
2652 3321 2721 3377 de
2781 3321 2975 3391 quibus
3026 3335 3080 3373 v.
3126 3319 3375 3376 Garnier.
3428 3318 3478 3371 in
3530 3314 3686 3370 Praei.

2112 3422 2437 3485 'pag.xxxv.

2194 3507 2249 3561 '5.
2322 3503 2740 3559 Commentarios
2824 3503 3174 3572 imperfectus
3254 3503 3312 3556 in
3388 3500 3690 3569 prophetam

2125 3598 2349 3652 Isaiam.
2390 3598 2691 3666 Antequam
2743 3595 2807 3650 de
2852 3595 2943 3649 illo
2977 3596 3129 3664 plura
3170 3594 3441 3658 adnotem,
3472 3606 3533 3645 ea
3573 3605 3692 3660 quae

2126 3690 2342 3746 Fabric.
2376 3690 2488 3762 (ubi
2524 3699 2610 3744 est
2642 3706 2698 3743 ιι.
2735 3689 2789 3759 6)
2821 3691 3059 3759 scripsit,
3087 3689 3174 3742 hic
3202 3702 3418 3756 ponam.
3448 3685 3619 3741 ΗΑιιι..

2128 3824 2396 3879 Garnierii
2430 3825 2717 3888 monitum,
2773 3824 2926 3878 libris
2956 3824 3062 3878 illis
3112 3822 3410 3892 prrolixom,
3440 3837 3562 3889 pag.
3585 3820 3692 3878 205

2128 3910 2240 3961 sq..
2268 3905 2319 3947 et
2345 3892 2677 3948 Srhroeckh.
2709 3895 2744 3948 Ι.
2782 3910 2856 3959 c.,
2892 3895 2978 3956 qui
3016 3909 3137 3963 pag.
3173 3893 3238 3946 57
3269 3907 3387 3959 sqq.
3426 3907 3688 3963 somnioin

2129 3959 2275 4017 dedit
2304 3964 2584 4027 librorum,
2614 3973 2667 4017 et
2697 3979 2818 4030 pag.
2857 3964 2922 4017 57
2967 3959 3441 4031 εᾲιιξροιιιρνοιιειι
3473 3959 3693 4015 Garnie-

2132 4034 2194 4087 rii
2220 4033 2504 4098 judicium,
2532 4033 2896 4102 librarumque
2927 4033 3150 4102 istorum
3179 4033 3405 4102 duorum
3438 4031 3691 4102 condetu-

2130 4105 2426 4155 nationem.
2464 4104 2713 4156 Altamen
2757 4099 2952 4169 printer
3003 4100 3208 4156 Sitnon.
3252 4101 3509 4164 aIIOStllle.
3535 4115 3561 4150 τι
3595 4099 3693 4152 Fa-

2135 4173 2307 4225 bricio
2353 4173 2548 4225 citato-2
2576 4171 2685 4225 ιν.
2730 4173 2837 4229 DD.
2887 4174 3046 4225 etiam
3085 4171 3459 4229 Bellarminus,
3489 4169 3692 4223 Fronto

2134 4242 2385 4304 Dnczeus,
2416 4240 2807 4306 Comhelisius,
2843 4242 3236 4301 Tillemonlius,
3278 4241 3355 4292 Dn
3393 4240 3523 4303 Pin,
3559 4249 3695 4304 etc.,

2133 4310 2389 4363 Basilium
2429 4311 2663 4378 quinque
2689 4313 2945 4366 librorum
2969 4320 3240 4364 attctorem
3274 4309 3498 4378 faciunt,
3528 4321 3693 4375 atque

2134 4380 2186 4432 in
2218 4376 2781 4434 concilioFIorenIino
2829 4392 2887 4434 ut
2926 4396 2955 4434 a
3013 4380 3241 4443 Latinis,
3285 4379 3354 4430 ita
3388 4394 3415 4429 a
3445 4376 3645 4431 Grzrcis
3670 4418 3687 4444 ,

2134 4449 2314 4503 Basilii
2347 4452 2562 4504 nomine
2592 4452 2792 4517 pariter
2821 4453 3074 4504 cit:mtur.
3106 4450 3213 4503 Nec
3251 4448 3443 4501 desunt
3474 4448 3689 4501 codices

2127 4522 2208 4589 (ut
2253 4521 2318 4589 ad
2355 4520 2511 4572 linem
2548 4520 2707 4583 hujus
2763 4521 3017 4574 sectionis
3047 4519 3371 4589 nctahimus)
3400 4518 3460 4589 in!
3494 4517 3691 4583 quibus

2122 4587 2222 4642 sub
2255 4588 2435 4642 Basilii
2471 4589 2684 4642 nomine
2714 4590 2817 4641 duo
2852 4590 2923 4642 illi
2956 4590 3075 4641 libri
3111 4588 3377 4657 prioribus
3400 4587 3690 4657 adduntur.

2121 4660 2299 4727 Atque
2327 4658 2595 4712 Kollarius
2616 4660 2681 4713 ad
2707 4659 2975 4712 Lamberii
3004 4655 3292 4712 Comment.
3317 4656 3400 4719 Ill,
3427 4655 3691 4722 pag.%9,

2124 4741 2241 4782 not.
2284 4728 2385 4789 B.,
2422 4728 2646 4781 Simonii
2695 4744 2756 4781 ae
2793 4728 3027 4781 Fabricii
3076 4727 3397 4781 sententiam
3445 4728 3687 4790 adoptat.

2121 4799 2191 4850 At
2224 4800 2363 4850 enim
2395 4797 2639 4851 Garnieri
2672 4814 2733 4851 ac
2770 4797 3087 4851 SchrOekhii
3122 4803 3459 4864 argumenta,
3495 4796 3696 4862 quibus

2120 4868 2303 4990 ἶὶιθεία
2358 4867 2571 4920 illorum
2620 4868 3061 4932 demonstratur,
3115 4867 3360 4937 graviora
3419 4865 3689 4918 videntur.

2170 4953 2289 4990 Αιιι..

2146 4938 2289 4990 lane.

2192 5010 2270 5075 (ά)
2304 5005 2519 5060 Tertius
2558 5004 2729 5070 liber,
2789 5005 2843 5059 in
2887 5021 2995 5071 quo
3047 5004 3335 5059 disseritur
3376 5004 3440 5057 de
3487 5002 3690 5072 Spiritu

2119 5088 2307 5131 sancto
2342 5092 2405 5128 ex
2440 5076 2889 5143 interpretatione
2914 5077 3127 5141 Georgii
3158 5075 3509 5141 Trapeznnt..
3541 5088 3694 5138 rvpe—

2120 5148 2259 5198 ritur
2285 5147 2572 5215 quoquein
2602 5146 2925 5199 collectione
2958 5146 3332 5215 Conciliorum,
3369 5143 3507 5215 facta
3536 5159 3562 5193 a
3587 5143 3691 5215 Pc-

2121 5223 2203 5267 tro
2225 5211 2459 5278 Crabbe,
2498 5214 2784 5279 Minor-ita,
2830 5215 3022 5269 Colon.
3070 5214 3208 5280 apud
3252 5212 3395 5265 I’ctr.
3438 5211 3689 5277 ()uentel,

2120 5284 2280 5347 1558,
2337 5284 2429 5337 fol.
2457 5325 2471 5347 ,
2510 5299 2562 5352 p.
2597 5283 2724 5346 810,
2760 5294 2814 5338 et
2850 5285 3035 5337 Romae
3075 5299 3170 5351 per
3207 5282 3407 5335 Anton.
3447 5281 3688 5352 Bladum.

2118 5355 2282 5417 1526,
2318 5354 2432 5417 fol.,
2459 5351 2522 5407 in,
2550 5356 2794 5423 actisque
2830 5354 3043 5406 concilii
3080 5352 3425 5423 (ιξςιιιιιιιιιίςίΞ
3454 5353 3557 5423 sub
3587 5351 3695 5403 Ert-

2156 5428 2243 5477 eni
2266 5423 2359 5477 illl
2384 5420 2718 5493 congregati,
2756 5432 2890 5477 teste
2918 5426 3104 5493 Apost.
3135 5420 3280 5493 Zeno
3309 5422 3370 5493 in;
3393 5420 3685 5493 Dissertas.

2174 5499 2397 5552 ossiane.
2438 5491 2568 5546 toin.
2602 5493 2666 5557 ll,
2700 5508 2820 5560 pag.
2853 5494 2908 5551 9.
2956 5509 3011 5544 ιι.
3046 5491 3099 5543 6.
3141 5520 3212 5531 ——
3248 5491 3631 5560 Antirrlteticits
3656 5504 3690 5542 a

2117 5562 2348 5633 Georgio
2376 5556 2744 5629 Trapezuntio
2771 5556 2965 5633 Latine
2991 5575 3203 5633 versus,
3248 5556 3693 5633 praemissajfoj-

2115 5625 2346 5687 sar-iouis
2379 5625 2629 5698 epistola,
2679 5633 2733 5686 in
2769 5633 2890 5686 cod.
2929 5630 3047 5685 Lat.
3095 5625 3302 5684 Veneto
3331 5629 3495 5686 Mare.
3522 5625 3680 5682 XLV.

2117 5702 2251 5759 Vide
2274 5711 2381 5759 cat.
2415 5699 2594 5759 Latin.
2623 5702 2807 5769 codd.,
2837 5717 2958 5772 pag.
2997 5700 3086 5755 25.
3115 5699 3280 5755 Πλιιι..
