4094 6220
1675 306 1956 361 NOTITIA
1996 308 2087 361 EX
2128 308 2471 366 FABRICIO.

3528 323 3684 365 CLLIII

506 422 647 500 [VL]
698 423 1013 497 Ἑρμηνεια,
1047 424 1163 479 sive
1216 425 1299 494 (ut
1333 425 1473 481 alius
1526 426 1692 482 codex
1738 428 2006 499 Combef.)
2039 434 2081 491 Α
2112 431 2244 484 nihil
2283 432 2543 487 contrarii
2578 434 2642 485 de
2671 430 2996 502 Pythonissa
3028 431 3267 487 Endorea
3301 433 3558 488 al'lirmari
3595 435 3681 497 iis,

447 519 736 591 Ἐξήγησις
756 520 808 571 in
834 532 919 571 xvi
955 517 1125 586 prima
1152 518 1327 581 capita
1361 516 1522 572 Isaiae
1553 519 1841 587 prophetae.
1879 520 2012 574 Ver-

437 622 550 667 tere
583 612 746 679 capit
775 610 1059 672 Erasmus,
1096 610 1188 663 sed
1234 623 1337 663 non
1389 624 1707 679 progressus
1744 621 1829 667 est
1873 612 2013 667 ultra

433 706 775 775 prommium.
814 702 976 757 Basil.
1014 702 1168 762 1510.
1203 701 1280 755 4ο.
1311 702 1515 758 Cmtera
1554 719 1585 756 a
1614 704 1870 759 Godl‘rido
1900 704 2011 758 Til-

433 808 651 856 manuo,
699 791 873 846 Paris.
926 790 1088 854 1556,
1140 790 1232 848 ιυι.
1289 792 1548 845 translata
1605 802 1766 859 sunt,
1814 794 1904 863 qui
1954 795 2007 848 in

432 885 675 955 apologis
714 883 991 953 praemissa
1043 884 1143 937 hoc
1184 898 1318 953 opus
1359 883 1620 938 adversus
1660 884 1870 939 Erasmi
1908 885 2009 939 du-

431 978 726 1032 bitationes
761 975 964 1030 Basilio
1017 975 1256 1030 vindicat
1304 976 1626 1030 testimoniis
1668 976 1725 1030 S.
1766 977 2007 1041 Maximi,

432 1070 731 1135 Simeouis,
758 1067 1157 1135 Metaphrastae,
1188 1068 1400 1121 Antonii
1431 1067 1662 1122 Melissae
1691 1077 1748 1121 et
1786 1067 2008 1123 Joannis

434 1160 771 1215 Damasceni.
803 1159 1007 1214 Confer
1049 1158 1361 1212 Micliaelem
1394 1159 1442 1213 le
1474 1158 1643 1224 Quieti
1680 1161 1731 1212 in
1776 1161 1916 1213 notis
1942 1160 2009 1213 ad

432 1253 849 1317 Damascenum,
883 1261 1013 1307 tom.
1034 1250 1075 1313 l,
1107 1265 1159 1319 p.
1188 1250 1315 1316 366,
1339 1260 1393 1306 et
1423 1250 1666 1306 Natalem
1694 1252 1845 1305 Alex.
1877 1267 2003 1306 saec.

431 1358 508 1405 tv,
540 1356 594 1411 ιι.
632 1342 756 1403 NO.
786 1343 875 1410 qui
912 1339 1106 1394 Tarisii
1138 1341 1602 1411 Constantinopol.
1638 1340 2003 1395 testimonium

432 1434 582 1487 addit
606 1442 766 1500 atque
792 1432 1107 1487 ()Ecumenii
1139 1431 1223 1502 [et
1243 1431 1410 1487 Garn.
1441 1448 1491 1502 p.
1520 1432 1646 1498 577,
1675 1433 1726 1485 in
1754 1429 2004 1502 Manilo];

433 1534 617 1578 tamen
649 1522 887 1579 Joannes
928 1524 1343 1589 Druugariensis
1372 1524 1635 1592 protentio
1661 1524 1876 1579 Catenae
1903 1538 2002 1576 ms.

431 1612 652 1669 Patrum
690 1614 1004 1670 Graecorum
1040 1624 1293 1677 testatur,
1322 1615 1433 1684 jam
1475 1614 1601 1668 olim
1649 1614 1815 1669 fuisse
1854 1615 2006 1669 dubi-

386 1696 387 1699 V
430 1715 621 1769 totum,
653 1708 794 1761 sitne
822 1707 923 1761 hoc
963 1722 1097 1776 apus
1132 1708 1331 1769 Basilii,
1371 1724 1562 1763 necne.
1607 1708 1720 1761 Καὶ
1762 1708 1916 1762 τοῦτο
1948 1710 2005 1763 δὲ

2112 539 2231 593 qua:
2260 524 2311 577 in
2345 525 2734 577 commentario
2783 526 2848 578 ad
2894 524 3041 579 Isaize
3076 541 3192 592 vui,
3221 542 3274 595 p.
3306 525 3463 590 l025,
3498 528 3562 580 de
3593 527 3681 582 illa

2112 616 2487 684 disputantur,
2534 615 2761 685 quilibet
2817 616 3111 685 intelliget,
3162 618 3253 685 qui
3316 634 3435 672 cum
3488 618 3685 672 Allatio

2114 723 2165 775 p.
2191 707 2316 773 447,
2342 710 2407 761 ad
2436 708 2771 761 Eustatliium
2803 707 2878 760 De
2925 711 3334 779 engastrimytho
3361 709 3683 763 observave-

2111 800 2201 859 rit,
2241 799 2400 851 verba
2461 798 2513 851 in
2569 798 2795 865 epistola
2856 797 3079 863 Basilii,
3130 799 3534 871 ψυχαγωγοῦσα
3592 799 3684 852 τὸν

2108 889 2303 953 Σαούλ,
2337 889 2664 959 signiﬁcare,
2697 907 2813 958 qua:
2849 889 3026 944 Saulis
3056 892 3286 943 animum
3324 893 3682 962 μαγγανείαις

2111 980 2223 1033 suis
2265 989 2514 1043 moverat,
2554 994 2682 1045 n0n,
2711 996 2827 1049 qua:
2866 980 3082 1034 Saulem
3115 983 3177 1034 ab
3209 980 3393 1049 inferis
3436 983 3679 1035 evocavit.

2109 1069 2275 1124 Fasti.

2178 1158 2333 1219 Conf.
2364 1160 2559 1216 Ottditt.
2588 1162 2707 1215 loco
2736 1170 2891 1213 antea
2916 1160 3100 1221 citato,
3128 1160 3303 1215 Riveti
3332 1160 3514 1216 Critici
3540 1166 3681 1217 sacri

2108 1251 2300 1306 librum
2334 1268 2418 1316 ιιι,
2458 1268 2509 1322 p.
2546 1253 2648 1306 53:7.
2688 1267 2831 1322 seq.;
2859 1253 3191 1307 St‘lll‘OCCkll.
3230 1254 3330 1307 loc.
3380 1257 3470 1317 cit,
3501 1274 3550 1323 p.
3582 1258 3685 1313 184

2109 1359 2253 1413 seq.,
2286 1345 2339 1398 in
2388 1346 2576 1414 primis
2622 1344 2871 1399 Garnier.
2923 1346 3081 1400 Praef.
3118 1351 3184 1399 ad
3224 1356 3354 1399 tom.
3391 1348 3429 1411 I,
3466 1347 3492 1419 §
3531 1348 3594 1413 X,
3626 1364 3679 1417 p.

2106 1450 2250 1488 XLVII
2282 1450 2424 1503 seq.,
2466 1436 2555 1505 qui
2602 1435 2748 1489 illum
2785 1434 3075 1489 Comment.
3111 1446 3307 1505 negant
3335 1453 3361 1489 a
3392 1437 3587 1491 Basilio
3611 1439 3679 1493 Μ.

2106 1540 2225 1581 esse
2252 1526 2577 1591 confectum,
2614 1536 2668 1581 et
2700 1525 2869 1581 Garn.
2909 1543 2961 1595 p.
3002 1544 3192 1582 Litt-1.x
3244 1530 3423 1591 docet,
3469 1544 3685 1599 compa—

2109 1630 2232 1673 rato
2260 1618 2475 1673 Eusebii
2524 1619 2939 1680 commentario,
2979 1634 3006 1671 a
3050 1620 3309 1688 plagiario
3341 1622 3569 1686 quodam
3613 1635 3685 1675 ex

2109 1710 2429 1765 Eusebianis
2477 1709 2883 1764 commentariis
2932 1709 3271 1778 potissimum
3312 1711 3682 1778 compilatum,

428 1798 726 1870 κατάδηλον
756 1797 893 1851 ποιῶ
935 1801 1047 1861 τοῖς
1087 1799 1523 1869 ἐντυγχάνουσιν,
1557 1800 1632 1862 ὡς
1664 1800 1692 1850 ὁ
1732 1801 1789 1852 ὲν
1839 1800 2004 1868 ἁγίοις

2117 1813 2173 1857 et
2207 1819 2453 1871 magnam
2481 1804 2660 1872 operis
2686 1812 2891 1871 partem
2922 1819 2984 1856 ex
3016 1803 3121 1855 illis
3168 1804 3231 1856 ad
3276 1804 3494 1857 verbum
3536 1820 3684 1857 sum-

428 1890 708 1954 Βασίλειος
744 1889 907 1960 μέρος
944 1907 996 1942 τι
1036 1891 1136 1961 τῆς
1165 1892 1222 1943 ἐν
1256 1892 1411 1960 χερσὶ
1449 1890 1785 1962 προφητείας
1830 1893 2010 1963 ἡρμή-

429 1998 635 2036 venat-1v.
679 1981 838 2044 ’Ἡτις
866 1980 1139 2052 ἡρμηνεία
1165 1982 1315 2053 παρὰ
1342 1981 1555 2045 πολλοῖς
1588 1982 2004 2051 ἀμφιϐάλλεται.

430 2074 607 2129 Etiam
668 2073 826 2127 hodie
871 2088 901 2126 a
954 2072 1136 2127 multis
1182 2074 1322 2127 inter
1366 2074 1525 2127 dubia
1569 2090 1730 2144 opera
1777 2076 2004 2137 censeri,

431 2173 617 2219 monet
637 2163 1073 2219 Montlauconius
1102 2165 1253 2235 praef.
1286 2165 1341 2219 in
1381 2165 1661 2219 Eusebium
1685 2167 1754 2219 ad
1784 2165 2006 2233 Isaiam,

430 2271 485 2323 ρ.
514 2255 638 2310 550.
682 2254 970 2310 Hodiernis
1013 2272 1169 2323 porro
1205 2256 1541 2321 scriptoribus
1577 2261 1688 2310 litae
1730 2257 2007 2310 dubitandi

432 2366 594 2403 causa
631 2358 728 2415 est,
761 2348 1024 2403 silentium
1081 2365 1257 2415 nempe
1292 2348 1625 2417 Hieronymi,
1656 2350 1744 2418 qui
1794 2366 1911 2402 cum
1953 2349 2007 2403 in

432 2457 648 2507 ontnes,
700 2450 951 2512 quotquot
1004 2451 1159 2494 antea
1209 2439 1370 2495 Isaia:
1416 2445 1719 2510 interpretes
1772 2452 2004 2510 egerant,

434 2542 682 2587 accurate
725 2540 1011 2596 recenseat,
1049 2549 1113 2585 ne
1144 2534 1248 2604 γρὺ
1282 2534 1488 2603 quidem
1531 2540 1593 2586 de
1634 2532 1824 2587 Basilii
1867 2552 2009 2588 com-

434 2627 689 2679 mentario
717 2624 889 2680 habet.
910 2622 1105 2678 Graecis
1136 2636 1311 2677 autem
1347 2625 1467 2677 hinc
1493 2625 1633 2677 haud
1650 2625 1805 2679 dubie
1832 2628 2008 2691 suspi-

436 2718 518 2770 cio
552 2716 881 2780 nascebatur,
913 2717 1053 2786 quod
1099 2716 1266 2786 stylus
1311 2717 1807 2770 commentariorum
1845 2715 2005 2771 Basi-

434 2808 577 2861 liano
622 2807 772 2877 longe
822 2806 1076 2860 absimilis
1122 2808 1378 2860 videatur.
1415 2806 1747 2860 Remittimus
1793 2810 2004 2874 nostris,

433 2899 523 2967 qui
559 2895 751 2950 Basilii
788 2914 1001 2964 operum
1042 2898 1319 2949 editionem
1356 2913 1538 2951 novam
1570 2898 1854 2951 adornant.
1887 2896 2004 2953 Cm-

371 3020 379 3025 ν
438 3001 634 3053 terum,
668 3006 786 3059 qua:
819 2990 888 3044 ab
919 2990 1141 3043 Erasmo
1171 3004 1322 3042 versa
1355 2999 1482 3044 sunt
1512 2998 1565 3043 et
1590 2990 1721 3043 visio
1760 2991 1930 3059 prima
1974 3006 2004 3045 a

437 3076 722 3134 Tilmanuo
771 3080 1158 3145 inscribuntur,
1195 3094 1225 3133 a
1273 3095 1327 3148 ρ.
1362 3080 1466 3135 802
1503 3097 1673 3151 usque
1722 3082 1788 3135 ad
1841 3084 2003 3137 verba

432 3186 487 3240 ι).
514 3170 617 3227 808
643 3172 702 3234 C,
736 3173 989 3235 ὑπόθεσις
1011 3171 1103 3225 τοῦ
1135 3138 1335 3242 {iﬁlli-ou
1365 3174 1397 3243 ἡ
1429 3138 1638 3245 φανερὰ
1662 3174 1756 3228 καὶ
1781 3175 2004 3228 αὐτόθεν
2031 3138 2073 3196 C

431 3264 636 3337 Λιίτιτή.
682 3263 897 3335 Ἐπειδὴ
928 3266 1068 3319 κατὰ
1105 3265 1327 3335 χρόνους
1357 3267 1577 3335 γέγονεν
1625 3269 1653 3320 ὁ
1698 3269 2000 3340 προφήτης,

432 3372 554 3411 cum
601 3360 990 3412 commentario
1038 3358 1090 3411 in
1126 3358 1319 3412 Isaiam
1356 3358 1487 3413 nihil
1529 3359 1730 3413 habent
1770 3374 2005 3414 commu-

431 3462 524 3512 ne,
554 3447 682 3502 licet
725 3448 800 3504 illi
835 3448 1233 3516 praemittantur
1261 3451 1425 3502 etiam
1460 3450 1513 3503 in
1551 3450 1672 3504 aliis
1700 3450 2000 3517 codicibus,

432 3546 487 3591 ut
510 3537 816 3592 Colbertino
841 3536 1152 3591 MMDXCV'I
1172 3538 1245 3607 (α)
1272 3538 1417 3609 (olim
1444 3538 1680 3593 Tliuaute
1702 3540 1880 3608 bibl.),
1909 3542 2002 3596 sed

430 3629 486 3684 in
521 3644 629 3698 quo
672 3630 814 3685 male
857 3632 1281 3685 commentarius
1320 3630 1407 3683 ille
1442 3630 1675 3687 Eusebio
1726 3632 2000 3689 tribuitur.

428 3720 510 3775 Ex
548 3720 715 3775 allato
745 3730 921 3775 autem
970 3718 1195 3775 Joannis
1234 3723 1649 3792 Drungariensis
1692 3724 2001 3779 testimonio

430 3822 644 3868 constat
668 3815 855 3877 etiam,
887 3828 993 3867 non
1022 3822 1188 3867 totum
1228 3812 1443 3877 Isaiam,
1481 3816 1574 3868 sed
1630 3826 1834 3885 partem
1883 3827 2003 3870 tan-

431 3890 571 3968 tum,
594 3903 712 3972 ejus
741 3905 1036 3973 prophetiae
1072 3920 1100 3955 a
1130 3903 1331 3959 Basilio
1364 3906 1687 3961 illustratam
1718 3923 1999 3963 commen-

430 3995 565 4046 tario
596 3994 784 4058 fuisse,
817 4004 874 4045 ut
904 4007 1126 4047 necesse
1160 3994 1227 4046 sit
1259 4009 1472 4047 errasse
1502 3993 1871 4061 Tilmannum,
1908 3996 1998 4064 qui

427 4082 529 4136 sibi
582 4083 887 4151 persuasit,
943 4084 1227 4136 Erasmum
1281 4098 1349 4137 ex
1404 4083 1619 4138 Grocini
1676 4085 1998 4139 bibliotheca

427 4175 852 4230 commentarios
898 4174 1083 4229 Basilii
1115 4175 1168 4229 in
1203 4176 1468 4246 integrum
1505 4178 1819 4247 prophetam
1856 4187 2000 4232 attu-

426 4268 555 4323 lisse
594 4289 606 4324 :
642 4269 804 4324 nimis
856 4270 998 4323 enim
1050 4269 1166 4323 leve
1215 4279 1320 4333 est,
1357 4271 1496 4339 quod
1545 4270 1802 4340 adjungit,
1842 4288 2000 4341 argu-

426 4370 665 4415 mentum
699 4379 711 4414 :
740 4360 875 4414 alios
905 4361 1074 4429 fuerat
1105 4361 1363 4427 dicturus,
1394 4362 1450 4413 in
1475 4346 1603 4423 quot
1626 4379 1680 4415 se
1704 4364 1999 4417 extenderet

423 4453 597 4520 capita
626 4454 721 4521 (b).
756 4451 957 4506 Novam
991 4467 1057 4505 ex
1090 4453 1297 4519 integro
1332 4451 1630 4505 versionem
1673 4451 1827 4519 hujus
1864 4469 1993 4523 cpe-
2027 4476 2073 4535 υ

424 4543 501 4597 ris
524 4558 551 4595 a
582 4544 700 4596 viro
726 4542 906 4612 aliquo
937 4543 1095 4596 docto
1130 4556 1191 4594 ac
1236 4542 1404 4610 probo
1440 4541 1619 4611 parari
1654 4551 1803 4611 optat
1830 4543 1991 4597 Com-

423 4636 666 4700 betisius,
695 4636 786 4704 qui
820 4634 969 4704 plura
1008 4636 1059 4688 in
1088 4633 1358 4687 Tilmanni
1407 4633 1655 4687 versione
1698 4634 1992 4702 reprehen-

422 4726 498 4791 dit
541 4735 702 4793 atque
731 4724 1015 4791 castigavit
1055 4731 1185 4776 tom.
1222 4723 1235 4775 Ι
1271 4721 1463 4774 Basilii
1495 4722 1742 4786 restituti,
1776 4736 1829 4791 p.
1864 4722 1990 4778 M7.

419 4813 477 4868 In
517 4813 743 4879 epistola
777 4812 845 4867 80
875 4813 1059 4867 Basilii
1105 4812 1171 4865 ad
1216 4813 1558 4867 Eustatliium
1606 4813 1868 4866 medicum
1897 4812 1990 4884 (c),

494 4924 569 4994 (ιι)
610 4922 745 4978 Vide
777 4923 1229 4994 b‘lontl'auconium
1261 4924 1298 4977 l.
1329 4939 1403 4988 c.,
1432 4939 1485 4992 p.
1517 4924 1640 4980 548.
1678 4923 1841 4979 ΕΑΒιι.
1863 4924 1997 4978 Add.

421 4992 559 5051 allus
600 4995 746 5065 cod..
791 5010 818 5047 a
851 4993 1080 5048 Garner.
1133 4995 1185 5047 in
1231 5003 1344 5047 not.
1380 5010 1432 5065 p.
1467 4995 1572 5050 578
1603 4995 1794 5048 citatos
1839 5002 2000 5063 atque

419 5065 664 5119 collatos.
699 5064 869 5118 "ARL.

493 5134 566 5200 (b)
608 5134 955 5197 Pussevinus,
1000 5149 1120 5187 cum
1161 5142 1375 5186 veteres
1422 5133 1591 5186 libros
1636 5131 2001 5187 Mcssanensis

420 5204 764 5257 bibliotheca:
813 5213 1139 5261 ret-cnseret,
1185 5205 1402 5271 scripsit
1443 5204 1494 5257 in
1537 5204 1670 5269 App.
1714 5218 1766 5269 p.
1805 5202 1893 5263 57,
1931 5206 1997 5256 ad

419 5274 621 5326 calcem
656 5274 837 5339 operis
872 5291 885 5327 :
919 5272 1308 5340 Cupiosissima
1360 5276 1410 5325 in
1452 5272 1642 5325 Isaiam
1680 5273 1997 5340 preplietam

421 5342 483 5412 ξ).
525 5342 703 5401 Basilii
747 5342 1136 5409 interm-eratin.
1171 5343 1322 5412 Opus
1361 5344 1625 5412 integrum
1680 5353 1735 5395 et
1787 5357 1990 5395 rarum.

420 5411 524 5464 Sed
548 5412 715 5466 Garn.
748 5413 870 5475 jure
907 5412 1117 5465 dubitat
1163 5413 1213 5465 in
1270 5410 1768 5479 Monito'prmlixo:
1807 5420 1865 5464 et-
1894 5412 1995 5477 ipsi

418 5482 867 5536 verisimillimum
925 5497 1044 5535 esse
1098 5483 1331 5542 videtur,
1388 5482 1546 5535 talem
1603 5481 1797 5533 librum
1852 5480 1994 5533 inte-

418 5565 573 5617 grum
605 5567 876 5619 nunquam
909 5551 1206 5606 exstitisse.
1233 5552 1380 5603 Adde
1403 5552 1597 5605 Ondin.
1628 5550 1664 5604 l.
1693 5566 1767 5613 c.,
1804 5565 1855 5617 p.
1889 5548 1991 5619 557

418 5634 561 5689 seq.,
592 5621 682 5691 qui
735 5618 1016 5690 opinatur,
1064 5632 1341 5676 auctorem
1402 5620 1559 5689 hujus
1612 5618 1989 5673 commentarii

2112 1900 2274 1961 ptam.
2302 1892 2435 1945 Tum
2462 1907 2513 1960 p.
2539 1907 2625 1946 ιιι
2658 1907 2773 1961 seq.
2798 1892 3154 1951 demonstrat,
3173 1902 3445 1946 auctorem
3474 1908 3503 1946 e
3530 1892 3683 1947 Basi—

2100 1983 2168 2043 lii
2206 1983 2277 2038 Μ.
2327 1984 2668 2054 aliorumque
2719 1986 3046 2053 scriptorum
3098 1984 3411 2053 fragmentis
3459 1984 3683 2039 confuse

2110 2076 2417 2147 inepteque,
2454 2090 2550 2129 nec
2595 2075 2872 2144 eleganter
2919 2091 3054 2143 Opus
3101 2090 3255 2128 suum
3295 2076 3681 2142 composuisse,

2107 2175 2164 2220 et
2208 2169 2395 2220 eadem
2448 2166 2741 2232 Scriptura:
2790 2165 2902 2219 loca
2950 2166 3032 2219 bis
3081 2174 3267 2232 terque
3314 2174 3405 2218 aut
3452 2166 3683 2234 amplius

2110 2260 2475 2327 explicuisse;
2509 2259 2681 2326 ipsum
2725 2273 2853 2311 vero
2883 2256 3141 2312 Basilinm
3182 2257 3250 2311 Μ.
3282 2274 3386 2311 non
3420 2273 3576 2325 posse
3606 2266 3687 2311 tot

2109 2347 2375 2402 furtorum
2420 2357 2727 2417 suspectum
2764 2347 2974 2401 haberi.
3014 2349 3251 2415 Denique
3282 2363 3334 2416 p.
3367 2362 3499 2401 LXIII
3533 2348 3683 2399 varia

2108 2440 2378 2507 conjectat
2438 2440 2503 2494 de
2554 2448 2808 2504 auctore,
2862 2448 3022 2506 atque
3077 2448 3501 2501 commonstrat,
3550 2452 3684 2505 opus

2108 2532 2248 2586 istud
2278 2532 2536 2600 scriptum
2581 2530 2743 2584 fuisse
2779 2530 2891 2599 ipsa
2925 2530 3107 2583 Basilii
3149 2529 3217 2581 M.
3248 2539 3425 2595 aetate,
3463 2544 3684 2597 compo-

2106 2625 2267 2679 situm
2321 2625 2534 2693 quidem
2580 2639 2608 2677 a
2669 2623 2903 2687 Basilio,
2967 2622 3061 2677 sed
3114 2632 3235 2691 post
3283 2623 3399 2689 ejus
3453 2631 3682 2675 mortem

2107 2716 2405 2786 presbyteri
2446 2716 2722 2785 cujusdam
2770 2730 2933 2784 opera
2991 2714 3045 2768 in
3100 2713 3271 2767 lurem
3312 2714 3597 2780 prodiisse,
3630 2719 3687 2765 et

2106 2808 2250 2863 hunc
2294 2808 2513 2877 proprio
2559 2816 2731 2860 marte
2776 2807 3114 2860 elaborasse:
3154 2806 3343 2860 saltem
3380 2816 3682 2868 auctorem,

2105 2899 2351 2969 quisquis
2398 2910 2499 2963 cst,
2537 2898 2807 2952 studuisse
2839 2898 3096 2951 Basilium
3148 2897 3202 2949 iu
3250 2896 3520 2963 aliquibus
3559 2898 3686 2948 inii-

2111 2993 2232 3048 tari.
2263 3024 2334 3034 --
2361 2994 2427 3046 At
2470 2992 2636 3047 Garn.
2674 2993 2726 3045 iu
2778 2990 2897 3044 Vita
2930 2991 3118 3045 Basilii
3145 2990 3243 3061 (l),
3294 3004 3412 3055 cap.
3454 3004 3582 3055 sui,
3624 3005 3679 3057 p.

2108 3086 2209 3141 179
2246 3101 2386 3153 seq.,
2435 3085 2747 3138 retractavit
2797 3099 2950 3138 suam
3004 3085 3326 3139 sententiam
3394 3093 3448 3136 et
3496 3081 3681 3134 Basilii

2108 3177 2309 3231 nomini
2347 3177 2641 3231 vindicavit
2669 3185 2959 3231 comment.
2997 3178 3051 3229 in
3088 3176 3308 3229 Isaiam.
3339 3207 3409 3215 —
3443 3176 3552 3229 Sub
3580 3174 3684 3227 Ba-

2104 3267 2212 3321 silii
2260 3268 2475 3319 nomine
2534 3267 2587 3321 in
2643 3268 2765 3321 cod.
2817 3282 2946 3321 mss.
2995 3279 3286 3319 occurrere
3339 3266 3486 3319 illum
3535 3280 3684 3318 com-

2104 3367 2270 3414 ment.
2305 3359 2444 3412 baud
2482 3360 2674 3412 mirum
2709 3359 2940 3412 videtur.
2987 3357 3098 3421 Sic,
3129 3367 3186 3410 ut
3215 3358 3473 3425 quosdam
3511 3358 3681 3408 nomi-

2102 3463 2250 3512 nem,
2280 3447 2611 3502 Vindobona:
2653 3448 2703 3500 in
2749 3448 2867 3502 cod.
2900 3446 3062 3510 LXX,
3098 3447 3261 3501 LXXI
3299 3458 3353 3502 et
3389 3445 3598 3511 LXXII,
3626 3448 3680 3501 in

2102 3555 2210 3608 quo
2234 3541 2465 3606 ascripta
2489 3549 2610 3592 sunt
2634 3539 2685 3592 in
2712 3540 2952 3608 margine
2980 3539 3198 3607 antiqua
3229 3539 3327 3593 Gr.
3354 3539 3580 3603 scholia,
3611 3553 3680 3591 ex

2102 3631 2321 3685 Eusebii
2377 3630 2635 3698 Pamphili
2691 3628 3027 3697 aliorumque
3070 3632 3325 3697 Operibus
3373 3631 3677 3698 desumpta.

2101 3722 2237 3777 Vide
2271 3721 2551 3786 Lambec.,
2587 3721 2672 3788 Ill,
2697 3739 2751 3793 p.
2786 3724 2891 3778 845
2917 3738 3030 3791 seq.
3059 3752 3129 3762 —
3154 3724 3407 3792 Augustae
3435 3721 3677 3775 Vindeli-

2100 3829 2287 3868 corum
2337 3814 2521 3868 Basilii
2567 3830 2763 3867 comm.
2804 3814 2856 3868 in
2907 3814 3129 3875 Isaiam,
3169 3824 3223 3866 et
3267 3814 3504 3880 ejusdem
3546 3813 3678 3866 Pro-

2104 3903 2312 3956 tbeoria
2360 3903 2718 3971 expositionis
2770 3904 2823 3957 in
2871 3903 3086 3959 Isaiam.
3124 3902 3256 3957 Vide
3288 3902 3492 3957 Reiseri
3530 3902 3675 3965 Cat.,

2099 4008 2153 4062 p.
2202 3994 2269 4047 16
2320 4003 2375 4047 et
2423 3993 2513 4048 28.
2564 4022 2635 4034 --
2676 3993 2942 4049 Mouacbii
2987 3994 3039 4048 in
3079 3994 3197 4047 cod.
3241 3992 3434 4047 Bavar.
3478 3991 3674 4057 XXXI,

2100 4084 2297 4140 XXXV
2325 4094 2377 4139 et
2406 4085 2567 4141 XCV.
2600 4084 2736 4140 Vide
2781 4086 2898 4140 Cat.
2948 4085 3066 4138 cod.
3109 4085 3229 4151 Gr.,
3260 4102 3311 4151 p.
3348 4084 3397 4149 7,
3432 4083 3464 4137 8
3499 4094 3552 4136 et
3583 4084 3674 4146 56,

2100 4205 2169 4215 —
2201 4175 2439 4229 Venetiis
2470 4175 2522 4228 in
2558 4175 2679 4232 cod.
2713 4174 2956 4230 Naniano
2987 4174 3206 4231 XXXV.
3241 4176 3375 4230 Vide
3404 4175 3522 4229 Cat.
3553 4174 3672 4228 cod.

2098 4268 2219 4333 Gr.,
2257 4268 2420 4333 Nan.,
2447 4283 2500 4336 p.
2533 4269 2624 4324 48.
2654 4297 2724 4309 —-
2770 4269 2900 4324 Ibid.
2940 4270 2991 4322 in
3034 4269 3154 4323 cod.
3188 4269 3317 4323 bibl.
3351 4268 3514 4321 Marc.
3557 4265 3672 4320 LX.

2099 4355 2232 4412 Vide
2275 4358 2485 4413 Zinetti
2529 4361 2647 4413 Cat.
2694 4360 2815 4414 cod.
2850 4359 2945 4414 Gr.
2976 4375 3028 4428 p.
3063 4360 3148 4414 49..
3192 4390 3236 4400 -—
3304 4358 3590 4413 Florentiae
3618 4358 3673 4410 in

2100 4452 2221 4505 cod.
2249 4450 2725 4505 Medic.-Lanrent.
2754 4449 2818 4514 ll,
2852 4450 2983 4519 plut.
3016 4451 3071 4513 4,
3094 4451 3159 4505 de
3183 4466 3288 4518 quo
3320 4450 3533 4517 copiose
3560 4447 3674 4500 dis-

2100 4542 2232 4596 serit
2280 4541 2508 4595 Bandin.
2536 4540 2654 4595 Cat.
2703 4542 2820 4595 cod.
2874 4540 2994 4604 Gn,
3031 4539 3069 4605 I,
3122 4556 3172 4608 ν.
3213 4540 3315 4593 518
3362 4553 3475 4606 seq.
3508 4566 3577 4576 -
3615 4536 3673 4589 In

2099 4646 2295 4685 novem
2350 4633 2470 4685 cod.
2529 4630 2659 4683 bibl.
2690 4631 2839 4699 publ.
2873 4630 3045 4684 Paris.
3077 4659 3145 4669 —
3178 4628 3397 4681 Taurini
3449 4629 3499 4679 in
3549 4627 3670 4681 cod.

2101 4719 2272 4787 XXX,
2300 4738 2351 4774 ιι.
2386 4722 2436 4775 l.
2469 4721 2597 4775 Vide
2631 4720 2749 4775 Cat.
2780 4721 2875 4772 rod
2912 4720 3004 4773 Cr.
3036 4718 3220 4781 Taur.,
3254 4733 3306 4785 p.
3342 4716 3461 4778 107,
3493 4726 3597 4768 etc.

2174 4811 2311 4865 Tum
2365 4812 2608 4881 sequitur
2658 4827 2709 4878 p.
2761 4810 2864 4863 6l8
2910 4825 3024 4876 seq.
3076 4808 3160 4860 ed.
3210 4804 3375 4858 Garu.
3422 4803 3672 4855 Eunomii

2103 4925 2275 4978 videri
2323 4940 2440 4979 esse.
2487 4924 2649 4976 alium
2690 4922 2968 4985 Basilium,
2998 4920 3084 4988 qui
3130 4920 3179 4971 in
3216 4918 3493 4987 plerasque
3534 4916 3672 4988 Gre-

2108 4996 2243 5063 gorii
2286 4995 2539 5047 Nazianz.
2602 5004 2739 5044 orat.
2794 4987 3326 5063 commentatusaesl,
3364 4999 3531 5063 altilis;
3570 4987 3669 5063 {~1th

2103 5056 2469 5135 Constantino
2504 5063 2856 5135 Porphyrng.,
2888 5062 3017 5135 circ.
3071 5060 3142 5135 Α...
3170 5059 3272 5112 920
3317 5059 3393 5108 vel
3425 5056 3538 5135 _‘.).'50
3570 5056 3667 5135 llo-

2103 5136 2278 5187 ruisse
2328 5129 2942 5185 creditum—Tumcod.
2992 5130 3242 5195 Anglicos
3295 5129 3571 5187 nominat,
3614 5129 3667 5177 in

2103 5206 2298 5272 quibus
2347 5205 2397 5254 itl
2443 5218 2575 5270 opus
2624 5211 2833 5272 exstat:
2878 5201 3004 5251 Dein
3044 5199 3315 5272 enuntiarit
3355 5196 3670 5272 reltitatque

2107 5265 2414 5326 testimonia
2446 5265 2683 5324 veterum
2714 5282 2767 5324 et
2796 5269 3134 5331 Tilletnanni,
3167 5268 3217 5319 id
3250 5268 3447 5321 Basilio
3477 5265 3547 5319 M.
3582 5279 3668 5317 35-

2106 5344 2374 5406 serentis,
2433 5343 2767 5408 aliorumque
2816 5340 3058 5407 judicia;
3119 5339 3348 5408 denique
3409 5336 3667 5408 ostendit,

2104 5412 2251 5465 illum
2286 5404 2577 5465 comment.
2617 5404 2720 5461 non
2758 5404 3027 5477 pertinere
3062 5408 3127 5459 ad
3170 5406 3445 5477 Basilium.
3497 5404 3664 5477 llam”

2177 5479 2249 5551 (ε)
2286 5481 2400 5551 Non
2436 5480 2639 5551 Basilii,
2673 5475 3016 5551 sed—Nysseu‘i
3044 5492 3164 5551 esse
3196 5477 3339 5530 illam
3366 5475 3666 5545 epistolam,

2101 5546 2293 5606 scribit
2318 5550 2526 5605 Natalis
2553 5550 2733 5616 Alex.,
2761 5550 2826 5604 de
2844 5546 2959 5618 qua
2992 5546 3152 5601 intra.

489 5739 565 5813 (1)
596 5738 826 5796 Harlesii
853 5753 1094 5796 errorem
1119 5738 1231 5810 jam
1264 5738 1573 5796 notavimus
1610 5736 1704 5808 qui
1751 5732 2020 5793 Garnerio
2068 5729 2226 5799 νὶιαη
2270 5729 2460 5787 Basilii
2488 5731 2698 5800 tribuit,
2751 5744 2873 5786 cum
2905 5727 2976 5785 sit
3004 5724 3285 5783 Prudentii
3311 5721 3535 5781 Marani.
3560 5720 3663 5776 Eo.
