4094 6220
1550 351 1829 410 ΝΟΤΙΤΙΛ
1865 345 1958 401 EX
1995 338 2315 397 FABRICIO

3428 322 3556 366 CCLV

323 497 457 552 rius.
499 485 748 548 Occurrit
785 492 840 538 et
877 485 929 536 in
967 479 1284 534 Ecclesiaste
1334 473 1515 527 (ἱνα-σο
1565 466 1894 524 Combeiisii.
1928 466 1971 521 Α
2001 458 2063 511 ab
2093 474 2150 510 eo
2177 450 2404 507 traducti
2433 465 2458 502 e
2491 447 2673 500 Crarro
2700 441 2802 492 dno
2836 435 2900 488 ι).
2935 429 3121 486 Basilii
3150 441 3429 552 sermones,
3453 425 3559 474 Ad-

1498 548 1500 550 .
2212 547 2222 552 -
2423 551 2428 552 ,
2567 535 2602 552 τ.
2670 529 2897 552 ιημξλιη.
2944 534 2984 552 ..ι
3033 521 3092 552 ηι.
3129 535 3184 552 nn
3230 533 3302 552 nm
3348 531 3492 552 uprcn
3538 529 3559 552 ι

324 575 493 646 his.
523 573 574 637 t1.
599 581 764 636 Garn.
786 578 896 637 ed.,
919 574 982 640 ι-ι,
1009 590 1131 644 pag.
1156 573 1224 626 δε
1247 586 1364 638 sqq.
1386 564 1541 621 ρυηι.
1565 559 1891 618 Schroeckh.

329 681 368 735 I.
394 696 467 743 c.,
502 690 624 746 pag.
650 673 773 727 191.
800 700 868 712 -
891 667 1176 734 Reperltur
1203 665 1253 716 in
1293 660 1378 715 XII
1409 659 1563 712 codd.
1589 654 1720 708 bibl.
1745 652 1892 720 publ.

328 741 519 826 Paris:
548 741 618 807 -ξι
650 765 781 816 Item
826 761 880 812 in
910 757 1030 810 cod.
1075 753 1373 808 Vindobon.
1408 747 1544 801 Ca-s.
1573 741 1800 807 CCXIV,
1842 757 1895 794 ιι.

331 860 423 924 12,
477 854 780 912 Admonilio
826 852 888 901 de
915 845 1205 918 gratiarum
1246 841 1448 893 actione
1482 852 1604 904 erga
1641 833 1827 896 Deum,
1861 830 1896 881 I'.

333 922 548 1022 potius,
590 954 647 998 ut
686 942 894 996 Kal-lar.
935 938 1194 996 adnotat,
1233 940 1543 998 excerptum
1602 940 1668 979 ex
1705 922 1904 976 Basilio

335 1010 524 1094 homil.
551 1037 608 1090 in
639 1033 911 1086 Julittam.
945 1025 1008 1078 V.
1045 1025 1192 1078 illum
1224 1030 1278 1076 et
1309 1019 1553 1074 Latnbet.
1587 1015 1813 1075 Comm.,
1836 1010 1904 1078 V,

335 1142 460 1199 pag.
518 1126 608 1182 95.
669 1122 901 1183 Pariter,
965 1115 1293 1171 observante
1360 1107 1629 1169 Kollario,
1691 1106 1905 1170 longqu

337 1195 434 1277 est
472 1219 759 1288 fragment.
809 1228 876 1266 ex
927 1226 1010 1264 or.
1057 1209 1110 1260 in
1143 1204 1426 1268 Julittam,
1475 1201 1617 1270 quod
1679 1197 1732 1250 in
1784 1195 1907 1249 cod.

340 1309 675 1374 CCXXXVI,
706 1323 760 1364 ιι.
795 1306 850 1370 4,
883 1317 1076 1372 nempe
1113 1309 1253 1352 orat.
1291 1295 1382 1360 XI,
1417 1295 1560 1347 inter
1585 1291 1720 1344 alias
1746 1296 1909 1342 oratt.

343 1405 555 1469 Basilii,
591 1403 644 1456 in
689 1400 780 1455 illo
815 1397 937 1452 cod.
979 1399 1219 1448 servatas
1264 1403 1350 1458 ap.
1395 1385 1650 1440 Lambec.
1691 1381 1751 1444 V,
1791 1395 1911 1448 pag.

348 1497 474 1560 185,
499 1493 814 1549 inscribitur
838 1488 995 1541 Hem.
1021 1488 1083 1539 de
1107 1485 1397 1555 gratiarum
1421 1477 1656 1540 actione;
1682 1476 1805 1527 hinc
1831 1486 1918 1524 se-

347 1591 533 1657 quitur
560 1586 691 1640 ibid.
722 1592 861 1638 orat.
892 1580 982 1634 XII
1017 1577 1277 1644 inscripta
1306 1572 1478 1640 Λόγος
1504 1568 1756 1639 δεύτερος
1791 1565 1919 1634 περὶ

349 1677 724 1752 εὐχαριστίας.
765 1673 991 1728 Humilia
1029 1680 1209 1722 autem
1251 1667 1303 1719 in
1335 1664 1585 1718 Julittam
1612 1671 1696 1715 est
1737 1673 1918 1712 revera

1995 564 2172 602 versus
2206 547 2510 599 irascentes,
2560 535 2632 586 De
2667 529 2897 587 invidia;
2940 534 2986 576 et
3031 521 3092 574 ab
3128 519 3306 571 eodem
3348 531 3492 567 versa
3538 529 3565 566 e

2000 639 2182 694 Gra’co
2213 631 2488 699 Sapltoclis
2523 627 2778 692 Antigone
2804 630 2847 671 ct
2874 615 3081 670 Herreti
3117 610 3350 680 ejusdem
3372 607 3565 674 epigrr.

2001 734 2220 802 aliquot.
2247 724 2494 795 Lugduni
2522 739 2607 789 ap.
2643 717 2828 783 Steph.
2860 711 3118 765 Boletum.
3153 703 3570 760 ISi-I.—-Ilom.

2002 796 2216 878 Advers.
2254 816 2560 875 iracundos,
2591 811 2682 865 Gr.
2717 809 2897 862 Romae
2919 803 3074 864 1550,
3097 801 3170 866 8°,
3192 801 3244 852 in
3277 796 3404 852 bibl.
3439 797 3572 848 Bar-

2006 916 2205 969 bcrina:
2235 920 2340 962 cat.
2394 923 2446 974 p.
2483 905 2605 958 118.
2653 930 2721 941 «-
2761 898 2940 951 Leith
2977 897 3028 947 in
3075 894 3205 946 bibl.
3256 889 3400 959 publ.
3436 889 3576 941 inter

2008 1019 2135 1057 mss.
2171 1017 2233 1054 ex
2290 1000 2461 1067 legato
2508 994 2710 1046 Bouav.
2755 987 3000 1041 Vulcanii
3039 995 3166 1039 sum
3207 983 3472 1036 aduotatt.
3522 976 3575 1028 in

2008 1094 2190 1149 Basilii
2218 1092 2531 1145 COIICIOIIBIII
2574 1084 2772 1139 Contra
2820 1082 3101 1133 irascentes
3140 1085 3192 1128 et
3231 1072 3577 1126 Plutarchum

2011 1189 2087 1239 De
2114 1187 2299 1238 virtute
2325 1176 2606 1235 morali.V.
2632 1176 2754 1228 Cat.
2782 1173 2908 1225 bibl.
2944 1169 3094 1222 Leid.
3122 1182 3242 1236 pag.
3262 1162 3386 1228 547,
3408 1178 3460 1214 ιι.
3491 1160 3579 1213 71.

2010 1308 2081 1319 -
2118 1277 2252 1328 Add.
2287 1274 2354 1326 ad
2390 1289 2443 1326 ιι.
2488 1270 2576 1322 18.
2610 1297 2680 1307 ——
2722 1267 2872 1320 Orat.
2910 1262 2999 1314 illa
3031 1257 3216 1313 Basilii
3253 1265 3337 1309 est
3373 1254 3426 1306 in
3463 1249 3586 1307 XIX

2015 1371 2171 1424 codd.
2212 1367 2337 1421 bibl.
2374 1364 2517 1433 publ.
2555 1361 2728 1414 Paris.
2771 1358 2941 1410 11Αιιι..

2094 1465 2178 1516 11.
2222 1461 2357 1531 Περὶ
2391 1457 2609 1527 φθόνου.
2654 1452 2730 1505 De
2762 1450 2976 1503 invidia.
3016 1442 3206 1513 Incipit
3239 1455 3253 1494 :
3301 1433 3529 1506 Ἀγαθδς
3559 1433 3592 1486 ὀ

2018 1559 2171 1620 Θεὸς.
2211 1553 2419 1625 [Carm
2456 1549 2519 1610 II,
2551 1565 2604 1618 p.
2643 1547 2700 1600 91
2750 1541 2909 1613 sqq.]
2959 1538 3250 1592 Vcrterunt
3280 1531 3595 1586 Volaterra-

2021 1667 2123 1706 nus
2191 1659 2245 1702 et
2308 1645 2628 1703 Carnarius,
2692 1649 2745 1692 et
2805 1633 3132 1690 Franciscus
3185 1622 3592 1685 Craneveldius,

352 1712 724 1752 ιυλυυγιυυιυιτο
765 1712 991 1728 nuru-nuu-
1029 1712 1209 1722 υι-ι-.ν.-.
1252 1712 1303 1719 η-
1335 1712 1581 1718 -..νηηηη
1620 1712 1690 1715 ,ἣν

352 1769 691 1828 continuatio
728 1763 965 1820 humilia:
1018 1761 1095 1814 De
1135 1759 1431 1830 gratiarum
1476 1754 1710 1814 actione,
1750 1749 1922 1816 pridie
1955 1809 1994 1830 ῃ
2025 1743 2228 1796 Lovan.
2257 1735 2411 1799 1551,
2435 1733 2486 1787 8.
2517 1731 2813 1787 ϐι·ιιιὶειιιιιε
2845 1727 2973 1778 item
3009 1723 3292 1775 Hervetus.
3335 1717 3472 1769 Ante
3499 1712 3598 1764 hos

2603 1823 2641 1830 —
2802 1821 2836 1830 -ι
2969 1816 3022 1830 ·--
3099 1803 3338 1830 4---2-
3378 1808 3571 1830 11..-...“

352 1803 690 1828 CUlllllluauu
731 1803 963 1820 ιιυιιιιιιυυ
1018 1803 1094 1814 υν
1173 1803 1428 1811 ...-......-,-
1478 1803 1671 1806 ---ηρ-κ
1701 1803 1710 1814 ν
1752 1803 1764 1816 Ι

351 1863 567 1918 habitae.
609 1859 729 1912 Vid.
771 1852 1091 1910 Schrosclth.
1123 1803 1161 1904 ιῗ
1202 1866 1279 1911 c.,
1316 1864 1435 1916 pag.
1472 1845 1594 1899 191.
1635 1872 1706 1882 —
1741 1840 1922 1894 Basilii
1955 1809 1996 1863 Β
2029 1833 2278 1888 Nicolaus
2301 1830 2569 1883 Perottus.
2602 1823 2765 1877 FABR.
2802 1821 2873 1872 De
2918 1816 3046 1870 edit.
3075 1803 3342 1866 versionis
3378 1808 3598 1860 Ilervet.

2655 1915 2683 1918 λ
2763 1913 2834 1918 ----
2872 1909 2916 1918 --
2971 1910 2983 1918 -
3164 1903 3197 1918 ιι
3262 1903 3272 1912 ·
3319 1900 3455 1918 .913-
3504 1896 3578 1918 Π..

354 1952 588 2008 homilize
617 1949 694 2002 De
718 1947 901 2018 gratiis
933 1944 1037 1997 Deo
1069 1943 1306 2011 agendis,
1339 1946 1393 1992 et
1427 1940 1477 1989 in
1506 1935 1754 1989 Julittam
1782 1947 1925 1985 mar-

357 2055 552 2116 tyrem,
582 2042 677 2098 Gr.
713 2040 940 2103 Lovan.,
984 2052 1048 2089 ex
1090 2033 1228 2088 ol’ﬁe.
1262 2031 1483 2100 Rutgeri
1521 2027 1724 2090 Rescii,
1768 2023 1924 2085 1555,

358 2115 435 2192 8⁸.
464 2132 673 2187 —Lat.
707 2132 1002 2199 interprete
1032 2126 1272 2180 Huberto
1303 2121 1591 2182 Bai-laudo,
1627 2115 1928 2176 Philiatrio,

360 2227 564 2281 Loran.
601 2238 672 2286 ex
698 2223 818 2276 ead.
854 2219 993 2274 oIIic.
1037 2216 1194 2278 1541,
1227 2213 1302 2269 8°.
1341 2211 1404 2266 V.
1441 2208 1706 2264 Maittaire
1734 2204 1800 2259 A.
1841 2202 1930 2268 T.,

360 2316 428 2384 11,
456 2332 579 2387 pag.
609 2315 735 2380 780,
769 2324 823 2367 et
853 2311 940 2378 III,
973 2326 1094 2380 pag.
1126 2308 1252 2364 525.
1284 2305 1454 2360 ΗΑιιι..

434 2410 486 2465 6.
526 2409 662 2481 Περὶ¹
693 2405 1035 2470 πλεονεξίας,
1070 2405 1126 2456 in
1156 2399 1290 2454 illud
1325 2399 1482 2453 Luca:
1509 2410 1608 2462 xu,
1659 2393 1748 2455 18,
1778 2411 1801 2447 ‹
1845 2392 1934 2444 de-

370 2514 573 2559 struam
605 2502 792 2554 horrea
832 2490 967 2562 mea,
1011 2515 1031 2549 ι
1066 2504 1172 2549 etc.
1203 2493 1279 2547 De
1307 2491 1530 2545 avaritia
1562 2485 1843 2560 [Garnier.
1873 2481 1936 2548 11,

367 2609 422 2662 p.
455 2593 526 2648 45
572 2589 735 2663 sqq.]
768 2591 956 2659 Incipit
987 2607 1002 2642 :
1033 2585 1263 2641 Am).oi3v
1303 2584 1364 2637 τὸ
1407 2578 1544 2644 εἶδος
1581 2578 1688 2632 τῶν
1749 2593 1942 2647 πειρα-

370 2699 547 2759 σμων.
569 2685 707 2738 Ante
731 2681 1049 2737 Carnarium
1082 2680 1244 2733 vertit
1269 2673 1509 2742 Baphael
1533 2670 1940 2730 Volaterranus,

378 2781 533 2849 cuius
590 2777 966 2847 interpretatio
1020 2775 1072 2828 in
1133 2766 1561 2828 Graeco-Latinis
1618 2761 1946 2818 editionibus

380 2873 509 2927 hinc
538 2870 660 2924 inde
685 2869 971 2925 emendata
1003 2885 1028 2919 a
1056 2866 1330 2921 Frontone
1358 2862 1573 2914 Ducmo.
1606 2852 1946 2911 Volaterrani

383 2964 562 3017 versio
594 2963 935 3016 homiliarum
971 2959 1150 3013 Basilii
1188 2957 1363 3010 lucem
1398 2954 1531 3006 vidit
1559 2953 1699 3019 apud
1738 2947 1946 3000 Ascen-

385 3056 524 3109 sium
549 3053 722 3107 Paris.
754 3051 913 3117 1520,
945 3051 1057 3114 Ioh,
1082 3049 1267 3102 Colon.
1297 3047 1455 3110 1551,
1480 3042 1572 3097 fol.
1599 3040 1727 3112 [Est
1749 3040 1802 3093 in
1836 3035 1950 3092 XVI

386 3147 542 3201 codd.
575 3145 704 3199 bibl.
735 3145 880 3213 publ.
917 3141 1128 3214 ναι-19η]

453 3237 504 3290 7.
535 3237 679 3306 Πρὸς
703 3238 826 3298 τοὺς
851 3233 1228 3294 πλουτοῦντας,
1251 3230 1362 3284 sive
1383 3225 1539 3280 Κατὰ
1562 3221 1952 3283 πλουτούντων,

385 3327 453 3380 1η
476 3328 680 3389 divites,
711 3327 776 3380 ad
823 3325 955 3379 Luc.
980 3339 1130 3387 xvm,
1163 3323 1255 3377 2'2.
1288 3320 1493 3393 [Garn.
1535 3318 1596 3379 Il,
1633 3333 1684 3385 p.
1714 3315 1774 3368 51
1805 3309 1956 3382 sqq]

383 3418 578 3488 Incipit
609 3438 623 3473 :
654 3419 884 3489 Εἴρηται
911 3418 1004 3470 καὶ
1032 3415 1228 3487 πρῴην
1261 3416 1413 3484 ἡμῖν.
1446 3410 1621 3464 Vertit
1653 3407 1956 3461 Volaterra-

393 3528 498 3567 nus
529 3522 581 3568 et
609 3513 924 3568 Carnarius.
959 3508 1188 3582 [Exstat
1221 3510 1274 3563 in
1308 3505 1401 3562 XV
1430 3506 1588 3561 codd.
1623 3501 1798 3556 Paris.
1824 3496 1953 3554 bibl.

389 3605 578 3677 publ.]

461 3700 516 3756 8.
568 3701 656 3754 Ἐν
676 3697 820 3770 λιμῷ
843 3697 939 3751 καὶ
976 3694 1195 3766 αὐχμῷ,
1231 3704 1456 3761 tempore
1486 3689 1641 3757 [antis
1669 3695 1714 3739 et
1749 3682 1960 3738 siccita-

394 3794 492 3854 tis,
526 3790 669 3844 dicta
707 3787 926 3843 homilia
957 3786 1009 3839 in
1045 3787 1229 3838 divites
1259 3799 1444 3835 avaros
1478 3778 1685 3851 [Garn.
1716 3775 1778 3839 II,
1811 3789 1863 3842 p.
1895 3771 1964 3825 6?.

393 3879 556 3954 sqq]
585 3879 774 3948 Incipit
801 3897 814 3932 :
841 3877 990 3930 Λέων
1033 3874 1333 3948 ἐρεύξεται.
1380 3871 1551 3924 Vertit
1586 3867 1966 3921 Volaterranus

396 3984 455 4027 et.
491 3972 802 4028 Carnarius.
840 3968 967 4041 [ESt
1006 3968 1059 4022 in
1097 3965 1186 4019 XV
1224 3965 1378 4020 codd.
1421 3961 1596 4015 Paris.
1637 3959 1766 4012 bibl.
1815 3955 1960 4024 publ.

397 4065 553 4120 Conf.
584 4057 930 4124 Schrmckln,
956 4076 1008 4127 p.
1034 4059 1100 4113 67
1130 4073 1210 4126 sq.

469 4159 523 4212 9.
568 4158 692 4208 Ὅτι
737 4156 839 4207 οὐκ
872 4153 1018 4205 ἐστιν
1078 4150 1248 4210 αἴτιος
1304 4144 1413 4198 τῶν
1468 4141 1654 4196 κακῶν
1721 4141 1749 4192 ὁ
1816 4136 1966 4200 Θεός,

399 4248 543 4320 quod
593 4247 730 4300 Deus
784 4261 887 4298 non
941 4252 1017 4296 est
1066 4251 1251 4293 auctor
1315 4238 1594 4289 malorum.
1645 4229 1848 4302 [Carm
1905 4225 1968 4289 II”,

2029 1942 2081 1980 ν.
2111 1926 2176 1978 ad
2207 1941 2261 1976 n.
2291 1920 2534 1974 anteced.
2564 1947 2632 1956 —
2655 1913 2837 1968 Basilii
2870 1909 2939 1963 Μ.
2971 1910 3119 1961 hom.
3157 1903 3227 1955 De
3256 1900 3480 1962 invidia,
3503 1896 3598 1949 Gr.

2029 2029 2080 2071 et
2111 2015 2230 2069 Lat.
2264 2029 2330 2066 ex
2355 2026 2498 2064 vers.
2534 2005 2742 2060 Daniel.
2775 1999 3046 2069 Augentii.
3083 1994 3254 2048 Paris.
3285 2008 3372 2060 ap.
3406 1989 3593 2042 Morel.

2032 2108 2192 2171 1586,
2234 2107 2319 2159 4ο.
2362 2104 2481 2158 Vid.
2521 2097 2708 2152 Pinelli
2733 2095 2854 2148 Cat.
2896 2091 2935 2154 I,
2967 2104 3088 2158 pag.
3121 2087 3209 2140 55.
3244 2092 3385 2137 —et
3431 2081 3600 2136 Maitt.

2033 2198 2123 2261 lll,
2161 2213 2213 2267 p.
2258 2194 2382 2250 795.
2427 2221 2498 2231 —-
2545 2186 2875 2243 Censorinus
2920 2211 2993 2222 -—
3023 2178 3239 2233 chetis
3289 2173 3465 2229 tabula
3512 2187 3610 2242 per

2035 2289 2241 2344 LOtIuV.
2279 2286 2486 2340 Odoax.
2531 2296 2562 2334 e
2605 2279 2794 2333 Graeco
2842 2289 3145 2337 conversa;
3180 2267 3502 2323 Plutarchus
3535 2263 3612 2318 Dc

2037 2382 2235 2434 invidia
2265 2387 2311 2432 et
2362 2377 2521 2435 odio;
2549 2370 2738 2425 Basilii
2765 2385 2841 2422 or.
2881 2366 2953 2420 De
2995 2362 3198 2418 invidia
3230 2377 3322 2431 per
3353 2356 3476 2412 Nic.
3511 2355 3612 2410 Pe-

2040 2482 2235 2525 rottnm
2275 2468 2550 2527 traducta;
2587 2463 2776 2517 Basilii
2801 2463 2952 2530 epist.
2995 2459 3068 2512 De
3102 2459 3207 2511 vita
3242 2453 3484 2508 solitaria
3521 2463 3616 2519 per

2040 2561 2379 2629 Philelphutn
2407 2567 2462 2612 et
2489 2557 2676 2611 Graeco
2706 2555 2970 2614 traducta,
3005 2566 3051 2604 ε.
3084 2549 3121 2602 1.
3148 2557 3201 2603 et
3227 2562 3279 2610 a,
3310 2546 3363 2600 4.
3391 2543 3523 2598 ηιίη.
3547 2539 3614 2596 ν.

2044 2658 2222 2713 Fossii
2254 2654 2425 2710 Catal.
2457 2653 2613 2706 codd.
2639 2681 2700 2691 —
2737 2649 2989 2718 Magliab.
3014 2645 3056 2710 Ι,
3090 2661 3142 2714 p.
3170 2644 3264 2698 511
3297 2657 3380 2712 sq.
3413 2643 3487 2694 De
3512 2637 3619 2692 alia

2047 2752 2177 2805 edit.
2223 2750 2422 2802 Bcnon.
2469 2744 2606 2798 M97
2637 2759 2687 2798 v.
2727 2742 2792 2795 ad
2831 2759 2882 2794 ιι.
2918 2740 3008 2792 24.
3049 2769 3120 2780 ——
3158 2736 3505 2790 Censorinus.
3550 2761 3622 2773 --

2047 2835 2262 2889 Cebetis
2292 2830 2469 2884 tabula
2493 2859 2560 2868 —-
2591 2826 2762 2879 Basil.
2794 2825 2869 2878 De
2899 2824 3097 2878 invidia
3121 2830 3174 2876 et
3204 2821 3280 2873 De
3305 2820 3407 2872 vita
3438 2818 3624 2871 solita-

2051 2928 2155 2988 ria,
2191 2925 2314 2979 Lat.
2346 2933 2455 2977 etc.
2483 2919 2676 2975 Venet.
2710 2934 2803 2985 per
2829 2916 3147 2969 Bernardin.
3176 2913 3240 2965 de
3266 2909 3428 2963 Vital.
3461 2906 3621 2971 1500,

2053 3021 2128 3074 4ο.
2159 3017 2220 3073 V.
2253 3017 2422 3071 Maitt.
2449 3015 2536 3078 IV,
2564 3030 2685 3081 pag.
2717 3013 2820 3064 720
2850 3026 2930 3078 sq.
2951 3007 3154 3062 ——Cel.
3187 3005 3409 3059 Panzer.
3440 3007 3502 3056 Α.
3537 3000 3624 3065 Τ.,

1981 3141 2024 3198 c
2057 3109 2166 3174 VII,
2200 3125 2251 3178 p.
2293 3107 2420 3175 270,
2455 3123 2507 3159 ιι.
2541 3105 2664 3165 1°15,
2709 3103 3013 3156 versionem
3053 3096 3368 3152 Cranevehl.
3407 3103 3460 3147 et
3493 3092 3624 3147 edit.

2059 3209 2226 3264 refert
2249 3223 2310 3260 ex
2351 3205 2460 3260 Val.
2498 3202 2665 3256 Andr.
2699 3199 2839 3253 Bibl.
2886 3197 3115 3265 Brlgie.,
3142 3210 3260 3263 pag.
3291 3192 3420 3253 2‘27,
3460 3191 3526 3243 ad
3563 3190 3628 3242 Α.

2059 3299 2220 3362 1551»,
2256 3299 2330 3352 8°.
2363 3297 2535 3350 Inscr.
2583 3301 2713 3345 est:
2757 3289 2944 3342 Basilii
2987 3286 3062 3341 M.
3105 3285 3334 3339 Itomiliar
3380 3292 3504 3336 tres.
3554 3280 3631 3333 De

2058 3393 2285 3447 utilitate
2334 3387 2589 3456 capienda
2623 3401 2686 3439 ex
2723 3383 2992 3454 gentilium
3039 3390 3314 3433 auctorum
3356 3375 3525 3428 libris.
3560 3373 3633 3426 De

2057 3484 2279 3538 invidia.
2318 3480 2384 3533 In
2419 3479 2550 3532 illud
2586 3493 2605 3532 :
2644 3496 2662 3529 ι
2709 3474 2926 3528 Attende
2971 3471 3063 3524 tibi
3106 3471 3228 3540 ipsi.
3270 3488 3288 3519 ι
3318 3467 3508 3521 Latine
3543 3479 3636 3533 per

2059 3576 2254 3631 Frauc.
2295 3571 2612 3627 Craneveld.
2663 3568 2865 3622 Lovan.
2912 3580 2977 3617 ex
3025 3561 3116 3616 off.
3169 3560 3390 3628 Rutgeri
3432 3557 3632 3610 Rescii.

2061 3666 2218 3720 1554.
2259 3693 2327 3703 --
2356 3662 2542 3715 Basilii
2579 3658 2655 3714 Μ.
2693 3674 2752 3710 ac
2794 3654 3064 3708 Plutarchi
3101 3651 3176 3704 De
3226 3649 3422 3703 invidia
3476 3655 3522 3698 et
3553 3645 3637 3696 di-

2062 3759 2301 3811 scrimine
2325 3753 2532 3808 invidia:
2561 3762 2605 3804 et
2636 3750 2765 3811 odii,
2798 3756 2955 3802 oratt.
2996 3743 3080 3797 11.
3114 3740 3331 3809 Leipzk.
3367 3735 3525 3799 1507,
3560 3735 3635 3787 4⁸.

2063 3880 2132 3892 -
2157 3847 2477 3903 Athanasius
2509 3846 2564 3898 in
2597 3842 2798 3898 Psalm.
2842 3855 3020 3904 opusc.
3051 3864 3122 3878 —-
3151 3833 3414 3903 Epicteti,
3443 3827 3639 3897 Angela

2066 3941 2334 3994 Politiano
2374 3939 2669 4004 interprete.
2712 3932 2903 3986 Basilii
2948 3937 3082 3984 orat.
3119 3927 3193 3981 De
3236 3925 3467 3985 invidia,
3516 3919 3640 3974 Nic.

2069 4030 2282 4085 Perotto
2334 4032 2635 4096 interprete.
2685 4021 3028 4084 Plutarchus,
3075 4027 3205 4080 etc.,
3237 4017 3529 4084 Argeator.
3576 4023 3644 4062 ex

2069 4127 2161 4183 off.
2187 4126 2376 4179 Matth.
2410 4123 2667 4176 Schul'er.
2702 4117 2859 4177 1508,
2885 4116 2959 4169 4ο.
2990 4112 3118 4166 Vide
3147 4110 3371 4169 Panzer,
3401 4104 3488 4166 Vl,
3524 4117 3643 4171 pag.

2070 4221 2162 4286 ἀεὶ,
2189 4237 2242 4272 ιι.
2285 4216 2407 4274 151.
2439 4217 2631 4269 Exstat
2675 4213 2729 4266 in
2775 4210 2902 4265 XIX
2941 4206 3097 4263 codd.
3134 4203 3263 4260 bibl.
3292 4199 3438 4271 publ.
3475 4197 3648 4251 Paris.

400 4314 456 4414 ᾖ).
491 4341 558 4394 72
596 4337 752 4410 sqq.]
781 4337 977 4406 Incipit
1008 4352 1021 4388 :
1052 4332 1246 4388 Πολλοὶ
1275 4330 1375 4400 τῆς
1401 4324 1748 4386 διδασκαλίας
1777 4324 1825 4374 οἱ
1859 4321 1944 4392 τρε

2073 4314 2250 4370 11Αιιι..

403 4451 520 4487 ποι.
573 4431 861 4486 Verterunt
903 4429 1290 4484 Volaterranus
1324 4433 1378 4477 et
1418 4420 1732 4476 Carnarius.
1773 4415 1887 4468 Vidi
1921 4422 1975 4466 et

2147 4407 2233 4460 1:2.
2275 4405 2368 4467 Ei;
2399 4403 2498 4475 τὴν
2524 4400 2697 4472 ἀρχὴν
2728 4398 2837 4450 τῶν
2868 4393 3208 4466 Παροιμιῶν,
3238 4389 3305 4443 In
3338 4384 3652 4457 principium

405 4525 667 4580 Gallicam
712 4523 1011 4576 versionem
1046 4477 1308 4573 iescusam
1352 4515 1674 4580 Bothomag.
1706 4508 1866 4570 1584,
1900 4504 1974 4558 8°.
2009 4488 2051 4541 D
2081 4499 2513 4552 Proverbiorum.
2545 4493 2739 4564 [Garn.
2771 4491 2834 4552 11,
2859 4506 2912 4557 p.
2939 4489 3030 4551 97,
3065 4483 3197 4555 etc.]
3225 4480 3454 4549 Incipit:
3490 4477 3654 4542 Ἀγα-

411 4618 578 4674 Face.
617 4616 812 4670 Multus
863 4623 944 4667 est
991 4613 1059 4666 de
1116 4612 1216 4664 hac
1264 4610 1406 4662 hom.
1453 4602 1768 4658 Schrmckh.
1813 4600 1850 4653 l.
1904 4615 1977 4660 c.,

411 4726 466 4780 p.
497 4710 598 4765 194
631 4724 752 4778 sqq.
787 4738 853 4747 —
888 4706 1073 4762 Exstat
1102 4703 1156 4756 in
1189 4699 1329 4754 XVII
1357 4698 1516 4752 codd.
1552 4695 1680 4749 bibl.
1713 4691 1855 4761 publ.
1884 4689 1984 4742 Pa-

415 4802 511 4855 ris.
537 4830 605 4840 -—-
627 4799 866 4853 Florent.
902 4799 954 4850 in
982 4795 1103 4851 cod.
1129 4793 1385 4848 Laurent.
1411 4787 1550 4854 XVI,
1579 4805 1632 4840 ιι.
1657 4787 1746 4850 22,
1771 4783 1904 4856 plut.
1929 4784 1981 4838 7.

417 4890 683 4962 (Bandin.
715 4888 754 4952 1,
786 4903 838 4956 p.
866 4884 1032 4954 281.)
1074 4883 1246 4937 Hann.

486 4980 573 5035 10.
615 4978 772 5034 Κατὰ
811 4977 1200 5050 ὀργιζομένων,
1226 4974 1302 5027 De
1323 4973 1404 5025 ira
1426 5013 1441 5037 ,
1472 4972 1586 5025 sive
1611 4970 1860 5023 adversus
1888 4967 1990 5019 ira-

2083 4591 2174 4653 θὸς
2197 4591 2224 4641 ὁ
2251 4591 2347 4659 τῆς
2372 4584 2684 4645 εὐπειθείας
2713 4581 2922 4652 μισθός.
2952 4579 3243 4632 Vcrtcrunt
3269 4570 3658 4624 Volaterranus

2084 4690 2138 4733 et
2172 4654 2489 4732 Cornarius.
2527 4674 2718 4727 Exstat
2749 4672 2802 4725 in
2830 4668 2927 4724 xu
2952 4668 3108 4723 codd.
3136 4663 3266 4718 bibl.
3294 4659 3440 4731 publ.
3481 4654 3655 4712 Paris.

2086 4771 2259 4826 IIARL.

2167 4861 2254 4915 15.
2295 4855 2675 4931 Προτρεπτικὴ
2696 4856 2774 4917 εἰς
2793 4854 2853 4906 τὸ
2880 4852 3032 4920 ἆγιον
3056 4847 3366 4914 Βάπτισμα,
3390 4839 3660 4894 Exhorta-

2089 4956 2160 5008 tio
2191 4954 2257 5005 atl
2289 4952 2605 5020 baptismum
2638 4958 2684 5000 et
2719 4945 3094 5015 paenitentiam.
3129 4939 3340 5010 [Gartn
3375 4934 3440 4995 II,
3471 4951 3522 5003 p.
3562 4931 3665 4986 115

416 5086 610 5126 scentes
652 5024 964 5142 [Garnfilj
1085 5024 1210 5138 83:]
1247 5024 1441 5133 Incipii
1523 5063 1734 5131 Ὥσπερ
1762 5059 1854 5112 ὲπὶ
1880 5057 1944 5110 τᾶ

2091 5045 2254 5118 sqq.]
2282 5043 2472 5112 Incipit
2508 5063 2519 5097 :
2562 5042 2622 5094 '0
2652 5040 2748 5110 μὲν
2789 5036 2949 5105 σοφὸς
2977 5030 3246 5103 Σολομὼν.
3295 5027 3465 5083 Vertit
3501 5024 3661 5078 Vola-

2402 5133 2417 5142 .-
2440 5133 2477 5142 η
2571 5134 2582 5142 .
2651 5131 2734 5142 ιιιυ
2751 5129 2790 5142 ιν
2806 5130 2839 5142 11
2966 5126 2976 5142 ι
3005 5128 3013 5142 ι
3067 5126 3122 5142 τι.
3143 5125 3213 5142 _:-
3269 5120 3373 5142 LELI
3429 5117 3553 5142 _..I.I
3617 5129 3661 5142 ιιι

426 5163 682 5235 ἰατρικῶν
717 5159 1211 5233 παραγγελμάτων.
1247 5156 1540 5211 Verterunt
1568 5155 1730 5208 iidem
1751 5151 1994 5206 Volater-

422 5273 587 5310 ranus
619 5264 672 5310 et
705 5254 1018 5309 Carnarius.

2095 5151 2365 5193 terranus.
2402 5133 2532 5205 [Est
2571 5134 2622 5186 in
2651 5129 2839 5183 XXXV
2881 5126 3036 5180 codd.
3066 5125 3231 5178 Paris.
3269 5120 3398 5175 bibl.
3429 5117 3575 5188 publ.
3613 5129 3666 5172 et

1059 5207 1277 5304 Prodiit
1302 5207 1375 5303 ξ.
1390 5207 1690 5315 separatim
1723 5243 1910 5297 Graece
1940 5249 1994 5293 et
2095 5233 2148 5287 in
2179 5231 2297 5284 COtl.
2325 5227 2550 5281 Coislin.
2581 5222 2692 5287 ev,
2723 5239 2778 5276 η.
2809 5218 2965 5274 ear.
2994 5214 3281 5270 Montf:.uc.
3308 5211 3446 5267 Bibl.
3481 5207 3666 5270 σθω..

421 5348 541 5403 Lat.
573 5348 750 5403 Paris.
789 5347 946 5412 1587,
991 5345 1066 5409 4ο,
1108 5359 1228 5396 cum
1260 5298 1710 5408 inierp'rtemtione
1744 5333 1995 5388 Gentiani
2097 5323 2296 5394 p.179.
2327 5320 2384 5372 In
2413 5321 2532 5374 Cat.
2558 5315 2718 5370 codd.
2747 5312 2920 5366 Paris.
2953 5321 3082 5362 tom.
3109 5308 3172 5371 II,
3197 5321 3316 5375 pag.
3348 5302 3437 5382 67,
3467 5301 3520 5354 in
3546 5298 3668 5352 cod.

423 5439 663 5494 Herreti.
692 5437 859 5492 Fsaa.
902 5437 946 5489 A
983 5435 1252 5490 Maittaire
1281 5432 1348 5485 A.
1382 5429 1467 5492 T.,
1509 5428 1591 5492 III,
1624 5445 1678 5496 p.
1710 5425 1830 5490 798,
1864 5426 1994 5478 edit.

427 5531 507 5586 sic
534 5531 881 5598 designatur:
911 5527 1101 5581 Basilii
1136 5524 1212 5578 Μ.
1245 5525 1386 5576 hom.
1419 5521 1669 5574 adversus
1697 5518 1998 5580 irascentes,

428 5620 522 5677 Gr.
555 5633 603 5676 et
630 5621 746 5676 Lat.
771 5622 1048 5690 interprete
1079 5618 1219 5672 Dan.
1248 5613 1523 5684 Augentio,
1550 5627 1665 5664 cum
1698 5609 1812 5679 ejus
1842 5607 1997 5660 notis.

427 5712 603 5768 Latet.
627 5729 712 5781 ap.
743 5711 789 5764 F
793 5713 876 5767 ed.
903 5710 1090 5764 Morel.
1115 5707 1270 5772 1587,
1294 5706 1441 5760 4⁶.-
1458 5703 1594 5762 Ibid.
1625 5717 1752 5756 vero
1773 5716 1827 5769 p.
1858 5698 1960 5750 550
1987 5715 2000 5750 :

431 5801 676 5860 Gentiani
717 5801 928 5860 Herveti
956 5809 1116 5859 oratt.
1156 5811 1278 5869 tres,
1309 5796 1388 5855 De
1416 5795 1687 5868 patientia,
1719 5805 1847 5862 etc.,
1882 5791 2003 5846 item

2099 5411 2425 5477 CDLXXVI,
2463 5427 2516 5464 ιι.
2552 5409 2638 5473 18,
2675 5408 2935 5475 scriptum
2971 5413 3055 5457 est
3083 5403 3150 5454 ab
3179 5399 3398 5465 antiqua
3434 5407 3615 5457 manu,
3641 5407 3672 5443 e

2103 5506 2245 5575 ston
2264 5503 2493 5569 judicari
2517 5514 2696 5571 posse,
2722 5506 2862 5552 orat.
2889 5497 3035 5550 illam
3069 5509 3173 5546 non
3207 5505 3327 5545 esse
3355 5499 3670 5557 germanum

2104 5597 2291 5652 Basilii
2341 5596 2524 5648 fetum.
2563 5592 2792 5646 Additur
2836 5604 2852 5643 :
2895 5589 3079 5657 Neque
3134 5585 3260 5639 illud
3313 5593 3551 5645 temere;
3591 5585 3676 5633 est

2105 5691 2250 5745 enim
2285 5686 2471 5757 Cyrilli
2505 5683 2769 5739 IIierosol.
2806 5678 3228 5752 procatechesis.
3269 5671 3466 5744 IIAIIL.]

2180 5781 2266 5838 11.
2307 5777 2460 5835 Κατὰ
2497 5775 2822 5848 μεθυόντων,
2855 5773 2923 5829 In
2951 5772 3250 5831 ebrietatem
3281 5776 3330 5824 et
3356 5765 3556 5820 luxum.
3582 5757 3677 5816 In-
