4094 6220
499 309 665 369 ἐεινι

1873 304 2410 366 PROLEGOMENA.

505 427 644 494 cipit
678 422 877 477 εΚινεϊ
911 416 1105 493 μέν’με
1130 419 1268 491 πρὸς
1291 420 1383 476 τὸν
1405 420 1583 492 λόγον.
1617 420 1637 493 [
1661 420 1827 477 Garn.
1864 421 1930 486 ll,
1959 437 2072 494 pag.

2189 430 2242 474 et
2273 420 2341 476 de
2380 418 2496 490 ipsa
2540 417 2789 488 homilis,
2832 433 2996 490 quam
3041 418 3114 476 ita
3152 419 3452 492 elegantem
3491 427 3550 476 et
3582 432 3756 475 ornat-

507 516 615 573 I22
652 514 813 587 sqq.]
843 512 1019 568 Vertit
1049 512 1459 577 Volaterranus,
1484 529 1606 568 cum
1636 515 1787 583 cujus
1815 514 2079 583 interpre-

508 609 713 662 tatione
743 603 1036 673 separatim
1081 603 1247 658 etiam
1281 604 1480 673 prodiit
1522 603 1637 657 haec
1669 603 1886 658 homilia
1927 601 2079 657 Kilo-

507 702 611 755 nite
638 696 796 762 I675,
826 697 903 762 4ο,
932 694 1200 762 adjunctis
1236 694 1358 749 aliis
1391 695 1674 749 ebrietatis
1702 693 2080 764 descriptioni-

504 792 606 844 bus
622 797 677 844 et
691 787 1121 843 accusationibus
1144 787 1413 840 variorum
1432 787 1751 855 scriptorum
1769 786 2077 841 Grtccurum

502 882 949 951 Latinorumque.
1021 879 1413 950 lnterpretatus
1486 890 1683 948 prmter
1750 879 2074 934 Cornarium

503 975 668 1028 etiam
694 982 779 1029 est
807 972 1128 1028 Franciscus
1154 970 1558 1035 Craneveldius,
1591 970 1791 1024 Lovau.
1817 970 1970 1033 I558,
1998 970 2076 1036 8°,

504 1074 562 1121 et
583 1065 767 1121 Simon
787 1064 1028 1120 Stenius.
1053 1062 1390 1132 lleidelberg.
1416 1062 1575 1128 1594,
1592 1062 1661 1117 8°.
1681 1061 1849 1117 Fusa.
1871 1062 2076 1116 Secun-

504 1157 629 1211 dum
648 1157 915 1212 Maittaire
933 1156 998 1211 Λ.
1020 1156 1081 1211 Τ.
1099 1157 1150 1210 ἱιι
1168 1156 1364 1217 indice,
1380 1170 1428 1224 p.
1449 1156 1569 1221 II7,
1584 1155 1918 1209 Craneveldii
1932 1170 2075 1210 vers.

503 1249 626 1305 Lat.
648 1251 847 1318 prodiit
868 1249 1070 1304 Lovan.
1097 1262 1160 1302 ex
1179 1248 1267 1301 ofl‘.
1294 1246 1516 1316 Rutgeri
1537 1247 1710 1300 Rescii
1738 1245 1897 1311 1555,
1920 1246 2079 1299 8°.—

502 1338 935 1397 Eademﬁrtece
952 1380 963 1407 ,
982 1339 1052 1393 ib.
1076 1338 1229 1402 1555,
1248 1340 1320 1392 8°.
1334 1337 1476 1391 Idem
1502 1337 2075 1391 teStaturcel.Panzcr.

501 1432 571 1485 Α.
596 1435 651 1487 Τ.
674 1430 786 1495 VII,
809 1446 927 1501 pag.
951 1428 1077 1493 209,
1105 1446 1153 1483 n.
1189 1427 1311 1486 114.
1338 1437 1463 1496 etp.
1490 1426 1614 1487 270,
1647 1443 1700 1483 n.
1727 1427 2076 1484 I25.—Basi-

505 1523 564 1577 lii
609 1531 750 1579 orat.
795 1525 849 1576 in
892 1522 1215 1585 ebrietatem,
1268 1519 1470 1575 Iacobo
1525 1519 1700 1574 Fabro
1758 1520 2074 1587 interprete,

504 1615 809 1670 Daventrias
853 1630 949 1684 per
973 1614 1180 1667 Theod.
1223 1612 1439 1667 erne.
1482 1612 1641 1677 1510,
1678 1611 1754 1665 4ο.
1796 1611 1861 1667 ν.
1891 1609 2073 1667 Thott.

505 1708 685 1764 Catal.
708 1706 819 1771 VII,
853 1722 977 1777 pag.
1003 1706 1126 1760 I24.
1153 1733 1223 1744 —
1247 1703 1542 1773 Descriptio
1574 1703 1862 1765 ebrietatis,
1884 1702 1939 1756 in
1966 1701 2079 1756 col-

2186 521 2296 566 tam
2320 525 2442 567 esse
2461 510 2692 582 iudicat,
2721 522 2781 568 ut
2807 510 2924 584 ejus
2947 521 3153 579 auctor,
3179 514 3492 584 quicunque
3511 512 3603 570 ille
3627 512 3751 581 fuit,

2180 605 2514 675 praecipuum
2561 604 2739 663 locum
2786 606 2925 660 inter
2954 614 3201 662 oratores
3236 605 3437 662 mereri
3473 606 3753 673 videatur;

2181 704 2462 765 comparat
2496 712 2616 751 eam
2649 712 2773 752 cum
2815 697 2927 765 illa,
2958 712 3079 767 quas
3110 698 3210 754 sub
3241 696 3612 769 Chrysostomi
3653 713 3757 754 no-

2181 789 2327 843 mine
2369 787 2778 856 circumfertur,
2811 798 2868 844 et
2905 790 3138 861 colligit,
3171 790 3455 860 utriusque
3484 790 3754 845 orationis

2181 895 2347 934 unum
2380 888 2438 935 et
2463 880 2710 935 eumdem
2757 895 2881 937 esse
2917 893 3233 948 auctorem,
3268 897 3329 938 ac
3369 883 3750 952 posteriorem,

2180 971 2336 1042 quasi
2360 971 2579 1041 prioris,
2596 971 2990 1044 Chrysostomo
3014 972 3249 1040 tributae,
3274 973 3569 1044 epitomen,
3589 983 3754 1042 atque

2178 1061 2485 1117 Antiochiae
2548 1062 2828 1130 habitam,
2884 1064 3271 1136 Cbrysostom‘o
3328 1078 3541 1134 quoque
3590 1078 3752 1133 posse

2179 1152 2473 1217 vindicari,
2531 1153 2723 1208 saltem
2779 1152 2981 1208 Basilio
3035 1170 3140 1209 non
3186 1155 3554 1208 asserendam.
3608 1153 3750 1207 Add.

2180 1242 2500 1299 SCIII‘IBttkII.
2528 1242 2566 1298 ι.
2596 1258 2671 1308 c.,
2702 1258 2826 1313 pag.
2861 1242 2964 1298 I90
2985 1259 3069 1313 sq.
3110 1273 3182 1285 —
3203 1241 3329 1298 Htec
3356 1242 3595 1307 homilia,
3620 1243 3748 1297 item

2176 1333 2245 1390 In
2268 1351 2322 1390 ιιι
2340 1346 2626 1406 martyres;
2646 1334 2841 1390 Contra
2866 1336 3170 1401 irascentes,
3189 1345 3243 1391 et
3264 1335 3367 1389 illa:
3388 1335 3442 1389 in
3469 1333 3625 1389 Luca
3647 1349 3745 1401 xu,

2178 1428 2269 1493 I8,
2303 1447 2323 1481 ι
2352 1430 2625 1483 destruam
2654 1427 2844 1482 horrea
2873 1443 3011 1493 mea,
3046 1446 3066 1481 ι
3094 1438 3260 1497 atque
3287 1429 3341 1481 in
3370 1426 3501 1481 Luc.
3530 1442 3665 1507 xm,
3688 1428 3745 1494 5,

2183 1539 2203 1572 ι
2238 1519 2449 1575 attende
2474 1519 2568 1572 tibi
2607 1519 2729 1588 ipsi,
2773 1538 2793 1572 ι
2839 1528 2963 1574 sunt
2989 1518 3151 1573 etiam
3179 1519 3232 1573 in
3263 1516 3473 1572 Patusa:
3497 1515 3750 1587 Encyclo-

2175 1613 2349 1682 ptedia
2383 1610 2637 1681 pltilolog.
2665 1611 2858 1666 Venet.
2894 1610 3053 1674 1710,
3077 1611 3153 1673 8°,
3196 1609 3306 1665 vol.
3345 1608 3411 1664 ll.
3450 1637 3521 1650 —-
3560 1608 3748 1663 Exstat

2179 1703 2268 1758 illa
2303 1704 2450 1758 hom.
2476 1705 2528 1758 in
2561 1700 2658 1756 Xll
2687 1702 2844 1757 codd.
2875 1701 3051 1757 Paris.
3084 1701 3258 1756 HsnL.

507 1797 740 1852 lectione
771 1797 1029 1866 inscripta
1057 1814 1069 1849 ε
1098 1792 1584 1864 Francofordiense
1609 1794 1916 1860 emporium.
1949 1792 2072 1860 Ejus

2249 1795 2338 1849 I9.
2380 1794 2478 1859 Et;
2525 1794 2780 1868 μάρτυρα
2820 1793 3066 1866 Γόρδιον,
3100 1792 3171 1847 In
3213 1792 3501 1858 Gordium,
3548 1802 3748 1862 marty-

504 1885 809 1940 encomium
845 1903 859 1938 :
884 1913 958 1926 —
982 1913 1053 1924 —
1081 1883 1485 1954 Methysomisia
1512 1892 1734 1937 auctore
1762 1881 1928 1937 Ilenr.
1956 1882 2078 1937 Ste-

501 1980 702 2047 phano.
743 1977 1146 2047 Epigrammata
1177 1992 1245 2032 ex
1273 1975 1585 2045 anthologia
1615 1984 1804 2030 contra
1836 1974 2075 2030 ebrieta-

401 2057 420 2075 ⁰
506 2077 634 2132 tem,
665 2082 790 2122 cum
831 2066 952 2121 Lat.
983 2065 1102 2121 Jos.
1136 2064 1395 2134 Scaligeri
1427 2066 1895 2132 interpretatione.
1925 2063 2078 2119 Liba-

505 2160 589 2225 nii
609 2159 890 2228 descriptio
932 2157 1200 2211 ebrietatis
1239 2167 1294 2210 et
1335 2156 1544 2219 Basilii.
1571 2157 1669 2214 Gr.
1713 2167 1768 2212 et
1805 2157 1927 2212 Lat.
1965 2157 2074 2212 Lu-

500 2250 644 2306 uani
690 2260 853 2304 oratt.
893 2266 987 2319 pro
1023 2250 1268 2304 ebrietate
1298 2259 1348 2303 et
1387 2261 1570 2303 contra
1607 2249 1942 2314 ebrietatem,
1968 2257 2073 2302 etc.

500 2341 648 2412 typis
675 2341 838 2395 Henr.
871 2339 1132 2409 Stephani
1168 2340 1326 2406 1574,
1362 2340 1437 2395 8°.
1469 2370 1537 2380 —
1572 2338 1726 2396 Orat.
1752 2341 1926 2403 estin
1958 2339 2073 2394 XVI

498 2431 660 2487 codd.
699 2431 831 2486 bibl.
866 2432 1014 2501 pubi.
1056 2431 1232 2488 Paris.
1258 2462 1330 2473 ——
1374 2433 1428 2486 iu
1463 2433 1583 2487 cod.
1624 2431 1847 2486 Thurin.
1888 2431 2074 2494 CXVI,

499 2522 598 2578 fol.
630 2523 719 2578 42.
750 2525 815 2579 V.
841 2522 961 2578 Cat.
994 2526 1148 2579 codd.
1177 2525 1271 2582 Cr.
1310 2525 1501 2590 Taur.,
1527 2544 1578 2596 p.
1603 2525 1729 2589 2I9,
1760 2535 1865 2581 etc.
1899 2525 2071 2582 Ilua.

569 2615 658 2671 I5.
699 2617 834 2688 Περὶ
868 2617 1121 2683 πίστεως,
1160 2618 1235 2691 De
1261 2619 1385 2687 ﬁde,
1415 2620 1529 2674 sive
1561 2618 1640 2672 De
1677 2617 1954 2673 Trinitate.
1985 2618 2073 2673 In-

497 2704 630 2776 cipit
676 2724 689 2760 :
727 2706 864 2761 Θεοῦ
917 2710 1229 2780 μεμνῆσθαι
1277 2711 1376 2783 μὲν
1422 2711 1706 2784 διηνεκῶς.
1752 2710 1969 2783 [Garm
2010 2710 2072 2779 ll,

496 2812 620 2868 pag.
663 2798 789 2864 150,
825 2801 972 2874 etc.[
1019 2804 1305 2858 Verterunt
1347 2801 1733 2859 Volaterranus
1778 2815 1832 2859 et
1863 2803 2075 2859 Corna-

497 2889 631 2944 rius.
665 2888 800 2962 [Est
839 2893 890 2947 in
931 2892 1095 2949 XVIII
1144 2898 1299 2951 codd.
1347 2895 1521 2951 Paris.
1558 2896 1689 2953 bibl.
1738 2896 1877 2953 Add.
1913 2896 2074 2952 Lam-

494 2980 640 3045 bec.,
667 2980 756 3047 Ill,
790 2998 844 3052 p.
877 2984 1001 3051 557,
1032 2984 1183 3056 etc.]

566 3070 654 3126 I6.
693 3072 786 3136 Ei;
811 3072 908 3143 τὴν
944 3074 1116 3147 ἀρχὴν
1136 3074 1233 3128 τοῦ
1263 3075 1404 3129 κατὰ
1441 3076 1691 3152 Ἰωάννην
1716 3082 2069 3153 Εὐαγγελίου,
2097 3112 2139 3170 C

495 3165 568 3221 In
612 3171 786 3237 prima
834 3170 984 3222 verba
1024 3169 1297 3240 Evangelii
1337 3170 1584 3229 Joannis.
1616 3174 1807 3248 Incipit
1855 3195 1868 3231 :
1911 3180 2069 3234 Πᾶσα

498 3256 600 3327 μὲν
623 3259 657 3330 ἡ
683 3257 793 3313 τῶν
818 3260 1164 3330 Εὐαγγελίων
1189 3263 1362 3333 φωνή.
1396 3262 1584 3335 [Garn.
1612 3265 1677 3333 Il,
1703 3285 1756 3339 p.
1787 3269 1910 3334 154,
1934 3270 2068 3344 etc.]

498 3348 799 3407 Verterunt
845 3354 1030 3409 iidem.
1068 3353 1283 3409 Citatur
1315 3371 1345 3409 a
1379 3355 1710 3429 Pachymere
1734 3360 1973 3420 Proem.
2001 3366 2070 3422 ad

497 3441 814 3512 Dionysium
844 3445 1042 3513 Areop.
1076 3442 1210 3515 [Est
1241 3445 1294 3499 in
1326 3444 1420 3499 XV
1444 3450 1602 3506 codd.
1636 3449 1856 3525 Paris.]

567 3534 589 3608 [
617 3532 872 3605 Sequitur
907 3537 961 3591 iu
1004 3538 1317 3593 recensione
1341 3538 1557 3595 Fabric.
1590 3558 1644 3599 n.
1674 3542 1763 3607 I7,
1795 3542 1940 3597 hom.
1971 3543 2070 3607 Εἰς

493 3626 556 3682 τὸ
583 3627 735 3696 ἅγιον
758 3628 1058 3700 βάπτισμα·
1085 3632 1176 3685 sed
1195 3630 1444 3688 Garnier.
1472 3633 1659 3702 rejecit
1681 3650 1799 3690 eam
1819 3651 1938 3706 pag.
1964 3635 2069 3692 585

495 3716 640 3773 inter
666 3720 847 3788 spuria
872 3719 1054 3776 Basilii
1080 3737 1229 3792 0pp.,
1256 3734 1313 3779 ut
1342 3738 1441 3779 suo
1474 3724 1591 3781 loco
1618 3726 1866 3796 pluribus
1886 3737 2067 3781 osten-

495 3808 708 3865 demus.
746 3811 913 3866 IIARL.
937 3810 957 3884 ]

566 3900 678 3973 [17.
721 3904 816 3967 Εἰς
836 3905 896 3957 τὸ
921 3905 1074 3975 ἅγιον
1098 3906 1402 3979 βάπτισμα,
1426 3906 1493 3963 In
1515 3918 1757 3964 sanctum
1785 3912 2063 3981 baptisma,

494 3998 677 4065 spuria
712 3996 988 4069 homilia.]

568 4087 655 4141 18.
687 4088 781 4152 Εἰς
815 4088 1076 4160 Βαρλαὰμ
1120 4091 1400 4162 μάρτυρα,
1443 4090 1511 4145 In
1552 4090 1925 4158 Barlaamum,
1961 4095 2067 4149 An-

494 4179 825 4247 tiochenum,
875 4192 1177 4251 martyrem.
1216 4180 1411 4251 Incipit
1454 4201 1467 4236 :
1518 4184 1790 4256 Πρότερον
1825 4185 1924 4255 μὲν
1957 4185 2065 4240 τῶν

493 4269 666 4338 ἁγίων
709 4271 758 4323 οἱ
790 4269 1027 4326 θάνατοι.
1058 4270 1264 4345 [Garm
1296 4274 1361 4338 ll,
1401 4290 1454 4343 p.
1487 4274 1590 4328 158
1631 4275 1792 4348 sqq.]
1825 4276 2067 4332 Meminit

495 4358 938 4434 MarterIOgium
976 4363 1277 4419 Romanum
1308 4366 1376 4424 I9
1403 4368 1538 4426 Nov.
1565 4368 1760 4424 Suidas
1798 4370 1851 4423 in
1882 4370 2066 4425 Βασί-

2178 1902 2311 1953 rem,
2366 1887 2593 1942 militem
2648 1886 3062 1942 Caesariensem.
3112 1885 3308 1956 Incipit
3346 1903 3362 1940 :
3405 1884 3589 1956 Νόμος
3629 1885 3750 1939 ἐστὶ

2178 1977 2394 2048 φύσεως
2418 1979 2539 2041 ταῖς
2574 1975 2855 2047 μελίσσαις
2890 1975 3080 2049 [Garn.
3108 1975 3172 2041 ll,
3200 1992 3255 2046 p.
3287 1975 3383 2030 141
3415 1974 3574 2046 sqq.]
3610 1974 3745 2031 Ver-

2179 2076 2359 2122 terunt
2400 2066 2785 2122 Volaterranus
2827 2077 2881 2121 et
2915 2065 3232 2121 Cornarius.
3273 2063 3518 2119 Meminit
3545 2064 3747 2136 Marty-

2179 2158 2445 2229 rologium
2469 2157 2773 2214 Romanum
2800 2157 2833 2212 5
2858 2156 2982 2212 Jan.
3016 2157 3384 2213 Damascenus
3410 2156 3462 2211 in
3491 2154 3745 2211 Paralte-

2176 2250 2241 2304 lis
2273 2260 2327 2305 et
2377 2249 2571 2306 Suidas
2620 2251 2676 2305 in
2720 2250 3060 2318 Βασίλειος.
3108 2249 3304 2306 Exstat
3342 2249 3506 2305 etiam
3552 2247 3748 2305 Latine

2174 2338 2317 2409 apud
2345 2337 2663 2395 Bollaudum
2692 2353 2749 2397 et
2783 2340 3002 2396 Surium
3064 2341 3131 2396 ad
3159 2342 3193 2397 5
3217 2340 3439 2395 Januar.
3479 2355 3545 2395 ex
3587 2339 3748 2395 Vola-

2178 2430 2384 2487 terrani
2428 2432 2700 2489 versione.
2753 2432 2931 2505 Fusa.
2972 2432 3264 2502 Reperitur
3308 2433 3363 2487 in
3418 2430 3537 2486 XVl
3582 2433 3741 2488 codd.

2174 2523 2349 2579 Paris.
2377 2553 2451 2566 ——
2478 2524 2536 2579 In
2563 2526 2684 2581 cod.
2717 2524 3038 2581 Taurinensi
3074 2522 3258 2591 CXVI,
3289 2524 3431 2579 inter
3466 2524 3745 2580 variorum

2175 2615 2454 2671 orationes
2489 2616 2542 2669 in
2579 2626 2869 2688 martyres,
2905 2618 2958 2672 d.
2998 2630 3061 2672 ιιι
3102 2614 3227 2671 Jan.
3262 2614 3422 2687 (Cat.
3454 2615 3608 2671 codd.
3644 2613 3740 2670 Gr.

2177 2706 2368 2773 Taur.,
2396 2723 2453 2779 p.
2482 2707 2608 2763 2I9.
2635 2709 2654 2780 )
2684 2737 2756 2749 —
2792 2708 3004 2763 Pariter
3034 2708 3087 2763 in
3127 2708 3249 2764 cod.
3282 2707 3543 2763 Laurent.
3572 2706 3741 2773 XVII,

2175 2816 2230 2857 ιι.
2255 2799 2310 2866 8,
2346 2800 2482 2871 plut.
2515 2801 2570 2869 9,
2594 2802 2688 2857 scd
2716 2802 2857 2857 inter
2888 2801 2991 2856 alia
3018 2801 3290 2856 variorum
3321 2814 3504 2870 opera,
3534 2800 3588 2854 in
3619 2803 3740 2855 cod.

2174 2894 2317 2959 XVI,
2358 2910 2414 2949 ιι.
2453 2894 2541 2961 15,
2582 2893 2717 2962 plut.
2749 2892 2838 2949 60.
2876 2893 2941 2949 V.
2986 2892 3215 2949 Bandin.
3265 2890 3389 2947 Cat.
3439 2892 3593 2946 codd.
3644 2889 3741 2947 Cr.

2172 2985 2365 3053 Laur.,
2397 2986 2439 3050 Ι,
2473 3002 2527 3057 p.
2553 2985 2680 3051 417,
2711 2994 2768 3041 et
2798 2986 2863 3053 II,
2895 3000 3017 3057 pag.
3051 2984 3177 3040 607.
3202 3013 3275 3026 ——
3300 2984 3498 3039 Matriti
3533 2984 3586 3039 in
3614 2986 3741 3039 cod.

2174 3076 2440 3133 LXXXVI
2473 3080 2645 3150 regio.
2689 3078 2752 3134 V.
2783 3078 2963 3134 lriarti
2996 3078 3117 3134 Cat.
3153 3080 3287 3133 codd
3329 3076 3449 3144 Gn,
3477 3094 3600 3150 pag.
3632 3078 3742 3134 454

2172 3185 2256 3242 sq.
2284 3202 2356 3213 —
2385 3170 2442 3226 In
2473 3172 2595 3227 cod.
2626 3171 2854 3242 August.
2886 3169 3094 3227 Vindel.
3118 3169 3482 3236 InBarlaam,
3511 3168 3581 3224 In
3607 3167 3743 3225 Cor-

2169 3266 2354 3331 dium;
2385 3264 2453 3319 In
2476 3280 2545 3318 xt.
2573 3275 2862 3334 martyres;
2884 3262 3078 3318 Contra
3111 3262 3344 3318 ebriosos
3379 3272 3427 3317 et
3456 3263 3740 3318 iracundos

2169 3365 2228 3414 et
2254 3357 2375 3414 alia:
2409 3355 2594 3412 Basilii
2622 3355 2883 3412 homilias.
2918 3352 2985 3410 V.
3028 3354 3241 3411 Beiser.
3281 3352 3457 3410 Catal.
3488 3367 3612 3424 pag.
3643 3352 3737 3410 50.

2167 3451 2342 3509 Hann.

2237 3545 2330 3601 20.
2368 3545 2463 3610 Εἰς
2500 3545 2628 3610 τοὺς
2668 3544 2857 3614 ἁγίους
2887 3543 3295 3616 τεσσαράκοντα
3330 3542 3632 3616 μάρτυρας.
3671 3541 3741 3596 In

2167 3655 2236 3694 XL
2264 3649 2473 3694 sanctos
2501 3649 2779 3709 martyres.
2811 3637 3001 3707 Incipit
3031 3655 3044 3691 :
3074 3635 3385 3708 Μαρτύρων
3411 3636 3633 3708 μνήμης
3652 3633 3741 3698 τις

2166 3729 2236 3784 ἃν
2270 3728 2482 3799 γένοιτο
2513 3729 2672 3802 κόρος
2701 3727 2781 3799 τῷ
2814 3728 3199 3800 φιλομάρτυρι.
3234 3725 3423 3798 [Carm
3458 3725 3521 3794 Il,
3550 3742 3604 3797 p.
3635 3725 3740 3780 149

2167 3837 2292 3892 sqq.
2346 3821 2591 3876 Meminit
2638 3819 3074 3891 Martyrologium
3110 3818 3268 3875 Rom.
3304 3819 3339 3874 9
3390 3817 3594 3882 Martii,
3634 3817 3743 3871 lia-

2164 3928 2455 3969 mascenus
2507 3913 2563 3968 in
2616 3910 2879 3968 Parattet.
2932 3918 2990 3967 et
3040 3910 3238 3966 Suidas
3288 3911 3345 3965 in
3394 3909 3737 3974 Βασίλειος.

2165 4004 2352 4061 ϐαιτερ
2392 4020 2517 4059 cum
2542 4019 2664 4060 nov.
2714 4005 2964 4060 versione
2994 4019 3091 4061 sua
3131 4012 3187 4060 et
3218 4003 3363 4059 notis
3396 4002 3566 4058 edidit
3591 4000 3735 4057 Ger.

2164 4096 2369 4151 bardus
2397 4093 2620 4151 Vossius
2674 4096 2740 4151 ad
2783 4095 3031 4165 Gregorii
3078 4093 3474 4164 Thaumaturgi
3512 4092 3737 4159 calcem,

2164 4202 2288 4258 pag.
2319 4186 2410 4243 75.
2450 4186 2739 4257 Moguntize
2768 4186 2925 4253 1604,
2946 4188 3024 4253 4ο,
3051 4201 3109 4242 et
3138 4185 3324 4243 Simon
3357 4185 3594 4241 Stenius.
3621 4184 3743 4240 Hei-

2166 4279 2407 4350 delberg.
2441 4279 2599 4345 1614,
2634 4279 2710 4334 8⁸.
2737 4279 2912 4334 Vertit
2954 4287 3011 4333 et
3054 4277 3249 4333 Petrus
3286 4276 3528 4332 Morinus
3549 4316 3565 4342 ,
3598 4276 3741 4330 inter

2167 4370 2321 4439 cujus
2354 4370 2611 4438 opuscula
2640 4369 2832 4425 Latine
2858 4370 2997 4424 vidit
3025 4368 3201 4424 lucem
3236 4367 3412 4423 Paris.
3439 4367 3597 4431 1675,
3625 4367 3739 4432 12⁸,

495 4456 678 4519 λειος.
723 4453 1014 4510 Verterunt
1066 4455 1454 4515 Volaterranus
1502 4470 1557 4515 et
1615 4459 1929 4516 Cornarius.
1988 4460 2067 4516 Ex
2098 4450 2142 4506 Ῑ)
2170 4476 2295 4532 pag.
2324 4460 2450 4515 226.
2484 4461 2623 4515 Ante
2650 4459 2939 4522 Morinum,
2960 4459 3210 4514 Vossium
3240 4458 3599 4526 Steuiumque
3622 4472 3743 4512 ver-

496 4543 835 4600 Vulaterrani
877 4549 1128 4603 versione
1154 4550 1350 4619 legitur
1379 4553 1545 4607 etiam
1581 4556 1720 4622 apud
1752 4552 1971 4607 Surium
2000 4556 2067 4607 ad
2170 4561 2352 4608 terunt
2385 4552 2702 4615 Carnarius,
2731 4560 2806 4617 et,
2837 4552 2991 4622 cujus
3023 4551 3204 4605 versio
3245 4550 3387 4619 apud
3419 4548 3637 4604 Surium
3672 4548 3742 4602 ad

494 4638 561 4694 I9
595 4638 854 4696 Novemb.
894 4641 1047 4708 Quod
1081 4659 1209 4698 vero
1239 4644 1594 4700 Combcllsius
1628 4655 1761 4699 tom.
1805 4644 1846 4699 l.
1878 4643 2070 4699 Basilii
2169 4643 2204 4698 9
2244 4633 2455 4709 Martii,
2490 4652 2546 4697 et
2599 4642 2653 4696 in
2704 4640 3136 4697 Graeco-Latinis
3180 4641 3365 4695 Basilii
3414 4640 3741 4695 editionibus

495 4731 749 4795 restituti,
788 4747 841 4801 p.
882 4732 1005 4799 I82,
1048 4735 1144 4798 ait,
1193 4734 1567 4806 Chrysostomi
1620 4737 1673 4789 in
1722 4735 2067 4790 Barlaammu

495 4837 761 4892 nusquam
798 4837 1135 4894 comparere,
1174 4825 1363 4882 fefellit
1392 4844 1515 4883 eum
1546 4830 1837 4893 memoria;
1880 4838 2063 4884 exstat

489 4915 631 4965 enim
652 4922 784 4968 tom.
811 4915 1078 4984 IOperum
1103 4917 1469 4988 Chrysostomi
1493 4921 1620 4975 edit.
1652 4921 1912 4989 Duc:ei,p.
1932 4921 2056 4985 785,

488 5012 544 5056 et
569 5013 698 5059 tom.
727 5004 768 5058 V
800 5004 988 5069 Savil.,
1015 5025 1138 5077 pag.
1161 5010 1286 5072 495,
1318 5020 1479 5080 atque
1517 5010 1704 5080 incipit
1734 5010 2069 5065 ςΣυνεκάλε-

492 5107 583 5144 σεν
608 5094 754 5165 ἡμᾶς
779 5096 857 5158 εἰς
883 5097 980 5167 τὴν
1005 5098 1155 5169 ἱερὰν
1192 5100 1396 5171 ταύτην
1419 5100 1610 5171 ἑορτὴν
1640 5094 1732 5154 κάι
1755 5102 2064 5172 πανήγυριν

493 5184 523 5236 ὁ
551 5184 837 5256 Μακάριος
874 5186 1157 5259 Βαρλαάμ.
1190 5190 1355 5245 1⁴Ἀιιιι.
1403 5192 1480 5244 Du
1516 5191 1611 5245 Pin
1645 5194 1889 5261 putabat,
1927 5193 2066 5246 hanc

493 5284 633 5327 orat.
659 5279 725 5328 ad
749 5275 1121 5345 Chrysostomi
1153 5281 1372 5348 phrasin
1405 5282 1575 5351 magis
1600 5285 1876 5345 accedere,
1901 5291 1956 5335 et
1982 5297 2068 5335 ve-

496 5367 773 5423 risimilius
820 5369 1047 5435 videri,,
1078 5385 1197 5424 catn
1244 5372 1480 5427 habitam
1526 5373 1697 5428 fuisse
1739 5374 2062 5429 Antiochiae.

498 5456 604 5512 Sed
648 5475 806 5515 secus
843 5462 1126 5518 videbatur
1166 5464 1530 5530 Tillemontio,
1576 5467 1666 5534 qui
1705 5481 1801 5535 pro
1837 5465 2058 5529 Basilio,

497 5551 618 5619 eius
642 5565 889 5623 parente,
920 5557 1075 5626 equis
1096 5557 1229 5611 viris
1256 5556 1497 5611 dimicat.
1518 5555 1769 5611 Garuicr.
1801 5557 1853 5609 in
1884 5556 2061 5622 Prwf.,

500 5639 534 5714 ς
565 5641 626 5707 II,
656 5659 777 5715 pag.
808 5663 862 5700 tv
883 5663 1030 5718 sqq.,
1055 5649 1254 5704 multus
1281 5651 1450 5706 estde
1474 5650 1838 5706 controversia
1864 5651 2060 5722 agitata

2169 4744 2370 4799 exstat,
2431 4732 2835 4788 Volaterranus.
2890 4731 3069 4787 Vossii
3124 4732 3428 4787 versionem
3480 4731 3743 4787 exhibent

2166 4822 2297 4878 Acta
2329 4822 2602 4887 Sanctor.,
2638 4831 2772 4877 tom.
2802 4821 2844 4876 ll
2889 4821 3089 4884 Martii,
3127 4835 3251 4891 pag.
3283 4819 3376 4877 25.
3419 4818 3588 4874 FABR.
3634 4818 3744 4875 IIo-

2167 4918 2310 4971 milia
2337 4918 2391 4970 in
2434 4933 2503 4971 x1.
2534 4925 2751 4987 martyr.
2778 4916 2982 4972 Graece.
3010 4915 3216 4970 Lovan.
3246 4930 3311 4969 ex
3342 4913 3483 4970 olIic.
3519 4914 3739 4984 Rutgeri

2171 5009 2375 5072 Rescii,
2418 5008 2578 5074 1556,
2611 5008 2685 5062 8°.
2718 5008 2856 5062 Add.
2914 5024 2970 5061 ιι.
3012 5006 3101 5062 18.
3134 5036 3207 5048 ——
3243 5005 3342 5060 Est
3392 5006 3442 5059 in
3473 5008 3593 5059 cod.
3633 5004 3744 5060 Na-

2169 5101 2336 5155 niano
2372 5098 2598 5164 CXLIII,
2635 5116 2690 5154 n.
2726 5099 2813 5163 15,
2847 5099 2989 5153 inter
3032 5112 3127 5152 sex
3156 5097 3409 5151 homilias
3441 5096 3624 5151 Basilii
3665 5098 3738 5152 M.

2173 5192 2331 5264 (Cat.
2364 5194 2519 5247 codd.
2560 5191 2706 5246 Non.
2743 5208 2848 5263 gn,
2881 5205 2938 5260 p.
2975 5191 3098 5245 554.
3124 5187 3143 5260 )
3165 5219 3236 5234 --
3267 5190 3324 5243 In
3365 5189 3484 5244 cod.
3511 5189 3737 5244 Coislin.

2169 5284 2531 5346 CCCLXVIII,
2585 5283 2680 5337 fol.
2726 5283 2850 5337 226.
2885 5280 3218 5351 (Montfauc.
3257 5280 3396 5335 Bibl.
3440 5279 3631 5343 Coisl.,
3684 5294 3737 5348 p.

2170 5377 2398 5447 565.)-
2420 5377 2475 5429 In
2494 5375 2669 5430 XXXI
2688 5374 2846 5429 codd.
2869 5373 3001 5427 bibl.
3030 5373 3201 5426 Paris.
3229 5372 3406 5441 publ.,
3431 5381 3538 5426 etc.
3566 5371 3740 5429 11Αιιι..

2245 5468 2361 5540 [21.
2413 5467 2669 5537 Ῥηθεῖσα
2712 5467 2770 5519 ὲν
2799 5464 3078 5531 Λακίςοις,
3110 5463 3333 5519 homilia
3372 5464 3517 5516 dicta
3551 5465 3608 5517 in
3634 5461 3740 5517 La-

2171 5561 2296 5613 cizis
2325 5556 2451 5630 (a).]

2243 5651 2334 5704 22.
2375 5649 2512 5721 Περὶ
2536 5647 3056 5719 ταπεινοφροσύνης,
3076 5645 3151 5700 De
3169 5646 3481 5702 humilitate.
3515 5645 3735 5716 Incipit:

570 5755 645 5826 (α)
674 5755 920 5816 Garnier.
964 5764 1199 5832 reposuit
1242 5762 1386 5818 illam
1436 5764 1491 5818 in
1549 5764 1842 5834 appendicc
1888 5764 2027 5822 inter
2074 5762 2277 5834 spuria,
2311 5764 2371 5828 ll,
2413 5778 2465 5832 p.
2509 5760 2609 5818 587
2651 5777 2756 5832 sq.,
2799 5769 2853 5817 et
2886 5761 2941 5817 in
2971 5758 3131 5817 Praef.
3164 5759 3193 5831 ᾗ
3228 5758 3317 5829 IV,
3349 5774 3468 5831 pag.
3512 5775 3564 5814 at
3609 5772 3733 5830 sqq.
