4094 6220
540 365 748 406 ηεαινιη

1909 339 2439 397 PROLEGOMENA.

560 466 831 533 Brunello,
863 463 921 519 S.
950 463 1017 529 l.,
1051 462 1238 518 Roma:
1265 462 1423 530 1594,
1452 462 1520 518 12
1548 460 1647 535 (a).
1669 464 1725 517 ‘2.
1756 459 1999 518 Justinus
2014 460 2126 518 Go-
2153 467 2202 525 Α
2229 476 2353 518 nem
2394 460 2579 517 Basilii
2616 460 2800 517 recudl
2832 460 3045 517 curavit
3074 459 3311 518 Joannes
3338 461 3619 527 Potterus,
3644 463 3794 520 Oxo-

560 557 765 623 blerus,
783 556 871 625 qui
894 569 1016 608 cum
1046 553 1169 607 aliis
1194 552 1469 623 opusculis
1488 553 1788 608 consimilis
1817 551 2124 622 argumenti

557 648 727 703 edidit
756 656 986 714 utraque
1019 644 1224 714 lingua,
1255 653 1519 712 notasque
1544 644 1749 698 addidit
1769 642 1932 697 Basil.
1961 641 2122 709 1557,

556 738 637 794 8°.
664 739 720 794 5.
755 737 1078 792 Franciscus
1119 736 1532 802 Craneveldius,
1587 736 1675 805 qui
1726 735 1915 791 Latine
1960 734 2128 790 edidit

557 845 680 885 cum
715 828 935 883 homilia
970 828 1153 883 Basilii
1186 828 1263 882 De
1295 829 1493 882 invidia
1515 837 1570 881 et
1606 828 1657 880 iu
1690 827 1820 881 illud
1849 845 1864 881 :
1896 845 1915 879 t
1938 827 2124 881 Auen-

557 923 621 975 de
642 923 737 975 tibi
766 922 886 991 ipsi.
914 940 931 973 i
953 921 1157 975 Lovan.
1197 921 1355 985 1554,
1377 920 1447 973 8°.
1485 920 1560 991 (b)
1592 920 1647 973 4.
1686 920 1947 973 Martinus
1979 920 2124 991 IIay-

538 1013 795 1078 .neccius,
821 1013 911 1081 qui
950 1012 1332 1081 Lipsiae~1600,
1357 1013 1429 1075 8°,
1462 1013 1609 1065 illam
1639 1011 1824 1067 Graece
1855 1020 1911 1066 et
1929 1012 2128 1068 Latine
2174 1042 2176 1045 τ

556 1104 799 1174 vulgavit
834 1105 886 1158 in
925 1101 1234 1157 Enchiridio
1267 1104 1454 1167 ethico,
1481 1103 1534 1155 in
1566 1118 1670 1171 quo
1704 1112 1961 1172 praeterea
1991 1118 2126 1158 con-

560 1196 800 1249 tinentur
857 1193 1040 1247 Basilii
1080 1192 1260 1246 brevis
1315 1193 1718 1246 hortatiuncula
1782 1194 1849 1247 ad
1895 1193 2128 1248 virtutes

556 1285 915 1347 Christianas,
950 1284 1230 1339 Plutarchi
1284 1283 1359 1336 De
1380 1299 1659 1352 puerorum
1699 1284 2034 1338 institutione
2077 1292 2128 1337 et

540 1377 621 1439 ,de
647 1377 876 1447 legendis
905 1377 1072 1446 poetis
1103 1374 1288 1439 libelli,
1331 1374 1576 1429 Herculis
1614 1375 1804 1428 bivium
1838 1390 1870 1429 a
1899 1374 2128 1429 Prodico

560 1470 915 1538 descriptum,
946 1467 1108 1537 quale
1160 1467 1217 1521 in
1282 1466 1653 1536 Xenophontis
1702 1467 1839 1520 Iihro
1893 1469 2130 1520 secundo

571 1559 1174 1631 Ἀπομνημονευμάτων
1228 1557 1471 1613 Socratis
1534 1560 1767 1612 traditur
1817 1575 1829 1610 :
1872 1557 2128 1613 Isocratis

562 1660 671 1703 tres
706 1654 980 1703 orationes
1015 1646 1267 1714 morales,
1299 1656 1353 1700 et
1381 1646 1604 1716 Agapeti
1631 1646 1837 1702 Scheda
1869 1649 2011 1718 regia
2031 1646 2126 1721 (ε).

556 1738 613 1794 5.
646 1739 797 1809 llugo
850 1738 1071 1794 Grotius
1101 1754 1220 1793 cum
1262 1753 1397 1792 nova
1430 1738 1677 1793 versione
1715 1755 1811 1792 sua
1861 1740 2001 1795 hanc
2031 1740 2134 1793 Ba-

2226 552 2434 608 niensis
2472 552 2783 621 episcopus,
2810 552 3008 607 additis
3038 554 3103 607 ad
3130 553 3333 609 calcem
3368 553 3657 610 voluminis
3690 570 3791 610 va-

2226 645 2325 699 riis
2359 645 2677 699 lectionibus
2706 646 3066 714 brevibusque
3109 648 3272 701 notis.
3305 646 3480 702 Oxon.
3513 647 3672 713 1694,
3700 650 3791 704 8°.

2229 733 2320 806 [ν.
2362 735 2480 788 Act.
2531 737 2681 791 erud.
2726 734 2867 802 Lips.
2918 734 3076 802 1695,
3126 750 3249 806 pag.
3292 736 3444 810 455.]
3481 736 3792 794 Potteriana

2212 828 2395 883 .editio
2439 844 2542 883 una
2587 843 2706 882 cum
2760 828 2914 883 novis
2954 836 3122 899 atque
3171 831 3396 885 eruditis
3447 829 3528 886 Jo.
3568 830 3792 886 IIenrici

2227 920 2373 987 Maii,
2398 920 2511 984 lilii,
2544 922 2686 975 notis
2728 935 2915 976 recusa
2942 920 3193 975 Francol‘.
3230 921 3392 989 1714,
3429 923 3505 987 4°,
3537 927 3604 976 act
3638 922 3795 991 cuius

2229 1013 2430 1069 calcem
2466 1014 2704 1068 occurrit
2726 1014 2888 1067 etiam
2912 1013 3111 1067 diserta
3144 1022 3199 1066 et
3226 1014 3443 1084 elegans
3474 1014 3679 1069 Aretini
3705 1016 3793 1069 iu-

2229 1102 2546 1172 terpretatio
2580 1102 2683 1173 (ά).
2713 1102 2862 1158 Notis
2906 1102 3029 1156 addi
3064 1103 3385 1171 potuissent,
3420 1119 3539 1172 quae
3568 1105 3796 1162 Dacicus

2229 1193 2283 1247 in
2318 1193 2459 1246 notis
2500 1192 2567 1245 ad
2602 1191 2881 1256 Basilium,
2916 1208 3035 1261 pag.
3069 1191 3137 1246 55
3181 1206 3327 1261 sqq.,
3354 1202 3409 1249 et
3438 1194 3795 1250 Gombclisius
3880 1201 3885 1206 ’

2231 1285 2284 1338 in
2307 1284 2512 1339 Basilio
2538 1285 2802 1350 restituto,
2829 1293 2957 1337 tom.
2994 1285 3035 1347 I,
3064 1300 3185 1356 pag.
3215 1284 3321 1339 208
3352 1300 3494 1354 scq.,
3514 1301 3790 1343 monuere.

2230 1376 2295 1449 [C
2319 1386 2550 1430 mlestus
2583 1375 2921 1430 P0tterianus
2943 1375 3162 1432 Graecus
3189 1380 3307 1431 sine
3330 1379 3575 1433 versione
3604 1377 3795 1433 Latina

2233 1468 2481 1535 notisque
2538 1465 2589 1519 iii
2647 1480 2801 1519 us-uu
2850 1466 3178 1531 scholarum,
3213 1468 3462 1536 (curante
3510 1466 3595 1521 Jo.
3650 1466 3793 1522 Tob;

2232 1557 2571 1625 Krehsio(e),
2608 1557 2746 1629 typis
2786 1558 3040 1625 repetitus
3070 1567 3154 1612 est
3204 1557 3396 1628 Lipsiae
3432 1559 3590 1625 1779,
3624 1559 3698 1615 8°.
3723 1590 3798 1600 —

2233 1648 2624 1702 Recentissima
2688 1646 2944 1714 utilisque
3002 1648 3166 1701 editio
3222 1657 3303 1702 est
3345 1646 3578 1702 :Basilii
3608 1646 3687 1702 Η.
3726 1646 3798 1700 ad

2236 1737 2587 1791 adolescentes
2620 1735 2792 1788 oratio
2824 1733 2900 1787 De
2927 1735 3083 1787 modo
3108 1751 3135 1788 e
3165 1733 3351 1787 litteris
3374 1732 3570 1788 ercis
3597 1734 3799 1786 utilita-

557 1833 665 1887 silii
704 1834 1003 1887 orationem
1036 1832 1357 1902 castigatam
1403 1832 1610 1902 aliquot
1657 1832 1789 1886 Iocis
1824 1843 1877 1886 et
1914 1832 2124 1886 Plutar-
2158 1821 2200 1879 Β
2230 1842 2331 1885 tem
2361 1829 2701 1900 percipiendi.
2737 1826 2942 1891 Graece,
2976 1843 3095 1880 cum
3128 1825 3519 1882 Jul.Garnierii
3541 1836 3596 1881 et
3625 1824 3797 1880 Fron-

557 1925 644 1979 chi
681 1925 875 1979 librum
912 1924 990 1979 De
1027 1925 1257 1993 legendis
1292 1925 1456 1994 poetis
1501 1926 1762 1994 praemisit
1807 1925 2078 1992 excerptis
2100 1938 2132 1979 e

560 2016 776 2072 Stobaao
810 2017 984 2071 Paris.
1031 2016 1190 2081 1625,
1219 2017 1306 2082 4°,
1365 2017 1419 2070 in
1486 2016 1715 2086 append.
1744 2030 1795 2084 p.
1827 2016 1895 2071 80
1915 2047 1984 2057 —
2009 2015 2128 2070 110.

554 2107 690 2163 Cum
726 2110 914 2164 eadem
943 2109 1192 2164 versione
1217 2116 1273 2164 et
1301 2107 1500 2162 librum
1532 2106 1810 2162 Plutarchi
1845 2115 1902 2162 et
1922 2107 2132 2162 oratio-

559 2286 811 2340 Basiliani
843 2285 963 2339 libri
999 2285 1326 2339 mentionem
1350 2298 1455 2338 non
1481 2283 1628 2338 facit.
1658 2283 1945 2338 —'Contra
1982 2283 2121 2337 Ver-

558 2357 692 2421 gerii
750 2356 905 2419 liber,
962 2354 1144 2407 Basilii
1188 2355 1320 2407 liber
1364 2354 1439 2407 De
1493 2354 1797 2407 liberalibus
1840 2355 2031 2407 studiis
2068 2364 2122 2407 et

556 2424 700 2480 Plut.
738 2424 813 2476 De
843 2425 1127 2477 educandis
1169 2424 1344 2477 liberis
1376 2438 1497 2476 cum
1532 2423 1688 2492 praef.
1715 2423 1964 2485 Guarini,
2004 2424 2120 2477 Bri-

559 2496 662 2548 xia:
691 2496 941 2566 impress.
979 2508 1072 2566 per
1111 2494 1339 2566 Bpptist.
1371 2494 1730 2566 Farsengum.
1759 2521 1838 2566 --_
1861 2493 2016 2558 I495,
2044 2496 2119 2558 4'",

559 2565 798 2632 prodiit,
851 2571 990 2617 teSte
1045 2562 1203 2617 Deliis
1255 2565 1307 2616 in
1359 2563 1632 2632 Supplem.
1679 2564 1859 2617 annal.
1920 2575 2123 2632 typogr.

558 2634 728 2688 Maitt.
758 2632 797 2697 I,
839 2648 891 2703 p.
933 2633 1056 2694 599,
1092 2651 1146 2690 ll.
1196 2633 1358 2687 5565.
1390 2664 1457 2673 -
1488 2633 1631 2686 Petri
1686 2632 1836 2686 Pauli
1885 2632 2127 2703 Yergerii

557 2702 889 2772 Deingenuis
921 2704 1174 2765 moribus,
1210 2720 1312 2756 una
1345 2718 1467 2756 cum
1516 2717 1871 2757 commentar.
1902 2702 1985 2757 Jo.
2026 2703 2130 2756 Bo-

558 2777 813 2827 nardt.-—-
826 2773 1009 2825 Basilii
1048 2773 1121 2826 De
1151 2773 1378 2842 legendis
1410 2774 1746 2842 antiquorum
1774 2772 1916 2825 libris
1946 2790 2128 2841 opusc.

558 2845 809 2897 divinum.
837 2869 904 2880 —-
940 2843 994 2895 In
1054 2845 1157 2896 line
1187 2839 1554 2909 {Impressum
1618 2839 1840 2895 Venetiis
1904 2839 1996 2908 per
2035 2843 2125 2897 Jo.

561 2912 849 2966 Tacuinum
878 2914 941 2964 de
971 2911 1210 2965 Tritlitto.
1246 2913 1404 2975 I497,
1440 2911 1516 2964 4°.
1551 2911 1613 2965 γ.
1643 2910 1897 2964 Mittarcli
1940 2912 1999 2980 ing
2023 2914 2129 2980 Ap-

552 2986 710 3052 pend.
736 2986 802 3034 ad
819 2980 958 3036 Bibl.
986 2983 1137 3034 codd.
1164 2998 1287 3052 mss.
1315 2974 1541 3052 manust.
1562 2980 1622 3034 S.
1650 2980 1924 3052 Micliaelis
1946 2974 2128 3052 _Verte-

561 3048 777 3113 tiaram,
824 3068 943 3119 pag.
995 3051 1082 3112 49,
1114 3059 1168 3105 et
1201 3048 1572 3119 Panzertlll,
1598 3065 1651 3119 p.
1676 3050 1802 3105 416.
1832 3080 1902 3090 —
1928 3050 2129 3106 Censo-

563 3125 711 3173 rinus
738 3124 808 3173 De
829 3117 922 3171 die
972 3121 1162 3172 natalis
1200 3120 1424 3173 chctis
1450 3117 1652 3189 Tabula
1682 3135 1837 3173 versa
1867 3136 1964 3189 per
1983 3121 2119 3174 Ltid.

557 3192 859 3252 Odaxiuni;
898 3188 1123 3243 Luciani
1174 3190 1426 3257 Dialogus
1479 3188 1542 3241 de
1570 3193 1758 3243 virtute
1780 3221 1848 3230 —
1872 3188 1907 3242 'a
1935 3191 2127 3245 Carolo

562 3263 787 3314 Aretino
811 3289 877 3300 ——
904 3262 955 3313 in
988 3259 1109 3313 Lat.
1146 3262 1424 3313 traductus
1451 3275 1465 3323 ;
1499 3259 1724 3327 Epicreti
1774 3259 2124 3314 Encliiridion

561 3331 629 3384 ab
663 3329 866 3397 Angelo
916 3330 1186 3384 Politiano
1217 3343 1433 3382 versum
1456 3358 1526 3368 -—
1554 3328 1739 3381 Basilii
1780 3328 1858 3382 De
1887 3328 2126 3382 liberali-

560 3399 657 3453 bus
697 3400 888 3469 studiis
946 3409 995 3453 et
1046 3400 1283 3469 ingenuis
1336 3398 1566 3450 moribus
1606 3399 1735 3450 liber
1762 3416 1868 3469 _per
1906 3398 2128 3452 Leonem

562 3469 707 3521 Aret.
738 3484 800 3520 ea:
831 3466 1012 3522 Graeco
1042 3465 1372 3521 in'Latinum
1420 3484 1719 3532 conversus;
1756 3465 1945 3520 Basilii
1987 3480 2124 3522 orat.

569 3537 640 3591 De
670 3539 869 3590 invidia
890 3538 1124 3592 θῦε-ινοο
1154 3541 1204 3591 in
1237 3537 1354 3591 Lat.
1391 3553 1646 3590 cmivcrsa
1671 3552 1765 3603 per
1794 3538 1909 3591 Nic.
1936 3538 2125 3592 Perot-

564 3618 714 3675 tum;
757 3608 1027 3661 Plutarchi
1057 3609 1221 3661 libell.
1253 3609 1328 3661 De
1370 3608 1665 3675 diﬂerentiu
1708 3609 1846 3659 inter
1873 3610 2051 3661 odium
2077 3617 2126 3661 et

562 3679 832 3732 invidiam.
868 3678 923 3730 In
955 3679 1100 3747 line:
1128 3679 1445 3747 Impressum
1469 3674 1731 3747 Bononiae,
1751 3693 1841 3743 per
1860 3693 1940 3731 me
1961 3676 2129 3730 Bene-

562 3751 758 3802 dictum
786 3748 1024 3801 Hectoris
1042 3744 1404 3802 Bononiensis.
1429 3747 1495 3798 A.
1524 3744 1682 3807 1497,
1711 3745 1800 3815 fol.
1824 3747 1954 3800 Vide
1974 3747 2128 3815 plura

562 3830 614 3872 ct
648 3820 889 3871 curatius
919 3820 1139 3886 scripta,
1170 3832 1329 3884 quam
1361 3815 1429 3867 ab
1462 3816 1548 3875 iis,
1571 3830 1707 3882 quos
1743 3813 2037 3869 Panzeril.
2074 3831 2124 3871 c.

562 3890 604 3952 1,
642 3902 759 3956 pag.
809 3888 936 3950 234,
973 3885 1126 3951 ciiat,
1167 3888 1371 3940 factum
1424 3895 1530 3952 est,
1595 3887 1737 3954 apud
1784 3885 2037 3940 Fossium
2086 3886 2123 3939 I.

563 3961 705 4010 laud.
736 3958 779 4021 I,
812 3974 930 4026 pag.
961 3956 1064 4008 512
1088 3972 1207 4026 sqq.

632 4026 820 4079 Graece
855 4024 1049 4092 pi-odiit
1085 4024 1202 4079 cod.
1238 4038 1361 4078 saec.
1403 4040 1494 4091 xv,
1545 4027 1758 4081 Cebetis
1796 4024 1997 4085 tabula.
2022 4024 2126 4078 Ba-

558 4095 684 4166 silii
704 4094 934 4166 M.orat.
970 4093 1399 4166 Partcnetica‘ad
1427 4096 1661 4164 juvenes,
1692 4096 1815 4158 Πῶς
1842 4095 1907 4149 ἂν
1942 4095 2129 4166 Ἐλλη-

554 4165 728 4219 νικῶν
757 4164 1046 4231 ὡφελοῖντο
1077 4164 1271 4233 λόγων.
1302 4162 1575 4217 Plutarch.
1613 4167 1687 4219 De
1738 4181 1945 4233 pueror.
2000 4162 2129 4217 edu-

560 4251 669 4287 cat.
703 4234 1074 4301 Xenuphomis
1116 4233 1360 4298 Hierom,
1391 4234 1442 4285 in
1471 4236 1546 4295 8ο,
1576 4238 1695 4289 sine
1721 4237 1841 4289 ullis
1876 4235 2017 4286 notis
2047 4245 2130 4304 ty-

560 4306 930 4373 pograpliicis.
968 4306 1320 4373 probabiliter
1365 4319 1459 4371 per
1503 4304 1732 4358 Zachar.
1777 4303 2125 4373 (lalliergutn,

558 4371 832 4443 judicihus
881 4373 1148 4427 Mattlairc
1177 4374 1244 4425 Α.
1277 4371 1337 4426 Τ.
1376 4373 1466 4438 IV,
1495 4390 1614 4443 pag.
1649 4375 1773 4439 75:2,
1826 4383 1938 4427 not.
1984 4371 2041 4440 4,
2072 4384 2128 4428 et

560 4443 753 4497 Fossio
785 4446 819 4495 I.
854 4460 927 4507 c.,
967 4456 1093 4496 Ioni.
1126 4444 1165 4504 I,
1198 4459 1316 4512 pag.
1341 4443 1446 4496 270
1468 4457 1519 4498 et
1551 4446 1673 4499 507.

545 4527 566 4542 ’τ
638 4518 774 4568 Saec.
812 4530 921 4573 xvi.
952 4529 1019 4566 ex
1064 4515 1213 4582 prelo
1244 4515 1374 4566 exiit
1404 4513 1568 4569 Lcou.
1613 4516 1820 4568 Aretini
1855 4521 1963 4567 aut
1993 4514 2125 4567 alio-

563 4601 683 4637 rum
720 4583 828 4637 νγ.
860 4584 966 4636 bl).
1003 4586 1177 4637 versio
1208 4582 1540 4654 Lat.y_l_iasil.
1580 4585 1655 4638 De
1698 4584 1927 4654 legendis
1954 4584 2121 4654 libris.

565 4656 783 4707 Mutina:
816 4654 969 4725 1500,
1002 4655 1077 4706 4°.
1109 4654 1302 4725 (81am.
1338 4650 1425 4716 IV,
1465 4671 1583 4725 pag.
1610 4650 1829 4718 729,}:
1858 4655 1986 4706 bibl.
2025 4653 2127 4706 Ba-

568 4728 696 4790 qu.,
723 4741 843 4791 pag.
870 4724 1020 4790 281).
1057 4753 1121 4762 -—
1151 4723 1226 4775 De
1248 4724 1422 4775 studio
1450 4723 1720 4791 poetarum
1741 4738 1790 4775 et
1833 4736 2123 4788 oratorum,

566 4793 760 4861 Lipsiae
788 4810 884 4862 per
920 4794 1035 4848 Jac.
1074 4794 1347 4847 Thauncr.
1402 4795 1559 4857 1.501,
1607 4795 1684 4847 4°.
1716 4794 1938 4847 —-Cutn
1972 4797 2123 4860 prmi.

566 4864 734 4916 Leon.
791 4861 1020 4917 Aretini.
1063 4865 1135 4917 ib.
1162 4861 1492 4932 perNVollg.
1526 4865 1915 4926 Monac.1505,
1955 4868 2030 4914 [ιο.
2056 4893 2127 4904 —-

571 4934 727 4999 1508,
761 4935 838 4990 4ο.
883 4963 952 4973 --
984 4934 1058 4987 De
1100 4931 1328 5003 legendis
1378 4931 1735 5003 anliquorum,
1790 4946 1895 4987 etc.
1951 4933 2123 4995 libris,

569 5019 688 5056 cum
726 5007 1115 5058 commentario
1144 5004 1214 5055 M.
1241 5002 1325 5056 «ιο.
1380 5002 1596 5056 Honorii
1633 5005 1959 5058 Cuhitcnsis.
1992 5005 2121 5056 ibid.

566 5088 663 5140 per
690 5072 803 5127 Jac.
849 5075 1121 5127 'I‘hanner.
1157 5073 1313 5137 1504,
1348 5072 1426 5125 4°;
1455 5072 1588 5127 Vide
1619 5075 1797 5125 Lrich.
1842 5074 1892 5125 in
1925 5072 2122 5127 Annal.

562 5154 793 5212 typogra,
821 5142 991 5211 Lips.,
1024 5158 1143 5213 pag.
1168 5142 1257 5213 82.
1284 5171 1352 5213 -ς
1376 5144 1440 5195 Ει
1472 5146 1596 5213 sine
1621 5144 1708 5195 illo
1733 5158 1930 5213 comiti.
1964 5142 2123 5205 1512,

566 5211 642 5266 4°.
679 5215 885 5282 (lienis,
926 5211 1255 5265 Bucltdruclt.
1309 5211 1496 5266 Gesch.
1534 5212 1734 5278 Wiens,
1779 5227 1833 5282 p.
1866 5211 2013 5279 191.)
2056 5240 2128 5253 --

567 5281 701 5336 Sine
731 5281 765 5334 ι.
804 5294 855 5337 et
882 5301 931 5334 a.
957 5300 986 5336 c
1009 5285 1255 5335 versione
1282 5284 1482 5335 Aretini
1513 5300 1525 5335 :
1560 5283 1611 5335 in
1643 5290 1745 5335 nne
1784 5281 2009 5348 insigne
2051 5292 2128 5351 ly.

568 5352 828 5420 pograph.
852 5369 976 5405 cum
1003 5352 1105 5405 litt.
1137 5353 1204 5407 Ι).
1238 5353 1296 5406 S.
1324 5353 1562 5406 charact.
1598 5351 1760 5405 Gotn.
1785 5351 1838 5403 4.
1873 5351 2122 5420 (Panzer.

565 5423 661 5485 IX,
849 5422 997 5503 5.17.)
1034 5450 1103 5460 —-
1126 5422 1259 5502 Cum
1314 5423 1523 5502 pt'ml'at.
1575 5420 2124 5503 Jac._thiphelingii

568 5506 664 5543 uer
756 5493 978 5543 atthiam
1020 5491 1262 5543 Hunsull.
1289 5496 1615 5543 Araentmac.
1653 5491 1810 5543 1.907.
1836 5491 1910 5543 4°.
1945 5518 2013 5530 --
2042 5495 2124 5543 In-

567 5506 664 5559 pcr
700 5491 978 5545 Matthiatn
1020 5491 1262 5560 Hupsull'.
1289 5495 1615 5559 Argentinai.
1653 5491 1810 5555 1507,
1836 5491 1910 5544 4°.
1945 5518 2013 5530 ——
2042 5495 2125 5544 In-

571 5572 808 5627 terprete
854 5564 1017 5614 Leon.
1044 5562 1286 5615 Aretino.
1319 5562 1495 5615 Paris.
1526 5564 1577 5615 in
1602 5564 1809 5615 aedibus
1835 5562 2122 5615 Ascensiu-

573 5631 674 5681 nis.
714 5630 871 5695 1508,
906 5633 983 5684 4°.
1013 5662 1077 5669 ——
1102 5630 1145 5682 Ε
1177 5636 1425 5686 versione
1459 5631 1523 5685 L.
1580 5631 1811 5698 Aretini,
1839 5646 1959 5683 cum
1993 5629 2125 5684 Ver-

570 5697 743 5766 εει-10,
782 5711 837 5753 et
878 5703 1125 5755 Isocratis
1160 5701 1424 5754 Parrcnesi
1475 5705 1541 5754 ad
1564 5697 1927 5755 Dentonicum.
1962 5698 2123 5753 Vien-

560 5783 654 5820 na:
682 5782 777 5836 per
802 5769 1023 5825 Hieron.
1080 5770 1423 5825 I'hilovallcnt
1463 5786 1517 5827 et
1560 5770 1642 5826 Jo.
1682 5770 1931 5840 Singreu.
1959 5770 2119 5839 1511,

2232 1922 2376 1977 tonis
2407 1922 2583 1976 Ducaei
2611 1921 3004 1975 animadverss.
3044 1919 3232 1983 edidit,
3264 1918 3585 1986 praecipuam
3622 1917 3799 1972 varie-

2233 2024 2400 2068 tatem
2437 2012 2683 2067 lectionis
2715 2015 2944 2073 notavit,
2977 2010 3176 2079 passim
3209 2011 3535 2076 emendavit,
3565 2010 3703 2065 notis
3737 2016 3794 2065 el;

2233 2107 2409 2162 indice
2468 2105 2759 2160 illustravit
2809 2103 2880 2160 Μ.
2945 2104 3093 2160 Frid.
3154 2100 3298 2159 Guil.
3358 2102 3519 2159 Sturz
3543 2102 3794 2175 (profess.

2226 2284 2303 2339 4‘.
2353 2280 2563 2351 (Thott.
2618 2281 2739 2336 Cat.
2786 2298 2910 2350 pag.
2950 2282 3194 2343 175.)—
3240 2282 3372 2337 Cum
3404 2281 3670 2353 Vcrgerii,
3704 2285 3796 2342 lib.

2224 2354 2503 2407 Plutarch.
2536 2353 2610 2406 De
2644 2354 2971 2405 institutione
3027 2352 3216 2418 ﬁlior.,
3275 2364 3406 2415 etc.,
3446 2352 3629 2407 munia
3679 2371 3800 2409 cor-

2228 2434 2370 2493 recta
2433 2434 2488 2493 et
2552 2424 2604 2475 in
2662 2424 3071 2493 concinniorem
3132 2422 3362 2493 formam
3423 2424 3640 2477 reducta
3705 2440 3802 2493 per

2223 2492 2380 2548 Joan.
2444 2491 2666 2560 Baptist.
2698 2491 2961 2545 Bonctutn
3008 2491 3240 2544 Brixian.
3276 2491 3467 2545 Brixiae
3509 2494 3606 2561 per
3641 2491 3795 2550 Joan.

2226 2566 2348 2634 Aul.
2403 2561 2830 2634 Bri}iati.,__ctc_.
2900 2561 3054 2623 1511,
3107 2562 3293 2634 ᾆξ’-Υ.
3342 2560 3568 2634 Patizet’.
3608 2562 3694 2627 VI.
3742 2579 3797 2634 Ρ.

2226 2633 2354 2695 540,
2383 2647 2448 2687 ex
2476 2630 2636 2687 Gras.
2663 2629 3025 2691 Mcrt'kviit'tl..
3054 2647 3105 2699 p.
3131 2631 3258 2685 245.
3289 2660 3360 2672 -—
3388 2631 3571 2685 Basilii
3603 2664 3673 2675 —
3696 2629 3800 2689 una

2235 2717 2358 2755 cum
2415 2702 2638 2756 scholiis
2673 2717 2769 2770 per
2804 2700 3297 2770 UJBII‘ICIIIlliFaIH‘I
3328 2702 3670 2757 concinniter
3698 2704 3797 2757 ad-

2232 2773 2413 2840 jectis.
2442 2769 2686 2826 Viennze
2718 2770 2923 2824 Parion.
2965 2788 3061 2837 per
3110 2769 3195 2824 Jo.
3230 2770 3482 2840 $ingren.
3523 2771 3685 2831 1518.
3716 2774 3794 2839 4⁸,

2235 2838 2398 2905 quam
2467 2846 2551 2895 ed.
2608 2842 2887 2909 copiosius
2952 2855 3193 2894 recenset
3246 2838 3408 2894 Deliis
3465 2842 3567 2896 in:
3619 2838 3797 2897 Wiens

2235 2908 2812 2981 BuclidruckLGesclt"
2844 2925 2965 2979 pag.
3025 2908 3129 2981 190
3166 2925 3265 2981 sq.
3289 2911 3427 2964 Add.
3451 2911 3799 2981 Lamhacber

2227 2979 2375 3035 Bibl.
2410 2991 2523 3033 ant.
2564 2980 2788 3034 Vindob.
2843 2982 3080 3040 civicam,
3112 2995 3162 3047 p.
3206 2980 3294 3034 88.
3338 3010 3403 3020 -—
3435 2979 3511 3032 De
3535 2981 3795 3038 liberalib.

2232 3053 2423 3120 studiis
2469 3060 2519 3103 et
2562 3054 2737 3116 ingen.
2781 3065 2938 3113 mor.,
2987 3051 3215 3120 interpr.
3247 3050 3488 3102 Arelino.
3518 3050 3663 3120 Lips.
3700 3066 3800 3118 per

2230 3119 2347 3174 Jac.
2377 3121 2648 3174 Thanner.
2678 3120 2832 3185 1515,
2866 3121 3027 3173 4°.—
3046 3118 3286 3188 Florent.
3320 3134 3481 3188 opera
3506 3133 3560 3174 et
3581 3118 3795 3186 Suiiipt'd

2231 3190 2372 3243 Phil.
2429 3189 2625 3242 Juntzc.
2673 3189 2832 3253 1516,
2892 3194 2944 3245 8.
3004 3219 3076 3230 —
3125 3187 3255 3242 Ibid.
3283 3204 3379 3256 per
3422 3191 3618 3243 Itaet'ed.
3657 3192 3792 3245 Phil.

2229 3259 2425 3314 Juntaz.
2448 3258 2608 3322 1516,
2633 3260 2925 3315 8°.—Ibid.
2950 3274 3044 3326 per
3062 3259 3259 3313 haered.
3285 3259 3420 3312 Phil.
3441 3257 3794 3327 Junta21526,

2231 3331 2349 3383 sine
2377 3333 2502 3382 anni
2530 3340 2583 3383 et
2614 3331 2711 3383 loci
2743 3341 2888 3384 nota.
2924 3329 2999 3383 4°.
3028 3332 3189 3389 lCirc.
3222 3331 3288 3383 Α.
3321 3328 3501 3397 1508.)
3527 3330 3585 3383 ν.
3613 3333 3689 3386 8⁸.
3725 3360 3798 3375 —

2229 3397 2362 3451 Ibid.
2396 3399 2617 3453 Bandini
2675 3400 2867 3453 Annal.
2908 3400 3121 3452 Juntar.
3168 3407 3368 3468 typogr.
3394 3440 3410 3463 ,
3450 3409 3589 3465 part.
3629 3416 3702 3466 tt,
3738 3417 3793 3468 ι).

2230 3468 2352 3531 108,
2383 3469 2508 3534 202,
2557 3478 2613 3522 et
2650 3469 2790 3522 inter
2842 3471 3030 3522 dubias
3066 3468 3273 3523 Juntiu.
3332 3473 3456 3523 edd.
3508 3485 3629 3538 pag.
3690 3471 3797 3530 258

2229 3553 2311 3605 sq.
2373 3568 2444 3578 —
2501 3537 2675 3595 Paris.
2738 3554 2823 3608 ap.
2901 3539 3103 3592 Ludov.
3170 3538 3431 3593 Grandia.
3500 3542 3657 3594 1545.
3713 3541 3791 3599 8'.

2230 3638 2300 3648 —
2344 3608 2420 3661 De
2471 3610 2793 3666 instituenda
2840 3611 3132 3662 studiorum
3191 3611 3414 3675 ratione,
3480 3621 3608 3672 etc.,
3663 3611 3794 3667 locis

2230 3692 2389 3745 quam
2438 3678 2683 3747 plurimis
2711 3694 2757 3749 re
2801 3676 3005 3749 Graeco,
3035 3678 3317 3749 restitutis,
3345 3680 3412 3731 ab
3453 3680 3572 3735 aliis
3598 3684 3791 3749 partim

2230 3746 2526 3817 corruptis,
2583 3748 2778 3814 partim
2825 3748 3060 3811 omissis,
3096 3746 3189 3801 lat.
3223 3747 3396 3802 Paris.
3430 3767 3519 3821 ap.
3551 3746 3790 3817 Matutae.

2232 3818 2511 3871 Davinem.
2538 3818 2695 3873 1544,
2722 3816 2800 3873 8ο,
2829 3820 2897 3871 de
2914 3832 3018 3873 qua
3050 3819 3135 3871 ed.
3163 3819 3272 3870 vid.
3311 3817 3579 3873 Mailtaire
3603 3820 3669 3873 Α.
3703 3818 3790 3873 Τ..

2279 3825 2511 3871 υνίαιεηῖ.
2538 3825 2695 3875 1544.
2722 3825 2800 3879 8³,
2829 3825 2897 3871 de
2914 3832 3018 3884 qua
3050 3825 3135 3871 ed.
3163 3825 3272 3870 vid.
3311 3825 3579 3873 Mailtaire
3603 3825 3669 3873 A.
3703 3825 3769 3875 T.

2229 3858 2806 3957 ᾗῇᾝῗέἕθῗῖῖξίῖάῖ
2830 3858 3793 3955 Ξῒύἷάῖᾜρῖ’ὅυῦῗῖῐὶδί-ὶῖξῖδέἰζ

2230 3958 2305 4010 4°.
2339 3989 2407 4001 σ-
2439 3958 2633 4011 Concio
2675 3958 2743 4009 ad
2781 3959 3005 4011 adolere.
3036 3967 3295 4026 quomodo
3322 3970 3387 4012 ω
3432 3960 3665 4026 profanis
3690 3976 3793 4012 att-

2230 4028 2457 4080 ctoribus
2511 4029 2710 4079 utilitas
2756 4029 2871 4094 cupi
2925 4038 3105 4095 possit.
3147 4026 3321 4081 Paris.
3369 4030 3524 4093 1569,
3554 4029 3632 4093 4⁸,
3668 4045 3792 4083 cum

2230 4100 2373 4149 notis
2396 4098 2624 4164 margin.
2661 4096 2940 4165 Boogarsii
2989 4113 3121 4151 iuSs.
3164 4097 3216 4148 in
3242 4099 3369 4151 bibl.
3406 4098 3690 4152 Bernensi.
3726 4098 3788 4155 V.

2230 4167 2393 4234 hujus
2434 4177 2564 4228 cat...
2598 4178 2727 4220 IOIII.
2772 4168 2810 4232 I,
2854 4182 2973 4235 pag.
3004 4167 3129 4219 255.
3152 4192 3219 4204 --
3249 4165 3370 4221 Jani
3404 4169 3643 4223 Cornarii
3676 4184 3796 4221 ver-

2230 4238 2310 4288 sio
2362 4236 2483 4290 Lat.
2540 4236 2795 4291 Francof.
2846 4237 3004 4299 1559,
3058 4237 3114 4290 4.
3175 4236 3292 4290 Vid.
3342 4240 3502 4292 Deliis
3551 4237 3788 4290 Buchdr.

2222 4304 2414 4358 Gesch.
2442 4305 2639 4375 Wiens,
2673 4322 2791 4375 pag.
2838 4308 2961 4369 191,
3009 4307 3273 4374 imprimis
3316 4307 3569 4361 Thamar.
3606 4307 3792 4361 biblio-

2226 4375 2413 4429 tltecal.
2427 4416 2449 4447 ,
2467 4386 2593 4428 tom.
2616 4374 2680 4442 II,
2700 4374 2976 4445 Noriberg.
3001 4376 3254 4447 1,758,_4°.
3275 4394 3391 4447 pag.
3407 4377 3511 4431 200
3525 4394 3605 4446 sq.
3620 4376 3788 4433 lim.

2158 4477 2204 4533 Β
2304 4450 2380 4516 (tt)
2413 4444 2616 4499 Grzt-ce.
2651 4448 2855 4499 Lovan.
2887 4444 2954 4500 cit
2983 4446 3118 4525 uilio.
3152 4444 3581 4530 BardnGraiiii;
3631 4447 3789 4529 1550,

2231 4515 2304 4566 8⁸.
2334 4544 2401 4553 --
2431 4516 2618 4566 Graece
2649 4525 2704 4566 ct
2751 4515 2865 4566 Lat.
2906 4532 2968 4566 ex
3002 4526 3338 4566 ttitemretat.
3365 4516 3487 4566 .Iam
3523 4520 3788 4566 (laruam.

2334 4544 2401 4553 —
2431 4516 2618 4570 Graece
2649 4525 2704 4567 ct
2751 4515 2865 4568 Lat.
2906 4532 2969 4569 ex
3002 4519 3338 4584 interpretat.
3365 4516 3488 4572 Jani
3523 4520 3788 4573 Gornarti.

2229 4584 2475 4639 Hanuov.
2510 4586 2667 4650 1051,
2699 4586 2772 4638 8°.
2806 4587 2975 4640 Hann.

2299 4655 2372 4725 (ὁ)
2409 4656 2534 4725 Vide
2561 4657 2624 4707 ad
2654 4672 2708 4709 ii.
2742 4655 2832 4709 XI.
2860 4656 3035 4711 “AM...

2296 4724 2368 4797 (ς)
2405 4729 2466 4779 Ιι.
2507 4724 2730 4797 Luciaui
2763 4727 2942 4797 Ἔρως
2987 4742 3033 4780 s.
3085 4725 3306 4795 Cupido.
3357 4726 3440 4782 CI.
3485 4726 3701 4783 Sturzio
3736 4725 3789 4780 in

2226 4794 2466 4865 prolcgg.
2493 4794 2560 4848 ad
2589 4810 2740 4848 suam
2771 4794 2924 4859 edit.,
2947 4812 3065 4866 pag.
3102 4794 3191 4861 1t,
3235 4806 3348 4850 not.
3374 4798 3455 4865 E;
3487 4799 3698 4851 videtur
3720 4810 3789 4850 ex

2227 4866 2317 4917 illa
2355 4866 2592 4919 editione
2623 4880 2877 4933 expressa
2924 4865 3045 4919 esse
3096 4867 3538 4922 Helmstadicnsis
3580 4865 3788 4927 Graeca,

2226 4948 2346 5056 (ﬁlia:
2376 4936 2492 4988 sine
2530 4935 2754 4991 editoris
2786 4935 3004 4990 nomine
3048 4946 3103 4991 et
3126 4939 3267 4992 notis
3302 4939 3502 5006 prodiit
3532 4936 3689 5000 1600,
3709 4937 3788 4990 4°.

2277 5019 2399 5056 ΔΜ..

2277 5019 2399 5057 Δκι.

2300 5075 2378 5145 (d)
2412 5072 2817 5145 Sedrversionis
2852 5074 3061 5133 Aretin.
3092 5076 3221 5131 edit.
3261 5085 3553 5142 vetustam,
3594 5077 3659 5130 ad
3689 5092 3790 5131 cu-

2220 5145 2311 5212 jus
2343 5148 2502 5198 tidem
2531 5144 2705 5214 Majus
2755 5147 2913 5198 istam
2965 5149 3146 5201 recudi
3199 5148 3347 5214 fecit,
3394 5162 3517 5202 esse
3567 5146 3791 5203 minimo

2227 5217 2473 5288 probatu,
2512 5219 2605 5269 sed
2632 5217 2908 5288 erroribus
2937 5232 3072 5285 pene
3092 5217 3316 5273 inﬁnitis
3343 5219 3633 5288 oppletam,
3674 5217 3790 5288 qui-

2224 5293 2328 5339 bus
2364 5285 2611 5338 tollendis
2634 5285 2757 5338 Maii
2787 5300 2887 5338 nec
2913 5288 3171 5339 industria
3212 5303 3312 5342 nec
3351 5285 3577 5342 acumen
3625 5286 3791 5339 suII‘e-

2227 5356 2411 5417 cisset,
2450 5356 2692 5422 pluribus
2716 5356 2896 5408 docuit
2929 5355 3019 5409 Fr.
3052 5359 3177 5409 Otto
3204 5357 3461 5411 Mencken
3482 5357 3539 5411 in
3562 5355 3787 5411 Μίδεια.

2227 5423 2369 5496 Lips.
2398 5427 2689 5496 novis,vol.
2718 5424 2828 5492 VII,
2861 5436 2999 5494 part.
3036 5441 3074 5490 ι,
3103 5442 3224 5494 pag.
3250 5427 3352 5480 147
3385 5443 3507 5496 sqq.
3544 5428 3714 5481 Hum.

2301 5495 2368 5564 (ε)
2402 5494 2543 5547 Ideni
2574 5494 2828 5566 Krebsius
2855 5496 3068 5566 scripsit
3103 5500 3308 5563 prolus.
3339 5494 3446 5566 qua
3468 5494 3648 5552 'Iectio
3688 5511 3789 5566 au-

2228 5563 2435 5636 ctorum
2462 5575 2706 5617 veterum
2743 5583 2772 5636 e
2799 5565 2982 5619 Basilii
3014 5563 3083 5618 11.
3111 5563 3393 5636 disciplina
3434 5565 3787 5621 commcndao

2231 5646 2339 5686 tur.
2370 5632 2517 5702 Lips.
2547 5635 2703 5699 1772,
2734 5635 2813 5699 4°,
2848 5652 2956 5689 rcc.
2991 5636 3043 5687 in
3073 5637 3190 5701 ejus
3221 5632 3495 5706 opusculis
3540 5636 3785 5691 academ.

2228 5705 2661 5778 gtr‘scliolasticis
2701 5708 2877 5761 denuo
2920 5706 3227 5775 recognitis.
3258 5708 3405 5778 Lips.
3446 5707 3603 5774 1778,
3628 5705 3705 5771 8ο,
3730 5721 3787 5777 p.

2227 5772 2332 5829 598
2350 5803 2419 5813 —-—
2439 5774 2559 5828 420.
2595 5774 2766 5828 1171111..
