4094 6220
496 376 634 421 CCL!

1837 350 2373 411 PROLEGOMENA.

491 472 564 530 29
593 481 649 529 et
683 472 773 537 ⁸51,
802 470 939 526 infra
975 470 1027 526 in
1081 468 1309 540 append.
1345 469 1434 527 ad.
1474 469 1644 529 Garn.
1673 478 1809 526 tom.
1857 469 1903 524 Il
1934 484 2061 539 age-
2091 470 2139 530 Δ
2166 483 2227 525 re
2271 468 2486 536 studet,
2521 478 2874 543 utrarumque
2923 470 3264 544 regularum,
3296 481 3406 531 tam
3439 474 3752 536 breviorum

494 578 635 619 mus.
662 561 789 630 Quae
825 576 952 616 vero
990 559 1206 616 Fabric.
1234 561 1299 616 de
1326 577 1380 616 ο.
1406 561 1476 617 50
1506 562 1820 632 scripserat,
1852 561 1942 616 hic
1985 575 2073 616 re-

492 666 755 725 petemus.
785 651 956 706 ΗΑιιι.

563 743 655 800 50.
690 745 785 808 Εἰς
815 743 905 797 τὸν
932 743 1279 816 παράδεισον,
1327 743 1398 799 De
1428 744 1696 812 paradiso.
1729 743 1812 799 Ad
1845 742 1979 799 Gen.
2008 759 2072 811 It,

492 838 547 892 8.
603 837 837 906 Incipit:
876 837 1177 909 Νοήσωμεν
1216 837 1373 904 ἀξίαν
1414 836 1549 889 Θεοῦ
1592 836 1838 907 φυτείαν.
1900 835 2075 891 Vertit

2174 577 2333 633 quam
2359 563 2679 635 longiorum,
2709 580 2876 620 unum
2899 580 3020 621 esse
3059 567 3419 638 eumdemque
3445 579 3746 628 auctorem.

2172 655 2371 712 Contra
2400 656 2453 711 in
2497 658 2681 727 quinta
2735 668 2888 728 parte
2928 668 3108 728 negat,
3158 669 3417 729 utrasque
3450 661 3663 733 regulas
3694 672 3754 719 et

2173 747 2587 803 constitutiones
2615 751 2942 805 monastieas
2966 750 3056 804 uni
3078 750 3363 822 eidemque
3394 755 3601 810 auctori
3626 770 3751 811 esse

2174 840 2508 896 tribuendas.
2534 840 2593 895 In
2631 851 2784 896 sexta
2810 851 2964 912 parte
3006 857 3191 897 eorum
3232 845 3452 914 adoptat
3486 857 3752 916 ornatque

491 923 813 982 Coruarius.
845 926 1184 981 Recensitam
1215 943 1242 980 a
1266 943 1324 982 se
1352 935 1408 981 et
1446 928 1497 980 in
1547 927 1721 996 capita
1760 926 2072 981 distinctam
2169 930 2452 1002 judicium,
2479 934 2570 1003 qui
2617 941 2873 999 censent,
2914 933 3172 989 Basiliam
3222 950 3343 991 esse
3397 947 3751 1007 utrarumque

494 1018 713 1072 exhibet
747 1034 868 1073 cum
914 1020 1162 1074 versione
1208 1034 1303 1073 sua
1342 1019 1535 1074 Franc.
1575 1017 1933 1073 Combelisius
1969 1015 2074 1070 Ba-

495 1109 601 1164 silii
656 1110 737 1163 sui
793 1119 923 1164 tom.
966 1109 1007 1174 l,
1039 1125 1162 1179 pag.
1195 1108 1322 1173 525,
1364 1110 1509 1163 velut
1542 1120 1871 1180 postremam
1901 1093 2075 1163 hami;

496 1199 687 1254 Iiarum
718 1201 771 1255 in
800 1201 1181 1255 Hexaemeron.
1215 1201 1483 1255 Hactenus
1512 1199 1810 1255 Fabricius.

569 1290 710 1365 [|X.]
757 1293 1087 1363 Ἀσκητικά,
1113 1292 1369 1357 Ascetica,
1402 1291 1561 1348 abii.
1594 1291 1955 1363 Προδιαλαλια
1981 1294 2075 1349 καὶ

495 1382 787 1452 διάγνωσις
811 1384 922 1439 τῶν
958 1384 1270 1456 ἁσκητικῶν
1293 1383 1696 1439 ὑποτυπώσεων
1732 1385 1831 1455 (a).
1868 1385 2074 1441 Praevia

499 1476 748 1530 allocutio
804 1494 867 1530 ac
928 1478 1164 1545 dignatio
1220 1479 1564 1531 asceticarum
1633 1476 2074 1547 informationum

502 1567 701 1640 [Cari].
743 1568 808 1631 II,
859 1585 979 1639 pag.
1016 1568 1172 1641 199],
1220 1569 1334 1625 sive
1383 1569 1663 1639 Prologus,
1721 1571 1811 1639 qui
1855 1571 2071 1641 incipit,

499 1660 728 1729 Μεγάλαι
762 1660 859 1731 μὲν
909 1660 1003 1715 τοῦ
1045 1661 1341 1728 Βασιλέως,
1379 1678 1498 1734 pag.
1535 1662 1660 1718 228.
1694 1663 1884 1718 Exstat
1910 1665 2073 1718 etiam

501 1754 554 1806 in
574 1751 777 1808 Latinis
796 1754 1119 1822 quibusdam
1143 1755 1508 1827 Chrysostomi
1530 1756 1879 1813 editionibus.
1903 1755 2070 1814 FABR.

500 1832 747 1900 Garnier'.
779 1844 925 1899 dedit
959 1844 1361 1914 inscriptionem
1396 1864 1409 1900 :
1451 1846 1747 1919 Ἀσκητικὴ
1783 1846 2076 1919 προδιατύ-

499 1959 696 2006 πωσις,
723 1943 914 2009 prwvia
936 1941 1192 1995 institutio
1218 1942 1461 2004 ascetica,
1484 1951 1540 1995 et
1566 1942 1618 1996 in
1649 1951 1771 1996 nota
1801 1944 2073 2010 observat,

499 2034 555 2088 in
581 2035 745 2103 Regio
766 2034 886 2089 cod.
911 2034 1087 2102 primo
1112 2033 1236 2103 legi,
1269 2031 1620 2104 προδιαλαλία
1654 2034 1748 2088 καὶ
1782 2034 2080 2106 προδιήγηο

501 2144 587 2191 σις
629 2127 741 2181 τῶν
782 2126 1096 2198 ὰσκητικῶν
1133 2125 1552 2190 ὑποτυπώσεων,
1583 2127 1960 2182 Combelisium
1984 2143 2079 2180 au-

504 2229 607 2273 tem
640 2220 873 2274 nominis
897 2219 1247 2273 similitudine
1272 2218 1557 2288 deceptum
1591 2217 1783 2288 legisse
1814 2234 1920 2273 non
1944 2236 2080 2291 προι-

499 2312 771 2383 διήγησις,
797 2312 891 2364 sed
927 2308 1348 2381 προδιάγνωσις,
1377 2310 1571 2375 prawia
1598 2311 1805 2365 notitia.
1840 2310 2079 2380 Denique

502 2404 571 2459 ab
604 2403 758 2456 initio
781 2401 1032 2457 Garnier.
1070 2416 1175 2455 non
1219 2401 1366 2454 dedit
1394 2415 1518 2453 cum
1549 2410 1777 2468 utraque
1808 2400 1895 2454 ed.
1926 2400 2062 2455 Pari-

501 2495 664 2551 siensi
704 2512 719 2549 :
746 2492 974 2562 Μεγάλα
1008 2493 1105 2564 μὲν
1134 2490 1229 2547 τοῦ
1254 2490 1548 2557 Βασιλέως,
1574 2491 1666 2547 sed
1695 2508 1815 2547 cum
1850 2493 1937 2547 ed.
1970 2490 2078 2547 Ve—

502 2597 648 2653 neta,
676 2595 905 2654 utroque
939 2585 1213 2639 combelis.
1246 2593 1301 2639 et
1325 2583 1446 2639 cod.
1502 2583 1670 2655 Regio
1700 2584 1890 2650 tertio,
1933 2583 2077 2638 καλὰ

505 2680 606 2751 μὲν
633 2679 728 2734 τοῦ
758 2679 892 2733 Βασ.
917 2709 988 2719 -
1015 2676 1123 2733 Sed
1151 2679 1218 2733 de
1255 2677 1541 2743 Asceticis,
1577 2691 1705 2731 num
1736 2686 1792 2731 et
1830 2692 2075 2747 quaenam

503 2772 715 2827 illorum
745 2781 873 2827 sunt
908 2771 1160 2842 genuina,
1201 2784 1447 2839 quamam
1484 2770 1592 2824 sint
1618 2770 1799 2839 spuria
1827 2770 2075 2835 dubiave,

504 2878 694 2934 magna
721 2863 787 2918 lis
816 2872 935 2917 orta
961 2871 1046 2918 est
1076 2863 1220 2917 inter
1240 2862 1354 2918 νγ.
1384 2861 1517 2925 DD.,
1543 2871 1598 2916 et
1620 2861 1708 2915 alii
1740 2862 1792 2915 in
1823 2860 1927 2915 alia
1956 2876 2076 2915 om-

502 2956 591 3010 nia
649 2964 944 3011 transeunt.
980 2955 1254 3024 Praecipue
1300 2954 1658 3009 Bellarminus
1713 2953 1931 3024 aliique,
1984 2953 2075 3024 qui

501 3050 748 3104 eamdem
799 3052 1119 3118 proﬁtentur
1173 3047 1514 3112 doctrinam,
1551 3053 1783 3116 negant,
1830 3044 2076 3101 Ascetica

2105 1809 2153 1870 Β

2174 1024 2482 1093 regularum
2510 1034 2807 1080 auctorem.
2838 1023 2895 1079 In
2932 1028 3157 1097 septima
3193 1038 3345 1096 parte
3397 1029 3648 1084 videntur
3673 1031 3749 1086 illi

2174 1116 2582 1173 constitutiones
2618 1120 2929 1173 monasticae
2966 1119 3229 1174 Eustathii
3266 1120 3548 1175 Sebasteni
3589 1137 3745 1193 opus.

2173 1209 2232 1264 In
2264 1220 2484 1276 octava,
2511 1211 2749 1281 epitimia
2799 1211 3128 1279 adiungenda
3162 1227 3282 1266 esse
3312 1214 3509 1281 spuriis
3536 1213 3748 1281 probat.

2174 1301 2415 1370 Denique
2451 1302 2502 1354 in
2537 1317 2675 1355 nona
2708 1311 2860 1371 parte
2907 1303 3283 1370 expenduntur
3315 1304 3420 1357 duo
3468 1302 3747 1373 opuscula,

2173 1409 2291 1464 qua:
2319 1393 2674 1449 Combelisius
2705 1394 2757 1448 in
2785 1408 2883 1448 suo
2920 1394 3122 1448 Basilio
3185 1400 3441 1453 reeencito
3502 1408 3602 1462 pro
3653 1411 3752 1451 no-

2175 1487 2257 1542 vis
2303 1500 2369 1541 ac
2417 1488 2668 1558 genuinis
2711 1486 2901 1553 edidit,
2939 1502 3112 1556 eaque
3149 1486 3204 1542 in
3253 1487 3451 1555 spuriis
3483 1496 3747 1545 numerat.

2176 1575 2281 1632 Sed
2298 1577 2607 1632 ulteriorem
2639 1592 2828 1632 eorum
2869 1592 2987 1647 qua:
3020 1577 3187 1633 Garn.
3220 1578 3505 1648 diligenter
3537 1579 3753 1650 collegit

2174 1678 2231 1724 et
2272 1670 2511 1737 scripsit,
2558 1670 3129 1724 commemorationem
3189 1671 3436 1739 prohibet
3486 1671 3751 1726 institutio

2179 1764 2336 1819 ratio.
2360 1762 2498 1818 Add.
2524 1762 2781 1819 Roessler
2807 1760 3118 1829 Bibliothelt,
3158 1775 3289 1829 etc.,
3319 1774 3459 1834 part.
3492 1779 3575 1831 nt,
3605 1780 3659 1835 p.
3678 1764 3751 1820 89

2178 1870 2299 1926 sqq.

2245 1946 2313 2002 Β.
2341 1945 2532 2001 Basilii
2561 1974 2634 1987 —-
2668 1962 2824 2015 opera
2851 1946 3112 2018 quaedam,
3143 1945 3261 2001 scil.
3307 1954 3568 2001 tractatus
3606 1944 3755 2001 Ethi.

2178 2056 2362 2099 corum
2391 2058 2406 2108 ;
2433 2042 2679 2096 Ascetica
2705 2056 2720 2105 ;
2757 2039 2834 2093 De
2863 2041 3162 2109 virginitate
3188 2038 3464 2110 (adjuncto
3501 2053 3751 2094 sermone

2179 2132 2257 2187 De
2294 2130 2606 2203 paradiso);
2646 2142 2829 2185 contra
2877 2129 3195 2184 Eunomium
3250 2130 3491 2198 (additur
3540 2130 3611 2199 in}
3644 2130 3750 2184 ﬁne

2178 2224 2378 2293 aliquid
2410 2234 2600 2278 contra
2658 2222 3052 2292 Sabellianos);
3086 2236 3362 2276 sermones
3409 2230 3465 2276 et
3514 2220 3752 2291 epistola:

2177 2315 2466 2371 nonnullas.
2500 2314 2730 2370 Graece:
2775 2328 2893 2384 quin
2937 2314 3118 2367 omnia
3171 2326 3314 2366 nunc
3364 2311 3594 2382 primum
3649 2311 3752 2365 im—

2174 2423 2362 2479 pressa
2397 2418 2524 2463 sunt
2567 2423 2664 2476 per
2692 2406 3027 2475 Stephanum
3053 2406 3121 2459 de
3150 2404 3333 2461 Sahio.
3373 2403 3559 2460 Venet.
3587 2403 3748 2470 1555,

2178 2499 2279 2555 sol.
2317 2497 2377 2554 V.
2427 2498 2693 2553 Maitlaire
2731 2498 2797 2551 Α.
2836 2497 2922 2563 Τ.,
2968 2495 3033 2564 11,
3065 2512 3117 2567 p.
3157 2495 3262 2552 819
3302 2495 3529 2566 sq..qui
3576 2496 3750 2551 locum

2179 2606 2246 2647 ex
2273 2589 2607 2647 dedicatione
2655 2590 2877 2646 editoris
2930 2589 2984 2645 in
3017 2599 3146 2646 nota
3172 2589 3201 2642 ὸ
3235 2595 3544 2658 excerptum
3576 2587 3756 2644 reddi-

2182 2681 2281 2737 dit.

2247 2772 2305 2829 In
2336 2772 2550 2843 Josephi
2592 2772 2776 2829 Mariae
2809 2772 3082 2829 Thomasii
3134 2787 3339 2844 opere:
3380 2771 3751 2827 Institutione

2178 2866 2478 2936 theologiam
2513 2867 2848 2936 antiquorum
2906 2863 3157 2930 Patrum,
3190 2876 3316 2927 etc.
3366 2863 3549 2919 Romae
3594 2862 3752 2928 Ποῦ.

2178 2958 2337 3022 1710,
2368 2958 2524 3013 1712.
2554 2957 2619 3012 IIl
2647 2958 2770 3014 voll.
2795 2957 2849 3012 8.
2879 2956 3018 3013 Sunt
3050 2958 3103 3011 in
3134 2956 3245 3012 vol.
3286 2958 3522 3012 secundo
3558 2955 3754 3011 Basilii

2177 3048 2249 3103 Μ.
2290 3048 2576 3115 Ascetica,.
2603 3049 2741 3105 liber
2790 3049 2869 3103 De
2893 3049 3099 3118 judicio
3151 3050 3268 3116 Dei,
3303 3047 3382 3103 De
3405 3064 3525 3103 vera
3560 3064 3623 3103 ac
3662 3049 3754 3118 pia

501 3140 773 3210 pertinere
809 3141 875 3195 ad
914 3138 1167 3195 Basiliam
1202 3136 1274 3192 M.
1311 3138 1457 3207 quod
1492 3138 1581 3192 hic
1610 3136 1927 3193 traditiones
1970 3138 2075 3192 hu-
2102 3155 2147 3222 α
2176 3140 2301 3209 ﬁde,
2335 3154 2434 3194 nec
2467 3156 2570 3194 non
2597 3141 2714 3210 ejus
2749 3139 2967 3193 Moralia
2994 3138 3090 3194 Gr.
3114 3147 3169 3195 et
3201 3138 3321 3195 Lat.

502 3247 694 3286 manas
742 3229 989 3300 projiciat
1026 3243 1126 3283 nec
1171 3227 1532 3282 admittendos
1575 3227 1757 3283 ducat.
1789 3227 2077 3284 Enimvero

502 3323 777 3390 Oudinus,
825 3336 946 3390 pag.
998 3319 1103 3375 565
1153 3335 1297 3389 sqq.,
1343 3318 1434 3373 ubi
1479 3317 1680 3374 tnultus
1719 3327 1804 3375 est
1851 3319 1918 3375 de
1969 3319 2079 3376 illis

500 3414 763 3469 Asceticis
790 3414 986 3482 illaque
1017 3413 1385 3469 controversia
1404 3454 1420 3480 ,
1449 3413 1698 3469 Ascetica
1728 3427 1823 3468 seu
1851 3413 2075 3469 moralia

498 3504 743 3572 iudicat,
777 3504 1067 3574 genuinum
1115 3519 1235 3559 esse
1293 3514 1457 3575 atque
1509 3505 1668 3560 etiam
1715 3504 2074 3560 indubitatum

504 3596 686 3651 Basilii
723 3597 908 3651 fetum.
948 3594 1059 3651 Nec
1102 3605 1277 3649 tamen
1302 3596 1478 3650 omnia
1511 3610 1631 3665 quae
1664 3596 1821 3651 hodie
1861 3596 2076 3652 Asceti-

503 3704 687 3744 eorum
721 3690 937 3743 nomine
975 3688 1357 3758 comprehendi
1397 3688 1593 3751 solent,
1623 3687 1751 3743 olim
1782 3690 1836 3741 in
1869 3687 2077 3743 Asceti-

498 3781 583 3834 cis
607 3778 1222 3849 comprehendebautur.
1249 3778 1422 3833 Photii
1441 3779 1654 3848 quidem
1680 3787 1839 3834 aetate
1855 3779 1928 3851 (ν.
1951 3779 2071 3836 cod.

497 3873 645 3942 οισι)
675 3872 857 3929 Basilii
883 3890 1017 3943 opus
1050 3876 1372 3945 Ἀσκητικόν
1408 3876 1540 3930 duos
1564 3875 1641 3929 De
1677 3874 1881 3945 jejunio
1913 3890 1977 3929 ac
1999 3874 2075 3929 De

501 3964 858 4033 ﬁde'ibellos,
891 3967 1108 4021 Moralia
1140 3976 1193 4021 et
1235 3966 1468 4037 Regulas
1515 3976 1625 4019 tum
1666 3966 1914 4034 majores,
1962 3976 2074 4021 tum

502 4055 738 4109 minores
755 4056 966 4126 preprie
985 4049 1464 4125 complectebatur.
1487 4057 1550 4112 γ.
1571 4056 1823 4112 Garnier.
1852 4058 1905 4111 in
1937 4071 2076 4126 prae-

504 4151 672 4204 misso
722 4150 956 4218 Monito,
997 4168 1116 4223 pag.
1154 4150 1256 4207 198
1296 4152 1349 4206 in
1398 4153 1586 4224 primis
1625 4153 1680 4208 in
1726 4146 1942 4224 Praél'.§
1978 4151 2071 4218 XI,

503 4256 626 4310 pag.
661 4257 849 4306 xxxrv,
877 4258 996 4313 sqq.
1045 4243 1246 4297 Dividit
1270 4243 1417 4298 illum
1458 4244 1853 4314 paragraphum
1885 4244 1936 4297 in
1970 4259 2075 4299 no-

502 4343 624 4386 vem
658 4343 839 4401 partes
862 4344 916 4386 et
959 4341 1037 4388 tot
1066 4333 1228 4402 igitur
1283 4334 1625 4404 quaestiones,
1655 4334 1708 4389 in
1755 4334 1952 4404 quibus
1990 4335 2075 4390 di-

2249 3231 2306 3286 In
2337 3232 2492 3288 codd.
2533 3241 2659 3287 sunt
2707 3231 2865 3285 modo
2911 3230 3113 3299 plures,-
3143 3232 3303 3285 modo
3354 3229 3637 3299 pauciores
3659 3240 3755 3283 aut

2146 3323 2397 3395 singula:
2425 3335 2627 3394 partes.
2657 3323 2748 3380 Sic
2775 3324 2827 3378 in
2867 3323 3023 3379 codd.
3058 3321 3214 3389 LXII,
3247 3321 3432 3390 LXIII,
3460 3318 3619 3378 LXIV
3641 3320 3753 3377 Ve—

2177 3428 2288 3472 net.
2328 3416 2460 3472 bibl.
2501 3415 2667 3472 Marci
2725 3427 2850 3471 sunt
2896 3416 3142 3472 Ascetica
3182 3434 3197 3484 ;
3241 3431 3487 3486 quaenam
3537 3416 3751 3471 illorum

2176 3518 2357 3579 partes
2388 3508 2440 3563 in
2489 3508 2715 3580 singulis
2762 3509 2930 3565 insint
2978 3509 3134 3565 codd.
3181 3523 3474 3579 cognosces
3522 3523 3589 3563 ex
3629 3507 3749 3563 Cat.

2175 3598 2329 3652 codd.
2365 3596 2461 3654 Gr.
2496 3598 2691 3662 Mam,
2714 3614 2835 3669 pag.
2868 3599 2939 3655 15
2969 3614 3052 3668 sq.
3080 3628 3154 3640 -—
3178 3594 3465 3653 Florentiie
3517 3597 3571 3651 in
3615 3598 3746 3652 bibl.

2175 3688 2338 3746 Laur.
2357 3690 2411 3744 in
2435 3691 2557 3746 cod.
2586 3688 2956 3757 XXII,26-28,
2984 3689 3119 3759 plut.
3146 3688 3201 3755 5,
3227 3690 3471 3759 quaedam
3496 3688 3746 3760 (Bandin.

2177 3781 2297 3838 Cat.
2327 3781 2482 3837 codd.
2510 3781 2604 3838 Gr.
2639 3781 2828 3847 Laur.,
2861 3781 2905 3847 l,
2939 3797 3062 3853 pag.
3087 3780 3201 3852 47).
3233 3810 3306 3822 -—
3333 3781 3391 3836 In
3417 3780 3575 3836 codd.
3605 3779 3748 3844 XVI.

2175 3892 2232 3932 n.
2268 3877 2336 3933 15
2362 3876 2440 3932 De
2486 3877 2714 3932 ascetica
2757 3876 3060 3945 disciplina,
3090 3878 3349 3949 quomodo
3379 3884 3613 3944 oporteat
3657 3888 3749 3928 or—

2176 3970 2297 4022 nari
2321 3968 2669 4034 monachum;
2690 3977 2746 4023 et
2775 3983 2828 4021 n.
2854 3967 2942 4034 15,
2967 3968 3235 4038 Excerpta
3261 3982 3327 4022 ex
3360 3966 3648 4031 Asceticis,
3681 3980 3749 4023 ex

2175 4072 2329 4129 capp.
2360 4058 2412 4122 I,
2440 4059 2529 4124 19,
2558 4058 2659 4114 146
2688 4068 2741 4114 et
2768 4058 2892 4114 506.
2926 4089 2997 4101 -
3030 4057 3087 4114 In
3123 4060 3244 4115 cod.
3280 4057 3400 4126 XX,
3427 4076 3481 4113 u.
3522 4059 3577 4124 1,
3608 4058 3745 4128 plut.

2175 4150 2232 4216 9,
2266 4166 2331 4206 ex
2386 4151 2428 4205 11
2477 4152 2814 4208 sermonibus
2851 4152 2928 4207 De
2978 4152 3117 4222 ﬁde;
3162 4151 3256 4207 sed
3306 4160 3533 4221 uterque
3569 4166 3751 4206 sermo

2173 4244 2342 4299 multo
2366 4244 2581 4299 brevior
2606 4252 2711 4309 est,
2746 4261 2908 4315 quam
2939 4245 2993 4299 in
3019 4246 3105 4299 ed.
3129 4244 3303 4300 Paris.
3324 4262 3339 4311 ;
3363 4252 3473 4299 tum
3494 4244 3609 4299 alia:
3630 4258 3749 4313 par-

2176 4344 2255 4389 tes
2282 4350 2335 4388 n.
2360 4335 2575 4403 8—H,
2604 4335 2668 4390 18
2696 4345 2750 4389 et
2779 4335 2847 4390 19
2878 4335 3070 4405 (Band.
3100 4336 3139 4400 I,
3176 4351 3229 4405 p.
3263 4335 3368 4390 414
3392 4347 3444 4390 et
3468 4335 3574 4391 525
3601 4335 3750 4407 sqq.)

503 4436 662 4477 versa
691 4423 962 4477 variorum
1018 4425 1327 4480 testimonia
1360 4436 1415 4481 et
1451 4426 1654 4497 judicia
1687 4427 1911 4482 collecta
1947 4434 2074 4482 sunt
2171 4456 2244 4465 —
2270 4423 2492 4480 Taurini
2521 4426 2576 4480 in
2606 4427 2726 4482 cod.
2757 4427 2870 4481 XCI
2896 4427 3139 4498 quaedam
3178 4436 3383 4497 partes,
3428 4443 3549 4498 qua:
3589 4443 3750 4482 cura-

501 4525 664 4586 atque
691 4516 1020 4584 examinata,
1051 4517 1218 4586 ipsius
1249 4521 1515 4575 sententia
1552 4522 1617 4576 de
1646 4521 1968 4576 auctoritate
1997 4521 2063 4575 ii-
2103 4499 2151 4556 Ῑ)
2179 4516 2287 4573 tius
2332 4517 2641 4574 indicantur
2687 4520 2740 4574 in
2790 4519 2909 4577 Cat.
2943 4520 3097 4575 codd.
3144 4517 3238 4573 Gr.
3266 4519 3458 4583 Taur.,
3498 4534 3620 4590 pag.
3643 4519 3748 4575 182

468 4588 678 4678 ’ἀθᾳιιθ
715 4607 1012 4662 libellorum
1055 4609 1315 4679 subjecta.
1357 4610 1537 4679 Quare
1582 4612 1635 4666 in
1689 4621 1844 4683 parte
1895 4612 2070 4682 prima

498 4697 736 4753 ostendit
760 4697 956 4766 praevia
984 4698 1083 4751 tria
1114 4701 1461 4769 Opuscula,n.
1494 4700 1547 4769 1)
1572 4704 1822 4770 proaviam
1854 4702 2071 4757 institu-

501 4785 700 4841 tionem
731 4787 1037 4852 asceticam,
1062 4786 1119 4858 2)
1152 4803 1454 4844 sermonem
1478 4792 1768 4846 aseeticuni
1795 4800 1851 4847 et
1875 4796 2073 4846 exhor-

500 4878 756 4932 tationem
803 4879 869 4934 de
920 4880 1315 4937 renuntiatione
1359 4897 1537 4937 rerum
1586 4883 1979 4946 humanarum,
2015 4894 2073 4937 et

497 4969 829 5038 perfectione
857 4970 1106 5041 spiritali,
1131 4972 1185 5041 5)
1211 4987 1375 5027 serm.
1399 4973 1464 5027 de
1503 4974 1734 5028 ascetica
1758 4974 2058 5043 disciplina,

494 5060 772 5127 quomodo
802 5060 1121 5114 monachum
1146 5061 1329 5117 ornari
1355 5071 1624 5132 Oporteat,
1659 5073 1935 5118 auctorem
1963 5064 2065 5118 ba-

496 5147 678 5204 buisse
703 5146 980 5203 Basilium.
1011 5151 1067 5206 In
1105 5153 1340 5207 secunda
1389 5153 1618 5224 probare
1666 5155 1894 5219 studuit,
1918 5164 2066 5210 recte

487 5240 717 5307 sentire,
746 5242 837 5311 qui
863 5252 923 5297 ut
948 5241 1153 5299 libellos
1181 5244 1255 5300 De
1271 5246 1477 5316 judicio
1522 5260 1587 5302 ac
1608 5247 1747 5315 ﬁde;
1780 5248 1853 5303 ita
1883 5247 2065 5305 Mora-

494 5329 568 5386 Iia
613 5332 888 5388 ascribant
931 5333 1152 5389 Basilio.
1194 5334 1251 5389 lu
1298 5336 1453 5390 tertia
1501 5336 1683 5402 docet,
1716 5338 1853 5394 duos
1870 5338 2061 5395 breves

492 5420 722 5490 libellos,
756 5424 848 5494 qui
890 5434 1014 5496 post
1053 5424 1273 5481 Moralia
1311 5426 1477 5482 Iocari
1526 5427 1721 5495 solent,
1758 5429 1813 5485 in
1850 5430 2061 5501 spurio-

493 5528 614 5569 rum
652 5531 879 5591 numero
918 5531 1040 5573 esse
1067 5518 1362 5589 ponendos.
1392 5518 1448 5574 In
1496 5530 1687 5590 quarta
1725 5522 2062 5579 demonstra-

563 5671 638 5743 (a)
669 5672 890 5748 _Sic_in‘
920 5689 1022 5748 ms.
1065 5674 1245 5748 Regio,
1291 5675 1554 5748 Ifrologus
1587 5678 1677 5735 ille
1709 5678 2061 5745 inscribitur,

494 5741 1009 5820 ῑιεῑὶιέΑ1ξοιιιιξεξῐξείο,Δ
1053 5741 1182 5820 ιοιιῐ.
1209 5747 1254 5803 II
1296 5741 1483 5820 Basilii
1533 5750 1641 5814 sui,
1679 5765 1801 5820 pag.
1845 5751 1934 5820 85.
1961 5741 2056 5820 qui

496 5765 631 5797 ωδιυ
660 5765 1001 5805 υοιιιυειιδιο.
1053 5765 1182 5800 10111.
1209 5765 1254 5803 ιι
1296 5765 1483 5803 unum
1533 5765 1641 5814 SUI,
1679 5765 1743 5819 pa
1786 5787 1801 5801 ο
1845 5765 1934 5811 δῖ).
1961 5767 2056 5820 (IIII

488 5824 611 5884 pag.
636 5812 707 5871 99
728 5821 783 5870 et
807 5812 908 5870 106
942 5814 1075 5870 alios
1100 5818 1234 5874 duos
1279 5818 1529 5889 prologos
1552 5833 1583 5876 e
1607 5835 1712 5876 ms.
1747 5765 1918 5891 ﬁegio
1945 5822 2060 5878 edi-

2172 4620 2333 4675 sq.—
2349 4605 2586 4677 Mosquae
2612 4608 2662 4662 in
2693 4608 2823 4664 bibl.
2854 4610 3043 4680 synod.
3080 4610 3235 4665 codd.
3262 4609 3476 4675 XXVII,
3510 4608 3745 4678 XXVIII,

2174 4697 2367 4765 XXIX,
2401 4716 2521 4770 qua:
2564 4701 2696 4767 sint,
2724 4701 2972 4773 designat
3004 4701 3236 4759 Μαιηιωί
3277 4704 3330 4757 in
3384 4701 3561 4757 Notit.
3587 4704 3743 4756 codd.

2174 4789 2373 4862 Μαίᾳ..
2401 4807 2454 4862 p.
2487 4792 2576 4857 49,
2611 4794 2701 4862 qui
2729 4807 2795 4849 ex
2841 4794 3020 4864 primo
3055 4795 3225 4850 edidit
3263 4790 3665 4866 Mosquwll75,
3687 4794 3744 4857 4.

2174 4880 2462 4956 Prologum
2491 4900 2613 4941 cum
2641 4884 2843 4954 Xiphil.
2871 4896 2926 4940 et
2954 4885 3139 4941 Basilii
3177 4895 3340 4941 oratt.
3369 4913 3440 4927 -
3475 4885 3742 4941 Monachii

2171 4976 2226 5031 in
2275 4975 2405 5032 bibl.
2437 4976 2631 5032 Bavar.
2672 4977 2956 5035 LXXXIX.
3000 4979 3064 5033 V.
3096 4978 3255 5044 Cat.,
3297 4988 3429 5042 etc.,
3471 4994 3527 5049 p.
3558 4978 3650 5035 54.
3672 5007 3749 5021 -

2169 5066 2425 5135 Quaenam
2473 5070 2695 5136 singulae
2745 5083 2926 5140 partes
2973 5081 3187 5127 exstent
3237 5071 3291 5126 in
3343 5069 3503 5126 codd.
3566 5069 3743 5126 Paris.

2170 5158 2345 5215 disces
2365 5174 2430 5214 ex
2465 5162 2640 5216 indice
2678 5163 2744 5215 ad
2792 5162 2897 5218 vol.
2934 5162 2978 5216 II
3023 5161 3197 5217 Catal.
3243 5164 3398 5218 codd.
3449 5160 3660 5227 Parim,
3686 5170 3746 5215 ut

2169 5249 2237 5305 de
2267 5250 2425 5306 codd.
2455 5251 2797 5308 Vindobonn.
2834 5253 3062 5323 aliisque
3090 5253 3195 5324 (de
3246 5253 3440 5324 quibus
3483 5267 3646 5323 supra
3690 5251 3743 5307 in

2166 5354 2363 5410 genere
2394 5342 2499 5412 egi)
2537 5343 2813 5400 brevitatis
2841 5345 3020 5399 studio
3056 5353 3281 5400 taceam.
3325 5343 3494 5400 Hau.

2233 5431 2288 5486 2.
2320 5433 2648 5503 Παραίνεσις
2670 5436 2796 5507 περὶ
2833 5435 3111 5508 ἀποταγῆς
3138 5434 3253 5506 βίου
3289 5436 3383 5490 καὶ
3416 5434 3747 5500 τελειώσεως

2166 5525 2562 5598 πνευματικῆς.
2606 5527 2919 5582 Adhortatio
2964 5530 3028 5582 de
3087 5528 3382 5583 abdicando
3430 5528 3647 5593 swculo,
3693 5538 3743 5582 et

2166 5683 2263 5756 dit,
2288 5682 2475 5741 Graece
2506 5695 2581 5756 fet
2617 5683 2839 5748 Latine,
2874 5686 2940 5740 de
2985 5684 3182 5755 quibus
3230 5685 3401 5750 intra,
3452 5696 3742 5756 monetque

2166 5754 2465 5841 addendam
2502 5755 2650 5810 hisce
2681 5756 2931 5812 asceticis
2970 5754 3249 5826 epistolam
3282 5756 3464 5812 Basilii
3507 5756 3632 5811 HI.
