4094 6220
1702 317 1985 375 ΝΟΤΙΤΙᾹ
2027 321 2113 375 EX
2162 322 2498 379 FABRILJO.

1401 437 1565 490 Δεῦτε
1623 439 1759 510 πρὸς
1825 442 1891 512 μὲ
1925 441 2024 494 πάν

2161 444 2210 494 in
2248 445 2625 510 compendium
2679 445 2947 510 redacta;
2983 447 3048 499 de
3097 461 3202 514 quo
3242 448 3364 501 cod.
3402 447 3604 502 mullus
3649 458 3735 503 est

461 427 687 496 rpirilali
718 418 1055 499 perfectione.
1085 431 1280 502 Incipit
1334 454 1346 488 ε

459 540 567 587 τες,
597 539 717 592 pag.
746 523 870 579 252.
892 524 1108 597 [Garn.,
1140 545 1191 599 p.
1225 529 1330 584 202
1363 531 1469 602 sq].

527 617 579 667 5.
617 616 752 686 Περὶ
794 618 1101 688 ἀσκήσεως,
1145 622 1260 686 πῶς
1291 623 1370 674 δεῖ
1395 626 1716 696 κοσμεῖσθαι
1751 630 1844 683 τὸν
1875 649 2046 702 μονα-

457 706 574 777 χόν,
603 707 675 761 De
712 712 1086 765 exercitatione
1117 717 1430 780 ntortastica,
1463 735 1562 785 quo
1592 737 1645 771 se
1674 722 1856 775 debeat
1899 736 2048 792 pacto

457 803 688 854 excolere
716 812 762 854 et
795 817 985 854 ornare
1009 806 1317 859 monac/ins.
1352 807 1543 878 Incipit
1579 831 1589 865 :
1623 815 1712 865 Δεῖ
1745 814 1835 866 τὸν
1887 833 2048 884 μονα·

456 891 550 960 χδν
579 891 686 962 πρὸ
739 892 954 946 πάντων
984 893 1292 965 ἀκτήμονος
1325 897 1438 968 βίον
1468 902 1787 971 κεκτῆσθαι.
1816 904 1876 958 Ρ.
1918 906 2042 960 9.16.

458 981 648 1054 [Garn.
682 997 737 1052 p.
764 983 894 1048 211,
924 984 1057 1058 etc.]

523 1073 580 1130 4.
619 1075 755 1147 Περὶ
789 1077 1043 1140 πίστεως,
1090 1076 1163 1130 De
1183 1079 1306 1146 ﬁde.
1357 1079 1546 1150 Incipit
1575 1101 1589 1137 :
1618 1084 1752 1138 Θεοῦ
1786 1084 1879 1138 τοῦ
1913 1087 2048 1153 ἁγα-

457 1166 549 1220 θοῦ
584 1168 793 1239 χάριτι.
831 1169 961 1240 Pag.
996 1172 1123 1228 249.
1145 1173 1312 1227 Faen.
1337 1174 1570 1230 Garnier
1597 1177 1838 1230 ordinem
1873 1189 2048 1230 muta-

456 1261 553 1326 vit,
606 1271 678 1325 et,
733 1263 1097 1331 prmeuntibus
1151 1264 1359 1329 Photio,
1410 1267 1497 1321 ed.
1536 1268 1736 1322 Veneta
1786 1268 2046 1334 librisque

456 1353 750 1418 veteribus,
778 1353 958 1421 priore
987 1354 1104 1409 loco
1144 1355 1310 1410 libell.
1361 1357 1432 1409 De
1455 1358 1660 1425 judicio
1709 1358 1829 1422 Dei,
1857 1376 1909 1426 ρ.
1938 1361 2044 1413 Ξ).Ιὸ

455 1457 562 1511 sq.,
593 1445 890 1512 posteriore
939 1458 1117 1500 autem
1171 1464 1294 1517 pag.
1333 1449 1461 1513 9.25,
1497 1450 1572 1502 De
1613 1451 1718 1518 ﬁde
1778 1454 2038 1520 reposuit,

455 1537 596 1590 Idem
629 1538 680 1589 in
711 1536 861 1605 prati.
903 1553 1028 1607 pag.
1061 1553 1268 1600 xxxviii
1296 1555 1415 1610 sqq.
1449 1541 1568 1594 illos
1605 1541 1812 1596 libellos
1841 1552 1894 1596 et
1925 1559 2042 1595 mo-

457 1629 586 1682 ralia
620 1630 816 1682 asserit
845 1629 1064 1693 Basilio,
1097 1641 1287 1685 contra
1319 1631 1726 1696 Combelisium,
1761 1633 1869 1688 duo
1898 1635 2044 1704 prio-

454 1737 542 1775 res
591 1721 683 1776 lib.
717 1721 1000 1778 Enstatltio
1049 1725 1408 1779 ascribenlem
1437 1765 1452 1788 ,
1495 1724 1706 1778 fortiter
1754 1727 2038 1781 dimicans.

451 1811 782 1868 Tillemontii
810 1829 1026 1885 quoque
1051 1816 1413 1870 dubitationes
1441 1817 1599 1871 tollit.
1637 1817 1804 1873 lianc.

518 1905 571 1962 5.
609 1907 901 1979 Προοίμιον
931 1909 1039 1966 τῶν
1098 1909 1342 1965 Ἠθικῶν
1389 1911 1516 1983 περὶ
1561 1911 1825 1982 κρίματος
1868 1909 2038 1973 Θεοῦ,

450 2002 752 2063 τποωιηὶωη
784 2001 854 2052 ad
887 1999 1091 2064 Etltira,
1121 2007 1183 2053 de
1228 2003 1433 2070 judicio
1487 2002 1602 2060 Dei.
1635 2005 1828 2072 Incipit.
1856 2020 1868 2055 :
1902 2003 2038 2061 Θεοῦ

447 2085 542 2140 τοῦ
567 2088 772 2161 ἀγα.θοῦ
799 2090 1145 2162 χρηστότητι.
1175 2091 1233 2145 Ρ.
1267 2093 1394 2146 257.

517 2182 570 2235 6.
607 2181 897 2253 Προοίμιον
925 2182 1034 2234 τῶν
1079 2183 1342 2239 Ἠθικῶν.
1366 2183 1521 2239 Aliud
1551 2183 1862 2239 Promoniuin
1895 2187 2040 2240 brcre

445 2275 514 2331 ad
552 2272 766 2339 Etliica,
792 2275 859 2330 de
894 2277 996 2342 liis,
1027 2277 1213 2344 quaein
1238 2278 1410 2331 sacris
1437 2277 1630 2330 litteris
1665 2281 1828 2331 vetita
1861 2278 2040 2346 jnss-i-

443 2380 510 2420 ve
559 2377 702 2421 sunt.
769 2368 958 2436 Incipit
1003 2383 1015 2417 ε
1062 2368 1142 2420 Ti
1211 2369 1339 2440 περὶ
1387 2370 1485 2438 τῆς
1544 2371 1894 2441 ὑγιαινούσης
1945 2374 2034 2425 πί-

443 2472 634 2520 στεως.
662 2457 788 2528 l’ag.
812 2458 938 2512 272.

514 2548 564 2601 7.
621 2549 836 2615 Ἠθικά,
879 2550 1064 2619 Capita
1113 2554 1340 2606 moralia
1377 2553 1707 2616 Christiana,
1761 2572 1826 2608 ex
1875 2560 2036 2609 meris

441 2641 575 2695 Novi
601 2641 933 2697 Testamenti
957 2644 1118 2698 dictis
1146 2656 1394 2699 contexta
1419 2657 1474 2699 et
1493 2647 1694 2712 regulis
1725 2647 1916 2701 LXXX
1935 2650 2034 2702 sub

441 2735 606 2786 certis
653 2736 923 2803 capitibus
967 2738 1080 2791 sive
1128 2738 1298 2791 titulis
1353 2741 1766 2806 comprehensa.
1805 2741 2029 2808 Incipit;

443 2823 566 2877 Ὅτι
614 2824 692 2877 δεῖ
740 2827 866 2889 τοὺς
920 2827 1275 2891 πιστεύοντας
1333 2827 1411 2898 τῷ
1456 2830 1645 2899 Κυρίῳ
1703 2832 2033 2902 μετανοῆσαι

441 2915 676 2988 πρῶτον.
710 2918 838 2988 Pag.
880 2919 1006 2973 275.
1043 2919 1232 2992 [ϐοτη.
1266 2920 1327 2988 11,
1361 2937 1481 2990 pag.
1519 2923 1625 2977 254
1656 2923 1805 2994 sqq.]
1853 2924 2032 2990 Quan-

439 3024 602 3074 quam
632 3024 760 3063 vero
789 3014 1044 3066 nonnulla
1086 3015 1201 3067 loca
1250 3015 1576 3082 scriptorum
1620 3030 1900 3069 sacrorum
1929 3016 2027 3068 ali-

3576 350 3728 388 ςειυ

2156 531 2347 588 lriarte
2378 533 2431 588 in
2463 533 2579 588 Cat.
2614 537 2768 590 codd.
2803 535 2899 590 Gr.
2930 536 3136 592 Mati-it.
3169 554 3290 608 pag.
3323 539 3428 592 410
3466 554 3610 608 sqq.,
3642 543 3733 608 qui

2152 641 2214 678 ex
2267 641 2332 680 eo
2364 635 2474 679 tum
2505 628 2759 693 indicem,
2804 638 2914 682 tum
2947 632 3224 698 prologum
3268 631 3364 686 Gr.
3417 633 3729 700 exscripsit.

2153 717 2286 770 Tum
2319 718 2538 773 uberius
2585 733 2850 775 memorat
2881 724 3125 777 notitiam
3160 739 3224 778 ac
3257 726 3556 780 versionem
3591 724 3735 778 illius

2151 811 2393 876 opusculi
2429 811 2631 867 laudati
2669 812 3038 883 Hispanicum,
3071 833 3098 868 a
3147 817 3418 871 Ludovico
3449 816 3517 869 ab
3549 816 3733 886 Ange-

2153 899 2239 963 lis,
2270 900 2523 956 Basiliani
2563 905 2771 958 ordinis
2808 908 3107 972 monacho,
3163 911 3464 964 conlectam
3489 951 3502 971 ,
3539 910 3734 962 collato

2151 992 2341 1047 Latino
2385 995 2676 1049 cardinalis
2727 996 2908 1051 Sirleti
2957 1001 3289 1068 exemplari;
3345 1003 3477 1056 edit.
3530 1003 3732 1070 llispali

2153 1085 2308 1150 1615,
2337 1086 2390 1140 4.
2417 1116 2490 1131 —-
2515 1087 2714 1142 Matriti
2745 1090 2905 1155 1664,
2933 1091 2988 1145 4.
3011 1122 3082 1131 —
3111 1092 3351 1148 Correct.
3403 1095 3475 1148 ib.
3508 1095 3646 1150 1009
3679 1105 3734 1148 et

2153 1175 2309 1240 1669,
2345 1177 2400 1233 8.
2451 1189 2504 1232 et
2551 1195 2680 1233 cura
2727 1180 2926 1236 Franc.
2968 1185 3034 1238 de
3088 1183 3274 1252 Bejar,
3322 1187 3451 1240 ibid.
3506 1188 3644 1241 i756
3677 1197 3733 1241 et

2150 1267 2308 1333 me,
2347 1269 2428 1321 te.
2462 1268 2633 1324 itm.

2219 1359 2302 1411 11.
2349 1359 2505 1431 Ὅροι
2541 1361 2660 1414 κατ’
2687 1363 2976 1435 ἐπιτομήν,
3014 1364 3224 1435 Regula:
3257 1366 3511 1422 breviores
3532 1407 3546 1433 ,
3580 1387 3730 1437 qua:-

2147 1449 2414 1506 Slionibtts
2439 1462 2494 1505 et
2526 1455 2970 1520 responsionibus
2991 1472 3206 1512 cccmn.
3232 1459 3498 1528 Incipiunt
3527 1463 3615 1514 :'0
3644 1481 3733 1531 φι-

2147 1539 2466 1612 λάνθρωπος
2503 1543 2667 1609 Θεός,
2696 1560 2813 1615 pag.
2844 1548 2966 1600 505.
3011 1549 3223 1604 Pridem
3262 1563 3386 1606 ante
3430 1551 3730 1607 Fumarium

2146 1644 2384 1687 verterat
2413 1635 2672 1701 Rulinus,
2701 1639 2856 1706 cujus
2887 1643 3061 1694 versit)
3093 1652 3274 1696 exstat
3323 1646 3374 1696 iit
3405 1644 3565 1699 Luca:
3607 1645 3731 1698 1101-

2143 1728 2298 1779 stenii
2315 1725 2507 1780 Codice
2532 1728 2828 1796 regularum.
2851 1734 3284 1799 inonasticaruin,
3315 1735 3469 1790 Rom.
3494 1739 3655 1798 1661,
3673 1738 3728 1804 4,

2147 1830 2300 1886 parte
2346 1833 2384 1882 ι,
2439 1834 2561 1889 pag.
2593 1819 2662 1876 95
2700 1837 2816 1885 seq.
2862 1822 2978 1874 Alia
3033 1825 3175 1892 apud
3228 1825 3497 1896 Rudolplt.
3535 1829 3732 1898 limpi-

2147 1911 2362 1963 niannm
2407 1911 2499 1966 lib.
2543 1928 2600 1966 ttt
2645 1913 2716 1968 De
2738 1916 2937 1983 origine
2968 1927 3016 1969 et
3044 1934 3321 1988 progressu
3354 1926 3729 1986 monac/tatus.

2145 2018 2263 2072 pag.
2298 2003 2364 2058 69
2397 2021 2510 2072 seq.
2557 2006 2724 2062 FABR.
2758 2009 2948 2073 G:irn.,
2998 2011 3059 2075 Il,
3096 2029 3215 2082 pag.
3251 2014 3348 2069 401
3394 2031 3540 2086 sqq.,
3570 2019 3730 2082 index

2143 2095 2377 2162 capitum
2413 2097 2650 2160 illorum,
2688 2117 2808 2166 pag.
2844 2101 2968 2167 415,
3002 2105 3248 2170 sequitur
3279 2109 3627 2174 prooemium,
3674 2121 3730 2162 et

2143 2203 2193 2254 p.
2224 2188 2329 2242 414
2364 2206 2482 2257 sqq.
2536 2192 2749 2257 Rrgtilze
2801 2195 2927 2260 ipsa:
2978 2196 3276 2251 breviores.
3335 2200 3388 2252 In
3426 2203 3544 2255 COtl.
3588 2201 3728 2255 Τ-ιιιη

2144 2279 2246 2332 rin.
2325 2279 2438 2335 XCI
2509 2284 2706 2352 regula:
2783 2284 2951 2340 fusius
3009 2273 3250 2347 tractatae
3317 2305 3372 2345 et
3451 2295 3728 2349 breviores

2141 2386 2297 2440 capp.
2332 2372 2436 2427 550
2465 2377 2721 2430 continuo
2754 2377 3019 2445 leguntur,
3065 2380 3118 2433 in
3159 2399 3320 2436 unum
3351 2401 3546 2455 corpus
3583 2390 3729 2442 reda.

2139 2472 2259 2514 cur.
2312 2461 2373 2517 V.
2409 2464 2580 2520 Catal.
2627 2470 2781 2528 codd.
2829 2467 2922 2521 Gr.
2958 2469 3143 2536 Taur.,
3189 2489 3307 2544 pag.
3353 2475 3726 2544 ιδεμ-ουκ

2139 2553 2203 2605 de
2231 2550 2423 2631 Rulini.
2462 2558 2732 2621 versione,
2789 2573 2906 2610 eam
2949 2575 3068 2614 esse
3126 2575 3461 2620 contractam
3495 2555 3726 2636 Regula-

2139 2662 2255 2697 rum
2311 2648 2616 2701 breviornm
2673 2648 2729 2704 S.
2793 2649 2998 2716 Basilii,
3057 2669 3182 2707 cum
3235 2655 3472 2725 Labbro,
3527 2661 3719 2728 anin,
3793 2683 3798 2686 -

2137 2737 2334 2799 Caveo,
2365 2738 2575 2793 Ondino
2617 2742 2849 2810 aliisque
2881 2745 3174 2814 scripserat
3204 2747 3506 2813 Fabricius,
3540 2768 3602 2806 ea
3635 2771 3722 2804 ca—

2135 2831 2354 2900 stigavit
2383 2831 2721 2887 inmbacher
2755 2836 2806 2888 iti
2841 2835 2980 2894 Bibl.
3012 2839 3226 2907 antiqua
3269 2839 3491 2895 Vimlob.
3534 2845 3722 2904 ciuica,

2135 2938 2252 2990 pag.
2293 2922 2360 2974 86
2407 2940 2515 2991 sq.,
2553 2935 2663 2979 not.
2702 2945 2755 2988 α,
2801 2937 2875 2991 et,
2913 2941 3166 2984 ttionente
3203 2933 3312 2998 jam
3345 2931 3638 3004 Posseviiio
3671 2939 3721 2990 in

2135 3017 2329 3082 Appar.
2367 3034 2538 3080 sacro,
2573 3020 2676 3072 vol.
2712 3022 2753 3082 1,
2785 3037 2906 3092 pag.
2945 3023 3067 3088 185,
3101 3024 3514 3092 animadvertit,
3547 3044 3577 3080 a
3610 3029 3723 3082 Rn~

443 3112 524 3154 ter
545 3105 870 3173 quandoque
898 3107 1051 3170 citat,
1078 3123 1236 3175 quam
1271 3109 1319 3160 in
1357 3108 1588 3177 vulgatis
1623 3106 1755 3164 Novi
1783 3108 2025 3166 Fmderis
2057 3147 2097 3199 ε
2137 3107 2243 3158 lino
2275 3118 2381 3160 tam
2416 3109 2694 3165 breviores
2723 3128 2884 3181 quam
2923 3113 3095 3172 iusius
3120 3119 3425 3186 disputatas
3463 3119 3718 3189 Regulus,

437 3195 715 3251 codicibus
757 3199 913 3253 hodie
957 3199 1231 3267 leguntur,
1269 3211 1448 3254 tamen
1489 3201 1721 3254 intutum
1765 3200 1928 3256 fuerit
1961 3217 2026 3255 ex

437 3304 502 3340 eo
532 3288 618 3343 illa
656 3292 705 3343 iit
738 3291 821 3344 bis
857 3293 1151 3359 corrigere,
1202 3304 1257 3347 ut
1307 3295 1473 3361 probe
1525 3295 1835 3348 observavit
1872 3294 2024 3348 Riclt.

437 3378 645 3444 Simon,
680 3393 810 3434 tom.
849 3381 910 3434 111
963 3382 1100 3438 (list.
1135 3385 1333 3439 criticw
1360 3383 1433 3438 Ν.
1470 3384 1555 3447 T.,
1589 3401 1708 3453 pag.
1747 3385 1867 3446 111,
1902 3401 2024 3439 nam

437 3486 540 3527 non
570 3478 778 3525 tantum
800 3484 902 3538 est,
936 3477 1152 3544 quando
1183 3492 1213 3530 e
1247 3477 1504 3530 memoria
1541 3478 1709 3543 citat;
1745 3479 1838 3531 sed
1863 3479 2024 3531 etiam

435 3563 503 3614 ad
524 3575 905 3633 argumentum
927 3583 1083 3620 suum
1109 3584 1384 3622 sacrorum
1412 3571 1737 3636 sc'riptornm
1762 3572 1922 3626 verba
1956 3572 2024 3625 le-

436 3655 868 3711 viterimmntata
896 3661 1286 3715 aet-ontmodat.
1311 3661 1474 3715 [ἤδη.
1492 3661 1650 3721 Conf.
1681 3663 2022 3723 Scltroecklt.

435 3746 473 3800 1.
505 3762 580 3810 c.,
615 3764 666 3818 p.
701 3747 886 3805 16-24.
920 3750 1089 3806 lianc.

503 3839 554 3892 8.
599 3840 769 3908 Λόγος
813 3841 1131 3912 ἀσκητικός,
1173 3834 1248 3895 De
1271 3843 1600 3895 institutione
1648 3845 1906 3910 religiosa
1949 3848 2022 3896 ri-

433 3929 1146 4000 ιω.1ιιοὶρ1ι;⁹οἄνορωπο;
1180 3934 1299 3986 κατ’
1329 3935 1514 3993 εἰκόνα
1548 3934 1704 3990 Θεοῦ.
1738 3936 1866 4006 Pag.
1896 3939 2019 3993 589.

432 4020 625 4097 [Carm
663 4040 784 4094 pag.
816 4027 919 4080 518
952 4043 1073 4096 sqq.
1103 4025 1258 4081 Conf.
1291 4025 1647 4085 Scliroecklt..
1678 4045 1729 4096 p.
1759 4027 1829 4082 Q9
1871 4028 2017 4103 sqq.]

503 4115 556 4170 9.
611 4118 988 4182 ’Υποτύπωσις
1033 4120 1357 4190 ἀσκήσεως,
1425 4123 1518 4173 καὶ
1580 4119 1845 4191 πρόλογος
1914 4123 2020 4173 τῶν

429 4209 594 4279 ὅρων,
639 4208 915 4280 Religiosae
960 4213 1076 4265 vita:
1119 4210 1286 4270 brevis
1327 4212 1592 4264 institutio
1630 4223 1676 4265 et
1708 4213 1776 4264 ad
1815 4216 2020 4280 regulas

429 4300 682 4368 prolusio.
721 4301 795 4354 lta
841 4302 894 4355 in
928 4317 1032 4356 ms.
1064 4302 1204 4371 regis
1236 4301 1614 4357 Cliristianiss.
1649 4304 1725 4371 (τι)
1763 4304 2018 4357 inscribi-

433 4402 520 4445 tur
553 4393 654 4448 lioc
680 4395 972 4464 scriptum,
1007 4396 1148 4464 quod
1186 4395 1238 4448 in
1270 4395 1428 4449 editis
1461 4411 1565 4448 non
1595 4395 1759 4447 alium
1806 4395 2016 4449 titulum

2137 3210 2355 3255 nentras
2405 3212 2582 3256 unnen
2641 3206 2848 3275 integre
2894 3222 3084 3264 versas
3129 3225 3250 3264 esse
3297 3228 3309 3262 :
3357 3211 3609 3267 Ruﬁnum
3643 3217 3722 3266 in-

2134 3291 2358 3346 cltoasse
2391 3295 2694 3350 versionem
2725 3311 2878 3351 suam
2910 3314 2937 3350 a
2974 3303 3263 3369 promanio,
3302 3306 3445 3372 quod
3488 3304 3720 3361 Basilius

2132 3384 2464 3450 prmmiserat
2494 3385 2714 3456 Regalis
2743 3391 2856 3444 suis
2882 3391 3223 3446 brevioribus
3249 3413 3261 3456 ;
3303 3398 3370 3448 ab
3396 3397 3512 3465 ipso
3543 3400 3719 3467 primo

2130 3475 2310 3542 capite
2351 3475 2620 3544 incepisse
2667 3477 2901 3550 Regnlas
2945 3481 3202 3548 fusiores,
3251 3488 3425 3554 iisque
3480 3493 3718 3543 nondum

2137 3567 2402 3621 absolutis
2452 3568 2578 3622 hinc
2627 3571 2750 3625 inde
2818 3575 3175 3631 adltllStulSSe
3229 3581 3460 3646 Regulos
3501 3584 3718 3643 brevioa

2132 3675 2238 3723 res,
2272 3663 2516 3729 adeoque
2541 3677 2606 3718 ex
2639 3664 2885 3734 utrisque
2931 3683 3094 3722 unum
3125 3686 3262 3739 opus
3300 3674 3627 3746 reddidisse,
3662 3679 3722 3735 iit.

2129 3761 2346 3804 centum
2378 3753 2556 3821 capita
2582 3756 2918 3811 distinctum.
2941 3761 3013 3812 ita
3037 3764 3199 3815 etiam
3225 3765 3536 3831 jutlicarunt
3563 3769 3716 3838 Rogo

2131 3842 2412 3896 .‘ilcuardtis
2465 3847 2514 3897 in
2566 3851 2707 3901 notis
2759 3851 2826 3902 ad
2879 3852 3226 3906 (Jonmrdiuin
3298 3859 3634 3925 regularum,
3685 3880 3714 3915 ει

2130 3935 2186 3986 ὃ.
2223 3934 2512 3990 Benedicto
2541 3941 2838 3996 Anianensi
2878 3946 3074 4001 abbate
3108 3949 3264 4002 initio
3289 3952 3470 4006 sat-culi
3503 3970 3551 4007 ix
3586 3970 3718 4007 (on-

2129 4028 2345 4092 lectam,
2387 4045 2440 4094 p.
2478 4029 2568 4092 56,
2614 4044 2668 4084 et
2696 4032 2837 4088 Just.
2895 4037 3234 4093 Fontaninus
3273 4042 3325 4096 in
3363 4043 3601 4098 Historia
3628 4049 3718 4097 lit-

2127 4121 2323 4172 teraria
2361 4120 2702 4189 Aquileiensi,
2757 4125 2848 4181 lib.
2882 4144 2930 4191 v,
2973 4145 3091 4198 cap.
3141 4133 3190 4197 1,
3229 4148 3281 4201 ρ.
3323 4134 3428 4191 205
3481 4152 3588 4206 sq.,
3626 4139 3712 4193 tibi

2124 4225 2341 4281 quoque
2398 4215 2556 4268 docte
2606 4228 2852 4272 recenset
2903 4220 3174 4278 editiones
3247 4226 3714 4297 interpretationis

2128 4302 2269 4355 illius
2318 4303 2483 4373 (δευρί)
2543 4311 2943 4375 parapltraseos
2989 4314 3190 4382 potius,
3246 4319 3429 4371 multis
3468 4322 3632 4374 etiam
3683 4339 3713 4376 a

2129 4391 2320 4447 Rnliuo
2348 4396 2416 4448 de
2458 4411 2558 4448 suo
2591 4398 2858 4470 intextis).
2909 4399 3195 4473 Cepiosins
3245 4417 3424 4462 tamen
3466 4423 3711 4465 recenset

427 4484 610 4550 habet,
639 4502 798 4555 quam
814 4488 985 4555 Λόγος
1014 4489 1330 4560 ἁσκητικός.
1362 4486 1554 4556 Incipit.
1594 4507 1606 4541 :
1638 4489 1694 4544 Ὀ
1719 4489 2016 4560 ἅσκητικὸς

2134 4487 2385 4552 quasdam
2429 4490 2582 4542 etlitt.
2640 4490 2942 4545 Rulinianaa
2987 4498 3186 4565 regulae
3221 4499 3624 4559 Sclicenemantt
3655 4506 3707 4557 in

428 4573 564 4648 βίος,
601 4593 722 4645 pag.
754 4579 876 4633 597.
915 4579 1082 4634 ΕΑΒιι.
1114 4580 1306 4645 Carm,
1335 4580 1395 4642 ll,
1431 4597 1553 4650 pag.
1599 4581 1706 4635 5'25
1745 4596 1890 4650 sqq,,
1923 4599 2014 4649 qui

426 4683 490 4722 ex
523 4679 748 4739 utraque
798 4673 884 4724 ed.
936 4670 1060 4724 Par.
1093 4682 1146 4724 et
1193 4673 1312 4725 cod.
1348 4671 1594 4727 (Joniliel'.
1627 4672 1776 4727 dedit
1819 4675 1918 4729 inst
1943 4691 2014 4722 ιη.-

426 4761 660 4826 ptionem
709 4776 722 4812 τ
775 4758 882 4813 Τοῦ
916 4761 1080 4814 αὑτοῦ
1128 4761 1284 4832 λόγος
1321 4763 1621 4834 ἀσκητικός
1645 4801 1659 4828 ,
1690 4772 1746 4817 et
1797 4764 1848 4816 in
1887 4775 2010 4816 nota

424 4848 656 4902 aliorum
681 4849 839 4901 codd.
879 4850 1089 4904 titulum
1128 4851 1410 4906 indicavit.
1442 4850 1616 4907 Hanc.

494 4939 582 4999 10,
626 4940 781 5011 Ὅροι
814 4942 954 5000 κατὰ
981 4943 1202 5008 πλάτος,
1255 4944 1465 5013 Regula:
1508 4946 1883 5002 monachorum
1919 4953 2005 5013 [u-

421 5034 530 5087 sius
580 5034 861 5102 disputem?
911 5051 1004 5103 per
1045 5037 1370 5104 quaestiones
1397 5050 1450 5090 et
1479 5039 1858 5106 responsiones
1893 5038 2003 5094 LV.

420 5125 728 5194 Incipiunt:
780 5125 998 5200 Ἐπειδὴ
1043 5127 1176 5184 θεοῦ
1230 5128 1431 5199 χάριτι.
1485 5129 1616 5198 Pag.
1666 5129 1790 5183 402.
1833 5130 2004 5183 Fans.

420 5212 607 5279 Garn.,
639 5215 703 5280 ll,
735 5231 858 5287 pag.
885 5217 988 5272 5:27
1023 5233 1167 5286 sqq.,
1199 5222 1287 5288 qui
1327 5235 1388 5274 ex
1434 5223 1591 5274 codd.
1628 5221 1878 5289 (quorum
1915 5239 2004 5273 κει-

422 5307 642 5361 rietates
673 5309 723 5362 iii
763 5320 879 5364 not.
917 5311 1117 5380 attulit)
1147 5322 1265 5379 pOst
1313 5312 1516 5373 πλάτος
1567 5315 1774 5366 addidit
1809 5314 2005 5385 Προοί-

421 5412 564 5470 μιον.
591 5427 660 5438 --
691 5398 906 5469 Regula:
945 5402 1073 5470 ipsa:
1115 5419 1126 5452 :
1159 5401 1442 5470 Κεφάλαια
1471 5401 1580 5456 τῶν
1621 5403 1761 5456 κατὰ
1803 5403 2005 5466 πλάτος

419 5489 581 5560 ὅρων,
619 5493 882 5559 incipiunt
912 5510 1034 5564 pag.
1065 5493 1189 5547 532.
1221 5494 1420 5548 Matriti
1473 5496 1525 5548 in
1561 5497 1681 5550 cod.
1714 5494 1802 5548 CV
1838 5493 2004 5561 Regio

421 5592 547 5634 sunt
576 5583 751 5636 Basilii
783 5584 852 5638 Μ.
897 5587 1148 5639 asceticaa
1187 5597 1240 5640 et
1286 5587 1600 5641 monasticae
1657 5587 2002 5640 constitutio-

419 5689 518 5730 nes
551 5690 647 5741 pro
677 5678 974 5743 monachis,
1024 5692 1055 5733 a
1082 5679 1421 5740 Bessarione,
1470 5679 1632 5733 Patre
1673 5688 1994 5748 purpurato,

494 5789 568 5862 (α)
606 5791 738 5848 Vide
763 5790 1145 5848 Combelisium
1183 5807 1312 5851 tom.
1350 5795 1409 5853 ll,
1443 5811 1560 5864 pag.
1593 5795 1714 5848 155.

737 5892 990 5952 Parum.
1055 5893 1171 5953 Gn.
1207 5894 1446 5958 XXIX.

2124 4576 2264 4631 Bibl.
2309 4579 2751 4633 ltistorico-litter.
2801 4581 3023 4638 Patrum
3069 4587 3272 4658 Latin.,
3332 4604 3458 4647 tom.
3506 4595 3541 4657 1,
3581 4612 3704 4665 pag.

2121 4663 2381 4719 6l9-6‘22.
2413 4668 2456 4720 A
2489 4667 2758 4724 Maittaire
2785 4671 2850 4727 A.
2894 4671 2981 4740 T.,
3012 4674 3103 4737 tv,
3132 4694 3252 4748 pag.
3287 4681 3410 4748 πο,
3444 4686 3572 4739 edit.
3609 4663 3707 4740 ve.

2119 4769 2239 4813 neta
2293 4759 2452 4825 1500,
2503 4761 2560 4824 4,
2609 4765 2687 4817 sic
2737 4766 2940 4819 eitatur
2986 4783 3000 4820 :
3052 4766 3266 4839 Regula:
3307 4774 3363 4828 S.
3412 4772 3702 4842 Benedicti,

2117 4849 2179 4903 S.
2204 4847 2413 4915 Basilii,
2439 4849 2852 4942 S._Augnstinii.
2901 4869 2949 4912 et
2993 4853 3269 4916 Francisci
3300 4867 3506 4922 collect.
3552 4884 3705 4942 atque

2115 4936 2345 4987 ordinat.
2380 4952 2474 5002 per
2499 4936 2564 4989 D.
2595 4937 2686 4994 Jo.
2724 4938 2922 4994 Franc.
2948 4943 3262 5000 Brixianam
3287 4955 3598 5006 monac/mm
3616 4936 3663 4998 ’-

2112 5041 2239 5078 cura
2266 5039 2314 5079 et
2343 5028 2586 5096 impensis
2611 5030 2826 5088 —Luc.
2866 5036 3079 5089 Antonii
3109 5039 3173 5092 de
3216 5037 3440 5106 Giunta,
3478 5045 3705 5102 Floren-

2111 5118 2230 5182 tini,
2265 5128 2378 5172 arte
2411 5131 2458 5173 et
2507 5124 2686 5176 solerti
2729 5127 2935 5194 ingenio
2985 5131 3225 5198 magistri
3281 5132 3370 5190 lo.
3402 5137 3468 5191 de
3515 5137 3694 5203 Spira.

2111 5209 2297 5264 Venet.
2332 5211 2491 5279 15b0,
2509 5213 2561 5266 4.
2591 5215 2738 5270 Adde
2761 5217 2984 5273 Bandini
3004 5222 3198 5277 Annal.
3221 5225 3437 5283 Juntar.
3464 5241 3654 5300 typogr
3680 5276 3696 5299 ,

2111 5308 2250 5366 part.
2291 5316 2330 5363 ι,
2365 5317 2484 5371 pag.
2521 5305 2575 5358 7.
2615 5303 2786 5361 HABL.

2182 5405 2268 5461 12.
2322 5409 2622 5480 Ἐπιτίμια,
2663 5411 2839 5469 Preme
2889 5417 2980 5470 LX
3025 5420 3079 5473 in
3128 5425 3442 5492 monachos,
3493 5440 3548 5484 et
3577 5430 3694 5490 XIX

2112 5499 2372 5554 adversus
2422 5506 2715 5559 monachus
2753 5506 3129 5578 delinquentes
3176 5518 3280 5582 (εἰς
3329 5519 3426 5584 τὰς
3481 5539 3694 5578 κανονιη

2110 5588 2232 5654 κάς)
2282 5593 2609 5646 constituite.
2664 5593 2856 5665 Incipit
2889 5614 2902 5651 :
2934 5600 3003 5653 Εἰ
3039 5621 3124 5669 τις
3167 5607 3425 5676 ὑγιαίνων
3467 5613 3546 5684 τῷ
3589 5616 3694 5668 σὼη

2109 5695 2256 5746 ματι.
2307 5678 2432 5747 Pag.
2483 5680 2606 5735 658.
2663 5682 2805 5738 rm
2885 5687 3055 5744 Garn.
3111 5692 3175 5757 ιι,
3227 5710 3350 5764 [με.
3408 5678 3688 5769 δειεέίιιι..

3281 5921 3317 5976 (Ι
