4094 6220
430 232 629 281 ἀει-ιιι

1804 223 2339 284 PROLEGGMENA.

449 340 629 400 Pinna:
660 343 752 398 LX
777 346 829 399 in
860 345 1393 416 monachos,"el‘pag.
1419 344 1523 400 550
1556 358 1660 414 sq.,
1695 343 1870 401 Pmnw
1892 344 2029 401 XIX
2057 353 2104 409 Α
2132 358 2419 418 utramque
2463 357 2672 418 partem
2716 349 3066 421 disputantur
3096 367 3126 406 a
3178 350 3265 408 Σο.
3303 350 3537 424 GeOrgio
3577 352 3714 411 Dor-

447 439 505 491 in
532 438 833 491 canonicos.
861 438 913 490 In
952 437 1102 505 prter.
1139 452 1261 507 pag.
1293 453 1463 492 Lxxm
1496 453 1642 506 sqq.,
1675 436 1816 508 §XI,
1850 438 2028 508 dispu-

449 540 531 584 tat
564 531 630 586 de
663 530 784 586 illis.
820 530 891 583 ln'
916 531 1073 584 edi'tt.
1110 530 1285 585 Paris.
1331 533 1572 602 adeoque
1625 533 1678 586 in
1712 534 2027 589 recensione

446 622 662 679 Fabric.
712 622 965 692 Epitimia
1018 640 1122 678 non
1183 627 1372 680 eodem
1427 625 1546 680 loco
1601 626 1886 695 leguntur;
1944 628 2025 681 sic

445 713 572 767 olim
607 730 659 766 n.
697 713 765 766 12
797 727 970 782 paena:
1011 713 1076 767 XI
1126 716 1175 768 in
1213 716 1507 770 monachos
1534 726 1589 770 et
1619 715 1741 770 XIX
1780 720 1902 772 adv.
1930 734 2022 771 ca-

446 804 691 869 nonicas,
731 815 787 859 et
830 823 881 859 ιι.
924 804 986 859 14
1020 821 1194 877 [unum
1231 808 1268 861 L
1298 808 1349 861 in
1382 809 1680 864 monachos
1729 819 1783 863 et
1833 826 2023 864 monac

444 895 576 949 chas
628 895 1020 966 delinquentes,
1087 915 1206 970 pag.
1256 899 1347 954 751
1401 901 1487 955 ed.
1534 901 1708 956 Paris.
1755 918 1803 956 a.
1860 902 2019 967 1658,

442 1005 580 1057 quas
635 992 775 1047 inter
807 992 990 1048 Basilii
1042 994 1243 1063 scripta
1294 997 1517 1065 reperit,
1572 998 1670 1051 sed
1701 998 1817 1052 sine
1868 998 2023 1052 titulo

442 1085 704 1148 auctoris,
744 1084 912 1140 Janus
941 1085 1257 1152 Coruarius,
1311 1097 1364 1142 et
1390 1086 1600 1143 vLatine
1635 1089 2023 1158 interpretatus

441 1193 565 1239 est“
596 1181 794 1238 Contra
847 1183 1098 1239 Carnier.
1124 1185 1306 1240 omnia
1350 1186 1603 1256 Epitimia
1645 1192 1903 1246 continuo
1932 1209 2022 1246 or-

440 1276 588 1342 dine,
616 1285 674 1330 ut
704 1277 757 1331 in
803 1278 923 1332 cod.
960 1276 1150 1348 Regio,
1187 1278 1347 1333 simul
1382 1280 1570 1342 edidit,
1606 1291 1662 1336 et
1708 1284 1889 1337 omnia
1921 1285 2018 1337 Ita-

438 1370 557 1424 bnit
600 1369 925 1427 adulterina.
973 1369 1029 1424 In
1086 1381 1196 1425 tres
1231 1381 1413 1425 autem
1445 1371 1646 1428 classes
1684 1374 1771 1428 illa
1811 1377 2017 1435 divisit.

436 1459 655 1529 Prima,
709 1464 888 1532 priora
934 1464 1186 1520 undecim
1244 1466 1411 1520 Garn.
1458 1467 1712 1523 editionis
1762 1468 2016 1536 Epitimia

437 1555 849 1626 complectitur;
900 1559 1135 1612 secunda
1188 1558 1393 1628 reliqua
1463 1561 1681 1626 omnia,
1733 1577 1902 1630 usque
1951 1561 2016 1615 ad

434 1648 869 1716 sexagesimum;
900 1648 1059 1704 tertia
1083 1650 1311 1707 alterius
1332 1654 1546 1720 generis
1569 1654 1844 1721 Epitimia,
1873 1672 2013 1724 quae,

433 1738 646 1795 incerto
692 1750 934 1806 auctore,
992 1741 1249 1813 inscripta
1300 1754 1425 1799 sunt
1463 1745 1743 1818 Ἐπιτίμια
1789 1749 1869 1812 εἰς
1908 1747 2012 1813 τὰς

431 1834 742 1898 κανονικάς.
772 1834 849 1889 ’At
882 1834 936 1890 in
988 1833 1166 1891 Paris.
1222 1837 1355 1893 edit.
1408 1840 1715 1910 antiquiore
1757 1842 2012 1911 Epitimia

428 1925 621 1994 prima:
667 1936 723 1981 et
770 1928 943 1981 tertia:
994 1929 1185 1983 classis
1235 1937 1492 1999 tanquam
1553 1932 1785 2001 genuina
1830 1934 2008 2002 posita

429 2025 557 2073 aunt
583 2025 709 2073 ante
754 2018 1084 2074 monasticas
1130 2021 1580 2089 constitutiones;
1614 2034 1826 2090 contra,
1878 2026 2006 2095 Epi-

429 2109 585 2164 timia
608 2110 859 2166 secunda:
884 2111 1072 2167 classis
1101 2121 1356 2183 tanquam
1395 2115 1697 2170 adulterina
1732 2126 1857 2188 post
1890 2120 2009 2175 illas

415 2198 630 2266 'rejecta
657 2212 802 2255 sunt.
847 2201 1186 2269 Quzeomnia
1215 2203 1267 2257 in
1296 2203 1455 2261 Praef.
1487 2207 1705 2263 uberius
1747 2209 2002 2279 explicat.

428 2293 567 2347 Add.
600 2291 778 2347 Iriart.
805 2292 841 2347 Ι.
881 2309 955 2360 c.,
988 2310 1108 2365 pag.
1141 2296 1246 2351 415
1272 2311 1392 2366 sqq.
1418 2328 1488 2339 —
1521 2300 1698 2355 Poenae
1729 2301 1779 2354 in
1815 2318 2004 2356 mona-

413 2383 562 2439 “chos
606 2382 1080 2453 delinquentes-et
1134 2388 1187 2442 in
1237 2389 1529 2444 canonicas
1581 2390 1636 2444 in
1695 2392 1818 2447 cod.
1867 2392 2007 2447 Tau-

424 2472 533 2527 rin.
566 2472 699 2531 XCI.
729 2473 789 2528 ν.
823 2473 941 2529 Cat.
972 2476 1125 2533 codd.
1156 2476 1259 2533 ‘Gr.
1295 2478 1481 2545 Taur.,
1525 2497 1577 2552 p.
1612 2481 1738 2549 185,
1780 2484 1868 2538 ubi
1900 2486 2006 2540 dif.

423 2563 656 2621 ferentia
687 2567 930 2637 qtnedam
968 2580 1207 2624 notatur.
1244 2570 1417 2627 Hann.

507 2657 586 2713 l5.
635 2658 957 2730 Ἀσκητικαὶ
1007 2660 1278 2727 διατᾶξεις
1322 2664 1460 2736 πρὸς
1496 2668 1621 2732 τοὺς
1655 2670 1712 2721 ὲν
1752 2671 2003 2743 κοινοϐίῳ

426 2746 521 2806 atat
542 2751 856 2823 καταμόνας
892 2753 1217 2818 ἀσκοῦντας.
1250 2753 1666 2814 Constitutiones
1703 2765 2004 2818 monastica:

426 2851 536 2896 tam
586 2845 655 2896 ad
698 2846 979 2898 coenobitas
1021 2862 1177 2914 quam
1224 2848 1293 2899 ad
1343 2847 1635 2904 solitariae.
1678 2850 1847 2922 Incip.
1892 2853 2003 2925 Τὴν

425 2933 567 2988 κατὰ
606 2935 842 3005 Χριστὸν
890 2933 1206 3005 φιλοσοφίαν
1258 2937 1668 3009 ἐπανελόμενος.
1715 2941 1845 3014 Pag.
1876 2943 1997 2999 662.

2128 440 2291 495 sclteo
2320 441 2372 494 in
2408 439 2592 495 Indice
2618 443 2937 510 iniquitatis,
2966 460 3088 515 pag.
3118 443 3189 499 22
3237 461 3382 516 sqq.,
3426 457 3480 502 et
3516 446 3709 504 Melch.

2128 532 2353 589 Cornum
2397 533 2449 587 in
2497 532 2713 588 Iudicio
2747 535 3038 606 iniquitatis
3071 536 3421 594 Dorsclteana:
3469 541 3709 611 depulso,

2125 641 2247 697 pag.
2271 624 2454 680 19-64.
2480 627 2644 681 FABR.
2668 628 2919 684 Garnit-r.
2942 631 2992 683 in
3020 630 3206 695 Przel.,
3234 630 3261 703 §
3298 631 3387 699 XI,
3413 649 3532 703 pag.
3559 650 3707 700 vat,

2127 718 2311 773 multis
2362 720 2658 775 rationibus
2699 723 2946 777 evincere
2995 726 3230 788 studuit,
3273 741 3379 780 non
3421 726 3707 792 Basiliam,

2126 812 2220 865 sed
2256 812 2597 867 Eustathium
2618 814 2997 882 Sebastenutn,
3047 816 3214 872 fuisse
3243 818 3706 875 Constitutionum

2127 905 2549 960 monaSIicarum
2600 908 2992 974 architectum,
3051 920 3104 963 et
3174 921 3282 964 tam
3339 913 3704 982 antiquiorum

2125 994 2214 1062 qui
2247 996 2484 1051 citantur
2517 1006 2772 1067 tanquam
2803 1016 2901 1068 pro
2924 1001 3123 1055 Basilio
3154 1010 3340 1067 testes,
3371 1003 3510 1071 loca,
3536 1020 3702 1075 quam

2124 1089 2487 1142 recentiorum
2546 1100 2861 1158 argumenta
2911 1092 3191 1146 examinat
3253 1094 3578 1166 refellitque.
3632 1125 3709 1138 -

2122 1180 2233 1235 Cel.
2266 1180 2530 1251 Garpzov.
2565 1183 2616 1237 in
2655 1180 2851 1252 Progr.
2888 1199 3012 1238 mox
3047 1185 3285 1250 citando,
3330 1203 3382 1257 p.
3428 1188 3481 1252 1,
3515 1190 3708 1259 sentit,

2121 1271 2303 1328 Basilii
2338 1275 2584 1329 Ascetica
2627 1276 2795 1329 fuisse
2840 1277 2907 1331 ab
2944 1278 3226 1332 Eustathio
3275 1279 3570 1335 Sebasteno
3620 1282 3706 1337 in-

2122 1368 2405 1437 terpolata.
2435 1398 2506 1409 —
2534 1369 2588 1422 In
2634 1385 2686 1422 n.
2721 1371 2807 1437 14,
2846 1385 2892 1425 s.
2938 1369 3226 1424 Poenarum
3265 1369 3325 1430 L,
3353 1383 3480 1438 etc.,
3512 1389 3700 1442 opusc.

2120 1459 2281 1515 desiit
2324 1467 2502 1516 tomus
2550 1462 2819 1517 secundus
2864 1463 2997 1517 edit.
3038 1462 3132 1518 Gr.
3182 1463 3392 1519 Latime
3447 1480 3498 1519 a.
3560 1464 3704 1519 1658

2118 1550 2280 1624 [utin
2328 1569 2384 1609 n.
2428 1554 2489 1609 VI
2538 1554 2753 1610 Fabric.
2783 1554 3310 1612 Tomusleditionis
3358 1557 3549 1612 Graeco
3597 1557 3704 1611 La-

2122 1645 2245 1698 tinae
2280 1643 2588 1701 Nivellianae
2634 1646 2795 1711 1618,
2826 1664 2854 1701 a
2888 1664 2995 1719 qua
3032 1651 3305 1705 recentior
3349 1650 3485 1705 1658
3520 1650 3702 1704 dill‘ert

2120 1735 2173 1790 in
2198 1736 2320 1804 hoc,
2364 1739 2506 1809 quod
2537 1742 2958 1796 commentarios
3000 1742 3056 1796 in
3097 1741 3303 1797 Isaiam
3338 1743 3486 1813 ponit
3526 1744 3704 1813 primo

2119 1825 2237 1882 loco
2265 1828 2317 1883 in
2345 1837 2492 1885 tomo
2531 1832 2789 1898 secundo,
2834 1842 2891 1888 et
2927 1833 3161 1903 primum
3213 1835 3453 1889 vicissim
3500 1833 3703 1889 claudit

2120 1920 2276 1978 libris
2323 1923 2456 1976 Adv.
2499 1922 2843 1990 Eunomiam,
2897 1939 3034 1992 quos
3084 1923 3384 1979 Niveliiana
3432 1922 3597 1993 jussit
3644 1925 3698 1977 in

2118 2021 2264 2068 tomo
2303 2014 2541 2069 secundo
2573 2014 2831 2067 familiam
2868 2014 3093 2080 ducere,
3151 2028 3287 2070 teste
3330 2015 3491 2072 Fabr.
3526 2032 3581 2087 ρ.
3630 2014 3700 2071 78

2114 2105 2202 2160 ed.
2239 2104 2374 2178 νει]
2399 2105 2599 2161 Contra
2626 2123 2688 2160 ea
2724 2117 2853 2163 tom.
2899 2107 2942 2162 II
2971 2109 3056 2164 ed.
3090 2107 3341 2163 Garnier.
3389 2109 3564 2163 adhuc
3604 2109 3698 2160 ad-

2063 2223 2069 2230 -
2114 2195 2225 2249 dita
2259 2206 2390 2251 sunt
2431 2206 2688 2264 tanquam
2732 2199 2996 2268 appendix
3047 2214 3270 2267 opermn
3318 2197 3541 2263 Basilii,
3575 2206 3731 2265 quas

2114 2284 2399 2342 Garnierio
2446 2288 2698 2343 videntur
2757 2289 2893 2343 falso
2926 2288 3127 2343 Basilio
3179 2290 3436 2360 ascripta,
3476 2299 3529 2343 et
3577 2303 3698 2358 quae

2112 2383 2334 2453 partim,
2381 2381 2486 2436 alio
2517 2392 2698 2436 tamen
2732 2381 2868 2450 loco,
2900 2386 3060 2439 etiam
3095 2383 3294 2438 inserta
3330 2392 3454 2437 sunt
3485 2393 3627 2437 tomo
3652 2381 3699 2453 LI

2110 2476 2198 2531 ed.
2228 2491 2389 2529 mem.
2421 2473 2663 2532 ο.’1658.

2183 2568 2234 2622 1.
2263 2567 2399 2637 Περὶ
2426 2566 2518 2621 τοῦ
2544 2567 2705 2637 ἁγίου
2743 2567 3083 2640 Πνεύματος,
3119 2567 3192 2622 De
3236 2566 3441 2638 Spiritu
3489 2577 3691 2622 sancto.

2110 2657 2241 2730 Pag.
2276 2659 2382 2714 585
2427 2675 2548 2729 sqq.
2581 2661 2742 2730 Atqui
2772 2661 2852 2715 sic
2876 2662 3076 2715 rectius
3118 2661 3433 2715 inscribitur
3471 2660 3691 2714 immitia

2113 2752 2165 2805 in
2199 2767 2301 2806 ms.
2335 2750 2463 2806 bibl.
2510 2751 2737 2807 Coislin.
2776 2750 2871 2823 (V.
2914 2750 3278 2806 Montl'aucon.
3328 2750 3501 2805 (ἐπίοι.
3535 2765 3690 2813 mss.,

2111 2860 2229 2915 pag.
2272 2843 2396 2916 117)
2439 2854 2492 2899 et
2522 2845 2732 2901 duobus
2760 2844 3000 2912 antiquis
3042 2843 3195 2898 libris
3235 2858 3321 2912 ap.
3371 2841 3536 2897 Garn.
3575 2841 3688 2895 Inc.

2121 2937 2180 2991 '0
2211 2938 2621 3009 βαπτιζόμενος,
2650 2939 2731 3002 εἰς
2763 2938 2970 3010 Τριάδα
3006 2935 3344 3007 βαπτίζεται.
3377 2935 3430 2989 In
3460 2946 3692 3004 utraque

425 3023 617 3099 [Garn.
672 3028 758 3082 cui
796 3039 1059 3098 suspectae
1104 3036 1252 3093 sunt,
1289 3044 1410 3101 pag.
1463 3031 1570 3086 555
1618 3032 1766 3106 sqq.]
1815 3033 2004 3105 Opera
2031 3060 2076 3121 ο
2112 3025 2285 3080 Paris.
2323 3037 2377 3081 et
2408 3027 2548 3096 apud
2585 3026 2799 3081 Fabric.
2845 3029 2958 3097 (qui
2998 3036 3176 3080 tamen
3229 3026 3454 3080 alteram
3496 3027 3690 3094 probat

423 3118 656 3188 pretium
688 3117 852 3174 fuerit
880 3119 1130 3174 conferre
1164 3120 1407 3176 codicem
1441 3120 1770 3191 Casareum,
1804 3127 1871 3181 de
1897 3142 2005 3198 quo
2051 3117 2073 3121 '
2108 3117 2560 3189 inscriptionem),
2591 3134 2646 3173 ιι.
2678 3118 2744 3172 17
2784 3120 2923 3172 inter
2951 3117 3202 3172 bomilias
3244 3117 3506 3186 inscripta
3545 3124 3629 3169 est
3656 3134 3685 3170 ~:

423 3206 770 3277 Lambecius,
820 3209 918 3275 ΙΙΙ,
953 3226 1078 3279 pag.
1134 3212 1238 3267 125
1283 3213 1384 3284 (a).
1439 3214 1683 3271 Ascetica
1746 3217 2005 3275 hactenus

424 3310 851 3357 commemorata
928 3301 1122 3358 Latine
1168 3305 1341 3360 vertit
1408 3305 1648 3363 Adatnus
1702 3308 2000 3379 Fumanus,

422 3393 577 3462 cujus
634 3393 1175 3465 interpretationem,
1231 3396 1401 3469 Lugd.
1467 3400 1645 3469 1540,
1705 3401 1826 3470 lol.,
1861 3408 2000 3476 apud

424 3484 729 3558 Gryphium
764 3488 990 3553 editam,
1042 3489 1239 3545 deinde
1282 3504 1675 3549 recensuerunt
1708 3496 1999 3561 Musculns,

324 3590 327 3595 ‘
422 3577 765 3646 Tilmannus,
814 3581 1058 3636 Ducatus.
1091 3582 1295 3639 Gallice
1332 3582 2002 3646 GodfridusHermantins

422 3667 601 3725 Paris.
650 3670 813 3737 1672,
869 3670 923 3726 8.
984 3672 1189 3727 Dicitur
1233 3682 1287 3727 et
1330 3683 1548 3728 exstare
1592 3675 1760 3731 editio
1812 3676 1998 3732 Graeca

420 3757 880 3817 Constitutionum
908 3765 1329 3818 monasticarum
1353 3779 1475 3818 cum
1507 3764 1687 3821 Italica
1727 3768 1997 3833 versione,

419 3864 623 3909 excusa
651 3854 838 3910 Romae
860 3854 1020 3921 1578,
1042 3854 1099 3920 4,
1125 3856 1265 3924 apud
1295 3855 1642 3911 Franciscum
1686 3857 1995 3924 Zanettuni,

418 3964 584 4019 quam
604 3963 709 4003 non
729 3947 859 4001 vidi.
878 3946 1136 4014 Quamvis
1157 3955 1338 4001 autem
1360 3947 1638 4003 Eustathio
1654 3949 1951 4009 Sebasteno
1967 3971 1996 4009 a

372 4049 384 4068 ’
418 4040 740 4110 quibusdam
758 4038 886 4092 olim
906 4037 1105 4092 tributa
1124 4037 1289 4093 fuisse
1306 4050 1521 4095 constet
1539 4056 1570 4097 e
1587 4042 1889 4100 Sozomeno
1913 4061 1994 4111 ιιι,

418 4131 509 4191 15,
532 4140 583 4185 et
606 4128 914 4199 Nicepltoro
948 4145 1024 4191 ιι,
1057 4130 1142 4191 16,
1177 4146 1298 4197 xm,
1321 4130 1412 4198 29,
1441 4132 1700 4203 multique
1721 4136 1882 4189 etiam
1913 4152 1997 4193 re-

414 4222 689 4278 centiores
731 4223 832 4277 viri
863 4224 1003 4276 docti
1032 4225 1098 4277 de
1121 4233 1342 4279 auctore
1382 4225 1666 4291 dubitent,
1706 4235 1907 4293 tamen,
1939 4239 1997 4284 ut

414 4314 670 4367 observat
720 4311 927 4367 Natalis
972 4313 1296 4375 Alexander,
1340 4313 1543 4369 Basilio
1592 4328 1911 4372 asseruntur
1965 4336 1993 4374 a

2105 3210 2199 3273 Εἰς
2221 3209 2283 3263 τὸ
2317 3209 2470 3279 ἅγιον
2515 3209 2817 3282 βάπτισμα.
2856 3212 2909 3265 1η
2947 3210 3042 3266 XV
3072 3210 3230 3266 codd.
3274 3208 3449 3263 Paris.
3485 3211 3689 3263 citatur

2104 3302 2397 3356 secundum
2440 3303 2600 3356 catal.
2646 3305 2819 3357 codic.
2867 3313 3007 3358 orat.
3063 3303 3116 3356 in
3155 3298 3414 3371 Spiritum
3464 3301 3520 3356 S.
3556 3303 3687 3355 Sine

2103 3393 2455 3462 inscriptione
2476 3403 2557 3447 est
2588 3393 2673 3446 illa
2707 3394 2924 3447 humilia
2973 3393 3263 3449 Florentiae
3316 3395 3368 3447 in
3394 3395 3514 3449 cod.
3538 3393 3685 3448 Lau-

2105 3482 2371 3545 rent.XIl,
2399 3500 2452 3537 ιι.
2478 3483 2570 3547 21,
2599 3485 2732 3554 plut.
2753 3486 2806 3538 4.
2833 3483 2898 3539 ν.
2919 3484 3145 3541 Bandin.
3167 3486 3284 3539 Cat.
3303 3486 3458 3541 codd.
3495 3483 3682 3551 Gr.,1,

2102 3593 2222 3647 pag.
2265 3575 2391 3632 556.
2446 3577 2772 3641 Vertcrunt,
2829 3578 2906 3631 ait
2945 3575 3134 3640 Fabr.,
3189 3576 3577 3632 Volaterranns
3627 3589 3684 3632 et

2101 3669 2416 3724 Carnarius.
2447 3669 2652 3723 Prudiit
2681 3669 2970 3739 separatim
2998 3668 3314 3724 Helmstadii
3346 3684 3399 3724 ει.
3436 3670 3595 3733 1615,
3624 3670 3680 3734 8,

2100 3761 2194 3818 Gr.
2224 3774 2274 3816 et
2308 3761 2450 3825 Lat.,
2478 3765 2671 3818 edente
2700 3762 2907 3817 Joanne
2933 3778 2959 3816 a
2995 3762 3185 3818 Fncbt.

2169 3854 2221 3909 2.
2274 3854 2525 3926 Ῥηθεῖσα
2556 3856 2613 3909 ὲν
2638 3854 2916 3921 Λακίξοις,
2951 3854 3103 3908 Dicta
3120 3856 3188 3909 .in
3218 3853 3432 3909 Lacizis
3461 3855 3680 3911 homilia

2101 3949 2152 4001 in
2200 3948 2407 4017 aliquot
2450 3948 2745 4015 Scriptura
2774 3947 2833 4002 S.
2865 3946 2983 4001 loca
3014 3956 3067 4001 ct
3104 3947 3171 4002 de
3218 3947 3529 4001 hominibus
3573 3964 3703 4002 non-

2098 4040 2459 4109 acceptandis,
2496 4038 2868 4110 fugiendaque
2912 4039 3026 4106 ira,
3077 4039 3277 4094 invidia
3325 4051 3379 4093 et
3424 4041 3673 4098 avaritia.

2098 4131 2235 4187 llinc
2268 4133 2319 4186 in
2359 4132 2477 4187 cod.
2517 4133 2755 4187 secundo
2778 4131 2985 4202 Regio,
3024 4133 3076 4186 in
3129 4149 3238 4201 quo
3284 4132 3366 4188 bis
3410 4135 3678 4203 reperitur

2096 4224 2270 4280 oratio
2321 4225 2434 4280 haec
2481 4225 2643 4291 (teste
2672 4223 2839 4279 Garn.
2892 4225 2942 4277 in
2985 4234 3111 4279 nota
3144 4224 3196 4293 α)
3248 4224 3511 4293 inscripta
3562 4233 3668 4290 est,

2094 4318 2232 4389 ΠερῖΙ
2256 4316 2488 4390 κρίσεως
2513 4318 2608 4371 καὶ
2634 4316 2763 4388 περὶ
2794 4315 2965 4388 θυμοῦ
2993 4316 3087 4369 καὶ
3113 4317 3354 4387 ἀγάπης,
3391 4318 3485 4371 καὶ
3517 4316 3677 4369 πλεο.

398 4404 677 4473 ﬂregorto
695 4404 847 4468 Νη..
880 4405 1225 4475 Hieronymo,
1260 4404 1476 4473 Ruﬁno,
1508 4403 1792 4473 Cassiano,
1823 4408 1989 4466 Justi-

2107 4412 2278 4476 νεξίας
2315 4412 2410 4466 καὶ
2456 4411 2673 4481 φθόνου,
2712 4410 2940 4482 ρηθεῑσα
2971 4413 3030 4464 ὲν
3063 4410 3338 4475 Λακιζοις.
3386 4410 3494 4464 Inc.
3524 4408 3678 4463 Ἀντ-

412 4499 578 4552 niano
610 4499 738 4566 imp.
782 4496 837 4551 in
880 4498 1079 4562 edicto,
1113 4509 1167 4552 et
1202 4496 1394 4553 Photio
1441 4499 1560 4553 cod.
1602 4512 1725 4554 cxu
1768 4509 1822 4554 et
1845 4515 1989 4556 εχει.

412 4590 611 4647 Confer
645 4591 823 4667 _Duca:i
855 4601 1009 4645 notas
1055 4590 1121 4644 ad
1156 4588 1340 4645 Basilii
1372 4598 1502 4646 tom.
1538 4589 1603 4657 ll,
1651 4607 1771 4662 pag.
1810 4586 1903 4657 28,
1939 4606 1993 4648 et

406 4677 626 4736 Billium
663 4682 728 4735 ad
772 4680 1099 4736 Nazianzeni
1141 4690 1281 4735 orat.
1323 4681 1415 4748 20,
1440 4690 1564 4736 nota
1597 4681 1686 4748 60,
1721 4683 1808 4737 ubi
1840 4700 1868 4737 a
1901 4683 1991 4738 Ni-

410 4784 529 4825 reta
558 4772 721 4825 etiam
737 4770 933 4826 Basilio
963 4772 1122 4826 tribui
1148 4779 1401 4835 testatur,
1426 4781 1480 4826 et
1502 4770 1872 4835 Lambecium,
1899 4772 1987 4836 lli.

410 4882 533 4934 pag.
571 4865 673 4919 122
698 4880 779 4936 sq.
809 4864 955 4938 [pag.
982 4865 1087 4920 515
1121 4880 1241 4935 sqq.
1268 4863 1500 4936 Kollar.]
1528 4863 1777 4935 Θεσμοὺς
1819 4865 1991 4938 ἀσκή-

413 4975 551 5021 σεως
577 4969 735 5012 vocat
761 4958 1056 5025 Gregorius
1085 4960 1370 5028 presbyter.
1393 4956 1444 5008 in
1479 4954 1597 5009 Vita
1632 4954 1986 5021 Nazianzeni,

410 5064 571 5118 quem
609 5064 712 5103 una
742 5051 794 5103 in
825 5051 929 5104 illis
959 5050 1267 5105 elaborasse
1301 5048 1498 5104 innuit.
1532 5048 1665 5103 Vide
1692 5058 1747 5103 et
1771 5065 1893 5119 quae
1930 5055 1982 5104 in

481 5208 559 5279 (a)
586 5207 713 5277 Pag.
752 5206 856 5261 515
882 5223 1001 5277 sqq.
1033 5206 1121 5279 ed.
1166 5205 1367 5279 Kollar.
1410 5206 1462 5279 ig
1487 5209 1606 5264 cod.
1638 5206 1801 5279 LXY,
1833 5223 1887 5261 n.
1924 5206 1978 5271 5,

408 5287 463 5331 et
492 5275 551 5331 ἰιζ
593 5275 1217 5347 4,_pra:cedii.scholiou
1266 5277 1361 5332 Gr.
1417 5277 1683 5333 Theodori
1733 5275 1979 5340 Studitte,

409 5362 517 5414 quo
554 5348 641 5402 ille
683 5350 995 5412 contendit,
1020 5347 1480 5402 Constitutionum
1533 5347 1979 5411 monasticarum,

408 5432 530 5489 qua:
562 5418 843 5483 incipiunt,
869 5419 979 5489 Τὴν
1012 5419 1153 5472 κατὰ
1188 5419 1419 5488 Χριστὸν
1460 5419 1772 5487 φιλοσοφίαν
1813 5419 1982 5489 ἐπαν-

407 5486 692 5556 ελόμενος,
736 5497 865 5551 etc.,
914 5486 1096 5541 rerum
1137 5486 1413 5541 auctorem
1444 5504 1565 5543 esse
1610 5489 1889 5543 Basiliutn.
1928 5487 1982 5539 In

407 5558 533 5612 cod.
570 5557 816 5628 Caesareo
862 5558 1091 5611 divisum
1132 5566 1214 5612 est
1252 5574 1394 5628 Opus
1424 5559 1474 5610 in
1516 5563 1689 5628 capita
1741 5558 1982 5628 triginta,

410 5641 642 5698 quorum
697 5626 950 5698 prologus
999 5628 1096 5696 (uti
1144 5629 1193 5680 in
1234 5630 1319 5682 ed.
1369 5626 1827 5698 Garu.)‘iucipit:
1872 5627 1983 5696 Τὴν

401 5695 551 5752 κατὰ
576 5694 807 5768 Χριστὺδ
859 5694 1174 5766 φιλοσοφίαν
1211 5694 1621 5769 ἐπανελόμενος.
1658 5694 1735 5741 --’
1760 5697 1816 5752 In
1860 5694 1980 5754 cod.

2099 4501 2425 4570 αγωνίζεται
2455 4503 2483 4555 ὁ
2510 4501 2720 4575 ἐχθρός.
2755 4500 2921 4555 Garn.
2963 4501 3025 4565 Il,
3065 4518 3185 4571 pag.
3218 4501 3321 4556 587
3362 4516 3480 4570 sqq.
3529 4499 3672 4583 ‘Add.

2098 4611 2221 4650 eum
2246 4608 2300 4649 et
2334 4597 2399 4648 de
2434 4596 2710 4663 superiore
2736 4595 2884 4649 hom.
2927 4593 2998 4646 De
3034 4592 3219 4660 Spirit.
3254 4593 3313 4647 S.
3345 4602 3398 4646 et
3428 4594 3493 4645 de
3523 4592 3671 4645 hom.

2098 4682 2372 4738 inLacizis
2399 4683 2600 4750 habita,
2622 4683 2820 4739 Basilio
2840 4683 3079 4753 indigna,
3104 4685 3155 4735 in
3183 4682 3331 4751 prtel‘.
3375 4682 3402 4753 δ
3427 4680 3487 4735 Ill
3510 4682 3671 4743 etIV.

2099 4791 2220 4847 pag.
2250 4792 2284 4830 x
2314 4790 2435 4844 sqq.
2461 4774 2517 4829 ln
2549 4776 2640 4832 ed.
2670 4775 2844 4831 Paris.
2869 4774 2996 4831 olim
3024 4785 3078 4830 et
3110 4791 3198 4843 ap.
3228 4773 3391 4830 Fabr.
3423 4789 3674 4827 numera-

2094 4866 2257 4920 batur
2290 4867 2430 4920 inter
2447 4867 2694 4922 homilias
2723 4882 2778 4921 n.
2801 4867 2893 4932 21,
2921 4876 2976 4921 et
2999 4865 3214 4919 Fabric.
3245 4866 3440 4920 addit:
3474 4882 3494 4916 ι
3529 4863 3670 4919 Ver-

2095 4964 2275 5009 terunt
2317 4954 2702 5010 Volaterrauus
2746 4964 2803 5010 et
2840 4956 3153 5011 Cornarius.
3192 4953 3336 5008 Citat
3381 4953 3671 5022 aliquoties

2092 5049 2455 5106 Damascenus
2492 5051 2542 5103 in
2584 5047 2888 5103 Parallelis.
2913 5068 2930 5102 ι
2975 5078 3039 5090 —--
3079 5050 3270 5103 Exstat
3305 5050 3358 5104 in
3394 5050 3514 5104 cod.
3554 5048 3668 5100 Au-

2083 5205 2279 5261 Ctesar.
2313 5203 2600 5269 LXXXIX,
2652 5220 2707 5259 ιι.
2740 5205 2772 5258 5
2797 5204 3071 5275 (Lambec.
3100 5204 3123 5257 1
3164 5218 3240 5264 c.,
3270 5218 3391 5271 pag.
3415 5201 3538 5270 479)
3575 5213 3668 5275 est
3756 5232 3759 5235 -

2084 5276 2545 5329 Coustitutionnm
2580 5272 2863 5328 monasﬁc.
2895 5290 3011 5339 cap.
3040 5274 3112 5327 24
3143 5292 3157 5325 :
3192 5274 3343 5337 Quod
3375 5272 3665 5326 monac/tus

2087 5363 2189 5398 non
2211 5347 2387 5398 debeat
2419 5346 2638 5398 honores
2663 5355 2711 5397 et
2750 5346 3123 5412 praerogativa:
3166 5354 3418 5407 appetere.
3441 5371 3518 5412 7-;-
3559 5343 3665 5394 lix-

2087 5427 2229 5469 stant
2255 5418 2366 5469 ista:
2393 5415 2708 5469 Constitntt.
2752 5410 2812 5466 Vin
2848 5413 2904 5466 VI
2926 5410 3094 5465 Vrodd.
3130 5413 3304 5466 Paris.
3333 5442 3402 5451 —-
3436 5410 3667 5463 Floren-

2089 5489 2175 5538 tiae
2222 5487 2270 5538 itt
2312 5486 2438 5539 bibl.
2472 5484 2726 5537 L-tnrent.
2771 5484 2891 5537 cod.
2926 5481 3045 5544 XX,
3081 5499 3134 5535 η.
3168 5482 3221 5548 8,
3264 5483 3399 5548 plut.
3435 5482 3466 5535 9
3499 5481 3666 5550 (Ban-

2088 5557 2198 5608 din.
2227 5554 2346 5608 Cat.
2384 5554 2538 5607 codd.
2567 5552 2685 5612 Gn.
2714 5554 2751 5617 Ι,
2784 5569 2902 5622 pag.
2945 5552 3071 5622 425)
3100 5564 3153 5606 et
3197 5552 3373 5620 capita
3409 5551 3661 5620 quietiam

2092 5627 2144 5679 in
2177 5625 2295 5680 aliis
2325 5625 2463 5679 illius
2493 5624 2619 5679 bibl.
2652 5624 2808 5679 codd.
2852 5621 3016 5674 HABL.
