  <div class='ocr_page' id='page_1' title='image "/cluster/home/n/w/nwhite01/storage/ocr_20150623/29/mdp.39015012934371/272.png"; bbox 0 0 4094 6220; ppageno 0'>
   <div class='ocr_carea' id='block_1_1' title="bbox 1691 354 2478 411">
    <p class='ocr_par' dir='ltr' id='par_1_1' title="bbox 1691 354 2478 411">
     <span class='ocr_line' id='line_1_1' title="bbox 1691 354 2478 411; baseline 0.001 -2"><span class='ocrx_word' id='word_1_1' title='bbox 1691 355 1970 410; x_wconf 71' lang='lat' dir='ltr'><strong>NOTITIA</strong></span> <span class='ocrx_word' id='word_1_2' title='bbox 2012 354 2100 408; x_wconf 82' lang='lat' dir='ltr'><strong>EX</strong></span> <span class='ocrx_word' id='word_1_3' title='bbox 2141 354 2478 411; x_wconf 78' lang='lat' dir='ltr'><strong>FABRICIO.</strong></span> 
     </span>
    </p>
   </div>
   <div class='ocr_carea' id='block_1_2' title="bbox 3511 377 3704 418">
    <p class='ocr_par' dir='ltr' id='par_1_2' title="bbox 3511 377 3704 418">
     <span class='ocr_line' id='line_1_2' title="bbox 3511 377 3704 418; baseline -0.016 0"><span class='ocrx_word' id='word_1_4' title='bbox 3511 377 3704 418; x_wconf 72' lang='lat' dir='ltr'><strong>CCLXIII</strong></span> 
     </span>
    </p>
   </div>
   <div class='ocr_carea' id='block_1_3' title="bbox 447 466 3706 547">
    <p class='ocr_par' dir='ltr' id='par_1_3' title="bbox 447 466 3706 547">
     <span class='ocr_line' id='line_1_3' title="bbox 447 466 3706 547; baseline 0.002 -23"><span class='ocrx_word' id='word_1_5' title='bbox 447 477 593 538; x_wconf 77' lang='lat' dir='ltr'><strong>gust.</strong></span> <span class='ocrx_word' id='word_1_6' title='bbox 634 466 845 525; x_wconf 81' lang='lat' dir='ltr'><strong>Viudel.</strong></span> <span class='ocrx_word' id='word_1_7' title='bbox 897 478 1033 526; x_wconf 88' lang='lat' dir='ltr'><strong>teste</strong></span> <span class='ocrx_word' id='word_1_8' title='bbox 1084 471 1307 528; x_wconf 83' lang='lat' dir='ltr'><strong>Reisero</strong></span> <span class='ocrx_word' id='word_1_9' title='bbox 1359 473 1412 526; x_wconf 92' lang='lat' dir='ltr'><strong>in</strong></span> <span class='ocrx_word' id='word_1_10' title='bbox 1476 473 1655 528; x_wconf 79' lang='lat' dir='ltr'><strong>Indice</strong></span> <span class='ocrx_word' id='word_1_11' title='bbox 1704 493 1855 534; x_wconf 79' lang='lat' dir='ltr'><strong>mss..</strong></span> <span class='ocrx_word' id='word_1_12' title='bbox 1897 487 2027 541; x_wconf 89' lang='lat' dir='ltr'><strong>etc.,</strong></span> <span class='ocrx_word' id='word_1_13' title='bbox 2060 486 2104 541; x_wconf 82' lang='grc' dir='ltr'>Α</span> <span class='ocrx_word' id='word_1_14' title='bbox 2135 473 2223 535; x_wconf 85' lang='lat' dir='ltr'><strong>Ill,</strong></span> <span class='ocrx_word' id='word_1_15' title='bbox 2254 492 2304 543; x_wconf 85' lang='lat' dir='ltr'><strong>p.</strong></span> <span class='ocrx_word' id='word_1_16' title='bbox 2336 475 2462 540; x_wconf 74' lang='grc'>465,</span> <span class='ocrx_word' id='word_1_17' title='bbox 2491 475 2668 545; x_wconf 78' lang='lat' dir='ltr'><strong>ibique</strong></span> <span class='ocrx_word' id='word_1_18' title='bbox 2697 473 2896 537; x_wconf 83' lang='lat' dir='ltr'><strong>Kullar,</strong></span> <span class='ocrx_word' id='word_1_19' title='bbox 2926 487 2976 528; x_wconf 87' lang='lat' dir='ltr'><strong>et</strong></span> <span class='ocrx_word' id='word_1_20' title='bbox 3008 492 3127 545; x_wconf 80' lang='lat' dir='ltr'><strong>pag.</strong></span> <span class='ocrx_word' id='word_1_21' title='bbox 3160 477 3285 543; x_wconf 67' lang='grc'>488,</span> <span class='ocrx_word' id='word_1_22' title='bbox 3312 486 3418 532; x_wconf 81' lang='lat' dir='ltr'><strong>etc.</strong></span> <span class='ocrx_word' id='word_1_23' title='bbox 3453 479 3706 547; x_wconf 67' lang='lat' dir='ltr'><strong>Augusta!</strong></span> 
     </span>
    </p>
   </div>
   <div class='ocr_carea' id='block_1_4' title="bbox 449 561 1711 631">
    <p class='ocr_par' dir='ltr' id='par_1_4' title="bbox 449 561 1711 631">
     <span class='ocr_line' id='line_1_4' title="bbox 449 561 1711 631; baseline 0.003 -15"><span class='ocrx_word' id='word_1_24' title='bbox 449 576 572 631; x_wconf 85' lang='lat' dir='ltr'><strong>pag.</strong></span> <span class='ocrx_word' id='word_1_25' title='bbox 606 561 695 614; x_wconf 85' lang='grc'>57.</span> <span class='ocrx_word' id='word_1_26' title='bbox 720 591 790 601; x_wconf 85' lang='grc'><strong><em>-</em></strong></span> <span class='ocrx_word' id='word_1_27' title='bbox 815 561 866 614; x_wconf 83' lang='lat' dir='ltr'><strong>In</strong></span> <span class='ocrx_word' id='word_1_28' title='bbox 897 562 961 616; x_wconf 75' lang='grc'><strong>15</strong></span> <span class='ocrx_word' id='word_1_29' title='bbox 991 564 1148 618; x_wconf 91' lang='lat' dir='ltr'><strong>codd.</strong></span> <span class='ocrx_word' id='word_1_30' title='bbox 1180 565 1306 620; x_wconf 91' lang='lat' dir='ltr'><strong>bibl.</strong></span> <span class='ocrx_word' id='word_1_31' title='bbox 1338 565 1508 620; x_wconf 84' lang='lat' dir='ltr'><strong>Paris.</strong></span> <span class='ocrx_word' id='word_1_32' title='bbox 1543 566 1711 622; x_wconf 65' lang='lat' dir='ltr'><strong>Hanc.</strong></span> 
     </span>
    </p>
   </div>
   <div class='ocr_carea' id='block_1_5' title="bbox 518 652 2027 728">
    <p class='ocr_par' dir='ltr' id='par_1_5' title="bbox 518 652 2027 728">
     <span class='ocr_line' id='line_1_5' title="bbox 518 652 2027 728; baseline 0.003 -22"><span class='ocrx_word' id='word_1_33' title='bbox 518 653 572 706; x_wconf 83' lang='grc'>5.</span> <span class='ocrx_word' id='word_1_34' title='bbox 600 652 694 715; x_wconf 76' lang='grc' dir='ltr'><strong>Εἰς</strong></span> <span class='ocrx_word' id='word_1_35' title='bbox 709 654 809 723; x_wconf 76' lang='grc' dir='ltr'><strong>τὴν</strong></span> <span class='ocrx_word' id='word_1_36' title='bbox 835 655 996 722; x_wconf 85' lang='grc' dir='ltr'>ἁγίαν</span> <span class='ocrx_word' id='word_1_37' title='bbox 1010 655 1104 708; x_wconf 81' lang='grc' dir='ltr'><strong>τοῦ</strong></span> <span class='ocrx_word' id='word_1_38' title='bbox 1123 657 1356 728; x_wconf 71' lang='grc' dir='ltr'>Χριστοῦ</span> <span class='ocrx_word' id='word_1_39' title='bbox 1383 657 1656 728; x_wconf 81' lang='grc' dir='ltr'><strong>γέννησιν,</strong></span> <span class='ocrx_word' id='word_1_40' title='bbox 1701 657 1767 712; x_wconf 89' lang='grc' dir='ltr'>1η</span> <span class='ocrx_word' id='word_1_41' title='bbox 1793 667 2027 711; x_wconf 78' lang='lat' dir='ltr'><strong>sanctam</strong></span> 
     </span>
    </p>
   </div>
   <div class='ocr_carea' id='block_1_6' title="bbox 447 741 2026 819">
    <p class='ocr_par' dir='ltr' id='par_1_6' title="bbox 447 741 2026 819">
     <span class='ocr_line' id='line_1_6' title="bbox 447 741 2026 819; baseline 0.003 -24"><span class='ocrx_word' id='word_1_42' title='bbox 447 741 646 795; x_wconf 81' lang='lat' dir='ltr'><strong>Christi</strong></span> <span class='ocrx_word' id='word_1_43' title='bbox 685 745 1105 811; x_wconf 77' lang='lat' dir='ltr'><strong>generationem,</strong></span> <span class='ocrx_word' id='word_1_44' title='bbox 1145 746 1315 800; x_wconf 89' lang='lat' dir='ltr'><strong>Garn.</strong></span> <span class='ocrx_word' id='word_1_45' title='bbox 1347 747 1412 810; x_wconf 92' lang='lat' dir='ltr'><strong>ll,</strong></span> <span class='ocrx_word' id='word_1_46' title='bbox 1464 763 1515 816; x_wconf 91' lang='lat' dir='ltr'><strong>p.</strong></span> <span class='ocrx_word' id='word_1_47' title='bbox 1553 748 1659 803; x_wconf 84' lang='lat'><strong>595</strong></span> <span class='ocrx_word' id='word_1_48' title='bbox 1689 764 1849 819; x_wconf 86' lang='lat' dir='ltr'><strong>sqq.;</strong></span> <span class='ocrx_word' id='word_1_49' title='bbox 1900 751 2026 803; x_wconf 89' lang='lat' dir='ltr'><strong>olim</strong></span> 
     </span>
    </p>
   </div>
   <div class='ocr_carea' id='block_1_7' title="bbox 448 833 2026 910">
    <p class='ocr_par' dir='ltr' id='par_1_7' title="bbox 448 833 2026 910">
     <span class='ocr_line' id='line_1_7' title="bbox 448 833 2026 910; baseline 0.007 -26"><span class='ocrx_word' id='word_1_50' title='bbox 448 844 505 885; x_wconf 87' lang='lat' dir='ltr'><strong>et</strong></span> <span class='ocrx_word' id='word_1_51' title='bbox 548 833 690 902; x_wconf 87' lang='lat' dir='ltr'><strong>apud</strong></span> <span class='ocrx_word' id='word_1_52' title='bbox 738 833 955 889; x_wconf 86' lang='lat' dir='ltr'><strong>Fabric.</strong></span> <span class='ocrx_word' id='word_1_53' title='bbox 1009 852 1062 888; x_wconf 81' lang='grc' dir='ltr'><strong>ιι.</strong></span> <span class='ocrx_word' id='word_1_54' title='bbox 1111 837 1204 898; x_wconf 69' lang='grc'><strong>25,</strong></span> <span class='ocrx_word' id='word_1_55' title='bbox 1252 838 1393 891; x_wconf 90' lang='lat' dir='ltr'><strong>inter</strong></span> <span class='ocrx_word' id='word_1_56' title='bbox 1435 839 1704 902; x_wconf 87' lang='lat' dir='ltr'><strong>homilias,</strong></span> <span class='ocrx_word' id='word_1_57' title='bbox 1757 841 1820 893; x_wconf 89' lang='lat' dir='ltr'><strong>ad</strong></span> <span class='ocrx_word' id='word_1_58' title='bbox 1865 857 2026 910; x_wconf 86' lang='lat' dir='ltr'><strong>quem</strong></span> 
     </span>
    </p>
   </div>
   <div class='ocr_carea' id='block_1_8' title="bbox 449 925 2025 1002">
    <p class='ocr_par' dir='ltr' id='par_1_8' title="bbox 449 925 2025 1002">
     <span class='ocr_line' id='line_1_8' title="bbox 449 925 2025 1002; baseline 0.005 -24"><span class='ocrx_word' id='word_1_59' title='bbox 449 942 600 978; x_wconf 91' lang='lat' dir='ltr'><strong>num.</strong></span> <span class='ocrx_word' id='word_1_60' title='bbox 627 925 738 991; x_wconf 87' lang='lat' dir='ltr'><strong>jam</strong></span> <span class='ocrx_word' id='word_1_61' title='bbox 761 925 1010 982; x_wconf 89' lang='lat' dir='ltr'><strong>Garnieri</strong></span> <span class='ocrx_word' id='word_1_62' title='bbox 1045 929 1110 982; x_wconf 89' lang='lat' dir='ltr'><strong>de</strong></span> <span class='ocrx_word' id='word_1_63' title='bbox 1139 929 1279 984; x_wconf 91' lang='lat' dir='ltr'><strong>illius</strong></span> <span class='ocrx_word' id='word_1_64' title='bbox 1306 929 1766 1002; x_wconf 76' lang='lat' dir='ltr'><strong>voleqtjudicium</strong></span> <span class='ocrx_word' id='word_1_65' title='bbox 1793 933 2025 986; x_wconf 77' lang='lat' dir='ltr'><strong>laudavi.</strong></span> 
     </span>
    </p>
   </div>
   <div class='ocr_carea' id='block_1_9' title="bbox 445 1013 2026 1093">
    <p class='ocr_par' dir='ltr' id='par_1_9' title="bbox 445 1013 2026 1093">
     <span class='ocr_line' id='line_1_9' title="bbox 445 1013 2026 1093; baseline 0.006 -24"><span class='ocrx_word' id='word_1_66' title='bbox 445 1013 558 1070; x_wconf 66' lang='lat' dir='ltr'><strong>Iac.</strong></span> <span class='ocrx_word' id='word_1_67' title='bbox 600 1017 839 1086; x_wconf 80' lang='grc' dir='ltr'>Χριστοῦ</span> <span class='ocrx_word' id='word_1_68' title='bbox 871 1018 1142 1088; x_wconf 83' lang='grc' dir='ltr'>γέννησις.</span> <span class='ocrx_word' id='word_1_69' title='bbox 1178 1021 1440 1086; x_wconf 88' lang='lat' dir='ltr'><strong>Primum,</strong></span> <span class='ocrx_word' id='word_1_70' title='bbox 1481 1039 1600 1093; x_wconf 78' lang='lat' dir='ltr'><strong>qua:</strong></span> <span class='ocrx_word' id='word_1_71' title='bbox 1632 1025 1700 1078; x_wconf 88' lang='lat' dir='ltr'><strong>ibi</strong></span> <span class='ocrx_word' id='word_1_72' title='bbox 1735 1025 2026 1080; x_wconf 89' lang='lat' dir='ltr'><strong>adnotave-</strong></span> 
     </span>
    </p>
   </div>
   <div class='ocr_carea' id='block_1_10' title="bbox 446 1108 2024 1175">
    <p class='ocr_par' dir='ltr' id='par_1_10' title="bbox 446 1108 2024 1175">
     <span class='ocr_line' id='line_1_10' title="bbox 446 1108 2024 1175; baseline 0.005 -13"><span class='ocrx_word' id='word_1_73' title='bbox 446 1117 534 1162; x_wconf 89' lang='lat' dir='ltr'><strong>rat</strong></span> <span class='ocrx_word' id='word_1_74' title='bbox 584 1108 901 1175; x_wconf 83' lang='lat' dir='ltr'><strong>Fabricius,</strong></span> <span class='ocrx_word' id='word_1_75' title='bbox 931 1111 1036 1166; x_wconf 89' lang='lat' dir='ltr'><strong>huc</strong></span> <span class='ocrx_word' id='word_1_76' title='bbox 1082 1113 1362 1166; x_wconf 78' lang='lat' dir='ltr'><strong>reducam.</strong></span> <span class='ocrx_word' id='word_1_77' title='bbox 1412 1133 1430 1166; x_wconf 84' lang='grc' dir='ltr'><strong>ι</strong></span> <span class='ocrx_word' id='word_1_78' title='bbox 1467 1115 1589 1169; x_wconf 70' lang='lat' dir='ltr'><strong>llmc</strong></span> <span class='ocrx_word' id='word_1_79' title='bbox 1641 1117 1856 1169; x_wconf 87' lang='lat' dir='ltr'><strong>homilia</strong></span> <span class='ocrx_word' id='word_1_80' title='bbox 1914 1116 2024 1171; x_wconf 79' lang='lat' dir='ltr'><strong>fre-</strong></span> 
     </span>
    </p>
   </div>
   <div class='ocr_carea' id='block_1_11' title="bbox 445 1201 2027 1273">
    <p class='ocr_par' dir='ltr' id='par_1_11' title="bbox 445 1201 2027 1273">
     <span class='ocr_line' id='line_1_11' title="bbox 445 1201 2027 1273; baseline 0.008 -21"><span class='ocrx_word' id='word_1_81' title='bbox 445 1201 632 1268; x_wconf 90' lang='lat' dir='ltr'><strong>quenti</strong></span> <span class='ocrx_word' id='word_1_82' title='bbox 671 1217 770 1255; x_wconf 91' lang='lat' dir='ltr'><strong>usu</strong></span> <span class='ocrx_word' id='word_1_83' title='bbox 823 1202 874 1254; x_wconf 92' lang='lat' dir='ltr'><strong>in</strong></span> <span class='ocrx_word' id='word_1_84' title='bbox 930 1202 1174 1256; x_wconf 88' lang='lat' dir='ltr'><strong>Ecclesia</strong></span> <span class='ocrx_word' id='word_1_85' title='bbox 1219 1206 1408 1260; x_wconf 67' lang='lat' dir='ltr'><strong>Grmca</strong></span> <span class='ocrx_word' id='word_1_86' title='bbox 1463 1208 1609 1273; x_wconf 90' lang='lat' dir='ltr'><strong>trita,</strong></span> <span class='ocrx_word' id='word_1_87' title='bbox 1662 1218 1724 1272; x_wconf 77' lang='lat' dir='ltr'><strong>et</strong></span> <span class='ocrx_word' id='word_1_88' title='bbox 1774 1210 1826 1262; x_wconf 90' lang='lat' dir='ltr'><strong>in</strong></span> <span class='ocrx_word' id='word_1_89' title='bbox 1867 1209 2027 1266; x_wconf 87' lang='lat' dir='ltr'><strong>libris</strong></span> 
     </span>
    </p>
   </div>
   <div class='ocr_carea' id='block_1_12' title="bbox 445 1293 2027 1365">
    <p class='ocr_par' dir='ltr' id='par_1_12' title="bbox 445 1293 2027 1365">
     <span class='ocr_line' id='line_1_12' title="bbox 445 1293 2027 1365; baseline 0.006 -17"><span class='ocrx_word' id='word_1_90' title='bbox 445 1293 757 1348; x_wconf 58' lang='lat' dir='ltr'><strong>Graecorum</strong></span> <span class='ocrx_word' id='word_1_91' title='bbox 801 1294 1186 1350; x_wconf 71' lang='lat' dir='ltr'><strong>ecclesiasticis</strong></span> <span class='ocrx_word' id='word_1_92' title='bbox 1231 1299 1388 1353; x_wconf 85' lang='lat' dir='ltr'><strong>obvia</strong></span> <span class='ocrx_word' id='word_1_93' title='bbox 1430 1310 1547 1364; x_wconf 88' lang='lat' dir='ltr'><strong>est;</strong></span> <span class='ocrx_word' id='word_1_94' title='bbox 1585 1302 1744 1365; x_wconf 87' lang='lat' dir='ltr'><strong>unde,</strong></span> <span class='ocrx_word' id='word_1_95' title='bbox 1795 1303 2027 1358; x_wconf 87' lang='lat' dir='ltr'><strong>diversis</strong></span> 
     </span>
    </p>
   </div>
   <div class='ocr_carea' id='block_1_13' title="bbox 443 1384 2024 1464">
    <p class='ocr_par' dir='ltr' id='par_1_13' title="bbox 443 1384 2024 1464">
     <span class='ocr_line' id='line_1_13' title="bbox 443 1384 2024 1464; baseline 0.006 -26"><span class='ocrx_word' id='word_1_96' title='bbox 443 1384 763 1439; x_wconf 70' lang='lat' dir='ltr'><strong>lectionibus</strong></span> <span class='ocrx_word' id='word_1_97' title='bbox 797 1400 914 1438; x_wconf 87' lang='lat' dir='ltr'><strong>eam</strong></span> <span class='ocrx_word' id='word_1_98' title='bbox 947 1387 1242 1455; x_wconf 86' lang='lat' dir='ltr'><strong>abundare,</strong></span> <span class='ocrx_word' id='word_1_99' title='bbox 1285 1399 1436 1444; x_wconf 80' lang='lat' dir='ltr'><strong>notat</strong></span> <span class='ocrx_word' id='word_1_100' title='bbox 1465 1391 1844 1447; x_wconf 84' lang='lat' dir='ltr'><strong>Combelisius.</strong></span> <span class='ocrx_word' id='word_1_101' title='bbox 1890 1392 2024 1464; x_wconf 86' lang='lat' dir='ltr'><strong>[Sed</strong></span> 
     </span>
    </p>
   </div>
   <div class='ocr_carea' id='block_1_14' title="bbox 443 1476 2022 1549">
    <p class='ocr_par' dir='ltr' id='par_1_14' title="bbox 443 1476 2022 1549">
     <span class='ocr_line' id='line_1_14' title="bbox 443 1476 2022 1549; baseline 0.005 -18"><span class='ocrx_word' id='word_1_102' title='bbox 443 1476 609 1532; x_wconf 89' lang='lat' dir='ltr'><strong>Garu.</strong></span> <span class='ocrx_word' id='word_1_103' title='bbox 641 1478 694 1531; x_wconf 92' lang='lat' dir='ltr'><strong>in</strong></span> <span class='ocrx_word' id='word_1_104' title='bbox 727 1477 879 1546; x_wconf 68' lang='lat' dir='ltr'><strong>praef.</strong></span> <span class='ocrx_word' id='word_1_105' title='bbox 918 1493 1041 1549; x_wconf 86' lang='lat' dir='ltr'><strong>pag.</strong></span> <span class='ocrx_word' id='word_1_106' title='bbox 1074 1496 1209 1535; x_wconf 81' lang='lat' dir='ltr'><strong>xvm</strong></span> <span class='ocrx_word' id='word_1_107' title='bbox 1238 1483 1338 1536; x_wconf 86' lang='lat' dir='ltr'><strong>hac</strong></span> <span class='ocrx_word' id='word_1_108' title='bbox 1378 1483 1722 1538; x_wconf 90' lang='lat' dir='ltr'><strong>multitudine</strong></span> <span class='ocrx_word' id='word_1_109' title='bbox 1749 1486 2022 1539; x_wconf 86' lang='lat' dir='ltr'><strong>variarum</strong></span> 
     </span>
    </p>
   </div>
   <div class='ocr_carea' id='block_1_15' title="bbox 441 1569 2022 1640">
    <p class='ocr_par' dir='ltr' id='par_1_15' title="bbox 441 1569 2022 1640">
     <span class='ocr_line' id='line_1_15' title="bbox 441 1569 2022 1640; baseline 0.004 -17"><span class='ocrx_word' id='word_1_110' title='bbox 441 1569 594 1623; x_wconf 90' lang='lat' dir='ltr'><strong>Iectt.</strong></span> <span class='ocrx_word' id='word_1_111' title='bbox 622 1570 943 1635; x_wconf 77' lang='lat' dir='ltr'><strong>arbitratur,</strong></span> <span class='ocrx_word' id='word_1_112' title='bbox 977 1571 1289 1626; x_wconf 80' lang='lat' dir='ltr'><strong>conﬁrmari</strong></span> <span class='ocrx_word' id='word_1_113' title='bbox 1323 1587 1477 1627; x_wconf 83' lang='lat' dir='ltr'><strong>suam</strong></span> <span class='ocrx_word' id='word_1_114' title='bbox 1520 1576 1876 1640; x_wconf 76' lang='lat' dir='ltr'><strong>sententiam,</strong></span> <span class='ocrx_word' id='word_1_115' title='bbox 1915 1576 2022 1630; x_wconf 87' lang='lat' dir='ltr'><strong>late</strong></span> 
     </span>
    </p>
   </div>
   <div class='ocr_carea' id='block_1_16' title="bbox 439 1662 2024 1732">
    <p class='ocr_par' dir='ltr' id='par_1_16' title="bbox 439 1662 2024 1732">
     <span class='ocr_line' id='line_1_16' title="bbox 439 1662 2024 1732; baseline 0.005 -18"><span class='ocrx_word' id='word_1_116' title='bbox 439 1662 759 1730; x_wconf 78' lang='lat' dir='ltr'><strong>expositam,</strong></span> <span class='ocrx_word' id='word_1_117' title='bbox 789 1663 943 1716; x_wconf 89' lang='lat' dir='ltr'><strong>istam</strong></span> <span class='ocrx_word' id='word_1_118' title='bbox 985 1663 1286 1717; x_wconf 90' lang='lat' dir='ltr'><strong>orationem</strong></span> <span class='ocrx_word' id='word_1_119' title='bbox 1323 1679 1444 1719; x_wconf 90' lang='lat' dir='ltr'><strong>esse</strong></span> <span class='ocrx_word' id='word_1_120' title='bbox 1490 1667 1878 1732; x_wconf 87' lang='lat' dir='ltr'><strong>adulterinam,</strong></span> <span class='ocrx_word' id='word_1_121' title='bbox 1925 1682 2024 1724; x_wconf 88' lang='lat' dir='ltr'><strong>nec</strong></span> 
     </span>
    </p>
   </div>
   <div class='ocr_carea' id='block_1_17' title="bbox 439 1753 2022 1821">
    <p class='ocr_par' dir='ltr' id='par_1_17' title="bbox 439 1753 2022 1821">
     <span class='ocr_line' id='line_1_17' title="bbox 439 1753 2022 1821; baseline 0.004 -15"><span class='ocrx_word' id='word_1_122' title='bbox 439 1768 669 1820; x_wconf 88' lang='lat' dir='ltr'><strong>usquam</strong></span> <span class='ocrx_word' id='word_1_123' title='bbox 686 1753 1047 1816; x_wconf 87' lang='lat' dir='ltr'><strong>seinvenisse,</strong></span> <span class='ocrx_word' id='word_1_124' title='bbox 1067 1763 1313 1821; x_wconf 86' lang='lat' dir='ltr'><strong>testatur,</strong></span> <span class='ocrx_word' id='word_1_125' title='bbox 1333 1756 1475 1809; x_wconf 86' lang='lat' dir='ltr'><strong>illam</strong></span> <span class='ocrx_word' id='word_1_126' title='bbox 1496 1757 1642 1810; x_wconf 92' lang='lat' dir='ltr'><strong>hom.</strong></span> <span class='ocrx_word' id='word_1_127' title='bbox 1657 1757 2022 1815; x_wconf 80' lang='lat' dir='ltr'><strong>Ecelesiarnm</strong></span> 
     </span>
    </p>
   </div>
   <div class='ocr_carea' id='block_1_18' title="bbox 2135 566 3704 630">
    <p class='ocr_par' dir='ltr' id='par_1_18' title="bbox 2135 566 3704 630">
     <span class='ocr_line' id='line_1_18' title="bbox 2135 566 3704 630; baseline 0.004 -12"><span class='ocrx_word' id='word_1_128' title='bbox 2135 566 2350 621; x_wconf 81' lang='lat' dir='ltr'><strong>Vindel.</strong></span> <span class='ocrx_word' id='word_1_129' title='bbox 2382 569 2432 620; x_wconf 91' lang='lat' dir='ltr'><strong>in</strong></span> <span class='ocrx_word' id='word_1_130' title='bbox 2467 568 2674 622; x_wconf 87' lang='lat' dir='ltr'><strong>duobus</strong></span> <span class='ocrx_word' id='word_1_131' title='bbox 2707 569 2888 630; x_wconf 87' lang='lat' dir='ltr'><strong>cndd.,</strong></span> <span class='ocrx_word' id='word_1_132' title='bbox 2923 577 3054 621; x_wconf 83' lang='lat' dir='ltr'><strong>teste</strong></span> <span class='ocrx_word' id='word_1_133' title='bbox 3095 568 3392 626; x_wconf 60' lang='grc' dir='ltr'><strong>Βάδει-,εἰη</strong></span> <span class='ocrx_word' id='word_1_134' title='bbox 3445 571 3627 624; x_wconf 89' lang='lat' dir='ltr'><strong>Indice</strong></span> <span class='ocrx_word' id='word_1_135' title='bbox 3658 585 3704 626; x_wconf 71' lang='grc' dir='ltr'><strong>δ.</strong></span> 
     </span>
    </p>
   </div>
   <div class='ocr_carea' id='block_1_19' title="bbox 2132 657 3710 726">
    <p class='ocr_par' dir='ltr' id='par_1_19' title="bbox 2132 657 3710 726">
     <span class='ocr_line' id='line_1_19' title="bbox 2132 657 3710 726; baseline 0.003 -16"><span class='ocrx_word' id='word_1_136' title='bbox 2132 657 2412 726; x_wconf 87' lang='lat' dir='ltr'><strong>Catalogo,</strong></span> <span class='ocrx_word' id='word_1_137' title='bbox 2445 669 2550 712; x_wconf 89' lang='lat' dir='ltr'><strong>etc.</strong></span> <span class='ocrx_word' id='word_1_138' title='bbox 2583 674 2634 726; x_wconf 92' lang='lat' dir='ltr'><strong>p.</strong></span> <span class='ocrx_word' id='word_1_139' title='bbox 2664 658 2696 712; x_wconf 91' lang='lat'>8</span> <span class='ocrx_word' id='word_1_140' title='bbox 2727 670 2775 712; x_wconf 89' lang='lat' dir='ltr'><strong>et</strong></span> <span class='ocrx_word' id='word_1_141' title='bbox 2801 660 2888 712; x_wconf 80' lang='grc'>50.</span> <span class='ocrx_word' id='word_1_142' title='bbox 2927 689 2990 698; x_wconf 92' lang='grc'><strong>--</strong></span> <span class='ocrx_word' id='word_1_143' title='bbox 3017 660 3299 714; x_wconf 77' lang='lat' dir='ltr'><strong>Florentia:</strong></span> <span class='ocrx_word' id='word_1_144' title='bbox 3324 661 3374 714; x_wconf 91' lang='lat' dir='ltr'><strong>in</strong></span> <span class='ocrx_word' id='word_1_145' title='bbox 3407 660 3535 715; x_wconf 90' lang='lat' dir='ltr'><strong>bibl.</strong></span> <span class='ocrx_word' id='word_1_146' title='bbox 3567 661 3710 714; x_wconf 83' lang='lat' dir='ltr'><strong>Lan-</strong></span> 
     </span>
    </p>
   </div>
   <div class='ocr_carea' id='block_1_20' title="bbox 2132 749 3704 820">
    <p class='ocr_par' dir='ltr' id='par_1_20' title="bbox 2132 749 3704 820">
     <span class='ocr_line' id='line_1_20' title="bbox 2132 749 3704 820; baseline 0.002 -18"><span class='ocrx_word' id='word_1_147' title='bbox 2132 757 2268 802; x_wconf 80' lang='lat' dir='ltr'><strong>rent.</strong></span> <span class='ocrx_word' id='word_1_148' title='bbox 2315 751 2367 802; x_wconf 90' lang='lat' dir='ltr'><strong>in</strong></span> <span class='ocrx_word' id='word_1_149' title='bbox 2395 752 2515 804; x_wconf 88' lang='lat' dir='ltr'><strong>cod.</strong></span> <span class='ocrx_word' id='word_1_150' title='bbox 2565 749 2754 809; x_wconf 75' lang='lat' dir='ltr'><strong>XXVI.</strong></span> <span class='ocrx_word' id='word_1_151' title='bbox 2798 768 2850 806; x_wconf 87' lang='grc' dir='ltr'><strong>ιι.</strong></span> <span class='ocrx_word' id='word_1_152' title='bbox 2892 751 2944 815; x_wconf 77' lang='lat'><strong>‘2,</strong></span> <span class='ocrx_word' id='word_1_153' title='bbox 2989 752 3119 820; x_wconf 88' lang='lat' dir='ltr'><strong>plut.</strong></span> <span class='ocrx_word' id='word_1_154' title='bbox 3177 753 3231 806; x_wconf 89' lang='lat'><strong>7.</strong></span> <span class='ocrx_word' id='word_1_155' title='bbox 3271 755 3323 806; x_wconf 92' lang='grc' dir='ltr'>Ιιι</span> <span class='ocrx_word' id='word_1_156' title='bbox 3378 754 3495 807; x_wconf 91' lang='lat' dir='ltr'><strong>cod.</strong></span> <span class='ocrx_word' id='word_1_157' title='bbox 3546 754 3704 817; x_wconf 72' lang='lat' dir='ltr'><strong>XVII,</strong></span> 
     </span>
    </p>
   </div>
   <div class='ocr_carea' id='block_1_21' title="bbox 2131 842 3706 913">
    <p class='ocr_par' dir='ltr' id='par_1_21' title="bbox 2131 842 3706 913">
     <span class='ocr_line' id='line_1_21' title="bbox 2131 842 3706 913; baseline 0.003 -19"><span class='ocrx_word' id='word_1_158' title='bbox 2131 859 2184 895; x_wconf 87' lang='grc' dir='ltr'><strong>ιι.</strong></span> <span class='ocrx_word' id='word_1_159' title='bbox 2213 842 2266 907; x_wconf 86' lang='grc'><strong>5,</strong></span> <span class='ocrx_word' id='word_1_160' title='bbox 2290 842 2424 911; x_wconf 83' lang='grc' dir='ltr'>ρῐιιι.</span> <span class='ocrx_word' id='word_1_161' title='bbox 2452 843 2633 906; x_wconf 86' lang='lat' dir='ltr'><strong>9,—et</strong></span> <span class='ocrx_word' id='word_1_162' title='bbox 2663 844 2782 897; x_wconf 90' lang='lat' dir='ltr'><strong>cod.</strong></span> <span class='ocrx_word' id='word_1_163' title='bbox 2815 842 3006 908; x_wconf 76' lang='lat' dir='ltr'><strong>XXXI,</strong></span> <span class='ocrx_word' id='word_1_164' title='bbox 3035 861 3087 896; x_wconf 81' lang='grc' dir='ltr'>ιι.</span> <span class='ocrx_word' id='word_1_165' title='bbox 3121 845 3320 913; x_wconf 90' lang='lat' dir='ltr'><strong>7.plul.</strong></span> <span class='ocrx_word' id='word_1_166' title='bbox 3360 845 3442 900; x_wconf 92' lang='lat' dir='ltr'><strong>l0.</strong></span> <span class='ocrx_word' id='word_1_167' title='bbox 3476 845 3534 898; x_wconf 70' lang='grc' dir='ltr'>ν.</span> <span class='ocrx_word' id='word_1_168' title='bbox 3567 845 3706 899; x_wconf 83' lang='lat' dir='ltr'><strong>Bau-</strong></span> 
     </span>
    </p>
   </div>
   <div class='ocr_carea' id='block_1_22' title="bbox 2129 928 3707 1001">
    <p class='ocr_par' dir='ltr' id='par_1_22' title="bbox 2129 928 3707 1001">
     <span class='ocr_line' id='line_1_22' title="bbox 2129 928 3707 1001; baseline 0.007 -21"><span class='ocrx_word' id='word_1_169' title='bbox 2129 929 2241 981; x_wconf 88' lang='lat' dir='ltr'><strong>din.</strong></span> <span class='ocrx_word' id='word_1_170' title='bbox 2277 928 2395 986; x_wconf 80' lang='lat' dir='ltr'><strong>Cat.</strong></span> <span class='ocrx_word' id='word_1_171' title='bbox 2426 928 2696 985; x_wconf 82' lang='lat' dir='ltr'><strong>codd.Cr.</strong></span> <span class='ocrx_word' id='word_1_172' title='bbox 2722 929 2911 994; x_wconf 82' lang='lat' dir='ltr'><strong>Laur.,</strong></span> <span class='ocrx_word' id='word_1_173' title='bbox 2951 932 2988 993; x_wconf 92' lang='grc' dir='ltr'>Ι,</span> <span class='ocrx_word' id='word_1_174' title='bbox 3019 949 3069 1001; x_wconf 90' lang='lat' dir='ltr'><strong>p.</strong></span> <span class='ocrx_word' id='word_1_175' title='bbox 3097 933 3222 998; x_wconf 71' lang='lat'><strong>9.77,</strong></span> <span class='ocrx_word' id='word_1_176' title='bbox 3260 934 3360 988; x_wconf 68' lang='lat'><strong>416</strong></span> <span class='ocrx_word' id='word_1_177' title='bbox 3393 944 3446 989; x_wconf 79' lang='lat' dir='ltr'><strong>et</strong></span> <span class='ocrx_word' id='word_1_178' title='bbox 3483 934 3610 990; x_wconf 72' lang='grc'>495.</span> <span class='ocrx_word' id='word_1_179' title='bbox 3638 967 3707 977; x_wconf 90' lang='lat'><strong>-—-</strong></span> 
     </span>
    </p>
   </div>
   <div class='ocr_carea' id='block_1_23' title="bbox 2130 1021 3703 1090">
    <p class='ocr_par' dir='ltr' id='par_1_23' title="bbox 2130 1021 3703 1090">
     <span class='ocr_line' id='line_1_23' title="bbox 2130 1021 3703 1090; baseline 0.003 -17"><span class='ocrx_word' id='word_1_180' title='bbox 2130 1021 2371 1075; x_wconf 89' lang='lat' dir='ltr'><strong>Venetiis</strong></span> <span class='ocrx_word' id='word_1_181' title='bbox 2413 1023 2464 1076; x_wconf 93' lang='lat' dir='ltr'><strong>in</strong></span> <span class='ocrx_word' id='word_1_182' title='bbox 2503 1022 2663 1076; x_wconf 87' lang='lat' dir='ltr'><strong>codd.</strong></span> <span class='ocrx_word' id='word_1_183' title='bbox 2707 1022 2874 1076; x_wconf 83' lang='lat' dir='ltr'><strong>Marc.</strong></span> <span class='ocrx_word' id='word_1_184' title='bbox 2919 1023 3032 1090; x_wconf 86' lang='lat' dir='ltr'><strong>jam</strong></span> <span class='ocrx_word' id='word_1_185' title='bbox 3077 1028 3389 1079; x_wconf 81' lang='lat' dir='ltr'><strong>memoratis</strong></span> <span class='ocrx_word' id='word_1_186' title='bbox 3426 1025 3536 1088; x_wconf 86' lang='lat' dir='ltr'><strong>LV,</strong></span> <span class='ocrx_word' id='word_1_187' title='bbox 3574 1027 3703 1088; x_wconf 89' lang='lat' dir='ltr'><strong>LVI,</strong></span> 
     </span>
    </p>
   </div>
   <div class='ocr_carea' id='block_1_24' title="bbox 2128 1111 3703 1185">
    <p class='ocr_par' dir='ltr' id='par_1_24' title="bbox 2128 1111 3703 1185">
     <span class='ocr_line' id='line_1_24' title="bbox 2128 1111 3703 1185; baseline 0.004 -21"><span class='ocrx_word' id='word_1_188' title='bbox 2128 1111 2258 1165; x_wconf 90' lang='lat' dir='ltr'><strong>LVII</strong></span> <span class='ocrx_word' id='word_1_189' title='bbox 2303 1113 2613 1169; x_wconf 85' lang='lat' dir='ltr'><strong>bis—Cod.</strong></span> <span class='ocrx_word' id='word_1_190' title='bbox 2641 1114 3178 1170; x_wconf 83' lang='lat' dir='ltr'><strong>LXXV.—-Taurini</strong></span> <span class='ocrx_word' id='word_1_191' title='bbox 3208 1119 3257 1170; x_wconf 90' lang='lat' dir='ltr'><strong>in</strong></span> <span class='ocrx_word' id='word_1_192' title='bbox 3285 1119 3405 1172; x_wconf 91' lang='lat' dir='ltr'><strong>cod.</strong></span> <span class='ocrx_word' id='word_1_193' title='bbox 3442 1119 3703 1185; x_wconf 78' lang='lat' dir='ltr'><strong>CXXXV,</strong></span> 
     </span>
    </p>
   </div>
   <div class='ocr_carea' id='block_1_25' title="bbox 2131 1203 3702 1275">
    <p class='ocr_par' dir='ltr' id='par_1_25' title="bbox 2131 1203 3702 1275">
     <span class='ocr_line' id='line_1_25' title="bbox 2131 1203 3702 1275; baseline 0.005 -20"><span class='ocrx_word' id='word_1_194' title='bbox 2131 1204 2225 1257; x_wconf 77' lang='lat' dir='ltr'><strong>fol.</strong></span> <span class='ocrx_word' id='word_1_195' title='bbox 2253 1203 2342 1256; x_wconf 79' lang='grc'>55.</span> <span class='ocrx_word' id='word_1_196' title='bbox 2380 1205 2441 1260; x_wconf 84' lang='grc' dir='ltr'><strong>ν.</strong></span> <span class='ocrx_word' id='word_1_197' title='bbox 2473 1205 2593 1260; x_wconf 82' lang='lat' dir='ltr'><strong>Cat.</strong></span> <span class='ocrx_word' id='word_1_198' title='bbox 2626 1207 2780 1260; x_wconf 87' lang='lat' dir='ltr'><strong>codd.</strong></span> <span class='ocrx_word' id='word_1_199' title='bbox 2806 1205 2901 1264; x_wconf 82' lang='lat' dir='ltr'><strong>Gr.</strong></span> <span class='ocrx_word' id='word_1_200' title='bbox 2931 1205 3118 1271; x_wconf 84' lang='lat' dir='ltr'><strong>Taur.,</strong></span> <span class='ocrx_word' id='word_1_201' title='bbox 3143 1222 3266 1275; x_wconf 87' lang='lat' dir='ltr'><strong>pag.</strong></span> <span class='ocrx_word' id='word_1_202' title='bbox 3301 1209 3500 1263; x_wconf 76' lang='lat'><strong>25|.—-</strong></span> <span class='ocrx_word' id='word_1_203' title='bbox 3530 1209 3702 1266; x_wconf 86' lang='lat' dir='ltr'><strong>Paris.</strong></span> 
     </span>
    </p>
   </div>
   <div class='ocr_carea' id='block_1_26' title="bbox 2129 1293 3702 1366">
    <p class='ocr_par' dir='ltr' id='par_1_26' title="bbox 2129 1293 3702 1366">
     <span class='ocr_line' id='line_1_26' title="bbox 2129 1293 3702 1366; baseline 0.005 -20"><span class='ocrx_word' id='word_1_204' title='bbox 2129 1295 2181 1346; x_wconf 89' lang='lat' dir='ltr'><strong>in</strong></span> <span class='ocrx_word' id='word_1_205' title='bbox 2209 1293 2374 1350; x_wconf 84' lang='lat' dir='ltr'><strong>XXIV</strong></span> <span class='ocrx_word' id='word_1_206' title='bbox 2405 1298 2560 1350; x_wconf 89' lang='lat' dir='ltr'><strong>codd.</strong></span> <span class='ocrx_word' id='word_1_207' title='bbox 2596 1297 2725 1352; x_wconf 91' lang='lat' dir='ltr'><strong>bibl.</strong></span> <span class='ocrx_word' id='word_1_208' title='bbox 2768 1298 2915 1366; x_wconf 89' lang='lat' dir='ltr'><strong>puhl.</strong></span> <span class='ocrx_word' id='word_1_209' title='bbox 2951 1327 3023 1338; x_wconf 88' lang='lat'><strong><em>—</em></strong></span> <span class='ocrx_word' id='word_1_210' title='bbox 3061 1298 3371 1353; x_wconf 89' lang='lat' dir='ltr'><strong>Secundum</strong></span> <span class='ocrx_word' id='word_1_211' title='bbox 3410 1300 3702 1354; x_wconf 79' lang='lat' dir='ltr'><strong>Montl&#39;auc.</strong></span> 
     </span>
    </p>
   </div>
   <div class='ocr_carea' id='block_1_27' title="bbox 2129 1382 3708 1456">
    <p class='ocr_par' dir='ltr' id='par_1_27' title="bbox 2129 1382 3708 1456">
     <span class='ocr_line' id='line_1_27' title="bbox 2129 1382 3708 1456; baseline 0.004 -20"><span class='ocrx_word' id='word_1_212' title='bbox 2129 1383 2180 1436; x_wconf 92' lang='lat' dir='ltr'><strong>in</strong></span> <span class='ocrx_word' id='word_1_213' title='bbox 2208 1382 2350 1441; x_wconf 82' lang='lat' dir='ltr'><strong>Bibl.</strong></span> <span class='ocrx_word' id='word_1_214' title='bbox 2377 1383 2621 1449; x_wconf 84' lang='lat' dir='ltr'><strong>Coislin.,</strong></span> <span class='ocrx_word' id='word_1_215' title='bbox 2652 1400 2776 1456; x_wconf 90' lang='lat' dir='ltr'><strong>pag.</strong></span> <span class='ocrx_word' id='word_1_216' title='bbox 2811 1386 2914 1439; x_wconf 85' lang='grc'><strong>179</strong></span> <span class='ocrx_word' id='word_1_217' title='bbox 2942 1396 2997 1439; x_wconf 89' lang='lat' dir='ltr'><strong>et</strong></span> <span class='ocrx_word' id='word_1_218' title='bbox 3022 1387 3149 1449; x_wconf 68' lang='lat'><strong>4‘25.</strong></span> <span class='ocrx_word' id='word_1_219' title='bbox 3177 1389 3314 1441; x_wconf 87' lang='lat' dir='ltr'><strong>inter</strong></span> <span class='ocrx_word' id='word_1_220' title='bbox 3353 1388 3520 1441; x_wconf 90' lang='lat' dir='ltr'><strong>libros</strong></span> <span class='ocrx_word' id='word_1_221' title='bbox 3554 1389 3708 1443; x_wconf 76' lang='lat' dir='ltr'><strong>Cra:-</strong></span> 
     </span>
    </p>
   </div>
   <div class='ocr_carea' id='block_1_28' title="bbox 2127 1477 3704 1545">
    <p class='ocr_par' dir='ltr' id='par_1_28' title="bbox 2127 1477 3704 1545">
     <span class='ocr_line' id='line_1_28' title="bbox 2127 1477 3704 1545; baseline 0.006 -18"><span class='ocrx_word' id='word_1_222' title='bbox 2127 1490 2239 1528; x_wconf 90' lang='lat' dir='ltr'><strong>cor.</strong></span> <span class='ocrx_word' id='word_1_223' title='bbox 2272 1477 2574 1534; x_wconf 83' lang='lat' dir='ltr'><strong>ecclesiast.</strong></span> <span class='ocrx_word' id='word_1_224' title='bbox 2608 1479 2659 1530; x_wconf 90' lang='lat' dir='ltr'><strong>in</strong></span> <span class='ocrx_word' id='word_1_225' title='bbox 2686 1479 2844 1532; x_wconf 85' lang='lat' dir='ltr'><strong>codd.</strong></span> <span class='ocrx_word' id='word_1_226' title='bbox 2869 1478 2980 1543; x_wconf 85' lang='lat' dir='ltr'><strong>CV,</strong></span> <span class='ocrx_word' id='word_1_227' title='bbox 3011 1497 3064 1531; x_wconf 86' lang='grc' dir='ltr'>ιι.</span> <span class='ocrx_word' id='word_1_228' title='bbox 3086 1480 3176 1541; x_wconf 66' lang='grc'>22,</span> <span class='ocrx_word' id='word_1_229' title='bbox 3202 1489 3256 1533; x_wconf 87' lang='lat' dir='ltr'><strong>et</strong></span> <span class='ocrx_word' id='word_1_230' title='bbox 3277 1479 3498 1545; x_wconf 85' lang='lat' dir='ltr'><strong>CCCVI,</strong></span> <span class='ocrx_word' id='word_1_231' title='bbox 3529 1497 3584 1535; x_wconf 88' lang='grc' dir='ltr'><strong>η.</strong></span> <span class='ocrx_word' id='word_1_232' title='bbox 3612 1482 3704 1537; x_wconf 80' lang='grc'>51.</span> 
     </span>
    </p>
   </div>
   <div class='ocr_carea' id='block_1_29' title="bbox 2125 1565 3701 1642">
    <p class='ocr_par' dir='ltr' id='par_1_29' title="bbox 2125 1565 3701 1642">
     <span class='ocr_line' id='line_1_29' title="bbox 2125 1565 3701 1642; baseline 0.006 -24"><span class='ocrx_word' id='word_1_233' title='bbox 2125 1595 2195 1607; x_wconf 94' lang='lat'><strong>-—</strong></span> <span class='ocrx_word' id='word_1_234' title='bbox 2219 1565 2419 1620; x_wconf 79' lang='lat' dir='ltr'><strong>Matriti</strong></span> <span class='ocrx_word' id='word_1_235' title='bbox 2459 1569 2508 1620; x_wconf 95' lang='lat' dir='ltr'><strong>in</strong></span> <span class='ocrx_word' id='word_1_236' title='bbox 2537 1571 2654 1621; x_wconf 84' lang='lat' dir='ltr'><strong>cod.</strong></span> <span class='ocrx_word' id='word_1_237' title='bbox 2697 1571 2844 1638; x_wconf 82' lang='lat' dir='ltr'><strong>regio</strong></span> <span class='ocrx_word' id='word_1_238' title='bbox 2867 1569 3049 1634; x_wconf 88' lang='lat' dir='ltr'><strong>LXVI,</strong></span> <span class='ocrx_word' id='word_1_239' title='bbox 3091 1587 3213 1642; x_wconf 87' lang='lat' dir='ltr'><strong>pag.</strong></span> <span class='ocrx_word' id='word_1_240' title='bbox 3251 1572 3338 1636; x_wconf 84' lang='grc'><strong>16,</strong></span> <span class='ocrx_word' id='word_1_241' title='bbox 3371 1572 3492 1627; x_wconf 87' lang='lat' dir='ltr'><strong>vide</strong></span> <span class='ocrx_word' id='word_1_242' title='bbox 3519 1571 3701 1628; x_wconf 89' lang='lat' dir='ltr'><strong>Iriart.</strong></span> 
     </span>
    </p>
   </div>
   <div class='ocr_carea' id='block_1_30' title="bbox 2127 1655 3090 1728">
    <p class='ocr_par' dir='ltr' id='par_1_30' title="bbox 2127 1655 3090 1728">
     <span class='ocr_line' id='line_1_30' title="bbox 2127 1655 3090 1728; baseline 0.006 -19"><span class='ocrx_word' id='word_1_243' title='bbox 2127 1657 2244 1710; x_wconf 83' lang='lat' dir='ltr'><strong>Cat.</strong></span> <span class='ocrx_word' id='word_1_244' title='bbox 2277 1660 2431 1712; x_wconf 80' lang='lat' dir='ltr'><strong>codd.</strong></span> <span class='ocrx_word' id='word_1_245' title='bbox 2460 1655 2578 1725; x_wconf 86' lang='lat' dir='ltr'><strong>Gr.,</strong></span> <span class='ocrx_word' id='word_1_246' title='bbox 2612 1676 2730 1728; x_wconf 92' lang='lat' dir='ltr'><strong>pag.</strong></span> <span class='ocrx_word' id='word_1_247' title='bbox 2761 1661 2887 1714; x_wconf 81' lang='grc'>555.</span> <span class='ocrx_word' id='word_1_248' title='bbox 2921 1661 3090 1716; x_wconf 54' lang='lat' dir='ltr'><strong>llam&quot;</strong></span> 
     </span>
    </p>
   </div>
   <div class='ocr_carea' id='block_1_31' title="bbox 2195 1749 3702 1826">
    <p class='ocr_par' dir='ltr' id='par_1_31' title="bbox 2195 1749 3702 1826">
     <span class='ocr_line' id='line_1_31' title="bbox 2195 1749 3702 1826; baseline 0.005 -24"><span class='ocrx_word' id='word_1_249' title='bbox 2195 1749 2246 1802; x_wconf 81' lang='grc'><strong>4.</strong></span> <span class='ocrx_word' id='word_1_250' title='bbox 2291 1751 2427 1820; x_wconf 72' lang='grc' dir='ltr'><strong>Περὶ</strong></span> <span class='ocrx_word' id='word_1_251' title='bbox 2456 1751 2766 1820; x_wconf 81' lang='grc' dir='ltr'>μετανοίας,</span> <span class='ocrx_word' id='word_1_252' title='bbox 2800 1752 2874 1804; x_wconf 86' lang='lat' dir='ltr'><strong>De</strong></span> <span class='ocrx_word' id='word_1_253' title='bbox 2906 1755 3226 1820; x_wconf 75' lang='lat' dir='ltr'><strong>paenitentia,</strong></span> <span class='ocrx_word' id='word_1_254' title='bbox 3265 1771 3383 1824; x_wconf 88' lang='lat' dir='ltr'><strong>pag.</strong></span> <span class='ocrx_word' id='word_1_255' title='bbox 3432 1755 3538 1810; x_wconf 79' lang='grc'><strong>605</strong></span> <span class='ocrx_word' id='word_1_256' title='bbox 3580 1772 3702 1826; x_wconf 93' lang='lat' dir='ltr'><strong>sqq.</strong></span> 
     </span>
    </p>
   </div>
   <div class='ocr_carea' id='block_1_32' title="bbox 440 1835 2013 1919">
    <p class='ocr_par' dir='ltr' id='par_1_32' title="bbox 440 1841 2013 1919">
     <span class='ocr_line' id='line_1_32' title="bbox 440 1841 2013 1919; baseline 0.009 -27"><span class='ocrx_word' id='word_1_257' title='bbox 440 1855 536 1894; x_wconf 88' lang='lat' dir='ltr'><strong>usu</strong></span> <span class='ocrx_word' id='word_1_258' title='bbox 557 1841 792 1895; x_wconf 82' lang='lat' dir='ltr'><strong>maxime</strong></span> <span class='ocrx_word' id='word_1_259' title='bbox 815 1843 996 1896; x_wconf 88' lang='lat' dir='ltr'><strong>tritam</strong></span> <span class='ocrx_word' id='word_1_260' title='bbox 1015 1841 1208 1897; x_wconf 71' lang='lat' dir='ltr'><strong>fuisse.</strong></span> <span class='ocrx_word' id='word_1_261' title='bbox 1241 1845 1375 1898; x_wconf 84' lang='lat' dir='ltr'><strong>Add.</strong></span> <span class='ocrx_word' id='word_1_262' title='bbox 1400 1845 1647 1901; x_wconf 92' lang='lat' dir='ltr'><strong>Oudin.I.</strong></span> <span class='ocrx_word' id='word_1_263' title='bbox 1676 1863 1748 1914; x_wconf 92' lang='lat' dir='ltr'><strong>c.,</strong></span> <span class='ocrx_word' id='word_1_264' title='bbox 1779 1866 1898 1919; x_wconf 89' lang='lat' dir='ltr'><strong>pag.</strong></span> <span class='ocrx_word' id='word_1_265' title='bbox 1921 1851 2013 1905; x_wconf 86' lang='grc'><strong>551</strong></span> 
     </span>
    </p>
   </div>
   <div class='ocr_carea' id='block_1_33' title="bbox 2118 1835 3707 1919">
    <p class='ocr_par' dir='ltr' id='par_1_33' title="bbox 2131 1841 3707 1919">
     <span class='ocr_line' id='line_1_33' title="bbox 2131 1841 3707 1919; baseline 0.005 -25"><span class='ocrx_word' id='word_1_266' title='bbox 2131 1841 2236 1896; x_wconf 89' lang='lat' dir='ltr'><strong>Inc.</strong></span> <span class='ocrx_word' id='word_1_267' title='bbox 2266 1841 2387 1895; x_wconf 78' lang='grc' dir='ltr'>Τῶν</span> <span class='ocrx_word' id='word_1_268' title='bbox 2415 1843 2513 1913; x_wconf 78' lang='grc' dir='ltr'>τὴν</span> <span class='ocrx_word' id='word_1_269' title='bbox 2538 1845 2824 1913; x_wconf 82' lang='grc' dir='ltr'>μετάνοιαν</span> <span class='ocrx_word' id='word_1_270' title='bbox 2849 1846 3093 1917; x_wconf 82' lang='grc' dir='ltr'>ἀναιρεῖν</span> <span class='ocrx_word' id='word_1_271' title='bbox 3114 1846 3436 1916; x_wconf 78' lang='grc' dir='ltr'>τολμώντων</span> <span class='ocrx_word' id='word_1_272' title='bbox 3458 1849 3556 1919; x_wconf 83' lang='grc' dir='ltr'>τὴν</span> <span class='ocrx_word' id='word_1_273' title='bbox 3583 1849 3707 1902; x_wconf 81' lang='grc' dir='ltr'>ἀλα-</span> 
     </span>
    </p>
   </div>
   <div class='ocr_carea' id='block_1_34' title="bbox 437 1931 2016 2004">
    <p class='ocr_par' dir='ltr' id='par_1_34' title="bbox 437 1931 2016 2004">
     <span class='ocr_line' id='line_1_34' title="bbox 437 1931 2016 2004; baseline 0.008 -19"><span class='ocrx_word' id='word_1_274' title='bbox 437 1946 520 2001; x_wconf 87' lang='lat' dir='ltr'><strong>sq.</strong></span> <span class='ocrx_word' id='word_1_275' title='bbox 551 1931 747 2004; x_wconf 58' lang='lat' dir='ltr'><strong>Hann]</strong></span> <span class='ocrx_word' id='word_1_276' title='bbox 781 1964 851 1974; x_wconf 91' lang='lat'><strong>—</strong></span> <span class='ocrx_word' id='word_1_277' title='bbox 879 1935 1067 1988; x_wconf 65' lang='lat' dir='ltr'><strong>Graece</strong></span> <span class='ocrx_word' id='word_1_278' title='bbox 1096 1936 1296 2004; x_wconf 90' lang='lat' dir='ltr'><strong>prodiit</strong></span> <span class='ocrx_word' id='word_1_279' title='bbox 1324 1952 1429 1990; x_wconf 89' lang='lat' dir='ltr'><strong>una</strong></span> <span class='ocrx_word' id='word_1_280' title='bbox 1479 1954 1600 1992; x_wconf 89' lang='lat' dir='ltr'><strong>cum</strong></span> <span class='ocrx_word' id='word_1_281' title='bbox 1656 1940 1776 1995; x_wconf 91' lang='lat' dir='ltr'><strong>aliis</strong></span> <span class='ocrx_word' id='word_1_282' title='bbox 1811 1941 2016 1998; x_wconf 80' lang='lat' dir='ltr'><strong>Lovan.</strong></span> 
     </span>
    </p>
   </div>
   <div class='ocr_carea' id='block_1_35' title="bbox 439 2025 2022 2104">
    <p class='ocr_par' dir='ltr' id='par_1_35' title="bbox 439 2025 2022 2104">
     <span class='ocr_line' id='line_1_35' title="bbox 439 2025 2022 2104; baseline 0.007 -26"><span class='ocrx_word' id='word_1_283' title='bbox 439 2025 603 2089; x_wconf 88' lang='grc'>1557,</span> <span class='ocrx_word' id='word_1_284' title='bbox 637 2037 799 2095; x_wconf 88' lang='lat' dir='ltr'><strong>atque</strong></span> <span class='ocrx_word' id='word_1_285' title='bbox 823 2041 887 2079; x_wconf 82' lang='lat' dir='ltr'><strong>ex</strong></span> <span class='ocrx_word' id='word_1_286' title='bbox 913 2029 1228 2082; x_wconf 89' lang='lat' dir='ltr'><strong>recensione</strong></span> <span class='ocrx_word' id='word_1_287' title='bbox 1260 2028 1391 2081; x_wconf 76' lang='lat' dir='ltr'><strong>Dav.</strong></span> <span class='ocrx_word' id='word_1_288' title='bbox 1423 2029 1742 2096; x_wconf 71' lang='lat' dir='ltr'><strong>I-ltescbclii,</strong></span> <span class='ocrx_word' id='word_1_289' title='bbox 1770 2034 2022 2104; x_wconf 71' lang='lat' dir='ltr'><strong>Augusta:</strong></span> 
     </span>
    </p>
   </div>
   <div class='ocr_carea' id='block_1_36' title="bbox 437 2115 2021 2192">
    <p class='ocr_par' dir='ltr' id='par_1_36' title="bbox 437 2115 2021 2192">
     <span class='ocr_line' id='line_1_36' title="bbox 437 2115 2021 2192; baseline 0.007 -22"><span class='ocrx_word' id='word_1_290' title='bbox 437 2115 770 2171; x_wconf 77' lang='lat' dir='ltr'><strong>Vindelicor.</strong></span> <span class='ocrx_word' id='word_1_291' title='bbox 812 2118 972 2182; x_wconf 80' lang='grc'>1587,</span> <span class='ocrx_word' id='word_1_292' title='bbox 1010 2119 1062 2172; x_wconf 91' lang='lat'><strong>8.</strong></span> <span class='ocrx_word' id='word_1_293' title='bbox 1111 2119 1202 2192; x_wconf 75' lang='lat' dir='ltr'><strong>[In</strong></span> <span class='ocrx_word' id='word_1_294' title='bbox 1251 2122 1567 2178; x_wconf 86' lang='lat' dir='ltr'><strong>collectione</strong></span> <span class='ocrx_word' id='word_1_295' title='bbox 1625 2126 1894 2178; x_wconf 82' lang='lat' dir='ltr'><strong>variarum</strong></span> <span class='ocrx_word' id='word_1_296' title='bbox 1923 2127 2021 2180; x_wconf 89' lang='lat' dir='ltr'><strong>ho-</strong></span> 
     </span>
    </p>
   </div>
   <div class='ocr_carea' id='block_1_37' title="bbox 435 2211 2022 2288">
    <p class='ocr_par' dir='ltr' id='par_1_37' title="bbox 435 2211 2022 2288">
     <span class='ocr_line' id='line_1_37' title="bbox 435 2211 2022 2288; baseline 0.006 -24"><span class='ocrx_word' id='word_1_297' title='bbox 435 2211 703 2265; x_wconf 85' lang='lat' dir='ltr'><strong>Iniliarum</strong></span> <span class='ocrx_word' id='word_1_298' title='bbox 741 2227 756 2265; x_wconf 91' lang='lat'><strong>:</strong></span> <span class='ocrx_word' id='word_1_299' title='bbox 806 2212 1042 2283; x_wconf 82' lang='grc' dir='ltr'>Ὁμιλίαι</span> <span class='ocrx_word' id='word_1_300' title='bbox 1083 2213 1358 2286; x_wconf 80' lang='grc' dir='ltr'>θεοφόρων</span> <span class='ocrx_word' id='word_1_301' title='bbox 1392 2216 1553 2268; x_wconf 86' lang='grc' dir='ltr'>τινῶν</span> <span class='ocrx_word' id='word_1_302' title='bbox 1579 2218 1860 2288; x_wconf 75' lang='grc' dir='ltr'>Πατὲρων.</span> <span class='ocrx_word' id='word_1_303' title='bbox 1913 2218 2022 2273; x_wconf 85' lang='lat' dir='ltr'><strong>Ho-</strong></span> 
     </span>
    </p>
   </div>
   <div class='ocr_carea' id='block_1_38' title="bbox 435 2301 2020 2378">
    <p class='ocr_par' dir='ltr' id='par_1_38' title="bbox 435 2301 2020 2378">
     <span class='ocr_line' id='line_1_38' title="bbox 435 2301 2020 2378; baseline 0.006 -23"><span class='ocrx_word' id='word_1_304' title='bbox 435 2301 599 2355; x_wconf 72' lang='lat' dir='ltr'><strong>tnilite</strong></span> <span class='ocrx_word' id='word_1_305' title='bbox 627 2317 794 2357; x_wconf 69' lang='lat' dir='ltr'><strong>sacrm</strong></span> <span class='ocrx_word' id='word_1_306' title='bbox 819 2319 885 2358; x_wconf 80' lang='lat' dir='ltr'><strong>ex</strong></span> <span class='ocrx_word' id='word_1_307' title='bbox 914 2307 1069 2358; x_wconf 90' lang='lat' dir='ltr'><strong>codd.</strong></span> <span class='ocrx_word' id='word_1_308' title='bbox 1105 2305 1187 2360; x_wconf 88' lang='lat' dir='ltr'><strong>vel</strong></span> <span class='ocrx_word' id='word_1_309' title='bbox 1223 2323 1364 2362; x_wconf 91' lang='lat' dir='ltr'><strong>nunc</strong></span> <span class='ocrx_word' id='word_1_310' title='bbox 1396 2310 1668 2378; x_wconf 91' lang='lat' dir='ltr'><strong>primum,</strong></span> <span class='ocrx_word' id='word_1_311' title='bbox 1722 2312 1800 2366; x_wconf 80' lang='lat' dir='ltr'><strong>vel</strong></span> <span class='ocrx_word' id='word_1_312' title='bbox 1835 2327 2020 2366; x_wconf 73' lang='lat' dir='ltr'><strong>etiien-</strong></span> 
     </span>
    </p>
   </div>
   <div class='ocr_carea' id='block_1_39' title="bbox 436 2394 2018 2480">
    <p class='ocr_par' dir='ltr' id='par_1_39' title="bbox 436 2394 2018 2480">
     <span class='ocr_line' id='line_1_39' title="bbox 436 2394 2018 2480; baseline 0.008 -32"><span class='ocrx_word' id='word_1_313' title='bbox 436 2394 612 2449; x_wconf 89' lang='lat' dir='ltr'><strong>datius</strong></span> <span class='ocrx_word' id='word_1_314' title='bbox 643 2395 802 2451; x_wconf 69' lang='lat' dir='ltr'><strong>edita:</strong></span> <span class='ocrx_word' id='word_1_315' title='bbox 837 2414 850 2450; x_wconf 95' lang='lat'>:</span> <span class='ocrx_word' id='word_1_316' title='bbox 894 2399 1031 2468; x_wconf 86' lang='lat' dir='ltr'><strong>typis</strong></span> <span class='ocrx_word' id='word_1_317' title='bbox 1055 2400 1212 2455; x_wconf 87' lang='lat' dir='ltr'><strong>Mich.</strong></span> <span class='ocrx_word' id='word_1_318' title='bbox 1245 2400 1507 2473; x_wconf 83' lang='lat' dir='ltr'><strong>Mangeri,</strong></span> <span class='ocrx_word' id='word_1_319' title='bbox 1539 2419 1660 2472; x_wconf 87' lang='lat' dir='ltr'><strong>pag.</strong></span> <span class='ocrx_word' id='word_1_320' title='bbox 1701 2405 1792 2459; x_wconf 81' lang='grc'>85.</span> <span class='ocrx_word' id='word_1_321' title='bbox 1822 2405 2018 2480; x_wconf 55' lang='lat' dir='ltr'><strong>Hann]</strong></span> 
     </span>
    </p>
   </div>
   <div class='ocr_carea' id='block_1_40' title="bbox 432 2491 2020 2558">
    <p class='ocr_par' dir='ltr' id='par_1_40' title="bbox 432 2491 2020 2558">
     <span class='ocr_line' id='line_1_40' title="bbox 432 2491 2020 2558; baseline 0.008 -17"><span class='ocrx_word' id='word_1_322' title='bbox 432 2515 505 2528; x_wconf 92' lang='lat'><strong>—-</strong></span> <span class='ocrx_word' id='word_1_323' title='bbox 533 2497 587 2542; x_wconf 89' lang='lat' dir='ltr'><strong>et</strong></span> <span class='ocrx_word' id='word_1_324' title='bbox 617 2501 842 2543; x_wconf 88' lang='lat' dir='ltr'><strong>curante</strong></span> <span class='ocrx_word' id='word_1_325' title='bbox 880 2491 1041 2546; x_wconf 86' lang='lat' dir='ltr'><strong>Mieh.</strong></span> <span class='ocrx_word' id='word_1_326' title='bbox 1075 2491 1383 2558; x_wconf 87' lang='lat' dir='ltr'><strong>Prosselio.</strong></span> <span class='ocrx_word' id='word_1_327' title='bbox 1431 2498 1630 2552; x_wconf 74' lang='lat' dir='ltr'><strong>scholte</strong></span> <span class='ocrx_word' id='word_1_328' title='bbox 1665 2498 2020 2554; x_wconf 68' lang='lat' dir='ltr'><strong>Nortbusanae</strong></span> 
     </span>
    </p>
   </div>
   <div class='ocr_carea' id='block_1_41' title="bbox 434 2582 2014 2658">
    <p class='ocr_par' dir='ltr' id='par_1_41' title="bbox 434 2582 2014 2658">
     <span class='ocr_line' id='line_1_41' title="bbox 434 2582 2014 2658; baseline 0.007 -26"><span class='ocrx_word' id='word_1_329' title='bbox 434 2590 668 2637; x_wconf 84' lang='lat' dir='ltr'><strong>rectore.</strong></span> <span class='ocrx_word' id='word_1_330' title='bbox 696 2582 858 2647; x_wconf 87' lang='grc'>1655,</span> <span class='ocrx_word' id='word_1_331' title='bbox 905 2585 956 2639; x_wconf 89' lang='grc'><strong>8.</strong></span> <span class='ocrx_word' id='word_1_332' title='bbox 1009 2585 1257 2657; x_wconf 89' lang='lat' dir='ltr'><strong>[—item</strong></span> <span class='ocrx_word' id='word_1_333' title='bbox 1302 2601 1331 2640; x_wconf 90' lang='lat' dir='ltr'><strong>a</strong></span> <span class='ocrx_word' id='word_1_334' title='bbox 1380 2587 1463 2644; x_wconf 85' lang='lat' dir='ltr'><strong>Jo.</strong></span> <span class='ocrx_word' id='word_1_335' title='bbox 1512 2587 1711 2643; x_wconf 73' lang='lat' dir='ltr'><strong>Bcned.</strong></span> <span class='ocrx_word' id='word_1_336' title='bbox 1755 2590 2014 2658; x_wconf 84' lang='lat' dir='ltr'><strong>Carpzov.</strong></span> 
     </span>
    </p>
   </div>
   <div class='ocr_carea' id='block_1_42' title="bbox 435 2671 2018 2751">
    <p class='ocr_par' dir='ltr' id='par_1_42' title="bbox 435 2671 2018 2751">
     <span class='ocr_line' id='line_1_42' title="bbox 435 2671 2018 2751; baseline 0.008 -29"><span class='ocrx_word' id='word_1_337' title='bbox 435 2671 686 2742; x_wconf 90' lang='lat' dir='ltr'><strong>theologo</strong></span> <span class='ocrx_word' id='word_1_338' title='bbox 718 2674 1018 2731; x_wconf 85' lang='lat' dir='ltr'><strong>llelmstad.</strong></span> <span class='ocrx_word' id='word_1_339' title='bbox 1053 2677 1105 2729; x_wconf 93' lang='lat' dir='ltr'><strong>in</strong></span> <span class='ocrx_word' id='word_1_340' title='bbox 1149 2675 1340 2748; x_wconf 84' lang='lat' dir='ltr'><strong>Progr.</strong></span> <span class='ocrx_word' id='word_1_341' title='bbox 1385 2681 1542 2735; x_wconf 91' lang='lat' dir='ltr'><strong>acad.</strong></span> <span class='ocrx_word' id='word_1_342' title='bbox 1590 2679 1781 2733; x_wconf 81' lang='lat' dir='ltr'><strong>Basilii</strong></span> <span class='ocrx_word' id='word_1_343' title='bbox 1831 2680 2018 2751; x_wconf 74' lang='lat' dir='ltr'><strong>Magni</strong></span> 
     </span>
    </p>
   </div>
   <div class='ocr_carea' id='block_1_43' title="bbox 433 2765 2013 2839">
    <p class='ocr_par' dir='ltr' id='par_1_43' title="bbox 433 2765 2013 2839">
     <span class='ocr_line' id='line_1_43' title="bbox 433 2765 2013 2839; baseline 0.006 -23"><span class='ocrx_word' id='word_1_344' title='bbox 433 2765 605 2818; x_wconf 84' lang='lat' dir='ltr'><strong>oratio</strong></span> <span class='ocrx_word' id='word_1_345' title='bbox 631 2766 695 2820; x_wconf 84' lang='lat' dir='ltr'><strong>de</strong></span> <span class='ocrx_word' id='word_1_346' title='bbox 724 2769 954 2822; x_wconf 85' lang='lat' dir='ltr'><strong>humano</strong></span> <span class='ocrx_word' id='word_1_347' title='bbox 981 2767 1179 2823; x_wconf 79' lang='lat' dir='ltr'><strong>Christi</strong></span> <span class='ocrx_word' id='word_1_348' title='bbox 1204 2772 1557 2839; x_wconf 82' lang='lat' dir='ltr'><strong>generatione.</strong></span> <span class='ocrx_word' id='word_1_349' title='bbox 1595 2773 1783 2827; x_wconf 67' lang='lat' dir='ltr'><strong>Graece</strong></span> <span class='ocrx_word' id='word_1_350' title='bbox 1817 2783 1871 2827; x_wconf 86' lang='lat' dir='ltr'><strong>et</strong></span> <span class='ocrx_word' id='word_1_351' title='bbox 1895 2774 2013 2828; x_wconf 90' lang='lat' dir='ltr'><strong>Lat.</strong></span> 
     </span>
    </p>
   </div>
   <div class='ocr_carea' id='block_1_44' title="bbox 433 2857 2013 2934">
    <p class='ocr_par' dir='ltr' id='par_1_44' title="bbox 433 2857 2013 2934">
     <span class='ocr_line' id='line_1_44' title="bbox 433 2857 2013 2934; baseline 0.006 -28"><span class='ocrx_word' id='word_1_352' title='bbox 433 2869 502 2908; x_wconf 81' lang='lat' dir='ltr'><strong>ex</strong></span> <span class='ocrx_word' id='word_1_353' title='bbox 532 2859 847 2914; x_wconf 85' lang='lat' dir='ltr'><strong>recensione</strong></span> <span class='ocrx_word' id='word_1_354' title='bbox 873 2857 1071 2913; x_wconf 79' lang='lat' dir='ltr'><strong>Juliani</strong></span> <span class='ocrx_word' id='word_1_355' title='bbox 1097 2859 1350 2918; x_wconf 89' lang='lat' dir='ltr'><strong>Garnier.</strong></span> <span class='ocrx_word' id='word_1_356' title='bbox 1381 2861 1436 2916; x_wconf 92' lang='lat' dir='ltr'><strong>ln</strong></span> <span class='ocrx_word' id='word_1_357' title='bbox 1479 2864 1748 2918; x_wconf 78' lang='lat' dir='ltr'><strong>sectimies</strong></span> <span class='ocrx_word' id='word_1_358' title='bbox 1781 2866 2013 2934; x_wconf 88' lang='lat' dir='ltr'><strong>primum</strong></span> 
     </span>
    </p>
   </div>
   <div class='ocr_carea' id='block_1_45' title="bbox 432 2947 2015 3025">
    <p class='ocr_par' dir='ltr' id='par_1_45' title="bbox 432 2947 2015 3025">
     <span class='ocr_line' id='line_1_45' title="bbox 432 2947 2015 3025; baseline 0.008 -25"><span class='ocrx_word' id='word_1_359' title='bbox 432 2947 728 3017; x_wconf 88' lang='lat' dir='ltr'><strong>descripta,</strong></span> <span class='ocrx_word' id='word_1_360' title='bbox 792 2967 929 3004; x_wconf 89' lang='lat' dir='ltr'><strong>nova</strong></span> <span class='ocrx_word' id='word_1_361' title='bbox 983 2953 1253 3019; x_wconf 83' lang='lat' dir='ltr'><strong>versione,</strong></span> <span class='ocrx_word' id='word_1_362' title='bbox 1309 2967 1630 3025; x_wconf 84' lang='lat' dir='ltr'><strong>argumento</strong></span> <span class='ocrx_word' id='word_1_363' title='bbox 1699 2965 1754 3009; x_wconf 88' lang='lat' dir='ltr'><strong>et</strong></span> <span class='ocrx_word' id='word_1_364' title='bbox 1817 2957 2015 3012; x_wconf 89' lang='lat' dir='ltr'><strong>notulis</strong></span> 
     </span>
    </p>
   </div>
   <div class='ocr_carea' id='block_1_46' title="bbox 432 3039 2016 3112">
    <p class='ocr_par' dir='ltr' id='par_1_46' title="bbox 432 3039 2016 3112">
     <span class='ocr_line' id='line_1_46' title="bbox 432 3039 2016 3112; baseline 0.004 -20"><span class='ocrx_word' id='word_1_365' title='bbox 432 3049 634 3092; x_wconf 77' lang='lat' dir='ltr'><strong>nacta.</strong></span> <span class='ocrx_word' id='word_1_366' title='bbox 666 3039 983 3094; x_wconf 70' lang='lat' dir='ltr'><strong>Helmstadii</strong></span> <span class='ocrx_word' id='word_1_367' title='bbox 1041 3041 1205 3105; x_wconf 87' lang='grc'>1757,</span> <span class='ocrx_word' id='word_1_368' title='bbox 1236 3042 1289 3095; x_wconf 74' lang='grc'><strong>4.</strong></span> <span class='ocrx_word' id='word_1_369' title='bbox 1315 3042 1369 3096; x_wconf 87' lang='grc' dir='ltr'>1η</span> <span class='ocrx_word' id='word_1_370' title='bbox 1399 3042 1605 3112; x_wconf 67' lang='lat' dir='ltr'><strong>praefat.</strong></span> <span class='ocrx_word' id='word_1_371' title='bbox 1636 3042 1830 3112; x_wconf 82' lang='lat' dir='ltr'><strong>Carpz.</strong></span> <span class='ocrx_word' id='word_1_372' title='bbox 1869 3045 2016 3098; x_wconf 82' lang='lat' dir='ltr'><strong>valde</strong></span> 
     </span>
    </p>
   </div>
   <div class='ocr_carea' id='block_1_47' title="bbox 432 3129 2010 3205">
    <p class='ocr_par' dir='ltr' id='par_1_47' title="bbox 432 3129 2010 3205">
     <span class='ocr_line' id='line_1_47' title="bbox 432 3129 2010 3205; baseline 0.004 -23"><span class='ocrx_word' id='word_1_373' title='bbox 432 3129 618 3184; x_wconf 83' lang='lat' dir='ltr'><strong>laudat</strong></span> <span class='ocrx_word' id='word_1_374' title='bbox 647 3133 784 3187; x_wconf 86' lang='lat' dir='ltr'><strong>banc</strong></span> <span class='ocrx_word' id='word_1_375' title='bbox 808 3133 1107 3195; x_wconf 89' lang='lat' dir='ltr'><strong>homiliam,</strong></span> <span class='ocrx_word' id='word_1_376' title='bbox 1133 3147 1464 3202; x_wconf 82' lang='lat' dir='ltr'><strong>gravemque</strong></span> <span class='ocrx_word' id='word_1_377' title='bbox 1483 3134 1692 3202; x_wconf 86' lang='lat' dir='ltr'><strong>judicat</strong></span> <span class='ocrx_word' id='word_1_378' title='bbox 1721 3146 1775 3189; x_wconf 90' lang='lat' dir='ltr'><strong>et</strong></span> <span class='ocrx_word' id='word_1_379' title='bbox 1795 3137 2010 3205; x_wconf 78' lang='lat' dir='ltr'><strong>dignam</strong></span> 
     </span>
    </p>
   </div>
   <div class='ocr_carea' id='block_1_48' title="bbox 433 3224 2011 3294">
    <p class='ocr_par' dir='ltr' id='par_1_48' title="bbox 433 3224 2011 3294">
     <span class='ocr_line' id='line_1_48' title="bbox 433 3224 2011 3294; baseline 0.004 -20"><span class='ocrx_word' id='word_1_380' title='bbox 433 3232 585 3276; x_wconf 89' lang='lat' dir='ltr'><strong>tanto</strong></span> <span class='ocrx_word' id='word_1_381' title='bbox 623 3233 857 3279; x_wconf 75' lang='lat' dir='ltr'><strong>oratore.</strong></span> <span class='ocrx_word' id='word_1_382' title='bbox 908 3224 966 3278; x_wconf 92' lang='lat' dir='ltr'><strong>In</strong></span> <span class='ocrx_word' id='word_1_383' title='bbox 1016 3235 1269 3280; x_wconf 79' lang='lat' dir='ltr'><strong>contextu</strong></span> <span class='ocrx_word' id='word_1_384' title='bbox 1319 3227 1537 3294; x_wconf 90' lang='lat' dir='ltr'><strong>quidem</strong></span> <span class='ocrx_word' id='word_1_385' title='bbox 1576 3227 1768 3281; x_wconf 69' lang='lat' dir='ltr'><strong>Graeco</strong></span> <span class='ocrx_word' id='word_1_386' title='bbox 1813 3229 2011 3282; x_wconf 91' lang='lat' dir='ltr'><strong>consti-</strong></span> 
     </span>
    </p>
   </div>
   <div class='ocr_carea' id='block_1_49' title="bbox 433 3315 2013 3385">
    <p class='ocr_par' dir='ltr' id='par_1_49' title="bbox 433 3315 2013 3385">
     <span class='ocr_line' id='line_1_49' title="bbox 433 3315 2013 3385; baseline 0.004 -18"><span class='ocrx_word' id='word_1_387' title='bbox 433 3315 634 3369; x_wconf 88' lang='lat' dir='ltr'><strong>tuendo</strong></span> <span class='ocrx_word' id='word_1_388' title='bbox 665 3316 716 3369; x_wconf 93' lang='lat' dir='ltr'><strong>in</strong></span> <span class='ocrx_word' id='word_1_389' title='bbox 751 3317 940 3385; x_wconf 86' lang='lat' dir='ltr'><strong>primis</strong></span> <span class='ocrx_word' id='word_1_390' title='bbox 974 3329 1192 3372; x_wconf 85' lang='lat' dir='ltr'><strong>secutus</strong></span> <span class='ocrx_word' id='word_1_391' title='bbox 1231 3327 1316 3372; x_wconf 92' lang='lat' dir='ltr'><strong>est</strong></span> <span class='ocrx_word' id='word_1_392' title='bbox 1351 3317 1630 3380; x_wconf 89' lang='lat' dir='ltr'><strong>Garnier.,</strong></span> <span class='ocrx_word' id='word_1_393' title='bbox 1675 3320 1904 3373; x_wconf 87' lang='lat' dir='ltr'><strong>contulit</strong></span> <span class='ocrx_word' id='word_1_394' title='bbox 1935 3329 2013 3373; x_wconf 89' lang='lat' dir='ltr'><strong>ta-</strong></span> 
     </span>
    </p>
   </div>
   <div class='ocr_carea' id='block_1_50' title="bbox 432 3409 2011 3474">
    <p class='ocr_par' dir='ltr' id='par_1_50' title="bbox 432 3409 2011 3474">
     <span class='ocr_line' id='line_1_50' title="bbox 432 3409 2011 3474; baseline 0.004 -14"><span class='ocrx_word' id='word_1_395' title='bbox 432 3424 557 3461; x_wconf 85' lang='lat' dir='ltr'><strong>men</strong></span> <span class='ocrx_word' id='word_1_396' title='bbox 581 3409 1092 3466; x_wconf 51' lang='lat' dir='ltr'><strong>edin-Basileensem</strong></span> <span class='ocrx_word' id='word_1_397' title='bbox 1117 3426 1168 3468; x_wconf 88' lang='lat' dir='ltr'><strong>a.</strong></span> <span class='ocrx_word' id='word_1_398' title='bbox 1215 3411 1374 3474; x_wconf 82' lang='lat' dir='ltr'><strong>l55l,</strong></span> <span class='ocrx_word' id='word_1_399' title='bbox 1398 3421 1452 3465; x_wconf 89' lang='lat' dir='ltr'><strong>et</strong></span> <span class='ocrx_word' id='word_1_400' title='bbox 1474 3413 1738 3464; x_wconf 89' lang='lat' dir='ltr'><strong>interdum</strong></span> <span class='ocrx_word' id='word_1_401' title='bbox 1763 3412 2011 3466; x_wconf 88' lang='lat' dir='ltr'><strong>discessit</strong></span> 
     </span>
    </p>
   </div>
   <div class='ocr_carea' id='block_1_51' title="bbox 429 3497 2012 3571">
    <p class='ocr_par' dir='ltr' id='par_1_51' title="bbox 429 3497 2012 3571">
     <span class='ocr_line' id='line_1_51' title="bbox 429 3497 2012 3571; baseline 0.001 -17"><span class='ocrx_word' id='word_1_402' title='bbox 429 3497 645 3554; x_wconf 83' lang='lat' dir='ltr'><strong>aGarn.</strong></span> <span class='ocrx_word' id='word_1_403' title='bbox 672 3510 778 3555; x_wconf 89' lang='lat' dir='ltr'><strong>tam</strong></span> <span class='ocrx_word' id='word_1_404' title='bbox 798 3503 850 3556; x_wconf 91' lang='lat' dir='ltr'><strong>in</strong></span> <span class='ocrx_word' id='word_1_405' title='bbox 879 3503 1058 3558; x_wconf 86' lang='lat' dir='ltr'><strong>verbis</strong></span> <span class='ocrx_word' id='word_1_406' title='bbox 1085 3517 1248 3571; x_wconf 90' lang='lat' dir='ltr'><strong>quam</strong></span> <span class='ocrx_word' id='word_1_407' title='bbox 1275 3504 1730 3571; x_wconf 88' lang='lat' dir='ltr'><strong>interpunctione,</strong></span> <span class='ocrx_word' id='word_1_408' title='bbox 1759 3504 1880 3558; x_wconf 85' lang='lat' dir='ltr'><strong>etin</strong></span> <span class='ocrx_word' id='word_1_409' title='bbox 1918 3519 2012 3556; x_wconf 89' lang='lat' dir='ltr'><strong>no-</strong></span> 
     </span>
    </p>
   </div>
   <div class='ocr_carea' id='block_1_52' title="bbox 433 3591 2007 3662">
    <p class='ocr_par' dir='ltr' id='par_1_52' title="bbox 433 3591 2007 3662">
     <span class='ocr_line' id='line_1_52' title="bbox 433 3591 2007 3662; baseline 0.002 -19"><span class='ocrx_word' id='word_1_410' title='bbox 433 3592 500 3645; x_wconf 89' lang='lat' dir='ltr'><strong>tis</strong></span> <span class='ocrx_word' id='word_1_411' title='bbox 518 3591 831 3646; x_wconf 89' lang='lat' dir='ltr'><strong>sanedoctis</strong></span> <span class='ocrx_word' id='word_1_412' title='bbox 844 3601 1003 3662; x_wconf 78' lang='lat' dir='ltr'><strong>atque</strong></span> <span class='ocrx_word' id='word_1_413' title='bbox 1018 3592 1245 3646; x_wconf 88' lang='lat' dir='ltr'><strong>eruditis</strong></span> <span class='ocrx_word' id='word_1_414' title='bbox 1269 3592 1751 3656; x_wconf 89' lang='lat' dir='ltr'><strong>contraGarnier.,</strong></span> <span class='ocrx_word' id='word_1_415' title='bbox 1783 3609 1902 3662; x_wconf 83' lang='lat' dir='ltr'><strong>pag.</strong></span> <span class='ocrx_word' id='word_1_416' title='bbox 1919 3594 2007 3656; x_wconf 74' lang='lat'><strong>1‘2,</strong></span> 
     </span>
    </p>
   </div>
   <div class='ocr_carea' id='block_1_53' title="bbox 427 3683 2010 3755">
    <p class='ocr_par' dir='ltr' id='par_1_53' title="bbox 427 3683 2010 3755">
     <span class='ocr_line' id='line_1_53' title="bbox 427 3683 2010 3755; baseline 0.002 -18"><span class='ocrx_word' id='word_1_417' title='bbox 427 3683 521 3746; x_wconf 80' lang='grc'>25,</span> <span class='ocrx_word' id='word_1_418' title='bbox 551 3683 639 3748; x_wconf 93' lang='grc'><strong>59,</strong></span> <span class='ocrx_word' id='word_1_419' title='bbox 685 3683 774 3748; x_wconf 80' lang='grc'>40,</span> <span class='ocrx_word' id='word_1_420' title='bbox 817 3693 946 3750; x_wconf 90' lang='lat' dir='ltr'><strong>etc.,</strong></span> <span class='ocrx_word' id='word_1_421' title='bbox 998 3685 1063 3740; x_wconf 88' lang='lat' dir='ltr'><strong>de</strong></span> <span class='ocrx_word' id='word_1_422' title='bbox 1108 3685 1216 3740; x_wconf 83' lang='lat' dir='ltr'><strong>lidc</strong></span> <span class='ocrx_word' id='word_1_423' title='bbox 1271 3685 1432 3755; x_wconf 82' lang='lat' dir='ltr'><strong>hujus</strong></span> <span class='ocrx_word' id='word_1_424' title='bbox 1478 3694 1616 3739; x_wconf 90' lang='lat' dir='ltr'><strong>orat.</strong></span> <span class='ocrx_word' id='word_1_425' title='bbox 1664 3701 1760 3755; x_wconf 89' lang='lat' dir='ltr'><strong>pro</strong></span> <span class='ocrx_word' id='word_1_426' title='bbox 1810 3687 2010 3740; x_wconf 85' lang='lat' dir='ltr'><strong>Basilio</strong></span> 
     </span>
    </p>
   </div>
   <div class='ocr_carea' id='block_1_54' title="bbox 432 3775 2005 3844">
    <p class='ocr_par' dir='ltr' id='par_1_54' title="bbox 432 3775 2005 3844">
     <span class='ocr_line' id='line_1_54' title="bbox 432 3775 2005 3844; baseline 0.001 -16"><span class='ocrx_word' id='word_1_427' title='bbox 432 3776 687 3844; x_wconf 89' lang='lat' dir='ltr'><strong>disputat.</strong></span> <span class='ocrx_word' id='word_1_428' title='bbox 732 3775 889 3834; x_wconf 80' lang='lat' dir='ltr'><strong>Conf.</strong></span> <span class='ocrx_word' id='word_1_429' title='bbox 943 3777 1094 3832; x_wconf 84' lang='lat' dir='ltr'><strong>Nova</strong></span> <span class='ocrx_word' id='word_1_430' title='bbox 1140 3778 1286 3844; x_wconf 84' lang='lat' dir='ltr'><strong>Lips.</strong></span> <span class='ocrx_word' id='word_1_431' title='bbox 1349 3789 1466 3831; x_wconf 84' lang='lat' dir='ltr'><strong>acta</strong></span> <span class='ocrx_word' id='word_1_432' title='bbox 1519 3780 1712 3834; x_wconf 85' lang='lat' dir='ltr'><strong>erudit.</strong></span> <span class='ocrx_word' id='word_1_433' title='bbox 1753 3795 1803 3832; x_wconf 93' lang='lat' dir='ltr'><strong>a.</strong></span> <span class='ocrx_word' id='word_1_434' title='bbox 1848 3780 2005 3844; x_wconf 77' lang='grc'>1750,</span> 
     </span>
    </p>
   </div>
   <div class='ocr_carea' id='block_1_55' title="bbox 431 3868 1441 3942">
    <p class='ocr_par' dir='ltr' id='par_1_55' title="bbox 431 3868 1441 3942">
     <span class='ocr_line' id='line_1_55' title="bbox 431 3868 1441 3942; baseline 0.003 -21"><span class='ocrx_word' id='word_1_435' title='bbox 431 3883 602 3922; x_wconf 88' lang='lat' dir='ltr'><strong>mens.</strong></span> <span class='ocrx_word' id='word_1_436' title='bbox 637 3868 783 3934; x_wconf 83' lang='lat' dir='ltr'><strong>Jan.,</strong></span> <span class='ocrx_word' id='word_1_437' title='bbox 817 3886 938 3939; x_wconf 80' lang='lat' dir='ltr'><strong>pag.</strong></span> <span class='ocrx_word' id='word_1_438' title='bbox 972 3871 1042 3925; x_wconf 88' lang='grc'><strong>55</strong></span> <span class='ocrx_word' id='word_1_439' title='bbox 1076 3888 1200 3942; x_wconf 86' lang='lat' dir='ltr'><strong>sqq.</strong></span> <span class='ocrx_word' id='word_1_440' title='bbox 1235 3869 1441 3942; x_wconf 52' lang='lat' dir='ltr'><strong>Hann]</strong></span> 
     </span>
    </p>
   </div>
   <div class='ocr_carea' id='block_1_56' title="bbox 500 3958 2007 4033">
    <p class='ocr_par' dir='ltr' id='par_1_56' title="bbox 500 3958 2007 4033">
     <span class='ocr_line' id='line_1_56' title="bbox 500 3958 2007 4033; baseline 0.003 -21"><span class='ocrx_word' id='word_1_441' title='bbox 500 3958 692 4014; x_wconf 87' lang='lat' dir='ltr'><strong>Latine</strong></span> <span class='ocrx_word' id='word_1_442' title='bbox 717 3972 995 4016; x_wconf 88' lang='lat' dir='ltr'><strong>verterunt</strong></span> <span class='ocrx_word' id='word_1_443' title='bbox 1023 3975 1218 4033; x_wconf 61' lang='lat' dir='ltr'><strong>praeter</strong></span> <span class='ocrx_word' id='word_1_444' title='bbox 1253 3963 1662 4017; x_wconf 87' lang='lat' dir='ltr'><strong>Volaterranum</strong></span> <span class='ocrx_word' id='word_1_445' title='bbox 1709 3975 1762 4016; x_wconf 92' lang='lat' dir='ltr'><strong>et</strong></span> <span class='ocrx_word' id='word_1_446' title='bbox 1804 3962 2007 4018; x_wconf 89' lang='lat' dir='ltr'><strong>Corna-</strong></span> 
     </span>
    </p>
   </div>
   <div class='ocr_carea' id='block_1_57' title="bbox 428 4050 2001 4130">
    <p class='ocr_par' dir='ltr' id='par_1_57' title="bbox 428 4050 2001 4130">
     <span class='ocr_line' id='line_1_57' title="bbox 428 4050 2001 4130; baseline 0.006 -29"><span class='ocrx_word' id='word_1_447' title='bbox 428 4050 591 4114; x_wconf 81' lang='lat' dir='ltr'><strong>rium,</strong></span> <span class='ocrx_word' id='word_1_448' title='bbox 627 4065 690 4105; x_wconf 89' lang='lat' dir='ltr'><strong>ac</strong></span> <span class='ocrx_word' id='word_1_449' title='bbox 729 4050 976 4130; x_wconf 79' lang='lat' dir='ltr'><strong>fortassis</strong></span> <span class='ocrx_word' id='word_1_450' title='bbox 1022 4055 1194 4121; x_wconf 90' lang='lat' dir='ltr'><strong>alios,</strong></span> <span class='ocrx_word' id='word_1_451' title='bbox 1227 4054 1425 4127; x_wconf 82' lang='lat' dir='ltr'><strong>Georg.</strong></span> <span class='ocrx_word' id='word_1_452' title='bbox 1472 4057 1875 4125; x_wconf 82' lang='lat' dir='ltr'><strong>Langewitbns,</strong></span> <span class='ocrx_word' id='word_1_453' title='bbox 1911 4056 2001 4110; x_wconf 84' lang='lat' dir='ltr'><strong>Li-</strong></span> 
     </span>
    </p>
   </div>
   <div class='ocr_carea' id='block_1_58' title="bbox 426 4144 2004 4217">
    <p class='ocr_par' dir='ltr' id='par_1_58' title="bbox 426 4144 2004 4217">
     <span class='ocr_line' id='line_1_58' title="bbox 426 4144 2004 4217; baseline 0.005 -21"><span class='ocrx_word' id='word_1_454' title='bbox 426 4144 559 4213; x_wconf 65' lang='lat' dir='ltr'><strong>psiae</strong></span> <span class='ocrx_word' id='word_1_455' title='bbox 581 4144 738 4210; x_wconf 84' lang='grc'>1575,</span> <span class='ocrx_word' id='word_1_456' title='bbox 776 4151 829 4210; x_wconf 84' lang='grc'><strong>8,</strong></span> <span class='ocrx_word' id='word_1_457' title='bbox 868 4163 987 4201; x_wconf 92' lang='lat' dir='ltr'><strong>cum</strong></span> <span class='ocrx_word' id='word_1_458' title='bbox 1029 4148 1184 4217; x_wconf 89' lang='lat' dir='ltr'><strong>cujus</strong></span> <span class='ocrx_word' id='word_1_459' title='bbox 1229 4151 1476 4204; x_wconf 79' lang='lat' dir='ltr'><strong>versione</strong></span> <span class='ocrx_word' id='word_1_460' title='bbox 1517 4167 1636 4204; x_wconf 88' lang='lat' dir='ltr'><strong>eam</strong></span> <span class='ocrx_word' id='word_1_461' title='bbox 1688 4151 1872 4204; x_wconf 90' lang='lat' dir='ltr'><strong>recudi</strong></span> <span class='ocrx_word' id='word_1_462' title='bbox 1909 4167 2004 4206; x_wconf 87' lang='lat' dir='ltr'><strong>cn-</strong></span> 
     </span>
    </p>
   </div>
   <div class='ocr_carea' id='block_1_59' title="bbox 429 4237 2001 4296">
    <p class='ocr_par' dir='ltr' id='par_1_59' title="bbox 429 4237 2001 4296">
     <span class='ocr_line' id='line_1_59' title="bbox 429 4237 2001 4296; baseline 0.005 -8"><span class='ocrx_word' id='word_1_463' title='bbox 429 4237 573 4290; x_wconf 85' lang='lat' dir='ltr'><strong>ravit</strong></span> <span class='ocrx_word' id='word_1_464' title='bbox 614 4237 906 4292; x_wconf 86' lang='lat' dir='ltr'><strong>Christian.</strong></span> <span class='ocrx_word' id='word_1_465' title='bbox 952 4238 1210 4294; x_wconf 81' lang='lat' dir='ltr'><strong>Daumius</strong></span> <span class='ocrx_word' id='word_1_466' title='bbox 1255 4241 1308 4294; x_wconf 90' lang='lat' dir='ltr'><strong>in</strong></span> <span class='ocrx_word' id='word_1_467' title='bbox 1361 4241 1609 4295; x_wconf 84' lang='lat' dir='ltr'><strong>llomiliis</strong></span> <span class='ocrx_word' id='word_1_468' title='bbox 1670 4240 1891 4294; x_wconf 89' lang='lat' dir='ltr'><strong>Patrum</strong></span> <span class='ocrx_word' id='word_1_469' title='bbox 1949 4242 2001 4296; x_wconf 92' lang='lat' dir='ltr'><strong>in</strong></span> 
     </span>
    </p>
   </div>
   <div class='ocr_carea' id='block_1_60' title="bbox 428 4330 2005 4404">
    <p class='ocr_par' dir='ltr' id='par_1_60' title="bbox 428 4330 2005 4404">
     <span class='ocr_line' id='line_1_60' title="bbox 428 4330 2005 4404; baseline 0.003 -20"><span class='ocrx_word' id='word_1_470' title='bbox 428 4330 627 4384; x_wconf 77' lang='lat' dir='ltr'><strong>festum</strong></span> <span class='ocrx_word' id='word_1_471' title='bbox 655 4332 954 4386; x_wconf 88' lang='lat' dir='ltr'><strong>nativitatis</strong></span> <span class='ocrx_word' id='word_1_472' title='bbox 983 4332 1204 4396; x_wconf 84' lang='lat' dir='ltr'><strong>Christi,</strong></span> <span class='ocrx_word' id='word_1_473' title='bbox 1238 4332 1467 4404; x_wconf 76' lang='lat' dir='ltr'><strong>Cygnca:</strong></span> <span class='ocrx_word' id='word_1_474' title='bbox 1506 4333 1663 4396; x_wconf 90' lang='grc'>1670,</span> <span class='ocrx_word' id='word_1_475' title='bbox 1710 4335 1760 4387; x_wconf 90' lang='grc'><strong>8.</strong></span> <span class='ocrx_word' id='word_1_476' title='bbox 1799 4333 2005 4388; x_wconf 80' lang='lat' dir='ltr'><strong>Prodiit</strong></span> 
     </span>
    </p>
   </div>
   <div class='ocr_carea' id='block_1_61' title="bbox 429 4423 2002 4478">
    <p class='ocr_par' dir='ltr' id='par_1_61' title="bbox 429 4423 2002 4478">
     <span class='ocr_line' id='line_1_61' title="bbox 429 4423 2002 4478; baseline 0 -3"><span class='ocrx_word' id='word_1_477' title='bbox 429 4431 487 4475; x_wconf 87' lang='lat' dir='ltr'><strong>et</strong></span> <span class='ocrx_word' id='word_1_478' title='bbox 512 4436 631 4475; x_wconf 89' lang='lat' dir='ltr'><strong>cum</strong></span> <span class='ocrx_word' id='word_1_479' title='bbox 676 4423 926 4477; x_wconf 82' lang='lat' dir='ltr'><strong>versione</strong></span> <span class='ocrx_word' id='word_1_480' title='bbox 967 4431 1022 4478; x_wconf 86' lang='lat' dir='ltr'><strong>et</strong></span> <span class='ocrx_word' id='word_1_481' title='bbox 1061 4425 1201 4477; x_wconf 91' lang='lat' dir='ltr'><strong>notis</strong></span> <span class='ocrx_word' id='word_1_482' title='bbox 1245 4424 1539 4478; x_wconf 88' lang='lat' dir='ltr'><strong>Christiani</strong></span> <span class='ocrx_word' id='word_1_483' title='bbox 1590 4423 1867 4478; x_wconf 85' lang='lat' dir='ltr'><strong>Wilhelm.</strong></span> <span class='ocrx_word' id='word_1_484' title='bbox 1903 4424 2002 4477; x_wconf 87' lang='lat' dir='ltr'><strong>Ca-</strong></span> 
     </span>
    </p>
   </div>
   <div class='ocr_carea' id='block_1_62' title="bbox 423 4512 2081 4600">
    <p class='ocr_par' dir='ltr' id='par_1_62' title="bbox 423 4512 2081 4600">
     <span class='ocr_line' id='line_1_62' title="bbox 423 4512 2081 4600; baseline 0.001 -34"><span class='ocrx_word' id='word_1_485' title='bbox 423 4512 533 4566; x_wconf 91' lang='lat' dir='ltr'><strong>leni</strong></span> <span class='ocrx_word' id='word_1_486' title='bbox 569 4513 726 4579; x_wconf 79' lang='grc'>1609,</span> <span class='ocrx_word' id='word_1_487' title='bbox 773 4513 829 4568; x_wconf 79' lang='grc'><strong>4.</strong></span> <span class='ocrx_word' id='word_1_488' title='bbox 874 4515 1021 4568; x_wconf 83' lang='lat' dir='ltr'><strong>Alias</strong></span> <span class='ocrx_word' id='word_1_489' title='bbox 1071 4516 1197 4568; x_wconf 90' lang='lat' dir='ltr'><strong>item</strong></span> <span class='ocrx_word' id='word_1_490' title='bbox 1236 4515 1389 4568; x_wconf 90' lang='lat' dir='ltr'><strong>binas</strong></span> <span class='ocrx_word' id='word_1_491' title='bbox 1432 4515 1695 4569; x_wconf 79' lang='lat' dir='ltr'><strong>editiones</strong></span> <span class='ocrx_word' id='word_1_492' title='bbox 1732 4513 2000 4569; x_wconf 84' lang='lat' dir='ltr'><strong>Helmsta-</strong></span> <span class='ocrx_word' id='word_1_493' title='bbox 2036 4546 2081 4600; x_wconf 68' lang='grc' dir='ltr'>Β</span> 
     </span>
    </p>
   </div>
   <div class='ocr_carea' id='block_1_63' title="bbox 423 4605 2002 4674">
    <p class='ocr_par' dir='ltr' id='par_1_63' title="bbox 423 4605 2002 4674">
     <span class='ocr_line' id='line_1_63' title="bbox 423 4605 2002 4674; baseline 0.004 -18"><span class='ocrx_word' id='word_1_494' title='bbox 423 4605 641 4660; x_wconf 70' lang='lat' dir='ltr'><strong>dienses</strong></span> <span class='ocrx_word' id='word_1_495' title='bbox 676 4605 834 4674; x_wconf 80' lang='lat' dir='ltr'><strong>huius</strong></span> <span class='ocrx_word' id='word_1_496' title='bbox 855 4608 1119 4661; x_wconf 89' lang='lat' dir='ltr'><strong>orationis</strong></span> <span class='ocrx_word' id='word_1_497' title='bbox 1147 4622 1197 4661; x_wconf 91' lang='lat' dir='ltr'><strong>a.</strong></span> <span class='ocrx_word' id='word_1_498' title='bbox 1229 4605 1370 4660; x_wconf 87' lang='grc'>1600</span> <span class='ocrx_word' id='word_1_499' title='bbox 1402 4619 1455 4661; x_wconf 91' lang='lat' dir='ltr'><strong>et</strong></span> <span class='ocrx_word' id='word_1_500' title='bbox 1489 4607 1640 4673; x_wconf 66' lang='grc'>1645,</span> <span class='ocrx_word' id='word_1_501' title='bbox 1671 4609 1724 4671; x_wconf 73' lang='grc'>4,</span> <span class='ocrx_word' id='word_1_502' title='bbox 1746 4607 2002 4662; x_wconf 89' lang='lat' dir='ltr'><strong>Daumius</strong></span> 
     </span>
    </p>
   </div>
   <div class='ocr_carea' id='block_1_64' title="bbox 423 4699 2000 4771">
    <p class='ocr_par' dir='ltr' id='par_1_64' title="bbox 423 4699 2000 4771">
     <span class='ocr_line' id='line_1_64' title="bbox 423 4699 2000 4771; baseline 0.001 -19"><span class='ocrx_word' id='word_1_503' title='bbox 423 4708 708 4761; x_wconf 87' lang='lat' dir='ltr'><strong>memorat,</strong></span> <span class='ocrx_word' id='word_1_504' title='bbox 745 4714 879 4768; x_wconf 87' lang='lat' dir='ltr'><strong>quas</strong></span> <span class='ocrx_word' id='word_1_505' title='bbox 922 4715 1026 4754; x_wconf 92' lang='lat' dir='ltr'><strong>non</strong></span> <span class='ocrx_word' id='word_1_506' title='bbox 1074 4701 1206 4755; x_wconf 85' lang='lat' dir='ltr'><strong>vidi.</strong></span> <span class='ocrx_word' id='word_1_507' title='bbox 1253 4699 1386 4771; x_wconf 84' lang='lat' dir='ltr'><strong>[Nec</strong></span> <span class='ocrx_word' id='word_1_508' title='bbox 1423 4701 1553 4753; x_wconf 86' lang='lat' dir='ltr'><strong>vidit</strong></span> <span class='ocrx_word' id='word_1_509' title='bbox 1587 4700 1704 4755; x_wconf 89' lang='lat' dir='ltr'><strong>illas</strong></span> <span class='ocrx_word' id='word_1_510' title='bbox 1737 4699 2000 4768; x_wconf 82' lang='lat' dir='ltr'><strong>Carpzov.</strong></span> 
     </span>
    </p>
   </div>
   <div class='ocr_carea' id='block_1_65' title="bbox 425 4790 2003 4862">
    <p class='ocr_par' dir='ltr' id='par_1_65' title="bbox 425 4790 2003 4862">
     <span class='ocr_line' id='line_1_65' title="bbox 425 4790 2003 4862; baseline 0.005 -21"><span class='ocrx_word' id='word_1_511' title='bbox 425 4790 515 4858; x_wconf 90' lang='lat' dir='ltr'><strong>qni</strong></span> <span class='ocrx_word' id='word_1_512' title='bbox 550 4806 672 4860; x_wconf 89' lang='lat' dir='ltr'><strong>pag.</strong></span> <span class='ocrx_word' id='word_1_513' title='bbox 711 4807 761 4843; x_wconf 84' lang='lat' dir='ltr'><strong>tv</strong></span> <span class='ocrx_word' id='word_1_514' title='bbox 791 4791 949 4844; x_wconf 63' lang='lat' dir='ltr'><strong>Praef.</strong></span> <span class='ocrx_word' id='word_1_515' title='bbox 985 4790 1332 4846; x_wconf 85' lang='lat' dir='ltr'><strong>Calenianam</strong></span> <span class='ocrx_word' id='word_1_516' title='bbox 1364 4793 1496 4846; x_wconf 91' lang='lat' dir='ltr'><strong>edit.</strong></span> <span class='ocrx_word' id='word_1_517' title='bbox 1526 4793 1680 4846; x_wconf 88' lang='lat' dir='ltr'><strong>valde</strong></span> <span class='ocrx_word' id='word_1_518' title='bbox 1706 4793 1913 4862; x_wconf 89' lang='lat' dir='ltr'><strong>culpat,</strong></span> <span class='ocrx_word' id='word_1_519' title='bbox 1949 4805 2003 4849; x_wconf 89' lang='lat' dir='ltr'><strong>et</strong></span> 
     </span>
    </p>
   </div>
   <div class='ocr_carea' id='block_1_66' title="bbox 427 4883 2001 4951">
    <p class='ocr_par' dir='ltr' id='par_1_66' title="bbox 427 4883 2001 4951">
     <span class='ocr_line' id='line_1_66' title="bbox 427 4883 2001 4951; baseline 0.003 -18"><span class='ocrx_word' id='word_1_520' title='bbox 427 4899 448 4930; x_wconf 71' lang='grc' dir='ltr'><strong>ε</strong></span> <span class='ocrx_word' id='word_1_521' title='bbox 485 4883 622 4947; x_wconf 81' lang='lat' dir='ltr'><strong>quod</strong></span> <span class='ocrx_word' id='word_1_522' title='bbox 675 4890 886 4946; x_wconf 77' lang='lat' dir='ltr'><strong>textus,</strong></span> <span class='ocrx_word' id='word_1_523' title='bbox 920 4885 1025 4946; x_wconf 86' lang='lat' dir='ltr'><strong>ait,</strong></span> <span class='ocrx_word' id='word_1_524' title='bbox 1073 4885 1268 4937; x_wconf 86' lang='lat' dir='ltr'><strong>vitiose</strong></span> <span class='ocrx_word' id='word_1_525' title='bbox 1311 4883 1672 4951; x_wconf 86' lang='lat' dir='ltr'><strong>depravatus,</strong></span> <span class='ocrx_word' id='word_1_526' title='bbox 1711 4892 1766 4937; x_wconf 80' lang='lat' dir='ltr'><strong>et</strong></span> <span class='ocrx_word' id='word_1_527' title='bbox 1811 4885 2001 4938; x_wconf 79' lang='lat' dir='ltr'><strong>scnbra</strong></span> 
     </span>
    </p>
   </div>
   <div class='ocr_carea' id='block_1_67' title="bbox 415 4969 2000 5040">
    <p class='ocr_par' dir='ltr' id='par_1_67' title="bbox 415 4969 2000 5040">
     <span class='ocr_line' id='line_1_67' title="bbox 415 4969 2000 5040; baseline 0.004 -18"><span class='ocrx_word' id='word_1_528' title='bbox 415 4969 714 5040; x_wconf 83' lang='lat' dir='ltr'><strong>jejunaq-ue</strong></span> <span class='ocrx_word' id='word_1_529' title='bbox 746 4973 1125 5038; x_wconf 84' lang='lat' dir='ltr'><strong>interpretatio</strong></span> <span class='ocrx_word' id='word_1_530' title='bbox 1157 4972 1344 5027; x_wconf 88' lang='lat' dir='ltr'><strong>Latina</strong></span> <span class='ocrx_word' id='word_1_531' title='bbox 1381 4985 1496 5037; x_wconf 87' lang='lat' dir='ltr'><strong>est;</strong></span> <span class='ocrx_word' id='word_1_532' title='bbox 1541 4975 1618 5028; x_wconf 91' lang='lat' dir='ltr'><strong>sic</strong></span> <span class='ocrx_word' id='word_1_533' title='bbox 1659 4986 1797 5028; x_wconf 76' lang='lat' dir='ltr'><strong>notze</strong></span> <span class='ocrx_word' id='word_1_534' title='bbox 1838 4978 2000 5029; x_wconf 87' lang='lat' dir='ltr'><strong>etiam</strong></span> 
     </span>
    </p>
   </div>
   <div class='ocr_carea' id='block_1_68' title="bbox 419 5065 1997 5137">
    <p class='ocr_par' dir='ltr' id='par_1_68' title="bbox 419 5065 1997 5137">
     <span class='ocr_line' id='line_1_68' title="bbox 419 5065 1997 5137; baseline 0 -18"><span class='ocrx_word' id='word_1_535' title='bbox 419 5065 632 5119; x_wconf 76' lang='lat' dir='ltr'><strong>steriles</strong></span> <span class='ocrx_word' id='word_1_536' title='bbox 680 5065 880 5133; x_wconf 88' lang='lat' dir='ltr'><strong>ubique</strong></span> <span class='ocrx_word' id='word_1_537' title='bbox 916 5067 1201 5134; x_wconf 90' lang='lat' dir='ltr'><strong>ineptiunt.</strong></span> <span class='ocrx_word' id='word_1_538' title='bbox 1243 5085 1261 5116; x_wconf 76' lang='grc' dir='ltr'><strong>ι</strong></span> <span class='ocrx_word' id='word_1_539' title='bbox 1304 5065 1504 5136; x_wconf 47' lang='lat' dir='ltr'><strong>llum]</strong></span> <span class='ocrx_word' id='word_1_540' title='bbox 1537 5096 1606 5107; x_wconf 91' lang='lat'><strong><em>—</em></strong></span> <span class='ocrx_word' id='word_1_541' title='bbox 1644 5069 1997 5137; x_wconf 84' lang='lat' dir='ltr'><strong>Argumenta,</strong></span> 
     </span>
    </p>
   </div>
   <div class='ocr_carea' id='block_1_69' title="bbox 420 5155 2002 5224">
    <p class='ocr_par' dir='ltr' id='par_1_69' title="bbox 420 5155 2002 5224">
     <span class='ocr_line' id='line_1_69' title="bbox 420 5155 2002 5224; baseline 0.004 -19"><span class='ocrx_word' id='word_1_542' title='bbox 420 5155 615 5222; x_wconf 86' lang='lat' dir='ltr'><strong>quibus</strong></span> <span class='ocrx_word' id='word_1_543' title='bbox 678 5157 816 5209; x_wconf 86' lang='lat' dir='ltr'><strong>hanc</strong></span> <span class='ocrx_word' id='word_1_544' title='bbox 867 5157 1140 5209; x_wconf 87' lang='lat' dir='ltr'><strong>homiliam</strong></span> <span class='ocrx_word' id='word_1_545' title='bbox 1188 5156 1384 5210; x_wconf 88' lang='lat' dir='ltr'><strong>Basilio</strong></span> <span class='ocrx_word' id='word_1_546' title='bbox 1457 5157 1728 5224; x_wconf 85' lang='lat' dir='ltr'><strong>abjudicat</strong></span> <span class='ocrx_word' id='word_1_547' title='bbox 1795 5159 2002 5213; x_wconf 75' lang='lat' dir='ltr'><strong>Caveas</strong></span> 
     </span>
    </p>
   </div>
   <div class='ocr_carea' id='block_1_70' title="bbox 420 5243 1998 5319">
    <p class='ocr_par' dir='ltr' id='par_1_70' title="bbox 420 5243 1998 5319">
     <span class='ocr_line' id='line_1_70' title="bbox 420 5243 1998 5319; baseline 0.003 -22"><span class='ocrx_word' id='word_1_548' title='bbox 420 5243 631 5318; x_wconf 62' lang='lat' dir='ltr'><strong>[vo|.,l,</strong></span> <span class='ocrx_word' id='word_1_549' title='bbox 659 5263 782 5316; x_wconf 87' lang='lat' dir='ltr'><strong>pag.</strong></span> <span class='ocrx_word' id='word_1_550' title='bbox 805 5247 916 5300; x_wconf 66' lang='lat'><strong>242</strong></span> <span class='ocrx_word' id='word_1_551' title='bbox 944 5249 1029 5303; x_wconf 88' lang='lat' dir='ltr'><strong>ed.</strong></span> <span class='ocrx_word' id='word_1_552' title='bbox 1061 5247 1251 5319; x_wconf 78' lang='lat' dir='ltr'><strong>Basil.]</strong></span> <span class='ocrx_word' id='word_1_553' title='bbox 1287 5265 1389 5303; x_wconf 93' lang='lat' dir='ltr'><strong>non</strong></span> <span class='ocrx_word' id='word_1_554' title='bbox 1433 5251 1680 5302; x_wconf 88' lang='lat' dir='ltr'><strong>videntur</strong></span> <span class='ocrx_word' id='word_1_555' title='bbox 1717 5250 1846 5302; x_wconf 88' lang='lat' dir='ltr'><strong>mihi</strong></span> <span class='ocrx_word' id='word_1_556' title='bbox 1892 5260 1998 5303; x_wconf 90' lang='lat' dir='ltr'><strong>tam</strong></span> 
     </span>
    </p>
   </div>
   <div class='ocr_carea' id='block_1_71' title="bbox 421 5337 2000 5405">
    <p class='ocr_par' dir='ltr' id='par_1_71' title="bbox 421 5337 2000 5405">
     <span class='ocr_line' id='line_1_71' title="bbox 421 5337 2000 5405; baseline 0.006 -17"><span class='ocrx_word' id='word_1_557' title='bbox 421 5337 724 5405; x_wconf 80' lang='lat' dir='ltr'><strong>explorata,</strong></span> <span class='ocrx_word' id='word_1_558' title='bbox 755 5349 811 5392; x_wconf 88' lang='lat' dir='ltr'><strong>ut</strong></span> <span class='ocrx_word' id='word_1_559' title='bbox 851 5341 956 5396; x_wconf 91' lang='lat' dir='ltr'><strong>illis</strong></span> <span class='ocrx_word' id='word_1_560' title='bbox 987 5343 1242 5395; x_wconf 87' lang='lat' dir='ltr'><strong>assentiri</strong></span> <span class='ocrx_word' id='word_1_561' title='bbox 1282 5342 1453 5396; x_wconf 91' lang='lat' dir='ltr'><strong>lector</strong></span> <span class='ocrx_word' id='word_1_562' title='bbox 1482 5344 1692 5396; x_wconf 87' lang='lat' dir='ltr'><strong>debeat.</strong></span> <span class='ocrx_word' id='word_1_563' title='bbox 1740 5343 1906 5397; x_wconf 78' lang='lat' dir='ltr'><strong>FABR.</strong></span> <span class='ocrx_word' id='word_1_564' title='bbox 1934 5375 2000 5384; x_wconf 86' lang='lat'><strong><em>——</em></strong></span> 
     </span>
    </p>
   </div>
   <div class='ocr_carea' id='block_1_72' title="bbox 420 5428 2001 5490">
    <p class='ocr_par' dir='ltr' id='par_1_72' title="bbox 420 5428 2001 5490">
     <span class='ocr_line' id='line_1_72' title="bbox 420 5428 2001 5490; baseline 0.004 -6"><span class='ocrx_word' id='word_1_565' title='bbox 420 5428 681 5484; x_wconf 67' lang='lat' dir='ltr'><strong>Graviora</strong></span> <span class='ocrx_word' id='word_1_566' title='bbox 713 5443 891 5487; x_wconf 89' lang='lat' dir='ltr'><strong>tamen</strong></span> <span class='ocrx_word' id='word_1_567' title='bbox 938 5435 1119 5487; x_wconf 90' lang='lat' dir='ltr'><strong>attulit</strong></span> <span class='ocrx_word' id='word_1_568' title='bbox 1161 5434 1412 5490; x_wconf 90' lang='lat' dir='ltr'><strong>Garnier.</strong></span> <span class='ocrx_word' id='word_1_569' title='bbox 1459 5436 1662 5489; x_wconf 88' lang='lat' dir='ltr'><strong>Dubius</strong></span> <span class='ocrx_word' id='word_1_570' title='bbox 1701 5451 1822 5490; x_wconf 90' lang='lat' dir='ltr'><strong>esse</strong></span> <span class='ocrx_word' id='word_1_571' title='bbox 1853 5438 2001 5490; x_wconf 82' lang='lat' dir='ltr'><strong>vide-</strong></span> 
     </span>
    </p>
   </div>
   <div class='ocr_carea' id='block_1_73' title="bbox 417 5525 1999 5591">
    <p class='ocr_par' dir='ltr' id='par_1_73' title="bbox 417 5525 1999 5591">
     <span class='ocr_line' id='line_1_73' title="bbox 417 5525 1999 5591; baseline 0.004 -15"><span class='ocrx_word' id='word_1_572' title='bbox 417 5533 529 5589; x_wconf 81' lang='lat' dir='ltr'><strong>tur,</strong></span> <span class='ocrx_word' id='word_1_573' title='bbox 556 5525 744 5579; x_wconf 80' lang='lat' dir='ltr'><strong>saltem</strong></span> <span class='ocrx_word' id='word_1_574' title='bbox 777 5542 882 5580; x_wconf 92' lang='lat' dir='ltr'><strong>non</strong></span> <span class='ocrx_word' id='word_1_575' title='bbox 911 5530 1131 5582; x_wconf 87' lang='lat' dir='ltr'><strong>omnino</strong></span> <span class='ocrx_word' id='word_1_576' title='bbox 1153 5529 1394 5582; x_wconf 90' lang='lat' dir='ltr'><strong>decernit</strong></span> <span class='ocrx_word' id='word_1_577' title='bbox 1421 5529 1490 5581; x_wconf 92' lang='lat' dir='ltr'><strong>cl.</strong></span> <span class='ocrx_word' id='word_1_578' title='bbox 1517 5529 1824 5583; x_wconf 85' lang='lat' dir='ltr'><strong>Schroeckb</strong></span> <span class='ocrx_word' id='word_1_579' title='bbox 1857 5531 1892 5581; x_wconf 92' lang='grc' dir='ltr'><strong>Ι.</strong></span> <span class='ocrx_word' id='word_1_580' title='bbox 1924 5547 1999 5591; x_wconf 87' lang='lat' dir='ltr'><strong>c.,</strong></span> 
     </span>
    </p>
   </div>
   <div class='ocr_carea' id='block_1_74' title="bbox 417 5617 1998 5687">
    <p class='ocr_par' dir='ltr' id='par_1_74' title="bbox 417 5617 1998 5687">
     <span class='ocr_line' id='line_1_74' title="bbox 417 5617 1998 5687; baseline 0.004 -20"><span class='ocrx_word' id='word_1_581' title='bbox 417 5629 542 5683; x_wconf 80' lang='lat' dir='ltr'><strong>pag.</strong></span> <span class='ocrx_word' id='word_1_582' title='bbox 593 5618 693 5671; x_wconf 83' lang='grc'><strong>186</strong></span> <span class='ocrx_word' id='word_1_583' title='bbox 735 5633 853 5687; x_wconf 81' lang='lat' dir='ltr'><strong>sqq.</strong></span> <span class='ocrx_word' id='word_1_584' title='bbox 893 5649 964 5660; x_wconf 86' lang='lat'><strong>-—</strong></span> <span class='ocrx_word' id='word_1_585' title='bbox 1002 5618 1194 5673; x_wconf 79' lang='lat' dir='ltr'><strong>Exstat</strong></span> <span class='ocrx_word' id='word_1_586' title='bbox 1239 5617 1571 5674; x_wconf 64' lang='lat' dir='ltr'><strong>Vindobonm</strong></span> <span class='ocrx_word' id='word_1_587' title='bbox 1613 5621 1664 5674; x_wconf 91' lang='lat' dir='ltr'><strong>in</strong></span> <span class='ocrx_word' id='word_1_588' title='bbox 1700 5623 1818 5674; x_wconf 91' lang='lat' dir='ltr'><strong>cod.</strong></span> <span class='ocrx_word' id='word_1_589' title='bbox 1861 5619 1998 5675; x_wconf 68' lang='lat' dir='ltr'><strong>Cres.</strong></span> 
     </span>
    </p>
   </div>
   <div class='ocr_carea' id='block_1_75' title="bbox 417 5704 1998 5772">
    <p class='ocr_par' dir='ltr' id='par_1_75' title="bbox 417 5704 1998 5772">
     <span class='ocr_line' id='line_1_75' title="bbox 417 5704 1998 5772; baseline 0.001 -12"><span class='ocrx_word' id='word_1_590' title='bbox 417 5704 822 5771; x_wconf 81' lang='lat' dir='ltr'><strong>LXXXI,inter</strong></span> <span class='ocrx_word' id='word_1_591' title='bbox 845 5709 1080 5762; x_wconf 82' lang='lat' dir='ltr'><strong>sedecim</strong></span> <span class='ocrx_word' id='word_1_592' title='bbox 1105 5709 1298 5762; x_wconf 85' lang='lat' dir='ltr'><strong>homil.</strong></span> <span class='ocrx_word' id='word_1_593' title='bbox 1329 5719 1383 5764; x_wconf 92' lang='lat' dir='ltr'><strong>et</strong></span> <span class='ocrx_word' id='word_1_594' title='bbox 1412 5710 1532 5763; x_wconf 79' lang='lat' dir='ltr'><strong>cml.</strong></span> <span class='ocrx_word' id='word_1_595' title='bbox 1559 5709 1672 5772; x_wconf 76' lang='lat' dir='ltr'><strong>XC,</strong></span> <span class='ocrx_word' id='word_1_596' title='bbox 1703 5727 1757 5766; x_wconf 84' lang='grc' dir='ltr'><strong>η,</strong></span> <span class='ocrx_word' id='word_1_597' title='bbox 1791 5710 1849 5770; x_wconf 69' lang='grc'>2,</span> <span class='ocrx_word' id='word_1_598' title='bbox 1879 5724 1998 5762; x_wconf 83' lang='lat' dir='ltr'><strong>cum</strong></span> 
     </span>
    </p>
   </div>
   <div class='ocr_carea' id='block_1_76' title="bbox 418 5799 1994 5875">
    <p class='ocr_par' dir='ltr' id='par_1_76' title="bbox 418 5799 1994 5875">
     <span class='ocr_line' id='line_1_76' title="bbox 418 5799 1994 5875; baseline 0 -21"><span class='ocrx_word' id='word_1_599' title='bbox 418 5799 542 5854; x_wconf 80' lang='lat' dir='ltr'><strong>aliis</strong></span> <span class='ocrx_word' id='word_1_600' title='bbox 580 5809 810 5870; x_wconf 86' lang='lat' dir='ltr'><strong>quatuor</strong></span> <span class='ocrx_word' id='word_1_601' title='bbox 845 5801 1082 5856; x_wconf 82' lang='lat' dir='ltr'><strong>homiliis</strong></span> <span class='ocrx_word' id='word_1_602' title='bbox 1123 5801 1296 5875; x_wconf 27' lang='lat' dir='ltr'><strong>.Basil.</strong></span> <span class='ocrx_word' id='word_1_603' title='bbox 1356 5799 1418 5855; x_wconf 88' lang='lat' dir='ltr'><strong>V.</strong></span> <span class='ocrx_word' id='word_1_604' title='bbox 1459 5801 1710 5856; x_wconf 84' lang='lat' dir='ltr'><strong>Lambcr.</strong></span> <span class='ocrx_word' id='word_1_605' title='bbox 1769 5801 1994 5864; x_wconf 85' lang='lat' dir='ltr'><strong>Contm.,</strong></span> 
     </span>
    </p>
   </div>
   <div class='ocr_carea' id='block_1_77' title="bbox 2125 1933 3698 2010">
    <p class='ocr_par' dir='ltr' id='par_1_77' title="bbox 2125 1933 3698 2010">
     <span class='ocr_line' id='line_1_77' title="bbox 2125 1933 3698 2010; baseline 0.004 -25"><span class='ocrx_word' id='word_1_606' title='bbox 2125 1933 2353 1999; x_wconf 81' lang='grc' dir='ltr'>ζονείαν,</span> <span class='ocrx_word' id='word_1_607' title='bbox 2389 1945 2493 1988; x_wconf 91' lang='lat' dir='ltr'><strong>etc.</strong></span> <span class='ocrx_word' id='word_1_608' title='bbox 2525 1934 2690 1989; x_wconf 86' lang='lat' dir='ltr'><strong>Garu.</strong></span> <span class='ocrx_word' id='word_1_609' title='bbox 2724 1937 2774 1988; x_wconf 91' lang='lat' dir='ltr'><strong>in</strong></span> <span class='ocrx_word' id='word_1_610' title='bbox 2816 1936 2998 2002; x_wconf 73' lang='lat' dir='ltr'><strong>Prtel&#39;.,</strong></span> <span class='ocrx_word' id='word_1_611' title='bbox 3033 1937 3059 2007; x_wconf 88' lang='lat'><strong>§</strong></span> <span class='ocrx_word' id='word_1_612' title='bbox 3106 1939 3189 2000; x_wconf 89' lang='lat' dir='ltr'><strong>VI,</strong></span> <span class='ocrx_word' id='word_1_613' title='bbox 3221 1955 3338 2008; x_wconf 70' lang='lat' dir='ltr'><strong>pag,</strong></span> <span class='ocrx_word' id='word_1_614' title='bbox 3369 1955 3501 1994; x_wconf 79' lang='lat' dir='ltr'><strong>xvm</strong></span> <span class='ocrx_word' id='word_1_615' title='bbox 3558 1955 3698 2010; x_wconf 86' lang='lat' dir='ltr'><strong>sqq.,</strong></span> 
     </span>
    </p>
   </div>
   <div class='ocr_carea' id='block_1_78' title="bbox 2125 2028 3706 2102">
    <p class='ocr_par' dir='ltr' id='par_1_78' title="bbox 2125 2028 3706 2102">
     <span class='ocr_line' id='line_1_78' title="bbox 2125 2028 3706 2102; baseline 0.001 -21"><span class='ocrx_word' id='word_1_616' title='bbox 2125 2028 2340 2097; x_wconf 89' lang='lat' dir='ltr'><strong>copiose</strong></span> <span class='ocrx_word' id='word_1_617' title='bbox 2367 2030 2718 2091; x_wconf 83' lang='lat' dir='ltr'><strong>demonstrat,</strong></span> <span class='ocrx_word' id='word_1_618' title='bbox 2748 2029 2893 2083; x_wconf 79' lang='lat' dir='ltr'><strong>banc</strong></span> <span class='ocrx_word' id='word_1_619' title='bbox 2918 2041 3058 2084; x_wconf 89' lang='lat' dir='ltr'><strong>orat.</strong></span> <span class='ocrx_word' id='word_1_620' title='bbox 3094 2031 3144 2084; x_wconf 93' lang='lat' dir='ltr'><strong>in</strong></span> <span class='ocrx_word' id='word_1_621' title='bbox 3180 2047 3283 2100; x_wconf 90' lang='lat' dir='ltr'><strong>qua</strong></span> <span class='ocrx_word' id='word_1_622' title='bbox 3309 2044 3516 2096; x_wconf 88' lang='lat' dir='ltr'><strong>auctor,</strong></span> <span class='ocrx_word' id='word_1_623' title='bbox 3553 2035 3706 2102; x_wconf 78' lang='lat' dir='ltr'><strong>quis-</strong></span> 
     </span>
    </p>
   </div>
   <div class='ocr_carea' id='block_1_79' title="bbox 2124 2120 3710 2189">
    <p class='ocr_par' dir='ltr' id='par_1_79' title="bbox 2124 2120 3710 2189">
     <span class='ocr_line' id='line_1_79' title="bbox 2124 2120 3710 2189; baseline 0.008 -17"><span class='ocrx_word' id='word_1_624' title='bbox 2124 2121 2244 2188; x_wconf 90' lang='lat' dir='ltr'><strong>quis</strong></span> <span class='ocrx_word' id='word_1_625' title='bbox 2278 2130 2384 2183; x_wconf 82' lang='lat' dir='ltr'><strong>est,</strong></span> <span class='ocrx_word' id='word_1_626' title='bbox 2436 2135 2543 2174; x_wconf 90' lang='lat' dir='ltr'><strong>non</strong></span> <span class='ocrx_word' id='word_1_627' title='bbox 2580 2120 2630 2174; x_wconf 90' lang='lat' dir='ltr'><strong>id</strong></span> <span class='ocrx_word' id='word_1_628' title='bbox 2673 2120 2775 2174; x_wconf 87' lang='lat' dir='ltr'><strong>sibi</strong></span> <span class='ocrx_word' id='word_1_629' title='bbox 2815 2122 3111 2189; x_wconf 87' lang='lat' dir='ltr'><strong>proposuit,</strong></span> <span class='ocrx_word' id='word_1_630' title='bbox 3154 2133 3213 2174; x_wconf 91' lang='grc' dir='ltr'><strong>ιιι</strong></span> <span class='ocrx_word' id='word_1_631' title='bbox 3257 2125 3534 2179; x_wconf 88' lang='lat' dir='ltr'><strong>auditores</strong></span> <span class='ocrx_word' id='word_1_632' title='bbox 3574 2139 3710 2184; x_wconf 62' lang='lat' dir='ltr'><strong>suo:</strong></span> 
     </span>
    </p>
   </div>
   <div class='ocr_carea' id='block_1_80' title="bbox 2123 2212 3708 2280">
    <p class='ocr_par' dir='ltr' id='par_1_80' title="bbox 2123 2212 3708 2280">
     <span class='ocr_line' id='line_1_80' title="bbox 2123 2212 3708 2280; baseline 0.006 -17"><span class='ocrx_word' id='word_1_633' title='bbox 2123 2212 2188 2265; x_wconf 87' lang='lat' dir='ltr'><strong>ad</strong></span> <span class='ocrx_word' id='word_1_634' title='bbox 2235 2212 2604 2280; x_wconf 76' lang='lat' dir='ltr'><strong>ptenitentiam</strong></span> <span class='ocrx_word' id='word_1_635' title='bbox 2655 2213 2984 2278; x_wconf 86' lang='lat' dir='ltr'><strong>hortaretur,</strong></span> <span class='ocrx_word' id='word_1_636' title='bbox 3032 2215 3125 2268; x_wconf 89' lang='lat' dir='ltr'><strong>sed</strong></span> <span class='ocrx_word' id='word_1_637' title='bbox 3169 2224 3229 2268; x_wconf 90' lang='lat' dir='ltr'><strong>ut</strong></span> <span class='ocrx_word' id='word_1_638' title='bbox 3270 2215 3598 2272; x_wconf 82' lang='lat' dir='ltr'><strong>Novatianos</strong></span> <span class='ocrx_word' id='word_1_639' title='bbox 3647 2231 3708 2272; x_wconf 61' lang='lat' dir='ltr'><strong>ea</strong></span> 
     </span>
    </p>
   </div>
   <div class='ocr_carea' id='block_1_81' title="bbox 2123 2300 3699 2375">
    <p class='ocr_par' dir='ltr' id='par_1_81' title="bbox 2123 2300 3699 2375">
     <span class='ocr_line' id='line_1_81' title="bbox 2123 2300 3699 2375; baseline 0.008 -24"><span class='ocrx_word' id='word_1_640' title='bbox 2123 2300 2498 2367; x_wconf 78' lang='lat' dir='ltr'><strong>Montanistas,</strong></span> <span class='ocrx_word' id='word_1_641' title='bbox 2546 2302 2918 2370; x_wconf 79' lang='lat' dir='ltr'><strong>pcenitentiam</strong></span> <span class='ocrx_word' id='word_1_642' title='bbox 2967 2316 3246 2375; x_wconf 84' lang='lat' dir='ltr'><strong>negantes,</strong></span> <span class='ocrx_word' id='word_1_643' title='bbox 3295 2308 3620 2373; x_wconf 83' lang='lat' dir='ltr'><strong>confutaret,</strong></span> <span class='ocrx_word' id='word_1_644' title='bbox 3670 2325 3699 2362; x_wconf 87' lang='lat' dir='ltr'><strong>a</strong></span> 
     </span>
    </p>
   </div>
   <div class='ocr_carea' id='block_1_82' title="bbox 2121 2390 3700 2469">
    <p class='ocr_par' dir='ltr' id='par_1_82' title="bbox 2121 2390 3700 2469">
     <span class='ocr_line' id='line_1_82' title="bbox 2121 2390 3700 2469; baseline 0.007 -25"><span class='ocrx_word' id='word_1_645' title='bbox 2121 2390 2322 2447; x_wconf 85' lang='lat' dir='ltr'><strong>Basilio</strong></span> <span class='ocrx_word' id='word_1_646' title='bbox 2353 2409 2458 2448; x_wconf 92' lang='lat' dir='ltr'><strong>non</strong></span> <span class='ocrx_word' id='word_1_647' title='bbox 2493 2408 2614 2449; x_wconf 90' lang='lat' dir='ltr'><strong>esse</strong></span> <span class='ocrx_word' id='word_1_648' title='bbox 2643 2397 2923 2463; x_wconf 89' lang='lat' dir='ltr'><strong>scriptam.</strong></span> <span class='ocrx_word' id='word_1_649' title='bbox 2957 2399 3052 2451; x_wconf 90' lang='lat' dir='ltr'><strong>sed</strong></span> <span class='ocrx_word' id='word_1_650' title='bbox 3083 2399 3152 2451; x_wconf 88' lang='lat' dir='ltr'><strong>ab</strong></span> <span class='ocrx_word' id='word_1_651' title='bbox 3179 2399 3435 2469; x_wconf 87' lang='lat' dir='ltr'><strong>episcopo</strong></span> <span class='ocrx_word' id='word_1_652' title='bbox 3465 2405 3700 2469; x_wconf 90' lang='lat' dir='ltr'><strong>quodam</strong></span> 
     </span>
    </p>
   </div>
   <div class='ocr_carea' id='block_1_83' title="bbox 2122 2485 3703 2556">
    <p class='ocr_par' dir='ltr' id='par_1_83' title="bbox 2122 2485 3703 2556">
     <span class='ocr_line' id='line_1_83' title="bbox 2122 2485 3703 2556; baseline 0.006 -19"><span class='ocrx_word' id='word_1_653' title='bbox 2122 2485 2342 2538; x_wconf 83' lang='lat' dir='ltr'><strong>alterius</strong></span> <span class='ocrx_word' id='word_1_654' title='bbox 2365 2485 2599 2554; x_wconf 87' lang='lat' dir='ltr'><strong>episc0pi</strong></span> <span class='ocrx_word' id='word_1_655' title='bbox 2645 2499 2853 2555; x_wconf 82' lang='lat' dir='ltr'><strong>rogatu.</strong></span> <span class='ocrx_word' id='word_1_656' title='bbox 2889 2516 2957 2528; x_wconf 92' lang='lat'><strong><em>—</em></strong></span> <span class='ocrx_word' id='word_1_657' title='bbox 2999 2488 3053 2541; x_wconf 95' lang='lat' dir='ltr'><strong>In</strong></span> <span class='ocrx_word' id='word_1_658' title='bbox 3086 2489 3250 2556; x_wconf 88' lang='lat' dir='ltr'><strong>prior.</strong></span> <span class='ocrx_word' id='word_1_659' title='bbox 3285 2492 3408 2545; x_wconf 87' lang='lat' dir='ltr'><strong>edd.</strong></span> <span class='ocrx_word' id='word_1_660' title='bbox 3440 2492 3613 2548; x_wconf 89' lang='lat' dir='ltr'><strong>Paris.</strong></span> <span class='ocrx_word' id='word_1_661' title='bbox 3645 2502 3703 2546; x_wconf 76' lang='lat' dir='ltr'><strong>et</strong></span> 
     </span>
    </p>
   </div>
   <div class='ocr_carea' id='block_1_84' title="bbox 2121 2575 3699 2644">
    <p class='ocr_par' dir='ltr' id='par_1_84' title="bbox 2121 2575 3699 2644">
     <span class='ocr_line' id='line_1_84' title="bbox 2121 2575 3699 2644; baseline 0.007 -17"><span class='ocrx_word' id='word_1_662' title='bbox 2121 2575 2258 2644; x_wconf 80' lang='lat' dir='ltr'><strong>apud</strong></span> <span class='ocrx_word' id='word_1_663' title='bbox 2295 2575 2531 2640; x_wconf 88' lang='lat' dir='ltr'><strong>Fabric.,</strong></span> <span class='ocrx_word' id='word_1_664' title='bbox 2582 2577 2669 2644; x_wconf 89' lang='lat' dir='ltr'><strong>qui</strong></span> <span class='ocrx_word' id='word_1_665' title='bbox 2709 2591 2827 2631; x_wconf 89' lang='lat' dir='ltr'><strong>eam</strong></span> <span class='ocrx_word' id='word_1_666' title='bbox 2861 2594 3072 2632; x_wconf 88' lang='lat' dir='ltr'><strong>versam</strong></span> <span class='ocrx_word' id='word_1_667' title='bbox 3102 2595 3222 2633; x_wconf 90' lang='lat' dir='ltr'><strong>esse</strong></span> <span class='ocrx_word' id='word_1_668' title='bbox 3267 2596 3297 2634; x_wconf 91' lang='lat' dir='ltr'><strong>a</strong></span> <span class='ocrx_word' id='word_1_669' title='bbox 3345 2581 3699 2638; x_wconf 79' lang='lat' dir='ltr'><strong>Volaterrano</strong></span> 
     </span>
    </p>
   </div>
   <div class='ocr_carea' id='block_1_85' title="bbox 2119 2667 3343 2731">
    <p class='ocr_par' dir='ltr' id='par_1_85' title="bbox 2119 2667 3343 2731">
     <span class='ocr_line' id='line_1_85' title="bbox 2119 2667 3343 2731; baseline 0.003 -10"><span class='ocrx_word' id='word_1_670' title='bbox 2119 2677 2173 2721; x_wconf 84' lang='lat' dir='ltr'><strong>et</strong></span> <span class='ocrx_word' id='word_1_671' title='bbox 2196 2667 2456 2721; x_wconf 76' lang='lat' dir='ltr'><strong>Cernat-io</strong></span> <span class='ocrx_word' id='word_1_672' title='bbox 2481 2668 2721 2731; x_wconf 83' lang='lat' dir='ltr'><strong>adnotat,</strong></span> <span class='ocrx_word' id='word_1_673' title='bbox 2751 2679 2834 2722; x_wconf 89' lang='lat' dir='ltr'><strong>est</strong></span> <span class='ocrx_word' id='word_1_674' title='bbox 2862 2669 3079 2722; x_wconf 90' lang='lat' dir='ltr'><strong>homilia</strong></span> <span class='ocrx_word' id='word_1_675' title='bbox 3108 2669 3343 2726; x_wconf 81' lang='lat' dir='ltr'><strong>XXVIII.</strong></span> 
     </span>
    </p>
   </div>
   <div class='ocr_carea' id='block_1_86' title="bbox 2192 2760 3703 2840">
    <p class='ocr_par' dir='ltr' id='par_1_86' title="bbox 2192 2760 3703 2840">
     <span class='ocr_line' id='line_1_86' title="bbox 2192 2760 3703 2840; baseline 0.008 -30"><span class='ocrx_word' id='word_1_676' title='bbox 2192 2761 2245 2814; x_wconf 84' lang='lat'><strong>5.</strong></span> <span class='ocrx_word' id='word_1_677' title='bbox 2297 2760 2442 2830; x_wconf 88' lang='grc' dir='ltr'>Πρὸς</span> <span class='ocrx_word' id='word_1_678' title='bbox 2480 2760 2604 2824; x_wconf 70' lang='grc' dir='ltr'>τοὺς</span> <span class='ocrx_word' id='word_1_679' title='bbox 2665 2761 3137 2829; x_wconf 80' lang='grc' dir='ltr'>συκοφαντοῦντας</span> <span class='ocrx_word' id='word_1_680' title='bbox 3191 2766 3358 2834; x_wconf 81' lang='grc' dir='ltr'>ἡμᾶς,</span> <span class='ocrx_word' id='word_1_681' title='bbox 3419 2767 3500 2819; x_wconf 83' lang='grc' dir='ltr'>ὅτι</span> <span class='ocrx_word' id='word_1_682' title='bbox 3552 2771 3703 2840; x_wconf 74' lang='grc' dir='ltr'>τρεῖς</span> 
     </span>
    </p>
   </div>
   <div class='ocr_carea' id='block_1_87' title="bbox 2119 2853 3700 2925">
    <p class='ocr_par' dir='ltr' id='par_1_87' title="bbox 2119 2853 3700 2925">
     <span class='ocr_line' id='line_1_87' title="bbox 2119 2853 3700 2925; baseline 0.005 -20"><span class='ocrx_word' id='word_1_683' title='bbox 2119 2853 2275 2917; x_wconf 77' lang='grc' dir='ltr'>θεοὺς</span> <span class='ocrx_word' id='word_1_684' title='bbox 2317 2853 2582 2925; x_wconf 73' lang='grc' dir='ltr'><strong>λέγομεν⁸</strong></span> <span class='ocrx_word' id='word_1_685' title='bbox 2632 2856 2894 2907; x_wconf 78' lang='lat' dir='ltr'><strong>Adversus</strong></span> <span class='ocrx_word' id='word_1_686' title='bbox 2944 2871 3053 2919; x_wconf 83' lang='lat' dir='ltr'><strong>eos,</strong></span> <span class='ocrx_word' id='word_1_687' title='bbox 3105 2857 3197 2923; x_wconf 85' lang='lat' dir='ltr'><strong>qui</strong></span> <span class='ocrx_word' id='word_1_688' title='bbox 3251 2875 3342 2925; x_wconf 83' lang='lat' dir='ltr'><strong>per</strong></span> <span class='ocrx_word' id='word_1_689' title='bbox 3381 2860 3700 2914; x_wconf 82' lang='lat' dir='ltr'><strong>calumniam</strong></span> 
     </span>
    </p>
   </div>
   <div class='ocr_carea' id='block_1_88' title="bbox 2118 2944 3700 3024">
    <p class='ocr_par' dir='ltr' id='par_1_88' title="bbox 2118 2944 3700 3024">
     <span class='ocr_line' id='line_1_88' title="bbox 2118 2944 3700 3024; baseline 0.002 -30"><span class='ocrx_word' id='word_1_690' title='bbox 2118 2947 2318 3010; x_wconf 61' lang='lat' dir='ltr'><strong>sl&#39;cunt,</strong></span> <span class='ocrx_word' id='word_1_691' title='bbox 2349 2945 2454 2996; x_wconf 84' lang='lat' dir='ltr'><strong>dici</strong></span> <span class='ocrx_word' id='word_1_692' title='bbox 2484 2961 2516 2996; x_wconf 84' lang='grc' dir='ltr'><strong>α</strong></span> <span class='ocrx_word' id='word_1_693' title='bbox 2545 2945 2688 2996; x_wconf 83' lang='lat' dir='ltr'><strong>nobis</strong></span> <span class='ocrx_word' id='word_1_694' title='bbox 2717 2945 2838 2996; x_wconf 87' lang='lat' dir='ltr'><strong>deos</strong></span> <span class='ocrx_word' id='word_1_695' title='bbox 2861 2953 2984 2997; x_wconf 79' lang='lat' dir='ltr'><strong>tres.</strong></span> <span class='ocrx_word' id='word_1_696' title='bbox 3019 2944 3128 2998; x_wconf 89' lang='lat' dir='ltr'><strong>Inc.</strong></span> <span class='ocrx_word' id='word_1_697' title='bbox 3157 2946 3385 3024; x_wconf 59' lang='grc' dir='ltr'><strong>Μεγάλη</strong></span> <span class='ocrx_word' id='word_1_698' title='bbox 3419 2949 3700 3021; x_wconf 82' lang='grc' dir='ltr'><strong>παράκλη.</strong></span> 
     </span>
    </p>
   </div>
   <div class='ocr_carea' id='block_1_89' title="bbox 2120 3035 3697 3112">
    <p class='ocr_par' dir='ltr' id='par_1_89' title="bbox 2120 3035 3697 3112">
     <span class='ocr_line' id='line_1_89' title="bbox 2120 3035 3697 3112; baseline 0.008 -26"><span class='ocrx_word' id='word_1_699' title='bbox 2120 3052 2202 3097; x_wconf 77' lang='lat' dir='ltr'><strong>at;</strong></span> <span class='ocrx_word' id='word_1_700' title='bbox 2230 3035 2428 3105; x_wconf 75' lang='grc' dir='ltr'>ψυχαῖς</span> <span class='ocrx_word' id='word_1_701' title='bbox 2448 3035 2536 3088; x_wconf 79' lang='grc' dir='ltr'><strong>διὰ</strong></span> <span class='ocrx_word' id='word_1_702' title='bbox 2554 3035 2616 3088; x_wconf 86' lang='grc' dir='ltr'><strong>τὸ</strong></span> <span class='ocrx_word' id='word_1_703' title='bbox 2643 3035 2936 3104; x_wconf 85' lang='grc' dir='ltr'>μισεῖσθαι,</span> <span class='ocrx_word' id='word_1_704' title='bbox 2959 3047 3067 3091; x_wconf 90' lang='lat' dir='ltr'><strong>etc.</strong></span> <span class='ocrx_word' id='word_1_705' title='bbox 3099 3038 3198 3105; x_wconf 86' lang='lat' dir='ltr'><strong>Ap.</strong></span> <span class='ocrx_word' id='word_1_706' title='bbox 3223 3037 3388 3096; x_wconf 85' lang='lat' dir='ltr'><strong>Garu.</strong></span> <span class='ocrx_word' id='word_1_707' title='bbox 3421 3057 3539 3112; x_wconf 85' lang='lat' dir='ltr'><strong>pag.</strong></span> <span class='ocrx_word' id='word_1_708' title='bbox 3569 3042 3697 3108; x_wconf 85' lang='grc'>609,</span> 
     </span>
    </p>
   </div>
   <div class='ocr_carea' id='block_1_90' title="bbox 2119 3126 3699 3199">
    <p class='ocr_par' dir='ltr' id='par_1_90' title="bbox 2119 3126 3699 3199">
     <span class='ocr_line' id='line_1_90' title="bbox 2119 3126 3699 3199; baseline 0.004 -19"><span class='ocrx_word' id='word_1_709' title='bbox 2119 3129 2208 3196; x_wconf 90' lang='lat' dir='ltr'><strong>qui</strong></span> <span class='ocrx_word' id='word_1_710' title='bbox 2254 3129 2305 3181; x_wconf 90' lang='lat' dir='ltr'><strong>in</strong></span> <span class='ocrx_word' id='word_1_711' title='bbox 2333 3126 2506 3182; x_wconf 63' lang='lat' dir='ltr'><strong>Praef.</strong></span> <span class='ocrx_word' id='word_1_712' title='bbox 2557 3126 2584 3199; x_wconf 63' lang='grc' dir='ltr'>ᾗ</span> <span class='ocrx_word' id='word_1_713' title='bbox 2628 3127 2734 3192; x_wconf 85' lang='lat' dir='ltr'><strong>Vll,</strong></span> <span class='ocrx_word' id='word_1_714' title='bbox 2770 3144 2890 3198; x_wconf 81' lang='lat' dir='ltr'><strong>pag.</strong></span> <span class='ocrx_word' id='word_1_715' title='bbox 2928 3145 3038 3184; x_wconf 78' lang='lat' dir='ltr'><strong>xm</strong></span> <span class='ocrx_word' id='word_1_716' title='bbox 3099 3146 3217 3199; x_wconf 89' lang='lat' dir='ltr'><strong>sqq.</strong></span> <span class='ocrx_word' id='word_1_717' title='bbox 3252 3134 3481 3187; x_wconf 86' lang='lat' dir='ltr'><strong>sustinet</strong></span> <span class='ocrx_word' id='word_1_718' title='bbox 3515 3144 3699 3188; x_wconf 86' lang='lat' dir='ltr'><strong>osten-</strong></span> 
     </span>
    </p>
   </div>
   <div class='ocr_carea' id='block_1_91' title="bbox 2120 3220 3696 3292">
    <p class='ocr_par' dir='ltr' id='par_1_91' title="bbox 2120 3220 3696 3292">
     <span class='ocr_line' id='line_1_91' title="bbox 2120 3220 3696 3292; baseline 0.005 -20"><span class='ocrx_word' id='word_1_719' title='bbox 2120 3220 2269 3285; x_wconf 88' lang='lat' dir='ltr'><strong>dere,</strong></span> <span class='ocrx_word' id='word_1_720' title='bbox 2305 3222 2446 3274; x_wconf 89' lang='lat' dir='ltr'><strong>hanc</strong></span> <span class='ocrx_word' id='word_1_721' title='bbox 2479 3221 2668 3276; x_wconf 89' lang='lat' dir='ltr'><strong>homil.</strong></span> <span class='ocrx_word' id='word_1_722' title='bbox 2703 3222 2976 3292; x_wconf 86' lang='lat' dir='ltr'><strong>indignam</strong></span> <span class='ocrx_word' id='word_1_723' title='bbox 3007 3237 3127 3277; x_wconf 87' lang='lat' dir='ltr'><strong>esse</strong></span> <span class='ocrx_word' id='word_1_724' title='bbox 3152 3238 3272 3292; x_wconf 74' lang='lat' dir='ltr'><strong>qua:</strong></span> <span class='ocrx_word' id='word_1_725' title='bbox 3304 3225 3569 3280; x_wconf 88' lang='lat' dir='ltr'><strong>tribuatur</strong></span> <span class='ocrx_word' id='word_1_726' title='bbox 3593 3227 3696 3280; x_wconf 67' lang='grc' dir='ltr'>Βεμ</span> 
     </span>
    </p>
   </div>
   <div class='ocr_carea' id='block_1_92' title="bbox 2121 3313 3700 3383">
    <p class='ocr_par' dir='ltr' id='par_1_92' title="bbox 2121 3313 3700 3383">
     <span class='ocr_line' id='line_1_92' title="bbox 2121 3313 3700 3383; baseline 0.001 -15"><span class='ocrx_word' id='word_1_727' title='bbox 2121 3313 2274 3378; x_wconf 92' lang='lat' dir='ltr'><strong>silio;</strong></span> <span class='ocrx_word' id='word_1_728' title='bbox 2302 3315 2393 3368; x_wconf 91' lang='lat' dir='ltr'><strong>sed</strong></span> <span class='ocrx_word' id='word_1_729' title='bbox 2423 3324 2700 3367; x_wconf 84' lang='lat' dir='ltr'><strong>auctorem</strong></span> <span class='ocrx_word' id='word_1_730' title='bbox 2728 3313 2870 3367; x_wconf 91' lang='lat' dir='ltr'><strong>illius</strong></span> <span class='ocrx_word' id='word_1_731' title='bbox 2893 3313 2991 3366; x_wconf 88' lang='lat' dir='ltr'><strong>sibi</strong></span> <span class='ocrx_word' id='word_1_732' title='bbox 3017 3313 3331 3369; x_wconf 90' lang='lat' dir='ltr'><strong>imitandam</strong></span> <span class='ocrx_word' id='word_1_733' title='bbox 3358 3316 3700 3383; x_wconf 83' lang='lat' dir='ltr'><strong>proposuisse</strong></span> 
     </span>
    </p>
   </div>
   <div class='ocr_carea' id='block_1_93' title="bbox 2118 3405 3699 3472">
    <p class='ocr_par' dir='ltr' id='par_1_93' title="bbox 2118 3405 3699 3472">
     <span class='ocr_line' id='line_1_93' title="bbox 2118 3405 3699 3472; baseline 0.004 -14"><span class='ocrx_word' id='word_1_734' title='bbox 2118 3419 2236 3458; x_wconf 90' lang='lat' dir='ltr'><strong>eam</strong></span> <span class='ocrx_word' id='word_1_735' title='bbox 2269 3406 2565 3458; x_wconf 88' lang='lat' dir='ltr'><strong>orationem</strong></span> <span class='ocrx_word' id='word_1_736' title='bbox 2601 3419 2717 3472; x_wconf 79' lang='lat' dir='ltr'><strong>qua:</strong></span> <span class='ocrx_word' id='word_1_737' title='bbox 2766 3405 3089 3458; x_wconf 84' lang='lat' dir='ltr'><strong>inscribitur</strong></span> <span class='ocrx_word' id='word_1_738' title='bbox 3115 3405 3316 3459; x_wconf 87' lang='lat' dir='ltr'><strong>Contra</strong></span> <span class='ocrx_word' id='word_1_739' title='bbox 3363 3406 3699 3464; x_wconf 81' lang='lat' dir='ltr'><strong>Sabellianoa</strong></span> 
     </span>
    </p>
   </div>
   <div class='ocr_carea' id='block_1_94' title="bbox 2117 3497 3692 3569">
    <p class='ocr_par' dir='ltr' id='par_1_94' title="bbox 2117 3497 3692 3569">
     <span class='ocr_line' id='line_1_94' title="bbox 2117 3497 3692 3569; baseline 0.004 -17"><span class='ocrx_word' id='word_1_740' title='bbox 2117 3506 2166 3552; x_wconf 82' lang='lat' dir='ltr'><strong>et</strong></span> <span class='ocrx_word' id='word_1_741' title='bbox 2195 3497 2372 3549; x_wconf 81' lang='lat' dir='ltr'><strong>Arium</strong></span> <span class='ocrx_word' id='word_1_742' title='bbox 2407 3508 2453 3550; x_wconf 82' lang='lat' dir='ltr'><strong>et</strong></span> <span class='ocrx_word' id='word_1_743' title='bbox 2484 3499 2773 3551; x_wconf 79' lang='lat' dir='ltr'><strong>Anomceos.</strong></span> <span class='ocrx_word' id='word_1_744' title='bbox 2805 3497 3111 3553; x_wconf 87' lang='lat' dir='ltr'><strong>Secundum</strong></span> <span class='ocrx_word' id='word_1_745' title='bbox 3136 3502 3270 3554; x_wconf 86' lang='lat' dir='ltr'><strong>edit.</strong></span> <span class='ocrx_word' id='word_1_746' title='bbox 3303 3516 3482 3569; x_wconf 84' lang='lat' dir='ltr'><strong>super.</strong></span> <span class='ocrx_word' id='word_1_747' title='bbox 3520 3503 3692 3559; x_wconf 85' lang='lat' dir='ltr'><strong>Paris.</strong></span> 
     </span>
    </p>
   </div>
   <div class='ocr_carea' id='block_1_95' title="bbox 2118 3590 3698 3658">
    <p class='ocr_par' dir='ltr' id='par_1_95' title="bbox 2118 3590 3698 3658">
     <span class='ocr_line' id='line_1_95' title="bbox 2118 3590 3698 3658; baseline 0 -13"><span class='ocrx_word' id='word_1_748' title='bbox 2118 3601 2172 3646; x_wconf 90' lang='lat' dir='ltr'><strong>et</strong></span> <span class='ocrx_word' id='word_1_749' title='bbox 2217 3591 2354 3658; x_wconf 89' lang='lat' dir='ltr'><strong>apud</strong></span> <span class='ocrx_word' id='word_1_750' title='bbox 2403 3590 2618 3643; x_wconf 84' lang='lat' dir='ltr'><strong>Fabric.</strong></span> <span class='ocrx_word' id='word_1_751' title='bbox 2679 3602 3000 3644; x_wconf 90' lang='lat' dir='ltr'><strong>numeratur</strong></span> <span class='ocrx_word' id='word_1_752' title='bbox 3045 3590 3263 3644; x_wconf 90' lang='lat' dir='ltr'><strong>homilia</strong></span> <span class='ocrx_word' id='word_1_753' title='bbox 3322 3591 3510 3644; x_wconf 82' lang='lat' dir='ltr'><strong>XXVII</strong></span> <span class='ocrx_word' id='word_1_754' title='bbox 3556 3593 3698 3647; x_wconf 78' lang='lat' dir='ltr'><strong>inter</strong></span> 
     </span>
    </p>
   </div>
   <div class='ocr_carea' id='block_1_96' title="bbox 2118 3682 3691 3752">
    <p class='ocr_par' dir='ltr' id='par_1_96' title="bbox 2118 3682 3691 3752">
     <span class='ocr_line' id='line_1_96' title="bbox 2118 3682 3691 3752; baseline 0.002 -17"><span class='ocrx_word' id='word_1_755' title='bbox 2118 3682 2352 3752; x_wconf 76' lang='lat' dir='ltr'><strong>reiquas</strong></span> <span class='ocrx_word' id='word_1_756' title='bbox 2383 3683 2707 3737; x_wconf 80' lang='lat' dir='ltr'><strong>Basilianas.</strong></span> <span class='ocrx_word' id='word_1_757' title='bbox 2754 3683 2925 3738; x_wconf 82' lang='lat' dir='ltr'><strong>Vertit</strong></span> <span class='ocrx_word' id='word_1_758' title='bbox 2956 3698 3100 3748; x_wconf 88' lang='lat' dir='ltr'><strong>eam,</strong></span> <span class='ocrx_word' id='word_1_759' title='bbox 3158 3693 3378 3738; x_wconf 89' lang='lat' dir='ltr'><strong>notante</strong></span> <span class='ocrx_word' id='word_1_760' title='bbox 3412 3685 3691 3747; x_wconf 84' lang='lat' dir='ltr'><strong>Fabricio,</strong></span> 
     </span>
    </p>
   </div>
   <div class='ocr_carea' id='block_1_97' title="bbox 2115 3773 3695 3844">
    <p class='ocr_par' dir='ltr' id='par_1_97' title="bbox 2115 3773 3695 3844">
     <span class='ocr_line' id='line_1_97' title="bbox 2115 3773 3695 3844; baseline 0.004 -16"><span class='ocrx_word' id='word_1_761' title='bbox 2115 3773 2282 3828; x_wconf 71' lang='lat' dir='ltr'><strong>latins</strong></span> <span class='ocrx_word' id='word_1_762' title='bbox 2329 3775 2625 3829; x_wconf 90' lang='lat' dir='ltr'><strong>Cornarius</strong></span> <span class='ocrx_word' id='word_1_763' title='bbox 2658 3775 2882 3843; x_wconf 85' lang='lat' dir='ltr'><strong>ejusque</strong></span> <span class='ocrx_word' id='word_1_764' title='bbox 2937 3777 3310 3844; x_wconf 88' lang='lat' dir='ltr'><strong>interpretatio</strong></span> <span class='ocrx_word' id='word_1_765' title='bbox 3351 3788 3564 3832; x_wconf 73' lang='lat' dir='ltr'><strong>srrvata</strong></span> <span class='ocrx_word' id='word_1_766' title='bbox 3609 3793 3695 3834; x_wconf 85' lang='lat' dir='ltr'><strong>est</strong></span> 
     </span>
    </p>
   </div>
   <div class='ocr_carea' id='block_1_98' title="bbox 2117 3866 3454 3936">
    <p class='ocr_par' dir='ltr' id='par_1_98' title="bbox 2117 3866 3454 3936">
     <span class='ocr_line' id='line_1_98' title="bbox 2117 3866 3454 3936; baseline 0.004 -17"><span class='ocrx_word' id='word_1_767' title='bbox 2117 3868 2170 3920; x_wconf 84' lang='lat' dir='ltr'><strong>in</strong></span> <span class='ocrx_word' id='word_1_768' title='bbox 2206 3866 2358 3920; x_wconf 87' lang='lat' dir='ltr'><strong>editt.</strong></span> <span class='ocrx_word' id='word_1_769' title='bbox 2391 3868 2761 3936; x_wconf 89' lang='lat' dir='ltr'><strong>superioribus</strong></span> <span class='ocrx_word' id='word_1_770' title='bbox 2792 3868 2972 3922; x_wconf 90' lang='lat' dir='ltr'><strong>Basilii</strong></span> <span class='ocrx_word' id='word_1_771' title='bbox 3001 3868 3454 3926; x_wconf 74' lang='lat' dir='ltr'><strong>Gr:zeco~Latinis.</strong></span> 
     </span>
    </p>
   </div>
   <div class='ocr_carea' id='block_1_99' title="bbox 2185 3959 3690 4031">
    <p class='ocr_par' dir='ltr' id='par_1_99' title="bbox 2185 3959 3690 4031">
     <span class='ocr_line' id='line_1_99' title="bbox 2185 3959 3690 4031; baseline 0.005 -19"><span class='ocrx_word' id='word_1_772' title='bbox 2185 3959 2237 4012; x_wconf 89' lang='lat'><strong>6.</strong></span> <span class='ocrx_word' id='word_1_773' title='bbox 2276 3959 2448 4027; x_wconf 71' lang='grc' dir='ltr'>Λόγος</span> <span class='ocrx_word' id='word_1_774' title='bbox 2475 3960 2602 4031; x_wconf 73' lang='grc' dir='ltr'>περὶ</span> <span class='ocrx_word' id='word_1_775' title='bbox 2635 3959 2728 4013; x_wconf 78' lang='grc' dir='ltr'><strong>τοῦ</strong></span> <span class='ocrx_word' id='word_1_776' title='bbox 2758 3960 3134 4025; x_wconf 80' lang='grc' dir='ltr'>αὐτεξουσίου·</span> <span class='ocrx_word' id='word_1_777' title='bbox 3173 3962 3426 4016; x_wconf 82' lang='lat' dir='ltr'><strong>Delibero</strong></span> <span class='ocrx_word' id='word_1_778' title='bbox 3446 3965 3690 4019; x_wconf 78' lang='lat' dir='ltr'><strong>arbitrio.</strong></span> 
     </span>
    </p>
   </div>
   <div class='ocr_carea' id='block_1_100' title="bbox 2114 4046 3690 4126">
    <p class='ocr_par' dir='ltr' id='par_1_100' title="bbox 2114 4046 3690 4126">
     <span class='ocr_line' id='line_1_100' title="bbox 2114 4046 3690 4126; baseline 0 -20"><span class='ocrx_word' id='word_1_779' title='bbox 2114 4051 2224 4106; x_wconf 91' lang='lat' dir='ltr'><strong>Inc.</strong></span> <span class='ocrx_word' id='word_1_780' title='bbox 2275 4046 2372 4114; x_wconf 68' lang='grc' dir='ltr'><strong>Οἷς</strong></span> <span class='ocrx_word' id='word_1_781' title='bbox 2404 4053 2700 4124; x_wconf 80' lang='grc' dir='ltr'>ἐνυπάρχει</span> <span class='ocrx_word' id='word_1_782' title='bbox 2731 4055 2759 4105; x_wconf 86' lang='grc' dir='ltr'>ὁ</span> <span class='ocrx_word' id='word_1_783' title='bbox 2795 4053 2935 4117; x_wconf 85' lang='grc' dir='ltr'>θεῖος</span> <span class='ocrx_word' id='word_1_784' title='bbox 2977 4053 3172 4124; x_wconf 83' lang='grc' dir='ltr'>νόμος,</span> <span class='ocrx_word' id='word_1_785' title='bbox 3200 4065 3307 4109; x_wconf 85' lang='lat' dir='ltr'><strong>etc.</strong></span> <span class='ocrx_word' id='word_1_786' title='bbox 3347 4054 3516 4112; x_wconf 87' lang='lat' dir='ltr'><strong>Garn.</strong></span> <span class='ocrx_word' id='word_1_787' title='bbox 3564 4071 3690 4126; x_wconf 82' lang='lat' dir='ltr'><strong>pag.</strong></span> 
     </span>
    </p>
   </div>
   <div class='ocr_carea' id='block_1_101' title="bbox 2113 4144 3691 4213">
    <p class='ocr_par' dir='ltr' id='par_1_101' title="bbox 2113 4144 3691 4213">
     <span class='ocr_line' id='line_1_101' title="bbox 2113 4144 3691 4213; baseline 0.003 -16"><span class='ocrx_word' id='word_1_788' title='bbox 2113 4144 2216 4198; x_wconf 86' lang='grc'><strong>615</strong></span> <span class='ocrx_word' id='word_1_789' title='bbox 2244 4160 2386 4213; x_wconf 84' lang='lat' dir='ltr'><strong>sqq.,</strong></span> <span class='ocrx_word' id='word_1_790' title='bbox 2418 4161 2518 4200; x_wconf 90' lang='lat' dir='ltr'><strong>nec</strong></span> <span class='ocrx_word' id='word_1_791' title='bbox 2551 4149 2598 4200; x_wconf 92' lang='lat' dir='ltr'><strong>ei</strong></span> <span class='ocrx_word' id='word_1_792' title='bbox 2636 4146 2770 4200; x_wconf 89' lang='lat' dir='ltr'><strong>tanti</strong></span> <span class='ocrx_word' id='word_1_793' title='bbox 2801 4148 2912 4200; x_wconf 89' lang='lat' dir='ltr'><strong>visa</strong></span> <span class='ocrx_word' id='word_1_794' title='bbox 2938 4155 3021 4200; x_wconf 83' lang='lat' dir='ltr'><strong>est</strong></span> <span class='ocrx_word' id='word_1_795' title='bbox 3051 4148 3196 4200; x_wconf 82' lang='lat' dir='ltr'><strong>liom.</strong></span> <span class='ocrx_word' id='word_1_796' title='bbox 3223 4155 3281 4200; x_wconf 82' lang='lat' dir='ltr'><strong>ut</strong></span> <span class='ocrx_word' id='word_1_797' title='bbox 3299 4162 3488 4200; x_wconf 89' lang='lat' dir='ltr'><strong>novam</strong></span> <span class='ocrx_word' id='word_1_798' title='bbox 3526 4149 3691 4201; x_wconf 82' lang='lat' dir='ltr'><strong>inter-</strong></span> 
     </span>
    </p>
   </div>
   <div class='ocr_carea' id='block_1_102' title="bbox 2112 4238 3689 4307">
    <p class='ocr_par' dir='ltr' id='par_1_102' title="bbox 2112 4238 3689 4307">
     <span class='ocr_line' id='line_1_102' title="bbox 2112 4238 3689 4307; baseline 0.003 -18"><span class='ocrx_word' id='word_1_799' title='bbox 2112 4238 2469 4306; x_wconf 89' lang='lat' dir='ltr'><strong>pretationem</strong></span> <span class='ocrx_word' id='word_1_800' title='bbox 2498 4239 2819 4307; x_wconf 81' lang='lat' dir='ltr'><strong>susciperet,</strong></span> <span class='ocrx_word' id='word_1_801' title='bbox 2848 4240 2941 4293; x_wconf 89' lang='lat' dir='ltr'><strong>sed</strong></span> <span class='ocrx_word' id='word_1_802' title='bbox 2970 4249 3228 4303; x_wconf 86' lang='lat' dir='ltr'><strong>veterem,</strong></span> <span class='ocrx_word' id='word_1_803' title='bbox 3257 4239 3383 4293; x_wconf 88' lang='lat' dir='ltr'><strong>hinc</strong></span> <span class='ocrx_word' id='word_1_804' title='bbox 3413 4239 3535 4292; x_wconf 91' lang='lat' dir='ltr'><strong>inde</strong></span> <span class='ocrx_word' id='word_1_805' title='bbox 3571 4257 3689 4293; x_wconf 89' lang='lat' dir='ltr'><strong>mu-</strong></span> 
     </span>
    </p>
   </div>
   <div class='ocr_carea' id='block_1_103' title="bbox 2116 4326 3685 4398">
    <p class='ocr_par' dir='ltr' id='par_1_103' title="bbox 2116 4326 3685 4398">
     <span class='ocr_line' id='line_1_103' title="bbox 2116 4326 3685 4398; baseline -0.001 -16"><span class='ocrx_word' id='word_1_806' title='bbox 2116 4338 2305 4390; x_wconf 89' lang='lat' dir='ltr'><strong>tatam,</strong></span> <span class='ocrx_word' id='word_1_807' title='bbox 2345 4329 2590 4383; x_wconf 64' lang='lat' dir='ltr'><strong>retinuit.</strong></span> <span class='ocrx_word' id='word_1_808' title='bbox 2634 4330 2686 4380; x_wconf 92' lang='lat' dir='ltr'><strong>In</strong></span> <span class='ocrx_word' id='word_1_809' title='bbox 2733 4329 2940 4396; x_wconf 73' lang='lat' dir='ltr'><strong>praelat.</strong></span> <span class='ocrx_word' id='word_1_810' title='bbox 2981 4327 3008 4398; x_wconf 59' lang='grc' dir='ltr'>ᾗ</span> <span class='ocrx_word' id='word_1_811' title='bbox 3071 4326 3201 4391; x_wconf 90' lang='lat' dir='ltr'><strong>Vlll,</strong></span> <span class='ocrx_word' id='word_1_812' title='bbox 3248 4342 3369 4396; x_wconf 79' lang='lat' dir='ltr'><strong>pag.</strong></span> <span class='ocrx_word' id='word_1_813' title='bbox 3408 4344 3531 4382; x_wconf 77' lang='lat' dir='ltr'><strong>xxvr</strong></span> <span class='ocrx_word' id='word_1_814' title='bbox 3569 4345 3685 4397; x_wconf 80' lang='lat' dir='ltr'><strong>sqq.</strong></span> 
     </span>
    </p>
   </div>
   <div class='ocr_carea' id='block_1_104' title="bbox 2111 4419 3690 4490">
    <p class='ocr_par' dir='ltr' id='par_1_104' title="bbox 2111 4419 3690 4490">
     <span class='ocr_line' id='line_1_104' title="bbox 2111 4419 3690 4490; baseline 0.001 -18"><span class='ocrx_word' id='word_1_815' title='bbox 2111 4420 2270 4490; x_wconf 91' lang='lat' dir='ltr'><strong>(add.</strong></span> <span class='ocrx_word' id='word_1_816' title='bbox 2313 4419 2341 4490; x_wconf 61' lang='grc' dir='ltr'>ᾗ</span> <span class='ocrx_word' id='word_1_817' title='bbox 2381 4420 2466 4473; x_wconf 88' lang='lat' dir='ltr'><strong>XII</strong></span> <span class='ocrx_word' id='word_1_818' title='bbox 2508 4420 2625 4480; x_wconf 83' lang='lat' dir='ltr'><strong>lin.,</strong></span> <span class='ocrx_word' id='word_1_819' title='bbox 2671 4437 2791 4488; x_wconf 83' lang='lat' dir='ltr'><strong>pag.</strong></span> <span class='ocrx_word' id='word_1_820' title='bbox 2823 4435 3009 4483; x_wconf 77' lang='lat' dir='ltr'><strong>Lxxvt,</strong></span> <span class='ocrx_word' id='word_1_821' title='bbox 3045 4432 3204 4490; x_wconf 88' lang='lat' dir='ltr'><strong>negat</strong></span> <span class='ocrx_word' id='word_1_822' title='bbox 3235 4420 3490 4474; x_wconf 87' lang='lat' dir='ltr'><strong>Basiliutn</strong></span> <span class='ocrx_word' id='word_1_823' title='bbox 3547 4421 3690 4474; x_wconf 88' lang='lat' dir='ltr'><strong>illius</strong></span> 
     </span>
    </p>
   </div>
   <div class='ocr_carea' id='block_1_105' title="bbox 2111 4513 3688 4582">
    <p class='ocr_par' dir='ltr' id='par_1_105' title="bbox 2111 4513 3688 4582">
     <span class='ocr_line' id='line_1_105' title="bbox 2111 4513 3688 4582; baseline 0.001 -16"><span class='ocrx_word' id='word_1_824' title='bbox 2111 4529 2156 4566; x_wconf 90' lang='lat' dir='ltr'><strong>s.</strong></span> <span class='ocrx_word' id='word_1_825' title='bbox 2194 4513 2448 4575; x_wconf 67' lang='lat' dir='ltr'><strong>homitim,</strong></span> <span class='ocrx_word' id='word_1_826' title='bbox 2483 4515 2617 4578; x_wconf 87' lang='lat' dir='ltr'><strong>sive,</strong></span> <span class='ocrx_word' id='word_1_827' title='bbox 2642 4513 2745 4566; x_wconf 75' lang='lat' dir='ltr'><strong>title</strong></span> <span class='ocrx_word' id='word_1_828' title='bbox 2772 4513 3002 4567; x_wconf 90' lang='lat' dir='ltr'><strong>duorum</strong></span> <span class='ocrx_word' id='word_1_829' title='bbox 3026 4515 3210 4576; x_wconf 90' lang='lat' dir='ltr'><strong>codd.,</strong></span> <span class='ocrx_word' id='word_1_830' title='bbox 3242 4513 3453 4582; x_wconf 79' lang='lat' dir='ltr'><strong>l’rologi</strong></span> <span class='ocrx_word' id='word_1_831' title='bbox 3481 4517 3688 4568; x_wconf 79' lang='lat' dir='ltr'><strong>ascetici</strong></span> 
     </span>
    </p>
   </div>
   <div class='ocr_carea' id='block_1_106' title="bbox 2110 4603 3686 4676">
    <p class='ocr_par' dir='ltr' id='par_1_106' title="bbox 2110 4603 3686 4676">
     <span class='ocr_line' id='line_1_106' title="bbox 2110 4603 3686 4676; baseline -0.001 -16"><span class='ocrx_word' id='word_1_832' title='bbox 2110 4607 2275 4660; x_wconf 85' lang='lat' dir='ltr'><strong>fuisse</strong></span> <span class='ocrx_word' id='word_1_833' title='bbox 2299 4617 2598 4676; x_wconf 86' lang='lat' dir='ltr'><strong>parentem.</strong></span> <span class='ocrx_word' id='word_1_834' title='bbox 2620 4603 2761 4657; x_wconf 88' lang='lat' dir='ltr'><strong>Idem</strong></span> <span class='ocrx_word' id='word_1_835' title='bbox 2782 4606 3022 4659; x_wconf 87' lang='lat' dir='ltr'><strong>sentiunt</strong></span> <span class='ocrx_word' id='word_1_836' title='bbox 3045 4603 3240 4659; x_wconf 90' lang='lat' dir='ltr'><strong>Oudin.</strong></span> <span class='ocrx_word' id='word_1_837' title='bbox 3266 4605 3300 4656; x_wconf 95' lang='grc' dir='ltr'><strong>Ι.</strong></span> <span class='ocrx_word' id='word_1_838' title='bbox 3325 4621 3398 4665; x_wconf 87' lang='lat' dir='ltr'><strong>c.,</strong></span> <span class='ocrx_word' id='word_1_839' title='bbox 3418 4621 3535 4673; x_wconf 84' lang='lat' dir='ltr'><strong>pag.</strong></span> <span class='ocrx_word' id='word_1_840' title='bbox 3560 4606 3686 4672; x_wconf 69' lang='lat'><strong>552,</strong></span> 
     </span>
    </p>
   </div>
   <div class='ocr_carea' id='block_1_107' title="bbox 2107 4694 3685 4764">
    <p class='ocr_par' dir='ltr' id='par_1_107' title="bbox 2107 4694 3685 4764">
     <span class='ocr_line' id='line_1_107' title="bbox 2107 4694 3685 4764; baseline 0.001 -13"><span class='ocrx_word' id='word_1_841' title='bbox 2107 4709 2163 4751; x_wconf 86' lang='lat' dir='ltr'><strong>et</strong></span> <span class='ocrx_word' id='word_1_842' title='bbox 2186 4696 2494 4752; x_wconf 86' lang='lat' dir='ltr'><strong>Scbrocckb</strong></span> <span class='ocrx_word' id='word_1_843' title='bbox 2521 4696 2555 4750; x_wconf 95' lang='lat' dir='ltr'><strong>l.</strong></span> <span class='ocrx_word' id='word_1_844' title='bbox 2583 4711 2767 4756; x_wconf 86' lang='lat' dir='ltr'><strong>mem.,</strong></span> <span class='ocrx_word' id='word_1_845' title='bbox 2802 4710 2926 4764; x_wconf 85' lang='lat' dir='ltr'><strong>pag.</strong></span> <span class='ocrx_word' id='word_1_846' title='bbox 2956 4695 3059 4748; x_wconf 84' lang='lat'><strong>188</strong></span> <span class='ocrx_word' id='word_1_847' title='bbox 3085 4710 3170 4764; x_wconf 85' lang='lat' dir='ltr'><strong>sq.</strong></span> <span class='ocrx_word' id='word_1_848' title='bbox 3200 4724 3270 4734; x_wconf 73' lang='grc' dir='ltr'><strong>-ο</strong></span> <span class='ocrx_word' id='word_1_849' title='bbox 3293 4696 3443 4764; x_wconf 85' lang='lat' dir='ltr'><strong>Apud</strong></span> <span class='ocrx_word' id='word_1_850' title='bbox 3472 4694 3685 4752; x_wconf 74' lang='lat' dir='ltr'><strong>Fabric.</strong></span> 
     </span>
    </p>
   </div>
   <div class='ocr_carea' id='block_1_108' title="bbox 2107 4785 3686 4852">
    <p class='ocr_par' dir='ltr' id='par_1_108' title="bbox 2107 4785 3686 4852">
     <span class='ocr_line' id='line_1_108' title="bbox 2107 4785 3686 4852; baseline 0.001 -11"><span class='ocrx_word' id='word_1_851' title='bbox 2107 4790 2400 4842; x_wconf 88' lang='lat' dir='ltr'><strong>secundum</strong></span> <span class='ocrx_word' id='word_1_852' title='bbox 2461 4787 2615 4842; x_wconf 92' lang='lat' dir='ltr'><strong>editt.</strong></span> <span class='ocrx_word' id='word_1_853' title='bbox 2677 4785 2851 4841; x_wconf 88' lang='lat' dir='ltr'><strong>Paris.</strong></span> <span class='ocrx_word' id='word_1_854' title='bbox 2911 4798 3230 4841; x_wconf 90' lang='lat' dir='ltr'><strong>numeratur</strong></span> <span class='ocrx_word' id='word_1_855' title='bbox 3283 4789 3431 4843; x_wconf 87' lang='lat' dir='ltr'><strong>hom.</strong></span> <span class='ocrx_word' id='word_1_856' title='bbox 3485 4788 3686 4852; x_wconf 80' lang='lat' dir='ltr'><strong>XXXI,</strong></span> 
     </span>
    </p>
   </div>
   <div class='ocr_carea' id='block_1_109' title="bbox 2108 4879 3694 4949">
    <p class='ocr_par' dir='ltr' id='par_1_109' title="bbox 2108 4879 3694 4949">
     <span class='ocr_line' id='line_1_109' title="bbox 2108 4879 3694 4949; baseline 0.003 -15"><span class='ocrx_word' id='word_1_857' title='bbox 2108 4882 2280 4948; x_wconf 86' lang='lat' dir='ltr'><strong>isque,</strong></span> <span class='ocrx_word' id='word_1_858' title='bbox 2308 4898 2326 4930; x_wconf 79' lang='grc' dir='ltr'><strong>ι</strong></span> <span class='ocrx_word' id='word_1_859' title='bbox 2359 4881 2541 4942; x_wconf 88' lang='lat' dir='ltr'><strong>vertit,</strong></span> <span class='ocrx_word' id='word_1_860' title='bbox 2573 4879 2766 4947; x_wconf 85' lang='lat' dir='ltr'><strong>inquit.</strong></span> <span class='ocrx_word' id='word_1_861' title='bbox 2792 4880 3106 4934; x_wconf 90' lang='lat' dir='ltr'><strong>Cornarius.</strong></span> <span class='ocrx_word' id='word_1_862' title='bbox 3137 4880 3396 4949; x_wconf 87' lang='lat' dir='ltr'><strong>Prologus</strong></span> <span class='ocrx_word' id='word_1_863' title='bbox 3419 4883 3694 4938; x_wconf 71' lang='lat' dir='ltr'><strong>asceticua</strong></span> 
     </span>
    </p>
   </div>
   <div class='ocr_carea' id='block_1_110' title="bbox 2107 4969 3686 5040">
    <p class='ocr_par' dir='ltr' id='par_1_110' title="bbox 2107 4969 3686 5040">
     <span class='ocr_line' id='line_1_110' title="bbox 2107 4969 3686 5040; baseline 0.002 -17"><span class='ocrx_word' id='word_1_864' title='bbox 2107 4972 2246 5040; x_wconf 87' lang='lat' dir='ltr'><strong>apud</strong></span> <span class='ocrx_word' id='word_1_865' title='bbox 2303 4971 2689 5024; x_wconf 82' lang='lat' dir='ltr'><strong>Combelisium</strong></span> <span class='ocrx_word' id='word_1_866' title='bbox 2739 4987 2858 5038; x_wconf 89' lang='lat' dir='ltr'><strong>pag.</strong></span> <span class='ocrx_word' id='word_1_867' title='bbox 2922 4969 3156 5025; x_wconf 91' lang='grc'>106-119</span> <span class='ocrx_word' id='word_1_868' title='bbox 3202 4969 3393 5025; x_wconf 78' lang='lat' dir='ltr'><strong>Basilii</strong></span> <span class='ocrx_word' id='word_1_869' title='bbox 3456 4974 3538 5026; x_wconf 88' lang='lat' dir='ltr'><strong>sui</strong></span> <span class='ocrx_word' id='word_1_870' title='bbox 3599 4990 3686 5026; x_wconf 88' lang='lat' dir='ltr'><strong>re-</strong></span> 
     </span>
    </p>
   </div>
   <div class='ocr_carea' id='block_1_111' title="bbox 2104 5062 3684 5119">
    <p class='ocr_par' dir='ltr' id='par_1_111' title="bbox 2104 5062 3684 5119">
     <span class='ocr_line' id='line_1_111' title="bbox 2104 5062 3684 5119; baseline 0.001 -2"><span class='ocrx_word' id='word_1_871' title='bbox 2104 5065 2307 5117; x_wconf 82' lang='lat' dir='ltr'><strong>censiti.</strong></span> <span class='ocrx_word' id='word_1_872' title='bbox 2339 5083 2357 5114; x_wconf 78' lang='grc' dir='ltr'><strong>ι</strong></span> <span class='ocrx_word' id='word_1_873' title='bbox 2391 5093 2461 5103; x_wconf 91' lang='grc'><strong><em>-</em></strong></span> <span class='ocrx_word' id='word_1_874' title='bbox 2487 5063 2681 5116; x_wconf 79' lang='lat' dir='ltr'><strong>Exstat</strong></span> <span class='ocrx_word' id='word_1_875' title='bbox 2705 5062 2790 5115; x_wconf 90' lang='lat' dir='ltr'><strong>illa</strong></span> <span class='ocrx_word' id='word_1_876' title='bbox 2822 5064 2997 5116; x_wconf 85' lang='lat' dir='ltr'><strong>oratio</strong></span> <span class='ocrx_word' id='word_1_877' title='bbox 3034 5063 3084 5116; x_wconf 92' lang='lat' dir='ltr'><strong>in</strong></span> <span class='ocrx_word' id='word_1_878' title='bbox 3118 5063 3290 5118; x_wconf 91' lang='lat' dir='ltr'><strong>tribus</strong></span> <span class='ocrx_word' id='word_1_879' title='bbox 3320 5065 3478 5117; x_wconf 86' lang='lat' dir='ltr'><strong>codd.</strong></span> <span class='ocrx_word' id='word_1_880' title='bbox 3510 5066 3684 5119; x_wconf 85' lang='lat' dir='ltr'><strong>Paris.</strong></span> 
     </span>
    </p>
   </div>
   <div class='ocr_carea' id='block_1_112' title="bbox 2106 5154 3691 5224">
    <p class='ocr_par' dir='ltr' id='par_1_112' title="bbox 2106 5154 3691 5224">
     <span class='ocr_line' id='line_1_112' title="bbox 2106 5154 3691 5224; baseline 0.004 -15"><span class='ocrx_word' id='word_1_881' title='bbox 2106 5166 2159 5209; x_wconf 89' lang='lat' dir='ltr'><strong>et</strong></span> <span class='ocrx_word' id='word_1_882' title='bbox 2193 5155 2482 5210; x_wconf 70' lang='lat' dir='ltr'><strong>Florentia:</strong></span> <span class='ocrx_word' id='word_1_883' title='bbox 2519 5157 2569 5207; x_wconf 91' lang='lat' dir='ltr'><strong>in</strong></span> <span class='ocrx_word' id='word_1_884' title='bbox 2601 5156 2719 5209; x_wconf 92' lang='lat' dir='ltr'><strong>cod.</strong></span> <span class='ocrx_word' id='word_1_885' title='bbox 2752 5155 3010 5208; x_wconf 88' lang='lat' dir='ltr'><strong>Laurent.</strong></span> <span class='ocrx_word' id='word_1_886' title='bbox 3047 5154 3166 5219; x_wconf 85' lang='lat' dir='ltr'><strong>XX,</strong></span> <span class='ocrx_word' id='word_1_887' title='bbox 3195 5173 3248 5210; x_wconf 86' lang='grc' dir='ltr'>ιι.</span> <span class='ocrx_word' id='word_1_888' title='bbox 3279 5157 3336 5217; x_wconf 74' lang='lat'><strong>‘2,</strong></span> <span class='ocrx_word' id='word_1_889' title='bbox 3367 5158 3499 5224; x_wconf 90' lang='lat' dir='ltr'><strong>plut.</strong></span> <span class='ocrx_word' id='word_1_890' title='bbox 3527 5157 3582 5212; x_wconf 90' lang='lat'><strong>9.</strong></span> <span class='ocrx_word' id='word_1_891' title='bbox 3617 5158 3691 5216; x_wconf 77' lang='grc' dir='ltr'><strong>ν.</strong></span> 
     </span>
    </p>
   </div>
   <div class='ocr_carea' id='block_1_113' title="bbox 2106 5244 3612 5315">
    <p class='ocr_par' dir='ltr' id='par_1_113' title="bbox 2106 5244 3612 5315">
     <span class='ocr_line' id='line_1_113' title="bbox 2106 5244 3612 5315; baseline 0.001 -14"><span class='ocrx_word' id='word_1_892' title='bbox 2106 5248 2334 5302; x_wconf 85' lang='lat' dir='ltr'><strong>Bandin.</strong></span> <span class='ocrx_word' id='word_1_893' title='bbox 2365 5246 2481 5301; x_wconf 83' lang='lat' dir='ltr'><strong>Cat.</strong></span> <span class='ocrx_word' id='word_1_894' title='bbox 2516 5247 2668 5300; x_wconf 82' lang='lat' dir='ltr'><strong>codd.</strong></span> <span class='ocrx_word' id='word_1_895' title='bbox 2697 5245 2791 5300; x_wconf 80' lang='lat' dir='ltr'><strong>Gr.</strong></span> <span class='ocrx_word' id='word_1_896' title='bbox 2826 5245 3015 5309; x_wconf 86' lang='lat' dir='ltr'><strong>Lour.,</strong></span> <span class='ocrx_word' id='word_1_897' title='bbox 3040 5244 3082 5311; x_wconf 90' lang='lat' dir='ltr'><strong>I,</strong></span> <span class='ocrx_word' id='word_1_898' title='bbox 3120 5264 3239 5315; x_wconf 85' lang='lat' dir='ltr'><strong>pag.</strong></span> <span class='ocrx_word' id='word_1_899' title='bbox 3277 5247 3402 5300; x_wconf 69' lang='lat'><strong>425.</strong></span> <span class='ocrx_word' id='word_1_900' title='bbox 3443 5249 3612 5302; x_wconf 77' lang='lat' dir='ltr'><strong>HABL.</strong></span> 
     </span>
    </p>
   </div>
   <div class='ocr_carea' id='block_1_114' title="bbox 2179 5338 3688 5408">
    <p class='ocr_par' dir='ltr' id='par_1_114' title="bbox 2179 5338 3688 5408">
     <span class='ocr_line' id='line_1_114' title="bbox 2179 5338 3688 5408; baseline 0.002 -18"><span class='ocrx_word' id='word_1_901' title='bbox 2179 5340 2228 5392; x_wconf 88' lang='lat'><strong>7.</strong></span> <span class='ocrx_word' id='word_1_902' title='bbox 2272 5340 2442 5407; x_wconf 81' lang='grc' dir='ltr'><strong>Λόγος</strong></span> <span class='ocrx_word' id='word_1_903' title='bbox 2463 5342 2542 5402; x_wconf 88' lang='grc' dir='ltr'><strong>εἰς</strong></span> <span class='ocrx_word' id='word_1_904' title='bbox 2570 5339 2631 5392; x_wconf 82' lang='grc' dir='ltr'><strong>τό</strong></span> <span class='ocrx_word' id='word_1_905' title='bbox 2653 5357 2665 5370; x_wconf 89' lang='grc'>·</span> <span class='ocrx_word' id='word_1_906' title='bbox 2694 5338 2790 5406; x_wconf 75' lang='grc' dir='ltr'><strong>Μὴ</strong></span> <span class='ocrx_word' id='word_1_907' title='bbox 2823 5338 2941 5404; x_wconf 80' lang='grc' dir='ltr'><strong>δῷς</strong></span> <span class='ocrx_word' id='word_1_908' title='bbox 2964 5339 3160 5390; x_wconf 74' lang='grc' dir='ltr'>ὕπνον</span> <span class='ocrx_word' id='word_1_909' title='bbox 3179 5339 3312 5403; x_wconf 87' lang='grc' dir='ltr'>σοῖς</span> <span class='ocrx_word' id='word_1_910' title='bbox 3335 5340 3688 5408; x_wconf 64' lang='grc' dir='ltr'><strong>ὀφθαλμοῖς,</strong></span> 
     </span>
    </p>
   </div>
   <div class='ocr_carea' id='block_1_115' title="bbox 2099 5429 3686 5500">
    <p class='ocr_par' dir='ltr' id='par_1_115' title="bbox 2099 5429 3686 5500">
     <span class='ocr_line' id='line_1_115' title="bbox 2099 5429 3686 5500; baseline 0.003 -18"><span class='ocrx_word' id='word_1_911' title='bbox 2099 5431 2257 5500; x_wconf 82' lang='grc' dir='ltr'><strong>μηδὲ</strong></span> <span class='ocrx_word' id='word_1_912' title='bbox 2311 5429 2726 5498; x_wconf 78' lang='grc' dir='ltr'><strong>ἑπινυστάξῃς</strong></span> <span class='ocrx_word' id='word_1_913' title='bbox 2781 5429 2916 5495; x_wconf 85' lang='grc' dir='ltr'>σοῖς</span> <span class='ocrx_word' id='word_1_914' title='bbox 2958 5430 3327 5498; x_wconf 58' lang='grc' dir='ltr'><strong>βλεφάροις·</strong></span> <span class='ocrx_word' id='word_1_915' title='bbox 3386 5429 3452 5484; x_wconf 83' lang='lat' dir='ltr'><strong>In</strong></span> <span class='ocrx_word' id='word_1_916' title='bbox 3503 5431 3634 5486; x_wconf 81' lang='lat' dir='ltr'><strong>illud</strong></span> <span class='ocrx_word' id='word_1_917' title='bbox 3667 5450 3686 5487; x_wconf 88' lang='lat'><em>:</em></span> 
     </span>
    </p>
   </div>
   <div class='ocr_carea' id='block_1_116' title="bbox 2111 5521 3688 5592">
    <p class='ocr_par' dir='ltr' id='par_1_116' title="bbox 2111 5521 3688 5592">
     <span class='ocr_line' id='line_1_116' title="bbox 2111 5521 3688 5592; baseline 0.004 -20"><span class='ocrx_word' id='word_1_918' title='bbox 2111 5542 2128 5572; x_wconf 75' lang='grc' dir='ltr'><strong>ι</strong></span> <span class='ocrx_word' id='word_1_919' title='bbox 2173 5521 2254 5575; x_wconf 84' lang='lat' dir='ltr'><strong>Ne</strong></span> <span class='ocrx_word' id='word_1_920' title='bbox 2293 5523 2499 5575; x_wconf 81' lang='lat' dir='ltr'><strong>dederis</strong></span> <span class='ocrx_word' id='word_1_921' title='bbox 2539 5539 2779 5574; x_wconf 83' lang='lat' dir='ltr'><strong>somnum</strong></span> <span class='ocrx_word' id='word_1_922' title='bbox 2820 5522 2984 5575; x_wconf 83' lang='lat' dir='ltr'><strong>oculis</strong></span> <span class='ocrx_word' id='word_1_923' title='bbox 3026 5523 3152 5586; x_wconf 85' lang='lat' dir='ltr'><strong>tuis,</strong></span> <span class='ocrx_word' id='word_1_924' title='bbox 3192 5539 3353 5592; x_wconf 83' lang='lat' dir='ltr'><strong>neque</strong></span> <span class='ocrx_word' id='word_1_925' title='bbox 3383 5523 3688 5580; x_wconf 70' lang='lat' dir='ltr'><strong>indorntites</strong></span> 
     </span>
    </p>
   </div>
   <div class='ocr_carea' id='block_1_117' title="bbox 2103 5613 3677 5684">
    <p class='ocr_par' dir='ltr' id='par_1_117' title="bbox 2103 5613 3677 5684">
     <span class='ocr_line' id='line_1_117' title="bbox 2103 5613 3677 5684; baseline 0.003 -19"><span class='ocrx_word' id='word_1_926' title='bbox 2103 5614 2361 5680; x_wconf 81' lang='lat' dir='ltr'><strong>palpebris</strong></span> <span class='ocrx_word' id='word_1_927' title='bbox 2392 5614 2512 5667; x_wconf 81' lang='lat' dir='ltr'><strong>tuis.</strong></span> <span class='ocrx_word' id='word_1_928' title='bbox 2542 5633 2560 5664; x_wconf 82' lang='grc' dir='ltr'><strong>ι</strong></span> <span class='ocrx_word' id='word_1_929' title='bbox 2590 5613 2699 5666; x_wconf 89' lang='lat' dir='ltr'><strong>Inc.</strong></span> <span class='ocrx_word' id='word_1_930' title='bbox 2736 5614 2807 5666; x_wconf 78' lang='grc' dir='ltr'><strong>Οὐ</strong></span> <span class='ocrx_word' id='word_1_931' title='bbox 2833 5613 2994 5667; x_wconf 80' lang='grc' dir='ltr'>λυπεῖ</span> <span class='ocrx_word' id='word_1_932' title='bbox 3023 5631 3090 5684; x_wconf 87' lang='grc' dir='ltr'><strong>με</strong></span> <span class='ocrx_word' id='word_1_933' title='bbox 3119 5614 3410 5678; x_wconf 72' lang='grc' dir='ltr'><strong>ἐλάττωσις</strong></span> <span class='ocrx_word' id='word_1_934' title='bbox 3433 5614 3540 5668; x_wconf 83' lang='grc' dir='ltr'><strong>τῶν</strong></span> <span class='ocrx_word' id='word_1_935' title='bbox 3568 5633 3677 5669; x_wconf 88' lang='grc' dir='ltr'>συν-</span> 
     </span>
    </p>
   </div>
   <div class='ocr_carea' id='block_1_118' title="bbox 2105 5697 3690 5775">
    <p class='ocr_par' dir='ltr' id='par_1_118' title="bbox 2105 5697 3690 5775">
     <span class='ocr_line' id='line_1_118' title="bbox 2105 5697 3690 5775; baseline -0.002 -18"><span class='ocrx_word' id='word_1_936' title='bbox 2105 5707 2388 5758; x_wconf 79' lang='grc' dir='ltr'><strong>ελθόντων.</strong></span> <span class='ocrx_word' id='word_1_937' title='bbox 2432 5705 2599 5759; x_wconf 88' lang='lat' dir='ltr'><strong>Garn.</strong></span> <span class='ocrx_word' id='word_1_938' title='bbox 2631 5705 2699 5768; x_wconf 89' lang='lat' dir='ltr'><strong>Il,</strong></span> <span class='ocrx_word' id='word_1_939' title='bbox 2739 5720 2860 5773; x_wconf 86' lang='lat' dir='ltr'><strong>pag.</strong></span> <span class='ocrx_word' id='word_1_940' title='bbox 2896 5704 3034 5770; x_wconf 85' lang='lat' dir='ltr'><strong>6l7;</strong></span> <span class='ocrx_word' id='word_1_941' title='bbox 3071 5722 3232 5775; x_wconf 86' lang='lat' dir='ltr'><strong>quam</strong></span> <span class='ocrx_word' id='word_1_942' title='bbox 3261 5697 3495 5774; x_wconf 38' lang='lat' dir='ltr'><strong>‘quidem</strong></span> <span class='ocrx_word' id='word_1_943' title='bbox 3544 5716 3690 5768; x_wconf 73' lang='lat' dir='ltr'><strong>orat,</strong></span> 
     </span>
    </p>
   </div>
   <div class='ocr_carea' id='block_1_119' title="bbox 2105 5795 3684 5866">
    <p class='ocr_par' dir='ltr' id='par_1_119' title="bbox 2105 5795 3684 5866">
     <span class='ocr_line' id='line_1_119' title="bbox 2105 5795 3684 5866; baseline -0.001 -14"><span class='ocrx_word' id='word_1_944' title='bbox 2105 5796 2462 5853; x_wconf 82' lang='lat' dir='ltr'><strong>Combel‘tsins</strong></span> <span class='ocrx_word' id='word_1_945' title='bbox 2499 5812 2600 5853; x_wconf 84' lang='lat' dir='ltr'><strong>non</strong></span> <span class='ocrx_word' id='word_1_946' title='bbox 2637 5797 2914 5866; x_wconf 83' lang='lat' dir='ltr'><strong>indignam</strong></span> <span class='ocrx_word' id='word_1_947' title='bbox 2945 5798 3107 5853; x_wconf 81' lang='lat' dir='ltr'><strong>habet</strong></span> <span class='ocrx_word' id='word_1_948' title='bbox 3133 5797 3351 5854; x_wconf 62' lang='lat' dir='ltr'><strong>Basilio.</strong></span> <span class='ocrx_word' id='word_1_949' title='bbox 3385 5797 3487 5851; x_wconf 75' lang='lat' dir='ltr'><strong>Sed</strong></span> <span class='ocrx_word' id='word_1_950' title='bbox 3512 5795 3684 5856; x_wconf 80' lang='lat' dir='ltr'><strong>Garu.</strong></span> 
     </span>
    </p>
   </div>
  </div>
