4094 6220
372 361 575 404 «μιν

1736 340 2283 398 ’PBOLEGOMENA.

387 466 441 520 in
477 462 678 519 Manilo
717 460 938 533 prtevio,
970 458 1215 530 pluribus
1251 468 1432 513 autem
1457 468 1511 514 et
1538 459 1882 529 gravioribus
1911 460 1964 514 in
1996 465 2041 520 Α
2070 459 2377 516 adulterino
2400 461 2567 517 Garn.
2599 462 2653 517 in
2691 461 2851 518 Praei.
2889 461 2918 534 ᾗ
2966 460 3083 528 XII,
3123 477 3248 533 pag.
3278 479 3482 530 una,
3509 479 3662 519 suam

386 555 542 628 prmi.
578 554 606 628 §
641 554 710 610 IX
743 563 797 608 et
827 552 899 618 X,
944 567 1046 623 pag
1083 566 1498 617 xxvm-xxxm,
1548 551 1771 622 prolatis
1806 553 1975 606 ratio-

386 649 571 713 nibus,
610 655 797 703 contra
827 644 1210 701 Combelisium
1232 682 1250 709 ,
1283 643 1637 706 Cotelerium.
1671 643 1969 700 Tilleinon-

385 743 519 798 tium
562 751 615 796 et
644 741 721 796 Du
752 738 877 805 Pin,
915 737 1130 793 illarum
1175 746 1453 808 patronos,
1484 736 1781 803 dimicans,
1814 736 1970 792 istam

386 846 441 889 et
473 840 811 901 sequentem.

455 925 510 980 8.
551 922 690 995 Περὶ
742 920 1018 991 νηστείας,
1058 918 1175 986 My.
1213 918 1285 987 γ’.
1325 917 1402 971 De
1430 917 1642 987 jejunio
1681 925 1818 971 orat.
1872 914 1970 971 Ill

388 1016 544 1088 (qua:
574 1013 764 1084 incipit
790 1012 1066 1082 Νηστείας
1092 1012 1183 1065 καὶ
1211 1009 1439 1080 ἱλασμοῦ
1462 1010 1490 1062 ὁ
1539 1010 1751 1080 καιρός,
1784 1026 1836 1079 p.
1866 1008 1963 1062 62I

384 1108 546 1180 sqq.)
574 1123 671 1179 pro
688 1107 888 1176 spuriis
911 1105 1138 1170 habuit;
1166 1106 1258 1160 sed
1288 1114 1468 1159 tamen
1496 1103 1566 1158 ita
1596 1117 1783 1158 rursus
1804 1103 1970 1156 eden-

388 1203 489 1258 das
518 1216 640 1257 esse
674 1200 909 1263 censuit,
939 1208 999 1253 ut
1033 1197 1220 1253 Graeca
1253 1207 1309 1253 et
1338 1197 1528 1251 Latina
1560 1204 1822 1264 notasque
1849 1211 1968 1246 mtt-

384 1309 477 1352 tus
517 1305 757 1351 sumeret
791 1309 821 1347 a
862 1291 1158 1349 Cotelerio.
1188 1290 1325 1351 Nam
1372 1291 1504 1345 duas
1536 1289 1670 1344 istas
1715 1287 1970 1343 homilias

381 1388 668 1444 ediderunt
695 1385 786 1442 Fr.
810 1384 1167 1442 Combeﬁsius
1190 1384 1246 1438 in
1282 1383 1602 1438 Ecclesiaste
1628 1397 1727 1438 suo
1760 1379 1966 1446 Crwco,

380 1478 556 1536 Paris.
583 1478 742 1546 1674,
771 1478 826 1545 4,
865 1478 1053 1533 Latine
1081 1477 1364 1541 duntaxat,
1396 1488 1452 1532 et
1474 1476 1558 1531 Jo.
1595 1477 1835 1547 Baptista
1865 1473 1969 1529 Co-

382 1571 605 1627 telerius
645 1570 833 1628 Graece
883 1583 949 1626 ae
983 1567 1105 1622 Lat.
1164 1569 1216 1623 in
1256 1579 1385 1625 tom.
1435 1570 1451 1623 I
1500 1568 1967 1623 Monumentorum

378 1664 634 1720 Ecclesiw
689 1662 929 1730 Cra’cw,
964 1660 1139 1716 Paris.
1193 1662 1352 1726 I677,
1384 1662 1450 1725 4,
1483 1677 1604 1732 pag.
1637 1661 1706 1715 58
1728 1688 1756 1700 -
1781 1658 1870 1714 40.
1908 1658 1965 1713 In

378 1757 750 1829 superioribus
769 1757 925 1812 editt.
966 1756 1395 1813 Graeco-Latinis
1427 1771 1534 1810 non
1563 1762 1743 1808 exstat
1772 1767 1857 1806 or.
1894 1750 1957 1805 IlI

378 1847 458 1903 De
477 1847 703 1919 jejunio.
750 1848 887 1903 Hinc
915 1847 1135 1904 Fabric.
1182 1850 1238 1903 in
1270 1858 1380 1903 vet.
1411 1847 1568 1910 cdit.,
1605 1844 1633 1917 ᾗ
1670 1842 1786 1908 VII,
1818 1843 1960 1897 inter

377 1941 577 2011 scripta
600 1939 782 1996 Basilii
808 1954 930 2008 qua:
955 1939 1054 1996 sub
1079 1939 1196 2008 ejus
1227 1940 1448 1995 nomine
1480 1936 1752 2002 feruntur,
1778 1933 1873 1989 sed
1907 1933 1960 1988 in

377 2034 500 2087 edd.
539 2030 798 2089 Gr.-Lat.
828 2048 940 2088 non
970 2042 1210 2096 exstant,
1244 2048 1300 2086 ιι.
1332 2029 1498 2086 XVIII
1538 2029 1744 2085 retulit.
1776 2057 1847 2068 —
1890 2026 1964 2081 De

379 2124 537 2179 codd.
566 2124 888 2194 quibusdam
913 2138 965 2177 ν.
996 2122 1062 2177 ad
1095 2139 1150 2176 ιι.
1181 2122 1237 2189 2,
1273 2122 1417 2175 inter
1448 2118 1722 2184 Itomilias,
1758 2128 1891 2173 tom.
1920 2118 1959 2171 l.

377 2214 559 2273 Haec.

448 2305 504 2363 9.
542 2306 715 2375 Λόγος
751 2307 832 2369 εἰς
871 2304 973 2377 τὴν
1006 2305 1358 2358 ὑποτύπωσιν
1404 2304 1502 2374 τῆς
1536 2304 1844 2374 ἀσκήσεως
1893 2300 1966 2355 De

375 2398 642 2469 religiosa:
671 2398 1065 2466 exercitationis
1091 2398 1468 2467 informatione
1498 2414 1693 2451 sermo.
1712 2396 1824 2451 Ine.
1856 2395 1964 2449 Τοῦ

376 2489 586 2564 Κυρίου
624 2489 781 2561 ήμῶν
822 2488 997 2562 Ἰησοῦ
1032 2488 1275 2562 Χριστοῦ
1308 2489 1764 2562 προστάσσοντυς.
1792 2488 1961 2545 Garn.

375 2581 439 2641 II.
475 2596 596 2652 pag.
627 2580 753 2647 623,
780 2595 845 2636 ex
877 2582 1117 2634 editione
1141 2579 1455 2635 Combelisii
1484 2581 1540 2634 in
1568 2579 1733 2647 hujus
1756 2576 1966 2633 Basilio

378 2676 658 2737 recensita,
713 2689 849 2747 pag.
880 2670 1140 2735 98-I05,
1186 2672 1370 2727 recudi
1411 2671 1561 2736 fecit,
1599 2681 1654 2726 et
1694 2674 1747 2725 in
1810 2670 1961 2742 praei.

378 2765 408 2837 §
444 2764 533 2833 XI,
558 2774 746 2821 contra
776 2764 1160 2821 Combelisium
1185 2762 1494 2834 disputans,
1519 2763 1770 2832 probavit
1796 2765 1967 2818 luisse

374 2863 445 2916 ab
485 2861 688 2932 aliquo,
731 2862 822 2931 qui
871 2860 1057 2915 Basilii
1110 2859 1347 2928 Regulus
1393 2858 1683 2926 diligenter
1720 2858 1965 2929 legisset,

332 2936 337 2941 ’
375 2952 523 3008 illam
550 2963 688 3009 orat.
724 2952 810 3007 vel
841 2952 1023 3023 potius
1048 2950 1335 3019 epistolam
1372 2949 1572 3005 Basilio
1601 2949 1962 3020 suppositam.

375 3042 433 3099 In
469 3045 625 3101 editt.
668 3058 853 3114 super.
887 3041 1151 3100 GI'.-L3I.
1185 3057 1292 3098 non
1334 3049 1531 3107 exstat,
1564 3050 1620 3095 et
1649 3055 1680 3094 a
1714 3038 1971 3096 Fabricio

2078 552 2432 622 amplissimis
2472 554 2657 609 verbis
2705 553 2845 609 dixit
2889 562 2945 607 et
2987 554 3328 623 gravissimis
3363 555 3534 610 tuitus
3583 565 3664 610 est

2077 646 2411 713 argumentis
2450 647 2803 715 sententiam,
2852 647 3139 715 disputans
3173 647 3423 717 inprimis
3471 659 3662 702 contra

2076 735 2477 792 'I‘illemontium
2503 747 2558 794 et
2585 740 2663 794 Du
2689 739 2812 803 Pio,
2840 739 2892 793 id
2920 738 3120 793 Basilio
3147 749 3472 803 asserentes,
3504 752 3664 811 atque

2078 826 2490 897 (lombelisium,
2530 829 2813 886 Eustathio
2849 828 3147 884 Sebastcno
3184 831 3534 885 tribuentem.
3566 834 3664 883 At-

2075 932 2182 988 que
2215 918 2503 976 Garnierio
2536 923 2835 977 assentitur
2864 921 3180 978 Scliroeekh
3209 923 3243 976 I.
3278 938 3355 987 c.,
3389 939 3508 994 pag.
3535 923 3659 981 205.

2073 1043 2143 1054 —
2169 1013 2458 1070 Florentiae
2491 1015 2545 1069 in
2579 1017 2705 1071 eod.
2738 1014 2995 1071 Laurent.
3041 1032 3069 1069 a
3106 1016 3411 1086 bibliopcga
3448 1019 3664 1071 inverse

2074 1116 2380 1176 compacto,
2412 1106 2534 1173 XX,
2564 1124 2618 1163 η,
2667 1108 2701 1163 ὅ
2726 1137 2747 1148 -
2771 1106 2827 1174 6,
2879 1109 3016 1179 plut.
3057 1109 3112 1174 9,
3141 1119 3365 1163 notante
3400 1108 3662 1162 Baudinio

2076 1201 2129 1255 in
2180 1198 2325 1261 Cat.
2357 1202 2512 1257 codd.
2561 1200 2656 1255 Gr.
2686 1200 2878 1269 Laur.,
2910 1203 2953 1265 I,
2986 1218 3107 1273 pag.
3146 1202 3287 1269 425,
3336 1203 3575 1258 occurrit
3607 1205 3660 1258 1⁸

2071 1292 2302 1347 sermol
2349 1292 2513 1363 (quod
2566 1303 2650 1349 est
2685 1308 2807 1364 cap.
2838 1294 2865 1348 I
2907 1293 3028 1349 libri
3072 1294 3148 1350 De
3195 1296 3476 1364 baptismo,
3534 1312 3667 1367 pag.

2071 1383 2176 1439 624
2205 1386 2292 1440 ed.
2321 1384 2550 1456 Cum);
2585 1416 2655 1427 —
2680 1387 2736 1442 2°
2764 1368 3001 1457 Quaestio
3053 1403 3175 1443 eum
3206 1391 3583 1459 respexisione,
3610 1408 3658 1445 s.

2071 1492 2193 1547 cap.
2221 1476 2279 1543 2,
2311 1492 2435 1548 pag.
2468 1479 2573 1533 629
2613 1481 2699 1534 ed.
2756 1480 2965 1547 Garn.;
2997 1511 3063 1522 —
3093 1482 3151 1537 5°
3181 1481 3376 1538 Sermo
3408 1481 3485 1550 II,
3520 1499 3565 1537 s.
3593 1482 3663 1536 I3

2071 1570 2355 1638 qumstion.
2403 1587 2525 1626 cum
2560 1573 3028 1642 responsionibus,
3056 1574 3199 1643 apud
3232 1572 3497 1629 Garnier.
3531 1591 3657 1646 pag.

2070 1662 2177 1716 652
2203 1676 2351 1731 sqq.;
2378 1692 2448 1702 —
2472 1662 2532 1717 4⁸
2560 1662 2752 1720 Sermo
2793 1665 3005 1732 tertius,
3031 1665 3147 1721 sive
3177 1674 3345 1736 caput
3406 1667 3650 1732 tertium,

2070 1768 2190 1824 pag.
2223 1754 2328 1810 649
2355 1754 2523 1811 Garn.
2562 1754 2734 1812 "ARL.

2138 1845 2222 1900 11.
2245 1846 2594 1919 Λειτουργία.
2627 1846 2894 1919 Lilurgia.
2926 1848 3095 1904 Garn.
3128 1847 3206 1916 II,
3243 1863 3367 1920 pag.
3404 1849 3511 1904 672
3533 1864 3654 1919 sqq.

2065 1934 2172 1992 Sed
2229 1948 2549 2009 antequam,
2577 1956 2699 2010 quae
2733 1942 2823 1996 ille
2852 1940 3109 2009 reddidit,
3140 1956 3491 2008 enarrem,ea
3536 1957 3659 2010 qua:

2065 2027 2345 2086 Fabricius
2367 2031 2417 2084 iu
2441 2042 2549 2087 vet.
2580 2032 2667 2087 ed.
2699 2032 2841 2086 inter
2864 2034 3088 2102 scripta,
3114 2033 3166 2086 iu
3190 2033 3344 2088 editt.
3367 2031 3553 2087 Basilii
3581 2032 3654 2085 Μ.

2066 2117 2318 2178 Gr.-Lat.
2367 2123 2678 2180 desiderata
2709 2140 2767 2178 ιι.
2795 2123 2893 2179 XX
2919 2134 2974 2179 et
3001 2122 3168 2179 XXVI
3193 2125 3429 2196 scripsit,
3458 2127 3658 2181 additis

2065 2212 2387 2283 quibusdam
2436 2215 2909 2273 observationibus
2966 2218 3022 2272 1ι.
3071 2217 3108 2272 l.
3148 2233 3427 2287 reponam.
3460 2218 3631 2275 11Αιιι..

2136 2301 2305 2359 XXV.
2346 2303 2482 2360 Θεία
2517 2304 2859 2380 λειτουργία,
2888 2308 3068 2363 divina
3112 2308 3336 2379 liturgia
3369 2305 3473 2380 (α),
3502 2308 3659 2378 cujus

2064 2395 2311 2450 codicem
2342 2394 2593 2452 Grmcum
2628 2398 2749 2469 plus
2784 2415 2951 2470 quam
2995 2400 3143 2453 mille
3169 2415 3438 2453 annorum
3481 2398 3533 2453 in
3571 2400 3655 2452 bi-

2068 2488 2342 2543 bliotheca
2369 2488 2670 2545 Barberina
2701 2490 2933 2560 reperiri
2964 2499 3199 2546 testatur
3220 2490 3661 2554 Moutl‘auconus.

2068 2595 2189 2649 pag.
2234 2578 2587 2636 2l01tineris
2630 2581 2830 2635 Italici.
2866 2580 3062 2652 Incipit
3103 2599 3118 2636 :
3165 2583 3223 2636 '0
3271 2581 3425 2648 Θεὸς,
3470 2584 3499 2635 ὁ
3525 2581 3659 2645 Θεὸς

2066 2674 2099 2743 ἡ
2110 2671 2248 2743 μῶν,
2286 2675 2315 2726 ὁ
2348 2673 2440 2727 τὸν
2468 2674 2719 2746 οὐράνιον
2753 2672 2940 2746 ἄρτον,
2966 2674 3066 2746 τὴν
3090 2676 3319 2746 τροφήν,
3351 2687 3458 2729 etc.

2138 2764 2327 2821 Graec
2354 2781 2475 2822 eum
2509 2766 2726 2837 Iiturgia
2755 2765 2942 2821 Jacobi
2988 2778 3046 2820 et
3075 2764 3472 2836 Chrysostomi,
3508 2765 3658 2822 aliis-

2070 2872 2175 2926 que
2199 2859 2419 2928 scriptis
2445 2859 2715 2928 liturgicis
2733 2859 2932 2928 prodiit
2960 2857 3140 2914 Paris.
3173 2858 3335 2925 1560,
3371 2857 3497 2923 l'oI.,
3527 2874 3655 2928 pag.

2069 2950 2161 3015 45,
2198 2951 2340 3021 typis
2371 2952 2533 3022 regiis
2572 2953 2713 3022 apud
2758 2950 2904 3008 Guil.
2950 2949 3279 3019 Morellium,
3325 2959 3381 3006 et
3410 2948 3658 3005 Venetiis

2078 3041 2234 3109 1548,
2278 3043 2440 3109 1601,
2467 3053 2573 3100 etc.

375 3138 430 3193 in
461 3146 572 3193 vet.
604 3138 692 3193 ed.
735 3139 878 3193 inter
916 3136 1181 3203 ejusmodi
1214 3136 1416 3188 omissa
1463 3135 1669 3202 scripta
1720 3148 1778 3187 ιι.
1822 3130 1963 3187 XXII
1993 3167 2035 3224 ο
2143 3135 2335 3192 Latine
2368 3152 2437 3190 ex
2464 3135 2631 3192 veteri
2659 3135 2913 3191 versione
2937 3136 2988 3189 in
3017 3134 3364 3190 Bincaviensi
3397 3133 3455 3189 S.
3486 3134 3660 3192 Joan-

374 3228 799 3285 memorabatnr.
824 3255 894 3268 —-
930 3226 1119 3281 Exstat
1144 3226 1196 3280 in
1234 3224 1322 3279 VII
1362 3226 1520 3280 codd.
1554 3224 1728 3278 Paris.
1758 3222 1929 3279 Ηιιιιι..

449 3320 534 3375 10.
565 3319 702 3391 Περὶ
726 3318 1124 3390 βαπτίσματος.
1150 3316 1225 3371 De
1246 3318 1524 3386 baptismo.
1552 3315 1628 3370 De
1646 3318 1750 3370 Itoc
1770 3331 1960 3386 opusc.

374 3411 594 3469 Fabric.
619 3412 709 3479 qui
731 3410 784 3463 in
805 3419 913 3464 vet.
941 3409 1071 3462 edit.
1100 3408 1423 3462 numerabat
1447 3416 1570 3477 post
1596 3407 1849 3461 ltomilias
1874 3406 1961 3472 IV,

376 3515 509 3557 tom.
539 3502 555 3555 I
605 3502 730 3556 edd.
759 3516 942 3569 super.
968 3499 1068 3555 Gr-
1084 3504 1199 3554 Lat.
1230 3518 1249 3550 ι
1286 3500 1361 3555 De
1384 3499 1661 3570 baptismo,
1690 3501 1784 3568 ait,
1816 3512 1872 3556 et
1899 3502 1964 3555 de

377 3591 557 3663 oﬂiciis
576 3590 1014 3660 baptisandorum
1033 3590 1518 3661 baptizatorumque
1535 3591 1655 3643 libri
1680 3602 1804 3656 tres,
1831 3608 1964 3660 quo-

377 3700 498 3738 rum
540 3684 817 3738 secundus
854 3681 1098 3738 continet
1143 3682 1555 3752 responsionem
1590 3683 1656 3736 ad
1701 3683 1963 3738 tredecim

374 3775 740 3846 qttmstiones;
769 3775 964 3831 tertius
990 3789 1120 3829 vero
1146 3774 1366 3828 brevior
1400 3778 1539 3828 male
1563 3775 1613 3827 in
1645 3776 1810 3831 editis
1837 3792 1960 3846 pag.

374 3868 480 3923 670
513 3866 752 3925 secundo
787 3868 1153 3937 praemittitur.
1196 3867 1327 3922 Vide
1351 3865 1740 3921 Combelisiutn
1772 3867 1962 3922 Basilii

377 3961 602 4015 restituti
627 3973 758 4014 tom.
794 3960 836 4025 I,
864 3977 916 4029 p.
945 3960 1072 4014 249.
1112 3958 1286 4014 Vertit
1315 3958 1628 4028 \Volfgang.
1663 3959 1959 4026 Masculus,

375 4053 539 4109 Basil.
580 4053 755 4117 1540,
802 4053 957 4123 cujus
1002 4054 1183 4107 versio
1234 4053 1287 4105 in
1329 4052 1738 4107 Grmco-Latin.
1798 4054 1958 4108 editt.

375 4154 576 4209 exstat,
605 4161 633 4198 a
670 4146 865 4199 Ducteo
891 4146 1176 4215 castigata,
1204 4155 1258 4198 et
1288 4142 1459 4200 Janus
1487 4145 1806 4201 Cornarius.
1843 4166 1862 4197 ι
1891 4177 1963 4186 -

373 4239 420 4295 Α
450 4237 763 4303 Garnierio,
799 4237 863 4300 lI,
890 4254 938 4306 p.
978 4237 1106 4300 624,
1147 4238 1286 4291 inter
1317 4237 1503 4306 spuria
1540 4238 1776 4307 positqu
1807 4241 1961 4295 estid

373 4345 530 4399 opus,
562 4316 705 4398 quod
737 4330 879 4400 apud
908 4328 1057 4383 illum
1093 4337 1307 4381 constat
1349 4327 1564 4381 duobus
1585 4328 1781 4395 libris;
1822 4346 1960 4403 quo-

372 4436 496 4477 rum
519 4421 669 4492 prior
691 4420 984 4475 distinctus
1004 4430 1089 4476 est
1118 4421 1172 4473 in
1209 4420 1311 4473 tria
1343 4434 1503 4489 capp.
1533 4420 1696 4489 Atqui
1740 4423 1961 4476 tertium

2067 3229 2152 3284 nis
2175 3230 2507 3287 monasterio
2532 3239 2769 3298 reperta,
2803 3241 2925 3299 post
2949 3228 3034 3284 .Io.
3065 3227 3397 3293 Cocltlaeum,
3427 3228 3481 3282 in
3522 3226 3658 3295 Spe-

2065 3320 2183 3374 culo
2199 3321 2430 3391 antiqua:
2451 3321 2736 3375 devotionis
2755 3321 2896 3374 circa
2917 3321 3152 3383 missam,
3185 3320 3470 3392 Moguntina
3490 3318 3656 3383 1549,

2068 3410 2182 3477 fuI.,
2226 3426 2350 3481 pag.
2382 3410 2485 3465 119
2553 3409 2734 3481 [οοιιΐ.
2762 3411 2907 3481 Ittig.
2956 3410 3031 3465 De
3059 3412 3380 3465 bibliothecis
3409 3410 3654 3473 Patrum,

2064 3517 2188 3572 pag.
2225 3502 2329 3557 664
2356 3501 2576 3575 J,edidit
2603 3501 2854 3557 Claudius
2889 3503 2956 3557 de
2997 3502 3249 3557 Saiuctes
3288 3503 3425 3556 inter
3463 3500 3654 3555 Litur-

2064 3596 2182 3665 gica
2199 3592 2445 3662 Patrum,
2465 3595 2746 3665 Antwcrp.
2773 3593 2932 3661 1562,
2957 3596 3008 3649 8.
3036 3594 3301 3648 Praeterea
3323 3593 3483 3649 vertit
3508 3591 3655 3647 Gen-

2069 3687 2246 3740 liunns
2272 3684 2536 3742 Ilervetn's
2561 3685 2750 3741 Venet.
2780 3685 2936 3750 1548,
2961 3684 3027 3746 8;
3056 3685 3334 3754 Antwcrp.
3378 3682 3537 3751 I562,
3592 3683 3651 3738 8.

2137 3774 2323 3831 Graece
2356 3786 2413 3830 et
2449 3776 2638 3831 Latine
2682 3791 2805 3830 cum
2849 3775 3063 3831 lIerveti
3100 3777 3351 3830 versione
3389 3784 3566 3829 exstat
3599 3775 3653 3827 i-tt

2065 3870 2327 3923 Anetario
2360 3869 2624 3922 Ducaeano
2650 3866 2991 3922 Bibliotheca:
3030 3867 3253 3921 Patrum
3276 3864 3453 3920 Paris.
3486 3865 3651 3928 1624,

2067 3960 2187 4025 101..
2222 3970 2371 4015 tomo
2403 3961 2466 4028 ΙΙ,
2498 3970 2552 4014 et
2580 3960 2631 4013 in
2655 3959 2986 4013 Bibliotheca
3010 3957 3238 4013 Patrum
3271 3957 3452 4014 Paris.
3488 3958 3653 4018 1654.

2068 4064 2201 4107 ιοιιι.
2236 4052 2356 4120 XII,
2385 4068 2438 4122 p.
2470 4052 2598 4117 282,
2641 4066 2706 4107 ex
2742 4049 2933 4106 Graeco
2962 4049 3215 4105 Demetrii
3256 4049 3438 4114 Ducas,
3466 4048 3654 4104 [ὶυιιιαι

2070 4144 2228 4211 I526,
2257 4144 2312 4201 4.

2136 4237 2204 4292 Ει
2229 4252 2351 4291 cum
2383 4235 2551 4291 variis
2596 4234 2922 4290 lectionibus
2952 4234 3201 4303 natisque
3231 4233 3419 4287 Jacobi
3462 4231 3652 4297 Goari,

2068 4329 2120 4383 in
2153 4326 2478 4398 Eucltologio
2503 4326 2807 4381 Gra'corum
2833 4325 3121 4387 illustrato,
3148 4324 3322 4380 Paris.
3352 4323 3651 4387 1647,1υ1.,

2067 4436 2120 4490 p.
2154 4417 2258 4473 158
2287 4433 2408 4488 seq.
2447 4416 2584 4489 [rec.
2612 4413 2805 4470 Venet.
2838 4414 3012 4478 I750;
3046 4425 3098 4467 et
3134 4415 3275 4468 aliud
3318 4414 3458 4469 illius
3492 4414 3653 4468 litur-

371 4523 537 4587 eaput
558 4512 690 4569 olim
717 4513 1115 4568 inscribebatur
1147 4509 1617 4586 Liber.sscundus.
1649 4512 1756 4568 Sed
1786 4512 1954 4569 Garn.
1994 4527 2040 4587 ῃ
2065 4509 2166 4579 gite
2208 4506 2489 4577 exemplar
2535 4521 2602 4560 ex
2653 4519 2755 4558 ms-
2796 4501 2986 4558 ιδίάυτὶ
3028 4503 3320 4573 “ironia”.
3360 4504 3653 4573 Smyrnwi.

372 4608 427 4660 in
476 4617 603 4661 nota
640 4620 763 4675 pag.
811 4602 957 4658 649:
991 4620 1011 4655 ι
1048 4601 1570 4667 Lucubratiuncula,
1601 4603 1796 4673 inquit,
1834 4620 1953 4673 qua

371 4700 616 4768 sequitur
649 4696 730 4769 [u.
763 4712 882 4766 cap.
924 4696 1140 4750 tertium
1174 4695 1316 4762 apud
1349 4693 1522 4767 illum]
1556 4692 1755 4764 rejeeta
1784 4705 1868 4751 est
1898 4697 1951 4751 in

370 4785 504 4857 Reg.
536 4787 711 4858 primo
750 4794 869 4856 post
889 4800 1010 4839 eam
1035 4784 1578 4848 commentationem,
1610 4800 1732 4854 qua:
1764 4785 1816 4839 in
1854 4786 1955 4839 int-

370 4878 573 4947 pressis
614 4878 766 4934 libris
799 4876 1117 4932 inscribitur
1160 4874 1318 4931 Liber
1354 4876 1637 4942 secundus,
1685 4877 1767 4933 sic
1813 4888 1870 4933 ut
1898 4879 1952 4932 in

369 4984 439 5023 eo
480 4969 669 5024 codice
711 4969 1117 5037 distinguantur
1150 4980 1262 5024 tres
1293 4969 1439 5023 libri.
1486 4968 1594 5023 Bes
1620 4978 1800 5024 autem
1843 4984 1950 5026 non

372 5058 506 5112 laltli
536 5057 690 5113 nobis
722 5059 837 5113 visa
865 5070 972 5123 est,
1004 5070 1061 5113 ut
1109 5070 1328 5128 propter
1360 5074 1426 5113 ea
1452 5058 1824 5126 iudicaremus
1859 5071 1954 5115 aut

371 5161 483 5204 tres
514 5150 683 5205 libros
720 5151 1132 5221 distinguendos
1170 5166 1316 5217 esse,
1349 5160 1443 5206 ant
1466 5154 1756 5222 antiquum
1798 5155 1953 5208 ordi-

369 5258 496 5297 nem
544 5244 883 5321 mutandum.
942 5264 961 5298 ι
1011 5244 1177 5300 Liber
1227 5247 1498 5300 secundus
1537 5247 1787 5301 continet
1834 5245 1948 5300 XIII

371 5340 561 5401 quaest.
590 5349 717 5387 euut
758 5334 981 5389 totidem
1029 5335 1492 5404 responsionibus.
1541 5336 1617 5390 De
1663 5336 1755 5391 illo
1784 5350 1951 5406 Opere

443 5508 520 5586 (ᾳ)
562 5508 822 5586 Basiliam
856 5513 1143 5586 scripsisse
1178 5515 1382 5584 aliquid
1414 5513 1572 5582 hujus
1605 5514 1947 5584 argumenti,

373 5588 425 5633 et
451 5580 721 5646 Iitnrgiam
743 5580 935 5635 litteris
956 5580 1328 5654 eoasiguasse,
1357 5601 1461 5639 nou
1486 5580 1570 5637 est
1592 5580 1945 5654 dubitandum

374 5653 497 5723 post
525 5656 601 5698 tot
624 5658 864 5717 veterum
890 5662 943 5704 et
964 5653 1137 5723 totius
1159 5655 1397 5707 Orientis
1418 5656 1806 5708 testimonium.
1842 5653 1947 5707 Sed

376 5721 517 5794 inter
551 5724 704 5793 totet
728 5724 836 5794 tant
866 5721 1081 5781 multas,
1115 5738 1234 5789 quae
1258 5727 1326 5776 ab
1353 5724 1497 5777 illius
1524 5735 1767 5792 tempore
1800 5724 1950 5776 Basi-

375 5786 432 5839 .ii
465 5786 695 5852 ltturgite
727 5785 902 5840 allato:
941 5800 1064 5843 sunt
1118 5785 1443 5849 mutatione:
1475 5807 1528 5848 et
1570 5785 1941 5863 interpolatio-

2063 4600 2377 4656 tnonasterii
2413 4598 2475 4653 S.
2505 4595 2700 4653 Joann.
2743 4596 2796 4649 in
2844 4594 3017 4648 insula
3053 4593 3278 4648 I’atbmo
3311 4594 3559 4654 diaconi,
3597 4610 3652 4663 p.

2065 4693 2191 4757 180,
2221 4707 2344 4752 cum
2370 4688 2433 4743 V.
2467 4688 2530 4743 L.
2558 4688 2688 4742 edit.
2718 4684 2928 4740 Latinae
2962 4685 3255 4755 Margariui
3285 4685 3349 4740 de
3373 4685 3422 4739 Ia
3458 4684 3653 4757 Bigue,

2065 4802 2120 4856 p.
2152 4784 2275 4848 184,
2307 4795 2363 4839 et
2397 4792 2507 4836 not.
2538 4797 2592 4850 p.
2625 4777 2776 4852 I85.]

2135 4878 2441 4952 [Fabricius
2472 4874 2612 4930 inl'ra
2646 4874 2750 4929 vol.
2786 4869 2920 4937 XIII,
2952 4870 2980 4942 §
3009 4869 3192 4936 XLIV,
3215 4887 3336 4942 pag.
3367 4870 3474 4925 814
3505 4886 3654 4940 sqq.,

2065 4968 2542 5037 deititcatalogum
2569 4965 2909 5035 liturgiarum
2939 4973 3106 5017 veter.
3144 4965 3439 5027 editarum,
3478 4975 3534 5016 et
3566 4977 3656 5016 re-

2062 5068 2248 5117 censet
2290 5075 2412 5131 pag.
2457 5057 2562 5113 816
2610 5072 2693 5125 sq.
2742 5055 2962 5124 Georgii
3009 5054 3300 5109 Cassandri
3346 5052 3652 5123 Liturgiea.

2061 5151 2248 5207 Colon.
2282 5148 2442 5217 15ὸ9,
2480 5148 2536 5212 8,
2571 5156 2627 5201 et
2661 5147 2715 5200 in
2744 5145 2928 5199 limine
2953 5160 3200 5214 operum,
3224 5142 3454 5211 junctim
3478 5146 3657 5198 edito-

2061 5260 2203 5307 rum,
2239 5242 2412 5297 Paris.
2446 5240 2604 5303 1616,
2646 5238 2767 5303 lol.,
2795 5238 2849 5291 in
2890 5237 3088 5306 quibus
3117 5251 3224 5289 non
3264 5236 3490 5304 integrae
3522 5238 3653 5305 qni-

2060 5338 2182 5392 dem
2217 5335 2447 5405 Iiturgizc
2473 5345 2704 5393 veteres,
2737 5329 2833 5384 sed
2863 5342 3183 5397 argumenta
3212 5328 3455 5382 breviter
3477 5342 3655 5397 expoo

2055 5530 2173 5578 nes,
2209 5514 2336 5583 quid
2371 5512 2587 5566 demum
2618 5511 2675 5583 _i_n
2699 5506 2975 5583 eaBasilii
3001 5504 3093 5583 sit,
3132 5513 3286 5583 certo
3318 5504 3523 5583 dicere,
3557 5504 3649 5583 vix

2053 5596 2136 5641 est
2160 5574 2282 5653 opis
2309 5584 2581 5653 Immanm.
2613 5579 2798 5653 Basilii
2828 5576 3107 5653 Iiturgiant
3137 5574 3377 5653 illustrat
3406 5574 3645 5653 Allatius

2052 5642 2236 5710 exere.
2289 5652 2452 5717 XXV,
2498 5661 2712 5727 contra
2751 5642 3163 5727 Creygatonum.
3226 5642 3355 5698 Vide
3408 5656 3465 5698 et
3516 5644 3653 5704 Acta

2052 5737 2285 5782 sanctor.
2323 5735 2456 5780 tom.
2494 5723 2535 5776 II
2568 5720 2737 5784 Junii,
2767 5733 2887 5787 pag.
2921 5716 3048 5770 845.
