4094 6220
409 362 600 414 (κιαι

1764 342 2300 414 PBOLEGOMEXA.

418 499 563 554 sqq.,
599 498 660 537 ex
695 468 990 534 lleuaddoti
1031 484 1193 548 opere
1233 476 1326 534 cit.
1371 479 1587 533 redditae
1621 489 1744 534 sunt
1785 490 1990 533 tantmn
2023 485 2064 538 Α
2100 492 2269 543 ratus,
2312 478 2517 548 pridem
2554 478 2843 533 intercidit.
2896 467 3028 533 Vide
3053 465 3356 533 Tillemont.
3390 489 3516 533 tom.
3551 479 3672 539 XVI

415 577 587 645 prima
620 582 673 629 et
706 571 892 635 tertia;
929 570 983 623 1°
1002 568 1310 638 LiturgiaS.
1334 570 1993 635 BasiliiAlexandrina,ex

414 666 535 719 co'd.
565 658 1033 722 Graeco-Arabico,
1070 659 1221 714 initio
1253 659 1461 720 mutila,
1492 659 1587 713 Gr.
1614 674 1676 713 ac
1710 659 1913 713 Lat.—
1936 660 1994 712 2°

412 754 651 823 Liturgia
684 754 740 808 S.
773 752 895 807 Bas.
942 766 1011 807 ex
1060 751 1280 817 Coptico
1310 767 1590 806 contersa.
1626 782 1694 791 —
1730 752 1783 805 In
1842 751 1991 819 praef.

417 838 445 917 ς
478 842 615 908 XIII,
656 856 710 913 ι).
744 856 943 907 cxxxv,
978 842 1265 895 admodum
1297 856 1462 910 pauca
1494 842 1559 895 de
1583 840 1992 910 Basiliiliturgia

412 946 567 991 caute
600 944 804 998 monet,
833 935 1085 1004 quoniam
1125 935 1191 986 ab
1221 933 1337 987 aliis
1368 933 1577 987 abunde
1611 935 1682 987 sit
1708 933 1775 987 de
1812 933 1898 986 illa
1938 932 1990 985 in

414 1041 697 1100 utramque
735 1039 941 1098 partem
977 1028 1323 1097 disputatum.
1379 1028 1529 1082 Adde
1585 1016 1758 1081 Riveti
1808 1027 1992 1081 Critici

413 1122 549 1177 sacri
601 1120 694 1177 lib.
731 1135 810 1181 Ill,
839 1130 959 1185 cap.
992 1116 1083 1180 20,
1124 1131 1178 1184 p.
1221 1116 1324 1169 55.1
1368 1131 1487 1185 sqq.
1531 1115 1756 1170 Uberius
1799 1118 1864 1170 de
1904 1117 1991 1171 Illa

416 1211 527 1275 egit
566 1218 620 1264 et
666 1208 879 1262 diversa
908 1207 1175 1259 variorum
1213 1204 1412 1275 judicia
1446 1205 1659 1275 collegit
1699 1204 1896 1260 Oudin.
1938 1208 1989 1260 in

413 1302 617 1356 Comm.
647 1301 739 1355 cit.
793 1312 923 1354 tom.
956 1296 1000 1361 I,
1042 1300 1105 1351 de
1133 1298 1350 1361 Basilio,
1383 1312 1502 1367 cap.
1537 1299 1591 1359 5‘,
1623 1315 1675 1363 p.
1700 1296 1805 1351 572
1845 1314 1988 1367 sqq.,

411 1402 475 1445 ιιι
508 1390 803 1445 Benaudoti
850 1388 1188 1455 aliorumque
1220 1388 1558 1441 narrationes
1587 1387 1991 1453 sententiasque

414 1483 843 1550 praetermittam.
864 1508 935 1521 —
957 1480 1031 1534 De
1051 1481 1170 1532 cod.
1203 1479 1332 1532 bibl.
1354 1476 1525 1534 Paris.
1558 1488 1610 1531 η’.
1645 1477 1989 1545 MMMXXIII,

418 1573 762 1644 bombycino,
802 1572 1271 1632 Graeco-Arabico,
1312 1571 1402 1641 qui
1437 1572 1676 1626 continuet
1718 1570 1989 1640 Iiturgiam

417 1665 596 1718 Basilii
632 1663 1075 1726 Alexandrinam,
1107 1661 1328 1729 Coptice
1352 1675 1584 1725 versam,
1619 1678 1738 1715 cum
1772 1662 1981 1716 versio-

418 1771 486 1808 ne
508 1754 760 1818 Arabica,
792 1753 886 1807 sed
915 1751 1123 1806 diversa
1148 1752 1214 1806 ab
1237 1765 1298 1807 ea
1322 1766 1440 1821 qua:
1471 1753 1705 1806 occurrit
1729 1752 1780 1805 in
1807 1751 1989 1820 Capti—

2103 570 2320 624 .Ilemor.
2361 571 2464 623 Itist
2489 571 2695 629 eccles..
2722 584 2777 638 ρ.
2813 569 2935 623 611.
2969 589 2987 622 ›
3025 569 3294 623 Ilactenus
3335 567 3498 624 FABR.
3532 570 3667 626 Gar-

2098 660 2365 728 uier.,qui
2398 660 2498 714 tria
2534 660 2648 713 haec
2670 659 2924 729 opuscula
2960 658 3145 713 Graece
3174 676 3402 727 unquam
3428 662 3666 717 exstitis-

2096 765 2154 803 se
2197 750 2423 814 dttbitat,
2460 769 2491 804 e
2520 751 2794 805 contrario
2853 765 2881 804 a
2931 749 3140 804 Latinis
3171 755 3463 819 composita
3502 753 3667 808 fuisse

2101 861 2197 912 pro
2239 853 2390 899 certo
2434 846 2616 906 liabet,
2640 844 2866 899 discedit
2893 860 2922 897 a
2949 846 3215 899 sententia
3244 844 3475 901 Fabricii
3509 859 3667 917 atque

2093 936 2308 1001 Oudiui,
2336 946 2391 990 et
2412 947 2572 1004 negat
2627 935 2859 989 libellum
2891 936 3146 1005 primum,
3174 936 3228 989 in
3266 950 3371 1003 quo
3408 951 3475 990 ne
3504 948 3664 993 unum

2092 1028 2307 1095 quidem
2348 1027 2575 1081 verbum
2599 1027 2665 1081 de
2694 1027 2987 1081 liberorum
3019 1028 3312 1082 amissione
3340 1027 3563 1096 legatur,
3596 1030 3661 1082 il-

2094 1120 2180 1172 lud
2224 1119 2397 1187 ipsum
2443 1134 2579 1187 opus
2620 1132 2738 1173 esse
2773 1116 3008 1172 Victoris
3058 1117 3466 1182 Cartennensis,
3522 1121 3663 1189 quod

2090 1212 2400 1266 Gennadius
2427 1212 2521 1280 ait,
2575 1212 2696 1266 ideo
2739 1211 2997 1281 scriptum
3044 1208 3213 1265 fuisse
3263 1223 3294 1263 a
3328 1208 3567 1275 Victore,
3606 1220 3665 1268 ut

2091 1301 2378 1368 quemdam
2412 1302 2647 1355 amicum
2684 1316 2838 1355 suum
2858 1308 3018 1368 super
3041 1296 3133 1350 lilii
3158 1306 3329 1352 morte
3352 1299 3662 1354 consolare-

2094 1405 2201 1447 tur.
2227 1392 2416 1457 Docet,
2455 1408 2731 1447 auctorem
2767 1392 3000 1446 voluisse
3036 1402 3224 1443 omnes
3267 1390 3533 1444 consolari
3574 1401 3666 1445 ca-

2093 1492 2388 1556 lamitosos,
2417 1490 2681 1557 praecipue
2706 1502 2799 1542 eos
2823 1486 2912 1555 qui
2938 1486 3098 1555 lep‘rte
3122 1486 3308 1540 morbo
3341 1485 3665 1540 alﬂictaban-

2092 1593 2197 1635 tur.
2227 1581 2465 1651 Denique
2493 1580 2670 1632 laudat
2707 1578 2864 1631 amici
2898 1575 3176 1644 cujusdam
3203 1574 3486 1643 judicium,
3513 1574 3662 1628 illum

2089 1669 2323 1723 libellum
2364 1683 2394 1722 a
2441 1665 2595 1722 Gallo
2651 1664 2816 1718 fusse
2871 1663 3252 1731 compositum.
3300 1677 3364 1717 eo
3414 1663 3664 1719 videlicet

2092 1766 2352 1827 tempore,
2390 1771 2498 1825 quo
2519 1756 2678 1825 Ieprie
2715 1755 2831 1809 lues
2876 1753 3120 1823 regiones
3157 1752 3273 1806 illas
3301 1751 3536 1806 maxime
3577 1752 3661 1806 in-

416 1845 681 1900 cis-codd.
717 1844 869 1915 plura
904 1843 1067 1897 tradit
1110 1843 1407 1897 Beuaudot.
1447 1844 1501 1896 in
1543 1842 1833 1897 Montl'auc.
1880 1842 1990 1896 Pa—
2022 1821 2063 1875 Β
2094 1821 2332 1902 lestaret.
2367 1821 2443 1900 De
2471 1821 2702 1901 secunda
2734 1821 3074 1900 oratiuncula
3106 1845 3325 1913 adoptat
3346 1842 3514 1898 Garn.
3555 1843 3661 1898 Fa-

412 1936 598 2006 lwogr.
635 1933 754 2001 Gn,
784 1952 839 2006 p.
877 1936 982 1989 515
1011 1951 1095 2003 sq.
1126 1965 1191 1977 —-
1225 1935 1357 1987 Ibid.
1385 1931 1706 1989 inter-libros
1732 1942 1856 1988 suo‘s
1882 1934 1991 1990 Ge-

420 2028 598 2083 rasius
651 2028 703 2081 in
737 2027 1023 2097 diplomate
1059 2024 1248 2080 Graeco
1285 2037 1422 2093 patr.
1470 2024 1527 2079 S.
1566 2026 1751 2081 Basilii
1786 2027 1989 2092 Romae,

416 2130 537 2185 post
566 2135 694 2173 ann.
737 2121 868 2174 circ.
900 2119 1057 2183 1155,
1098 2129 1359 2172 memorat
1385 2119 1482 2188 τὴν
1513 2118 1830 2189 ἑρμηνείαν,
1862 2129 1990 2186 etc.,

414 2212 898 2280 interpretationem
931 2211 1160 2280 liturgia:
1192 2210 1254 2265 S.
1291 2210 1503 2264 Basilii.
1534 2241 1597 2251 —-
1630 2209 1685 2263 In
1727 2211 1856 2266 bibl.
1894 2212 1990 2267 Uf-

416 2300 669 2355 fenbach.
712 2297 964 2354 Francof.
996 2298 1097 2352 fuit
1132 2298 1185 2351 in
1208 2299 1324 2353 cod.
1356 2314 1479 2353 saec.
1520 2316 1595 2361 ix,
1621 2298 1809 2353 Basilii
1837 2301 1993 2354 litur-

414 2394 526 2457 gia,
563 2390 655 2446 sed
691 2407 797 2445 non
830 2394 987 2445 modo
1010 2393 1077 2445 ab
1115 2390 1255 2443 edita
1286 2390 1471 2445 Gra-ca
1514 2393 1564 2444 in
1602 2392 1784 2447 multis
1814 2393 1992 2447 diver-

416 2498 501 2550 sa,
535 2494 721 2537 verum
750 2484 914 2538 etiam
957 2483 1027 2538 ab
1053 2498 1114 2539 ea
1164 2499 1326 2553 quam
1355 2483 1556 2538 Euseb.
1595 2482 1896 2538 Ileuaudot.
1937 2483 1990 2536 iu

414 2575 732 2632 Collectione
766 2576 1101 2645 liturgiarum
1133 2575 1418 2640 Oriental.,
1443 2586 1569 2629 tom.
1603 2573 1643 2640 1,
1674 2590 1725 2642 p.
1757 2575 1824 2629 57
1845 2590 1987 2645 sqq..

414 2684 483 2722 ex
518 2668 685 2738 Regio
714 2668 835 2723 cod.
866 2669 1073 2737 pritnus
1099 2667 1286 2733 edidit,
1314 2667 1469 2736 longe
1501 2667 1779 2729 recedens,
1818 2667 1892 2720 uti
1924 2666 1995 2721 fe-

417 2773 477 2815 re
509 2776 609 2816 nec
636 2760 855 2831 COptica
899 2775 1000 2814 nec
1037 2759 1285 2830 Syriaca,
1326 2774 1424 2813 nec
1454 2760 1570 2813 alia:
1617 2758 1798 2812 Basilii
1839 2759 1992 2812 litur-

417 2852 520 2918 gite
549 2850 772 2904 invicem
815 2849 1161 2904 conveniunt.
1193 2849 1368 2915 Quare
1390 2846 1441 2902 J.
1472 2846 1534 2901 ll.
1577 2846 1746 2900 Maius
1773 2846 1824 2898 iu
1850 2844 1988 2899 Bibl.

416 2958 516 2999 rm.
563 2941 1000 3011 Ufenbarhiana,
1057 2956 1110 3009 p.
1147 2940 1409 3004 497έ522,
1463 2955 1582 2993 eam
1634 2939 1821 2995 Grtece
1866 2954 1991 2991 cum

417 3048 514 3085 sua
546 3033 795 3086 versione
819 3030 936 3086 Lat.
959 3041 1014 3085 et
1043 3029 1311 3084 nonnullis
1342 3031 1607 3083 adnotatt.
1636 3028 1832 3098 publici
1856 3027 1994 3095 juris

419 3124 563 3178 fecit.
591 3154 663 3164 —
693 3123 865 3177 Paris.
911 3123 964 3177 in
1001 3121 1128 3177 bibl.
1158 3122 1305 3190 publ.
1341 3122 1554 3192 liturgia
1580 3120 1675 3176 Gr.
1721 3130 1897 3176 exstat
1938 3121 1988 3175 in
2017 3151 2060 3209 ρ

417 3213 533 3269 VIII
562 3215 681 3270 cod.
717 3213 777 3269 V.
819 3214 935 3269 Cat.
978 3215 1127 3268 codd.
1169 3214 1365 3271 Paris..
1393 3215 1500 3269 Vol.
1540 3211 1618 3279 II;
1644 3223 1902 3282 praeterea
1935 3213 1987 3267 in

423 3305 527 3359 vol.
559 3304 576 3358 Ι
610 3313 974 3369 enumeratur,
1011 3321 1063 3375 p.
1099 3303 1187 3370 57,
1226 3304 1365 3358 inter
1403 3304 1558 3358 codd.
1605 3302 1877 3374 Syriacos,
1920 3302 1990 3356 Ii-

422 3396 595 3463 turgia
620 3393 798 3450 Basilii
828 3406 880 3448 et
917 3393 1144 3465 Gregor.
1189 3394 1441 3447 Nazianz.
1486 3409 1607 3447 cum
1643 3394 1764 3446 aliis
1791 3392 1843 3446 iu
1869 3392 1990 3446 cod.

425 3482 659 3541 LXVIII.
700 3513 772 3525 -—
798 3483 926 3552 Pag.
958 3484 1028 3537 72
1054 3499 1137 3558 sq.
1173 3484 1314 3538 inter
1340 3484 1493 3537 codd.
1532 3481 1783 3551 Gopticos
1807 3479 1987 3550 liturg.

422 3593 528 3631 una
550 3594 671 3632 cum
697 3578 1140 3646 interpretatione
1167 3575 1418 3640 Arabica,
1445 3574 1600 3628 codd.
1627 3573 1797 3630 XXIV
1822 3588 1992 3644 usque

423 3669 490 3724 ad
522 3666 692 3734 XXX,
730 3671 782 3724 in
813 3670 868 3734 4,
901 3670 1020 3725 cod.
1055 3666 1297 3733 XXXIX,
1334 3668 1383 3720 in
1404 3667 1456 3720 8.
1494 3692 1564 3706 --
1611 3665 1849 3736 Liturgia
1885 3666 1990 3721 Ba-

420 3759 510 3813 sil.
545 3760 597 3814 in
625 3761 893 3829 epitomen
935 3761 1169 3824 redacta,
1202 3759 1255 3812 in
1290 3759 1410 3813 cod.
1444 3755 1612 3819 XXX,
1644 3755 1737 3811 fol.
1767 3787 1836 3799 --
1867 3758 1994 3812 Vin-

423 3852 647 3906 dobOnee
673 3853 724 3905 in
753 3852 870 3906 cod.
898 3851 1036 3907 Cres.
1066 3850 1180 3915 XC,
1211 3867 1264 3901 u.
1293 3849 1346 3912 5,
1372 3847 1552 3902 Basilii
1577 3858 1897 3918 praeceptum
1924 3850 1992 3905 ad

422 3943 754 3997 sacerdotem
784 3945 850 3997 de
884 3943 1060 3996 divina
1094 3941 1328 4007 Iiturgia,
1373 3948 1507 3993 teste
1554 3937 1816 4004 Nesselio,
1870 3938 1989 3996 Cat.

421 4037 555 4088 codd
587 4075 602 4098 ,
629 4043 767 4101 part.
803 4050 855 4100 ν,
883 4050 1003 4102 pag.
1035 4034 1155 4089 113.
1191 4035 1359 4088 IIattL.

495 4125 581 4182 12.
622 4126 826 4189 15,11.
872 4124 1145 4179 Tractatus
1190 4127 1254 4182 S.
1293 4127 1485 4183 Basilii
1534 4129 1598 4182 de
1640 4128 1993 4183 consolatione

422 4227 483 4278 in
522 4224 775 4284 adversis,
823 4223 1050 4287 incerto,
1087 4225 1180 4278 sed
1215 4226 1435 4293 antiquo
1466 4227 1776 4294 interprete.
1821 4224 1990 4280 Garn.

424 4318 485 4376 Il,
519 4335 570 4387 p.
606 4317 729 4383 697,
755 4316 844 4385 qui
882 4318 931 4370 in
972 4316 1122 4385 praei.
1166 4315 1352 4387 §XI|I,
1391 4333 1443 4386 p.
1474 4333 1649 4372 t.xxxv
1670 4333 1776 4386 sq.,
1801 4318 1865 4371 de
1890 4317 1993 4372 hoc

424 4419 480 4464 et
511 4410 716 4464 duobus
744 4409 1092 4477 sequentibus
1118 4425 1306 4477 opusc.
1332 4409 1558 4473 Latinis,
1584 4426 1702 4480 quae
1728 4413 1866 4480 apud
1887 4400 1992 4463 Fa-

2092 1939 2248 1994 bricii
2300 1939 2638 2008 aliorumque
2666 1937 2949 2005 judicium.
2983 1936 3221 1990 Tertium
3260 1936 3493 2004 denique
3523 1950 3663 2005 Opts-5

2093 2031 2300 2084 sculum
2331 2028 2559 2083 alIirmat
2600 2028 2779 2084 Basilii
2806 2028 3019 2096 quidem
3049 2041 3152 2080 non
3182 2041 3302 2081 esse
3324 2041 3339 2091 ;
3359 2028 3476 2092 sed,
3513 2035 3602 2080 aut
3630 2041 3666 2081 a

2092 2128 2220 2189 quo,
2246 2135 2337 2177 aut
2361 2139 2467 2193 quo
2498 2131 2739 2192 tempore
2765 2120 3099 2176 elaboratum
3128 2119 3219 2184 sit,
3245 2118 3400 2189 plane
3430 2118 3661 2190 ignorat.

2094 2212 2266 2266 ΒΑΜ..

2165 2301 2354 2375 [XIV.]
2399 2301 2472 2355 De
2507 2300 2659 2354 laude
2706 2301 2959 2355 solitaria:
2999 2300 3137 2367 uitta,
3178 2298 3388 2356 Latine.
3433 2301 3660 2368 Incipit:

2096 2394 2238 2448 Libet
2278 2396 2342 2447 de
2371 2394 2653 2463 singularis
2692 2394 2810 2446 vita:
2842 2409 2969 2446 mea:
2996 2395 3213 2461 meritis,
3270 2404 3375 2448 etc.
3436 2394 3495 2449 P.
3539 2395 3662 2451 705.

2093 2486 2275 2555 Neque
2313 2486 2413 2541 hoc
2451 2485 2702 2539 Basiliam
2745 2492 3019 2539 auctorem
3063 2485 3243 2547 habet,
3294 2486 3389 2540 sed
3442 2484 3663 2540 Petrum

2094 2577 2359 2640 Datuiani,
2390 2578 2612 2644 petitum
2650 2592 2714 2629 ex
2760 2575 2875 2644 ejus
2921 2576 3179 2645 opusculo
3219 2575 3311 2641 XI,
3360 2578 3474 2631 sive
3528 2577 3665 2631 libro

2094 2665 2345 2719 Dominus
2374 2665 2656 2729 vobiscum,
2692 2680 2813 2734 cap.
2859 2664 2943 2729 19,
2985 2675 3111 2719 tom.
3140 2665 3204 2718 lll
3235 2664 3369 2736 Opp.
3405 2681 3525 2736 pag.
3561 2665 3666 2721 ωδ

2094 2772 2208 2825 seq.
2233 2757 2361 2809 edit.
2393 2756 2567 2812 Paris.
2599 2755 2759 2817 1642,
2795 2754 2887 2808 fol.

2106 2900 2111 2905 .
2165 2847 2331 2920 [XV.]
2357 2848 2656 2901 Admonitio
2707 2848 2775 2899 ad
2804 2847 2974 2916 ﬁlium
2999 2848 3310 2916 spiritalem,
3340 2847 3548 2911 Latine,
3604 2864 3667 2902 n-

2093 2950 2241 2994 certo
2304 2943 2610 3008 interprete.
2646 2936 2836 3006 Incipit
2871 2939 3074 3006 :Audi,
3117 2938 3216 3006 ﬁli,
3258 2940 3666 2993 admonitionem

2092 3033 2256 3099 patris
2289 3032 2387 3096 tui,
2430 3047 2487 3100 p.
2518 3030 2637 3085 208.
2675 3030 2864 3085 Exstat
2909 3042 2961 3085 et
3011 3031 3065 3085 in
3114 3033 3409 3101 appendice
3455 3031 3664 3087 Codicis

2093 3124 2390 3193 regularum
2435 3125 2863 3189 nionnsticarum,
2904 3125 3170 3179 recensita
3211 3140 3240 3177 a
3283 3122 3423 3179 Luca
3455 3122 3667 3180 Holste-

2093 3216 2203 3280 nio,
2233 3214 2386 3267 Rom.
2423 3213 2581 3277 1661,
2615 3212 2670 3278 4,
2705 3222 2759 3267 et
2791 3212 2930 3265 inter
2955 3209 3303 3267 Parteneticos
3331 3224 3516 3267 veteres
3541 3227 3665 3266 cum

2093 3306 2232 3361 natis
2269 3305 2574 3359 Melchioris
2615 3303 2853 3359 Goldasti
2882 3304 3056 3358 editos
3095 3303 3287 3358 Insulis
3316 3305 3472 3371 1604,
3502 3308 3558 3360 4.
3590 3305 3668 3359 De

2090 3399 2555 3468 Anglo—Saxonica
2582 3396 2825 3451 versione
2847 3410 2949 3450 ms.
2975 3397 3097 3449 vide
3117 3397 3415 3467 catalogqu
3439 3398 3667 3465 scripto-

2092 3502 2209 3547 rum
2242 3488 2743 3559 septentrionalium
2780 3487 2831 3542 in
2864 3486 3132 3542 Thesauro
3164 3487 3378 3558 Georgii
3418 3487 3663 3554 Ilickelii,

2092 3582 2321 3652 pag.72.
2363 3579 2528 3636 FABR.
2628 3576 2633 3583 ”

2165 3668 2276 3741 [15.
2323 3668 2572 3724 Humilia!
2599 3677 2721 3724 octo
2745 3669 2953 3734 Basilii,
2982 3684 3112 3738 quas
3133 3669 3403 3722 transtulit
3440 3667 3664 3737 Ruﬁnus

2092 3762 2153 3816 de
2181 3761 2362 3816 (ἔνωσο
2393 3763 2449 3814 in
2482 3761 2745 3826 Latinum,
2771 3777 2800 3815 a
2824 3761 2989 3816 Garn.
3016 3760 3081 3822 11,
3107 3775 3160 3829 p.
3184 3761 3287 3815 712
3309 3775 3454 3829 sqq.,
3479 3776 3511 3814 e
3532 3760 3666 3815 duo-

2094 3854 2194 3907 bus
2240 3853 2510 3908 teteribus
2548 3852 2720 3908 Paris.
2760 3853 2915 3907 codd.
2960 3854 3190 3923 primum
3241 3852 3292 3906 iu
3330 3852 3500 3905 lucem
3537 3866 3663 3920 pro-

2092 3942 2287 3997 ductte.
2338 3942 2473 3996 Add.
2524 3942 2640 4011 ejus
2690 3941 2847 3996 Praef.
2892 3957 2944 4011 p.
2990 3956 3168 3996 Lxxxv
3207 3956 3291 4011 sq.
3324 3939 3479 3996 Conf.
3521 3939 3658 3995 Just.

2091 4034 2375 4089 Foutanini
2411 4033 2663 4089 Historia:
2716 4035 2941 4088 litterar.
2996 4034 3340 4105 Aquileiensis
3386 4033 3578 4086 librum
3607 4047 3659 4097 ν,

2092 4140 2210 4190 cap.
2241 4123 2295 4189 8,
2328 4139 2450 4195 pag.
2479 4123 2584 4179 298
2619 4138 2732 4193 sq.,
2762 4123 2852 4192 qui
2879 4123 3040 4177 etiam
3072 4132 3317 4185 testatur,
3348 4123 3661 4191 probatque,

2090 4228 2121 4266 a
2152 4212 2349 4267 Ruﬁno
2381 4225 2524 4275 octo,
2552 4230 2679 4280 non,
2706 4216 2779 4267 uti
2814 4212 3189 4267 'l‘illemontius
3210 4214 3451 4281 putabat,
3478 4214 3663 4266 decem

2091 4300 2276 4358 Basilii
2304 4304 2552 4360 bomilias
2576 4304 2768 4359 Latine
2793 4320 2914 4358 esse
2944 4306 3198 4369 redditas,
3230 4306 3519 4373 laudatque
3537 4304 3661 4359 cod.

2097 4393 2407 4450 Urbinatem
2461 4394 2668 4460 LXVII,
2707 4397 2954 4458 membr.,
2985 4394 3038 4447 in
3085 4394 3213 4448 bibl.
3254 4393 3532 4462 Vaticana,
3571 4395 3660 4448 ubi

422 4502 557 4556 bric.
592 4508 945 4555 numerantur
977 4499 1092 4554 XIV
1126 4512 1181 4555 et
1216 4500 1333 4567 XV,
1362 4502 1521 4555 latius
1543 4501 1781 4556 disserit.
1817 4499 1985 4555 Hanc.

2093 4488 2296 4552 pariter
2324 4485 2557 4539 homilite
2596 4482 2700 4537 VIII
2736 4482 3020 4537 Basiliauai
3070 4497 3100 4535 a
3149 4482 3342 4537 Ruﬁno
3387 4497 3663 4537 conversa:

421 4591 704 4645 Fabricius
738 4600 914 4645 autem
951 4591 1002 4644 in
1039 4593 1206 4646 reteri
1235 4593 1389 4656 edit.,
1437 4608 1490 4647 η.
1528 4590 1644 4645 XIII
1687 4592 1995 4662 appendicis

419 4682 694 4749 Gr.-Lat.,
719 4700 771 4754 p.
801 4683 904 4739 195
932 4685 1016 4738 ed.
1052 4683 1219 4738 Paris.
1246 4700 1298 4737 a.
1325 4682 1482 4745 1618,
1509 4701 1528 4733 ι
1551 4682 1759 4748 Latine,
1787 4683 1881 4743 ait,
1917 4683 1996 4737 in-

417 4777 590 4844 cipit:
621 4776 1068 4841 Quemudmodum
1092 4777 1236 4829 navis
1257 4790 1372 4828 cum
1407 4773 1666 4827 undarum
1695 4783 1994 4843 tempestate

417 4877 724 4934 quassatur.
755 4868 870 4922 Non
902 4877 984 4922 est
1014 4866 1219 4932 Basilii,
1251 4882 1349 4921 nec
1379 4883 1408 4920 e
1442 4866 1631 4922 Graeco
1660 4881 1867 4928 versus,
1898 4867 1990 4919 sed

421 4958 610 5011 Latine
637 4958 872 5027 scriptus
903 4974 930 5010 a
960 4958 1215 5023 Victore,
1254 4958 1345 5027 qui
1382 4968 1503 5026 post
1544 4954 1823 5011 Rusticum
1856 4956 1990 5009 Car-

425 5058 600 5101 tennae
620 5045 952 5101 Mauritania:
980 5047 1032 5099 in
1062 5046 1244 5100 Africa
1276 5039 1556 5115 epiScopus
1582 5046 1725 5101 circa
1762 5047 1826 5100 A.
1858 5046 1986 5099 Chr.

418 5137 526 5194 460
553 5138 675 5205 fuit,
712 5144 767 5192 et
800 5136 941 5191 hunc
962 5137 1376 5191 consolatorium
1410 5136 1668 5200 libellum,
1704 5136 1794 5205 qui
1825 5136 1989 5189 etiam

424 5232 563 5285 inter
596 5227 655 5283 S.
688 5228 938 5284 Eucherii
970 5243 1130 5296 opera
1159 5229 1372 5297 legitur,
1403 5230 1466 5281 ad
1491 5228 1675 5281 nescio
1702 5240 1862 5295 quem
1888 5224 1991 5278 Ba-

416 5321 599 5374 silium
625 5335 787 5389 super
812 5327 984 5374 morte
1009 5319 1101 5373 lilii
1131 5321 1366 5387 scripsit,
1401 5328 1535 5372 teste
1560 5316 1839 5372 Gennadio
1867 5331 1986 5386 cap.

419 5410 484 5463 77
518 5410 596 5464 De
619 5412 856 5480 scriptor.
891 5411 1073 5464 eccles.
1107 5410 1288 5480 Ejusd.
1320 5409 1551 5464 Victoris
1579 5409 1713 5463 liber
1729 5406 1805 5462 De
1824 5410 1989 5477 poeni-

420 5503 584 5556 tentia
610 5502 878 5570 publicani
916 5503 1055 5558 inter
1096 5501 1154 5556 S.
1205 5501 1469 5556 Ambrosii
1501 5516 1660 5570 opera
1700 5501 1871 5554 lucem
1911 5500 1991 5553 vi-

420 5593 519 5657 dit,
561 5595 694 5648 etin
728 5610 831 5649 IIIS.
867 5593 1119 5649 Hennensi
1164 5594 1302 5649 male
1336 5594 1564 5648 refertur
1605 5591 1673 5647 ad
1719 5589 1988 5646 Victorem

418 5685 764 5742 Tunnensem
794 5698 810 5736 :
846 5684 984 5740 liber
1018 5698 1145 5740 vero
1189 5688 1256 5741 ad
1303 5684 1675 5750 Gensericum,
1723 5680 1990 5736 Vandale-

415 5788 542 5832 rum
568 5790 771 5848 regem,
789 5783 971 5831 contra
996 5774 1238 5843 Arianos,
1275 5774 1550 5831 Gennadio
1574 5774 1754 5830 itidem
1786 5787 1986 5830 memo-

2097 4594 2218 4630 cum
2256 4576 2480 4645 prolego
2509 4577 2576 4630 ad
2598 4575 2968 4643 Apronianum
3004 4576 3272 4647 leguntur.
3301 4574 3434 4630 Octo
3450 4589 3664 4643 quoque

2096 4667 2333 4721 humilia:
2358 4681 2478 4721 cum
2517 4666 2693 4721 Ruﬁni
2732 4665 2944 4735 prmisit.
2990 4666 3042 4719 in
3082 4666 3278 4719 librum
3322 4665 3660 4718 humiliarqu

2096 4759 2300 4826 Basilii,
2325 4769 2452 4814 sunt
2480 4759 2533 4814 in
2563 4759 2683 4813 cod.
2726 4756 2845 4811 Lat.
2882 4758 3165 4812 Dresdensi
3198 4758 3354 4811 elect.-
3399 4756 3460 4811 V.
3496 4756 3663 4811 Goetz

2096 4848 2459 4905 Memorabilia
2493 4850 2619 4905 bibl.
2654 4850 2866 4913 Dresd.,
2887 4850 2927 4915 Ι,
2960 4861 3092 4920 part.
3131 4866 3205 4914 tv,
3242 4866 3293 4918 p.
3326 4850 3449 4904 562.

2162 4941 2524 5010 Appendicem
2569 4940 2676 4995 vol.
2713 4941 2931 4994 secundi
2966 4939 3133 4994 Garn.
3178 4939 3453 5006 excipiunt
3492 4936 3662 4991 Fron-

2096 5032 2236 5087 tonis
2265 5031 2441 5086 Ductei
2472 5032 2526 5086 in
2554 5031 2805 5088 homilias
2847 5042 2902 5086 et
2946 5032 3049 5084 alia
3100 5032 3296 5084 diversi
3337 5029 3663 5099 argumenti,

2094 5125 2147 5178 in
2181 5125 2390 5192 regulas
2425 5133 2481 5177 et
2510 5122 2685 5179 fusius
2715 5132 2769 5179 et
2796 5122 3011 5177 brevius
3054 5130 3345 5186 tractatas;
3389 5122 3440 5174 iu
3495 5119 3663 5175 libros

2096 5217 2170 5271 De
2196 5219 2449 5285 baptismo
2481 5232 2499 5270 :
2530 5228 2640 5270 tum
2670 5217 2860 5271 breves
2890 5224 3030 5270 notae
3069 5224 3124 5267 et
3168 5211 3663 5285 animadversiones

2093 5307 2333 5364 Federici
2368 5307 2568 5361 Morelli
2603 5308 2655 5360 in
2686 5307 2947 5377 quasdam
2989 5303 3167 5357 Basilii
3194 5302 3480 5366 homilias;
3511 5301 3662 5355 deni-

2092 5417 2197 5473 que
2221 5401 2442 5456 indices.
2476 5400 2527 5452 lu
2558 5399 2687 5452 edit.
2713 5397 2883 5451 Paris.
2909 5394 3115 5452 a.1618
3148 5406 3272 5447 sunt
3303 5407 3514 5462 quoque
3535 5391 3667 5445 sub-

2085 5494 2244 5563 jecta:
2295 5501 2434 5546 uotae
2475 5493 2526 5544 in
2578 5491 2667 5543 illa
2710 5489 2921 5559 aliaque
2947 5503 3109 5557 opera
3145 5485 3354 5552 Basilii,
3388 5491 3443 5539 et
3488 5493 3661 5536 totum

2090 5600 2225 5653 opus
2253 5583 2541 5651 obsignant
2574 5580 2735 5634 variae
2769 5578 3028 5634 lectiones
3055 5578 3107 5631 in
3130 5575 3398 5640 Ascctica,
3421 5588 3485 5628 ex
3513 5572 3663 5628 codi-

2092 5690 2153 5731 ce
2209 5676 2526 5743 perantiquo
2580 5672 2800 5726 Gerardi
2858 5670 3030 5731 Vossji
3076 5679 3271 5725 notatae
3329 5669 3395 5724 ab
3445 5664 3660 5720 Andre:

2042 5840 2059 5849 ~
2088 5767 2319 5847 .Scltotto
2343 5768 2407 5821 ad
2436 5767 2561 5822 edit.
2590 5763 2831 5819 Grmcant
2864 5778 2913 5817 a.
2945 5756 3096 5817 1551.
