4094 6220
1706 405 1984 461 ΝΟΤΠΊΑ
2026 403 2114 457 EX
2146 403 2490 462 FABRICIO.

3515 426 3646 468 εει).
3655 427 3722 466 VI‘I

544 519 600 584 In
637 528 728 584 illa
757 528 846 586 ed.
875 543 926 583 a.
956 528 1117 594 1618,
1147 544 1200 583 ιι.
1231 527 1372 594 ΧΠ,
1401 528 1620 596 claudit,
1647 541 1705 584 ut
1730 531 1907 585 verbis
1931 539 2053 582 utar
2082 531 2129 589 Α
2157 531 2329 598 inquit
2361 531 2716 587 Combelisius
2751 531 2864 605 (qui
2896 531 3140 604 pluribus
3179 532 3310 587 locis
3347 532 3490 586 hunc
3534 532 3724 586 librum

469 617 728 686 Fabricii,
773 621 1128 690 appendich
1168 619 1430 674 Gennadii
1479 621 1769 685 Scholarii,
1825 621 2055 690 patriar-

469 713 588 765 cha:
616 711 819 765 CPolit.
853 713 920 765 A.
950 711 1080 766 Chr.
1111 711 1251 766 M60
1287 713 1491 774 denati,
1517 713 1826 767 dissertatio
1848 714 2052 781 episto-

470 802 572 854 lica
606 801 681 854 De
711 803 829 856 vita:
852 802 1072 855 termino
1103 815 1148 855 et
1169 804 1630 870 prwdestinatione
1654 805 1717 856 ad
1735 803 2050 872 Joscphum,

470 893 792 946 monachum
808 893 1365 960 Thessalonicensem,
1383 909 1478 964 pro
1503 896 1818 949 vindicanda
1838 906 2053 950 senten-

472 983 543 1036 tia
559 984 617 1052 S.
630 982 833 1045 Basilii,
848 998 1005 1050 quem
1024 986 1228 1052 magnis
1249 995 1446 1038 mactat
1462 986 1668 1055 elogiis.
1685 987 1873 1056 Incipit
1893 1005 1906 1039 :
1927 987 2051 1040 Κλι-

469 1073 702 1144 προπετὴς
718 1073 1007 1146 ἐδεξάμην.
1044 1096 1062 1127 ‹
1102 1077 1249 1131 Ilauc
1285 1079 1738 1142 dissertationem,
1763 1097 1790 1133 a
1814 1081 2049 1139 Maximo

469 1164 772 1236 Margunio,
823 1168 1181 1237 Cythcrorum
1233 1169 1507 1238 episcopo,
1566 1182 1784 1237 nactus,
1845 1174 2050 1241 primus

468 1256 659 1312 Graece
689 1259 931 1312 ediderat
962 1258 1130 1311 David
1181 1257 1521 1315 IImsCItCIIUS
1551 1264 1806 1332 Augusta:
1833 1265 2044 1318 Vindel.

476 1349 638 1412 1594,
670 1350 723 1404 4.
754 1348 1043 1404 Federicus
1079 1349 1331 1405 Morcllus
1360 1351 1552 1408 Latine
1587 1355 1744 1407 vertit
1785 1365 1839 1408 et
1864 1355 2044 1410 Basilii

465 1441 716 1510 Operibus
747 1441 1042 1511 subjunxit,
1091 1445 1242 1510 cujus
1295 1445 1460 1498 etiam
1518 1456 1658 1500 noue
1697 1448 1748 1500 in
1789 1446 2044 1504 Basilium

466 1548 516 1603 p.
541 1532 608 1587 95
640 1534 941 1588 videantur.
969 1553 988 1585 ι
1031 1532 1201 1588 ΗΑιιι..

539 1622 616 1695 [In
654 1632 800 1678 101ὒο
831 1625 990 1677 tertio
1011 1624 1142 1680 edit.
1175 1623 1424 1689 Garner.,
1459 1635 1578 1694 post
1617 1626 1776 1694 hujus
1811 1639 2040 1683 mortem

465 1713 743 1775 absolutae,
779 1722 903 1767 sunt
929 1712 1111 1766 Basilii
1145 1713 1209 1766 Μ.
1245 1716 1298 1766 I°
1331 1715 1468 1770 Iiher
1496 1715 1568 1768 De
1603 1714 1804 1784 Spiritu
1826 1729 2046 1785 sancto;

463 1804 522 1858 2⁸
569 1805 858 1874 Epistolat;
914 1805 971 1858 5⁸
1027 1806 1318 1861 Sermones
1359 1807 1525 1862 XXIV
1558 1808 1626 1862 de
1655 1813 1912 1876 moribus,
1951 1828 2047 1880 per

2157 623 2411 676 emendat
2459 624 2817 692 illustratque,
2860 634 2912 679 et
2948 617 3158 679 Erasini
3204 624 3506 678 versionem
3544 639 3722 678 emen-

2154 715 2266 785 dat)
2313 724 2440 769 tom.
2490 714 2532 768 ll
2573 713 2763 769 Basilii
2815 718 3078 780 recensiti,
3122 732 3174 784 p.
3207 715 3297 779 84,
3343 716 3534 769 librum
3590 716 3723 769 Itum:

2153 807 2306 875 quasi
2346 808 2403 860 in
2436 809 2685 877 mysterio
2715 807 2972 860 creditum
3008 807 3388 876 Amphilochia,
3415 825 3476 860 ea
3505 808 3633 876 lege,
3665 824 3724 861 ne

2155 899 2210 953 in
2236 899 2416 968 vulgus
2443 903 2701 964 ederetur,
2723 917 2784 952 ne
2810 901 2934 966 quid
2961 901 3078 953 inde
3103 900 3278 953 asmuli
3297 900 3350 953 in
3373 915 3490 952 eum
3513 899 3724 967 grauius

2154 990 2522 1042 constituerent
2550 1002 2569 1041 :
2590 1005 2691 1055 quo
2719 988 2917 1057 factum
2941 999 3033 1051 est,
3058 1000 3112 1040 ut
3131 990 3174 1042 is
3207 989 3478 1043 obscurior
3493 987 3724 1056 antiquis

2155 1078 2424 1144 manserit,
2451 1095 2552 1132 non
2575 1087 2630 1130 ut
2662 1094 2772 1132 sua:
2797 1078 2877 1130 illi
2909 1077 3237 1130 auctoritatis
3259 1078 3542 1148 quidquam
3569 1079 3724 1131 dera-

2155 1173 2285 1236 dat;
2336 1173 2470 1226 inter
2515 1173 2806 1242 pra'cipuas
2864 1171 3052 1225 Basilii
3108 1165 3492 1226 lucubrationes
3532 1171 3722 1226 merito

2153 1262 2530 1316 numerandus.
2569 1261 2727 1314 Plura
2761 1263 2814 1314 in
2847 1261 3055 1315 Erasmi
3085 1261 3332 1314 versione
3366 1261 3530 1314 etiam
3556 1259 3722 1313 casti-

2152 1353 2543 1421 gaveratJoan.
2583 1352 2788 1417 Billius,
2835 1369 2954 1421 qua:
3003 1352 3326 1408 Posseviuus
3361 1351 3414 1404 in
3446 1351 3718 1419 Apparatus

2149 1445 2435 1511 excerpsit.
2479 1463 2495 1494 ι
2532 1445 2800 1498 Hactenus
2831 1444 3126 1498 Fabricius.
3153 1443 3308 1498 Conf.
3339 1442 3565 1499 Scultct.
3602 1443 3721 1496 Με-

2150 1538 2346 1589 dullam
2375 1537 2528 1591 theol.
2559 1535 2796 1602 Patrum,
2825 1539 2914 1607 qui
2940 1554 2990 1607 p.
3021 1537 3159 1592 1055
3182 1553 3426 1606 magnam
3456 1536 3573 1591 libri
3601 1550 3723 1605 par-

2151 1637 2254 1677 tem
2281 1626 2485 1690 jndicat
2521 1642 2642 1680 esse
2680 1625 2874 1682 Basilio
2901 1628 3268 1696 suppositam;
3306 1628 3380 1680 Du
3413 1626 3508 1680 Pin
3544 1625 3718 1679 Nouit.

2149 1717 2288 1770 Bibl.
2321 1723 2406 1770 des
2440 1727 2653 1771 auteurs
2681 1717 2830 1783 cccl.,
2870 1729 2998 1774 tom.
3048 1717 3112 1784 II,
3137 1733 3190 1787 p.
3223 1719 3316 1773 181
3353 1735 3460 1786 sq.;
3500 1715 3721 1771 Boesler

2150 1808 2286 1862 Bibl.
2317 1810 2430 1870 cit.,
2467 1826 2541 1863 vn
2571 1820 2736 1876 part.,
2771 1826 2892 1880 pag.
2930 1810 3119 1865 44-76.
3161 1809 3358 1865 Oudiu.
3401 1808 3720 1870 Comment.,

467 1897 789 1966 Symeonem
830 1897 1144 1964 magistrum
1176 1909 1230 1950 et
1259 1897 1587 1967 logothetam
1618 1900 1802 1954 selecti
1832 1917 1897 1955 ex
1921 1918 2036 1956 om-
2070 1897 2110 1956 Β
2141 1911 2245 1954 etc.
2278 1901 2314 1956 I.
2343 1918 2394 1970 p.
2432 1903 2536 1957 560
2558 1919 2701 1973 sqq.,
2730 1904 2844 1973 qui,
2869 1914 3058 1958 contra
3094 1903 3171 1957 Du
3205 1901 3302 1956 Pin
3325 1899 3550 1970 ejusque
3571 1915 3721 1954 asse-

466 1993 622 2044 nilms
652 1991 831 2044 Basilii
865 1993 1156 2059 operibus;
1197 1992 1254 2045 4°
1303 1992 1462 2046 Liber
1501 1992 1580 2046 De
1619 1995 1931 2063 virginitate.
1987 1997 2040 2051 In

474 2084 786 2151 prarl'atione
821 2083 1087 2138 n0nnull;c
1127 2081 1307 2136 Basilii
1348 2083 1631 2151 Opiniones
1674 2096 1728 2138 et
1763 2087 2040 2154 doctrinm,

474 2177 766 2243 przcsertitn
814 2177 879 2230 de
911 2175 1111 2245 Spiritu
1141 2188 1348 2236 sancto,
1397 2177 1463 2229 de
1499 2178 1894 2243 traditionibus,
1934 2179 2040 2235 Eu-

464 2270 748 2332 charistia,
771 2281 902 2333 etc.,
937 2270 1338 2337 expenduntur,
1372 2269 1712 2322 illustrantur
1733 2279 1894 2337 atque
1921 2271 2041 2324 vin-

466 2364 734 2423 dicantur,
775 2371 829 2414 ct
856 2370 1044 2414 auctor
1070 2376 1213 2430 saepe
1247 2375 1358 2414 rem
1401 2360 1586 2416 habuit
1635 2378 1754 2415 cum
1803 2361 2042 2417 Sculteto

465 2450 694 2518 aliisque
738 2452 802 2502 ad
844 2449 1178 2503 defendenda
1211 2450 1551 2518 potissimum
1596 2468 1706 2505 sum
1746 2453 2041 2522 disciplina:

467 2542 680 2610 placita,
710 2551 762 2595 et
786 2540 1044 2595 Basilium
1073 2558 1192 2596 cum
1218 2543 1305 2594 illa
1323 2543 1717 2596 conciliandum
1745 2562 1758 2598 :
1791 2544 2042 2612 frequen-

466 2644 546 2688 ter
569 2635 816 2688 dissentit
843 2649 1058 2703 quoque
1102 2650 1131 2687 a
1177 2633 1539 2689 Tillemontio.
1581 2634 1686 2688 Sed
1717 2637 1829 2690 haec
1863 2636 2041 2705 legant

463 2726 884 2793 examinentqne
933 2725 968 2778 ii
1015 2727 1080 2778 ad
1104 2740 1332 2793 quorum
1360 2740 1554 2778 munus
1586 2724 1867 2794 forumque
1897 2726 2040 2792 ejus-

467 2815 606 2868 modi
642 2816 911 2882 pertinent
952 2817 1296 2884 qua-stiones.
1332 2815 1466 2868 Tum
1503 2816 1718 2884 copiose
1755 2829 2040 2872 enarratur

477 2903 594 2959 Vita
619 2905 832 2969 Basilii,
859 2915 913 2959 et
943 2908 1008 2960 de
1039 2907 1157 2975 ejus
1187 2907 1423 2973 Scriptis,
1465 2916 1570 2959 tam
1599 2909 1846 2975 genuinis
1875 2923 2038 2977 quam

469 2999 641 3052 dubiis
672 3000 1002 3067 spuriisque,
1044 3010 1097 3051 et
1147 3011 1387 3067 tempore
1426 3013 1532 3066 quo
1566 3014 1729 3068 Opera
1782 3001 2038 3069 pleraque

462 3098 516 3141 et
537 3088 776 3158 epistolae
808 3089 915 3141 sint
939 3089 1176 3157 scriptas,
1207 3090 1426 3143 uberius
1456 3091 1651 3160 agitur.
1680 3089 1920 3147 Posthzec
1953 3108 2039 3149 se-

464 3191 703 3248 quuntur
737 3179 919 3233 Basilii
951 3196 1138 3249 opera.

535 3274 584 3324 I.
627 3273 762 3342 Περὶ
793 3271 887 3325 τοῦ
921 3273 1077 3342 ἁγίου
1112 3273 1460 3342 Πνεύματοςσ
1525 3272 1680 3325 Liber
1727 3275 1788 3328 de
1832 3275 2034 3342 Spiritu

464 3374 645 3414 sancto
681 3363 746 3413 ad
781 3360 838 3416 S.
869 3362 1309 3428 Amphilochium,
1354 3362 1520 3416 lconii
1548 3367 1861 3432 episcopum.
1903 3366 2036 3422 Cum

465 3453 909 3521 interpretatione
966 3452 1200 3520 Erasnii,
1245 3454 1488 3522 plurimis
1533 3455 1662 3507 locis
1712 3459 2031 3511 emendata:

463 3559 582 3611 pag.
613 3544 635 3594 1
671 3557 817 3611 sqq.;
852 3552 907 3596 at
934 3544 986 3596 in
1017 3545 1104 3597 ed.
1146 3543 1318 3599 Paris.
1354 3559 1534 3613 super.
1578 3560 1629 3612 p.
1674 3547 1775 3598 142
1807 3549 1931 3601 tomi
1972 3549 2035 3612 Il,

464 3646 519 3687 et
552 3637 603 3687 in
633 3644 738 3687 vet.
762 3633 973 3688 Fabric.
1002 3633 1140 3688 Bibl.
1168 3632 1260 3688 Cr.
1293 3637 1378 3690 ed.
1401 3653 1452 3689 ιι.
1483 3635 1612 3690 VIII.
1642 3639 1921 3694 Fabricius
1944 3656 2038 3694 au-

463 3735 571 3780 tem
597 3741 657 3780 ea
685 3743 804 3794 quae
829 3737 1132 3794 sequuntur
1158 3729 1378 3795 scripsit
1407 3729 1473 3782 de
1494 3744 1560 3782 eo
1590 3730 1724 3782 libro
1753 3749 1764 3783 :
1803 3751 1821 3781 ε
1864 3733 1958 3785 llic
1984 3736 2035 3786 in

466 3818 638 3880 capita
670 3819 888 3886 triginta
917 3819 1138 3882 divisus,
1183 3827 1344 3886 atque
1379 3819 1500 3873 inde
1541 3823 1838 3891 τριάκοντα
1867 3839 2037 3893 κεφα-

463 3908 632 3962 λαίων
664 3911 877 3963 nomine
906 3924 934 3961 a
962 3908 1118 3962 Joau.
1156 3909 1483 3964 Damasceno
1516 3911 1565 3963 in
1599 3912 1732 3966 libro
1759 3929 1795 3976 ι,
1833 3930 1869 3968 ll
1893 3925 1946 3968 et
1977 3933 2035 3970 In

471 4003 544 4068 με
586 4002 922 4069 imaginibus,
981 4001 1179 4054 citatus
1220 4001 1316 4071 (ο),
1369 4016 1528 4070 quem
1557 4002 1785 4058 Basilius
1821 4009 2038 4075 scripsit

465 4091 749 4142 occasione
781 4089 854 4159 (ὁ)
889 4091 1262 4157 Aetianorum,
1299 4092 1557 4160 Spiritum
1589 4105 1833 4149 sanctum
1879 4100 2038 4153 rebus

465 4183 663 4234 creatis
701 4183 860 4250 impie
887 4184 1309 4236 accensentium.
1351 4183 1540 4238 Latine
1570 4189 1730 4240 vertit
1759 4189 2035 4256 Erasmus,

464 4272 616 4334 cujus
654 4273 1025 4338 interpretatio
1071 4274 1268 4341 prodiit
1330 4273 1498 4330 Basil.
1537 4275 1694 4342 1552,
1747 4279 1823 4343 4;
1863 4279 2037 4334 Paris.

465 4364 623 4425 1552,
656 4365 722 4428 8;
768 4364 922 4428 1580,
951 4366 1018 4432 8;
1050 4365 1212 4432 inque
1241 4367 1562 4421 editiouibus
1586 4367 1764 4422 Basilii
1801 4380 1855 4423 et
1907 4381 2036 4426 tom.

464 4459 574 4512 VIII
607 4475 826 4526 Operum
867 4461 1071 4514 Erasmi
1106 4461 1330 4529 legitur;
1385 4466 1542 4517 vertit
1582 4474 1635 4517 et
1668 4465 1958 4521 Carnarius
1985 4469 2037 4521 in

2147 1994 2258 2047 clas
2306 1996 2640 2062 potissimum
2697 1997 2993 2065 disputans,
3028 2010 3152 2050 cum
3183 1995 3378 2060 Cocco,
3419 1995 3612 2064 Anglo,
3660 1992 3714 2047 in

2146 2099 2369 2139 censura
2409 2089 2732 2153 scriptorum
2762 2090 3118 2157 quorumdam
3181 2098 3446 2152 veterum,
3477 2101 3596 2140 voc.
3622 2085 3718 2139 Ba-

2145 2177 2319 2242 silius,
2351 2193 2402 2247 p.
2426 2178 2550 2240 “245,
2577 2177 2788 2240 IIivelo,
2818 2177 3061 2241 Erasmo,
3085 2188 3216 2241 etc.,
3243 2175 3494 2232 evincere
3517 2175 3716 2234 studet,

2146 2284 2492 2338 permagnam
2517 2272 2696 2337 Operis
2725 2281 2932 2340 partem
2968 2285 3088 2325 esse
3119 2268 3529 2339 interpolatum;
3559 2281 3719 2334 porm

2143 2358 2302 2412 Przel‘.
2328 2361 2401 2413 ad
2436 2371 2562 2414 tom.
2593 2361 2652 2415 III
2676 2364 2763 2415 ed.
2787 2361 2976 2423 Garn.,
3013 2362 3039 2434 §
3065 2361 3126 2415 III
3156 2377 3276 2430 sqq.
3303 2371 3358 2414 et
3386 2360 3438 2414 in
3468 2358 3581 2412 Vita
3607 2355 3720 2411 Ba-

2142 2450 2270 2513 silii,
2323 2468 2440 2520 cap.
2495 2453 2584 2512 50.
2642 2463 2774 2508 sect.
2805 2454 2837 2507 6
2895 2453 3007 2516 (ubi
3053 2454 3360 2507 ostenditur
3411 2449 3716 2505 absolutum

2143 2540 2307 2595 fuisse
2354 2559 2405 2596 ιι.
2449 2545 2676 2611 575),θι
2724 2559 2842 2612 cap.
2883 2545 2972 2607 ss,
3019 2543 3316 2598 St'ItI‘CBPIth
3365 2543 3400 2598 ι.
3463 2543 3579 2606 εἰει,
3625 2540 3717 2608 qui

2143 2650 2406 2687 summam
2460 2635 2607 2689 dedit
2652 2637 2794 2702 lihri,
2853 2652 2971 2704 pag.
3024 2635 3285 2696 149-101,
3333 2644 3387 2688 et
3442 2650 3566 2702 pag.
3600 2629 3722 2686 165·

2147 2725 2267 2787 168,
2301 2734 2457 2780 caute
2503 2736 2558 2780 et
2603 2728 2872 2782 moderate
2920 2731 2986 2781 de
3021 2741 3085 2782 eo
3110 2726 3338 2795 judicat.
3365 2759 3434 2768 -
3467 2723 3721 2778 Historia

2142 2817 2323 2882 synodi
2354 2816 2588 2872 Nicwna:
2611 2849 2680 2856 —
2708 2818 2946 2872 collecta:
2988 2828 3042 2871 et
3075 2828 3329 2872 accurate
3363 2818 3641 2882 ιιθεωιιιιιυ
3685 2829 3718 2868 a

2143 2903 2329 2957 Joach.
2359 2903 2688 2962 Camerario.
2715 2905 2861 2973 Lips.
2898 2904 3054 2968 1552,
3082 2905 3136 2968 8,
3181 2905 3398 2958 additur
3442 2902 3718 2970 appendix

2140 3011 2205 3047 ea:
2231 2996 2607 3063 disputatione,
2630 3013 2746 3063 qute
2767 2997 3052 3048 ascribitur
3074 2994 3297 3056 Basilio,
3329 2994 3474 3049 Czrsa
3486 3008 3586 3045 rea:
3612 2990 3720 3060 epi-

2141 3102 2326 3155 scopo,
2390 3086 2465 3140 De
2523 3098 2705 3140 sancto
2755 3087 2980 3153 Spiritu.
3018 3117 3085 3127 —
3117 3086 3304 3138 Exstat
3358 3083 3492 3138 liber
3544 3095 3716 3136 Iustus

2091 3238 2104 3253 ἱ
2146 3178 2472 3233 Vindobona:
2504 3179 2554 3232 in
2592 3179 2720 3232 bibl.
2752 3177 2948 3232 Caesar.
2985 3176 3195 3240 LXXV,
3233 3193 3286 3229 ιι.
3315 3177 3347 3229 5
3379 3176 3560 3242 (quem
3590 3173 3710 3227 cod.

2143 3273 2326 3324 utilem
2362 3271 2427 3324 ad
2464 3270 2612 3339 plura
2648 3271 2762 3324 loca
2808 3271 3140 3325 emendanda
3178 3279 3363 3322 censet
3411 3269 3524 3320 lore
3557 3265 3715 3319 Lam-

2141 3363 2282 3427 hec.)
2307 3390 2378 3404 —
2405 3359 2459 3413 In
2492 3360 2610 3414 cod.
2639 3358 2967 3422 LXXXVIII,
3004 3375 3058 3414 tt.
3091 3358 3146 3412 2.
3178 3387 3250 3398 —
3271 3355 3326 3410 In
3357 3357 3480 3412 cod.
3528 3354 3708 3416 XLIV,

2141 3473 2195 3507 ιι.
2228 3455 2316 3518 ΞΩ,
2347 3467 2411 3507 ex
2437 3468 2560 3520 cap.
2605 3451 2674 3504 27
2712 3461 2766 3505 et
2817 3451 2886 3504 29
2928 3452 3111 3523 operis
3156 3450 3231 3504 De
3281 3448 3486 3516 Spiritu
3530 3455 3712 3500 sancto

2141 3546 2441 3612 fragtnenta
2473 3544 2615 3613 (qua:
2649 3546 2810 3598 etiam
2841 3544 2937 3599 Gr.
2968 3557 3020 3598 et
3050 3543 3168 3598 Lat.
3205 3553 3422 3599 exstant
3453 3543 3506 3596 in
3533 3540 3712 3596 Theo-

2141 3639 2256 3691 dori
2315 3638 2650 3690 Balsamonis
2692 3635 3030 3706 Syntagmate
3062 3653 3344 3694 canonum,
3388 3649 3510 3688 cum
3544 3633 3712 3699 ipsius

2139 3727 2471 3794 expositione
2523 3725 2728 3786 Graeca,
2776 3741 2828 3793 p.
2900 3726 3286 3788 1029-1056.)
3341 3723 3404 3777 V.
3454 3723 3709 3776 Lambcc.

2140 3819 2428 3871 Comment.
2483 3817 2568 3880 Ill,
2619 3833 2742 3887 pag.
2803 3817 2929 3876 572,
2985 3818 3109 3878 175,
3150 3826 3199 3870 et
3247 3815 3376 3877 VIII,
3415 3815 3676 3884 p.885.-v

2143 3909 2275 3962 lhid.
2307 3909 2356 3962 in
2387 3909 2505 3962 cod.
2542 3907 2657 3971 XII,
2703 3926 2755 3960 ιι.
2789 3908 2872 3966 14.
2903 3908 3083 3961 Basilii
3120 3923 3290 3962 canon
3321 3907 3436 3966 XC.
3480 3921 3546 3959 ex
3579 3905 3716 3958 lihro

2142 4002 2217 4055 De
2259 4005 2458 4067 Spiritu
2510 4013 2689 4057 sancto
2737 4020 2780 4056 s.
2818 4002 3103 4072 fragment.
3147 4001 3340 4070 capitis
3377 4001 3447 4054 ‘27
3479 4000 3598 4054 libri
3640 3998 3716 4058 De

2143 4097 2345 4162 Spiritu
2386 4114 2591 4151 sautio.
2628 4095 2688 4149 V.
2745 4095 2941 4150 Kollar.
3000 4096 3277 4164 Supplem.
3330 4097 3392 4148 ad
3432 4094 3711 4157 Lambec.,

2143 4206 2263 4255 pag.
2304 4188 2424 4241 115.
2472 4189 2760 4244 —-£adem
2811 4189 2915 4242 duo
2959 4188 3258 4255 fragiuenta
3304 4198 3430 4242 sunt
3479 4187 3528 4241 in
3588 4187 3714 4242 cod.

2142 4281 2365 4334 Tauriu.
2397 4280 2507 4335 CV.
2547 4280 2607 4332 V.
2644 4281 2760 4334 Cat.
2812 4283 2960 4335 codd.
3006 4281 3188 4343 Taun,
3238 4296 3290 4348 p.
3319 4280 3442 4336 I96.
3480 4312 3545 4322 ——
3575 4281 3718 4336 etin

2140 4372 2261 4426 cod.
2299 4372 2556 4426 Laurent.
2594 4373 2708 4437 XL,
2747 4390 2801 4427 n.
2862 4374 2931 4427 57
2995 4391 3058 4429 ac
3111 4377 3197 4429 58.
3229 4376 3292 4431 V.
3333 4374 3565 4430 Bandin.
3593 4375 3714 4432 Cat.

2141 4465 2289 4518 codd.
2340 4461 2432 4518 Gr.
2489 4462 2676 4527 Laur.,
2721 4463 2760 4524 I,
2791 4478 2839 4531 p.
2875 4464 2965 4520 74.
2989 4495 3060 4504 -—-
3095 4465 3341 4533 fragium.
3370 4467 3421 4518 in
3455 4467 3574 4520 cod.
3606 4465 3720 4519 Mo-

461 4551 694 4604 editione
728 4550 908 4604 Basilii
944 4549 1340 4615 Lntina,BasiI.
1374 4553 1529 4618 155⁸2,
1565 4552 1659 4607 fol.
1715 4553 1881 4609 Porro
1932 4573 2036 4610 non
2072 4559 2356 4628 Dsquensi
2419 4555 2616 4619 XXIII,
2672 4573 2725 4609 n.
2788 4557 2843 4612 1.
2893 4556 2954 4611 V.
3026 4556 3257 4611 Matthazi
3318 4557 3492 4610 Notit.
3565 4558 3714 4611 codd.

464 4643 620 4696 modo
647 4657 862 4710 censeo,
896 4643 1006 4696 falli
1034 4644 1150 4708 hos,
1175 4646 1262 4713 qui
1299 4645 1454 4698 istum
1491 4647 1683 4700 librmn
1716 4649 1796 4702 vel
1829 4658 2034 4716 partem

461 4739 578 4806 ejus
612 4749 962 4806 postremam,
1001 4737 1283 4792 Erastnunt
1335 4739 1525 4804 secuti,
1573 4738 1772 4795 Basilio
1823 4743 2035 4812 abjudi-
2075 4759 2090 4770 "

462 4839 605 4892 cant,
642 4839 733 4882 aut
773 4840 1077 4897 suspectam
1121 4831 1352 4896 habent;
1404 4831 1496 4884 sed
1542 4831 1702 4885 etiam
1739 4832 1880 4886 inter
1919 4835 2036 4902 pul-

461 4921 729 4974 cherrima
785 4922 931 4974 illum
977 4936 1097 4976 esse
1139 4922 1320 4975 Basilii
1373 4935 1838 4978 monumentorum
1893 4927 2033 4980 haud

465 5012 688 5076 dubito;
723 5014 999 5082 magisque
1047 5015 1369 5066 audiendum
1415 5015 1789 5068 Casaubonunt
1843 5017 2033 5073 Ea-erc.

461 5119 550 5158 XVI
581 5107 646 5155 ad
682 5103 905 5171 Baron.,
958 5122 1012 5160 tt.
1051 5105 1268 5159 XXXIII
1312 5118 1362 5159 et
1399 5105 1578 5171 XLIII,
1616 5123 1670 5176 p.
1697 5109 1799 5163 459
1828 5120 1882 5164 et
1914 5112 2038 5181 430,

458 5196 543 5247 cui
573 5196 737 5249 addes
764 5196 1116 5264 Theophilum
1150 5197 1524 5268 Ilayuaudum,
1563 5216 1615 5268 p.
1655 5200 1725 5253 21
1765 5203 2040 5256 Erotema-

460 5299 570 5336 tum
602 5288 662 5338 de
689 5288 836 5340 bonis
869 5296 918 5341 et
943 5287 1093 5341 malis
1122 5288 1306 5352 libris;
1341 5289 1580 5344 Natalem
1606 5291 1783 5354 Alex.,
1808 5308 1932 5345 saec.
1968 5309 2042 5358 tv,

459 5393 581 5442 cap.
615 5376 670 5441 6,
705 5378 937 5430 articqu
965 5378 1052 5443 l9,
1078 5389 1238 5447 atque
1255 5379 1512 5432 Allatium
1543 5391 1725 5434 contra
1757 5380 2044 5451 Creyghto-

462 5485 608 5533 num,
659 5483 782 5540 pag.
809 5469 914 5524 510
951 5485 1069 5539 seq.
1104 5470 1286 5540 Liquet
1340 5488 1405 5525 ea:
1450 5471 1640 5527 Basilii
1687 5476 2040 5544 peroratione,

534 5623 617 5700 (τι)⁸
637 5623 690 5700 In
719 5625 892 5680 tribus
910 5627 1076 5700 codd.
1109 5627 1282 5700 Paris.
1303 5627 1516 5683 additur
1545 5645 1757 5700 quoque
1783 5632 1956 5698 titulo,
1979 5633 2037 5685 ἐν

461 5694 776 5766 assulatim;
800 5697 1114 5766 τριάκοντα.
1153 5698 1319 5754 ΙΙΑιιι..

537 5765 609 5832 (b)
635 5764 671 5834 7\
690 5763 773 5818 ide
806 5763 960 5819 notas
985 5766 1454 5822 Benedictinorum
1484 5772 1548 5822 ad
1583 5770 1639 5822 S.
1668 5772 2034 5834 Ambrosium,

464 5842 597 5889 tom.
629 5833 692 5903 ll,
723 5851 845 5906 pag.
875 5837 996 5893 617.
1033 5836 1192 5892 ῐθλιιει.
1221 5840 1333 5895 Cod
1367 5856 1478 5909 reg.
1506 5843 1725 5910 quintus
1749 5841 1921 5896 Paris.
1953 5845 2044 5896 ud-

2152 4649 2343 4718 Mosq”
2378 4665 2428 4717 p.
2466 4649 2556 4703 55.
2586 4678 2656 4689 -
2687 4648 2844 4702 Liber
2885 4650 2998 4718 ipse
3049 4649 3284 4708 Venetiis
3331 4650 3382 4703 in
3430 4650 3553 4704 cod.
3583 4648 3714 4703 bihl.

2146 4739 2311 4794 Marc.
2365 4737 2520 4792 LVIII
2549 4747 2604 4791 et
2643 4736 2828 4792 LXVI.
2870 4738 2930 4796 V.
2985 4739 3101 4793 Cat.
3160 4740 3306 4794 codd.
3350 4739 3445 4794 Gr.
3522 4737 3716 4804 Mam,

2143 4847 2196 4900 p.
2227 4832 2298 4884 4?.
2321 4839 2376 4883 et
2400 4830 2486 4884 45.
2513 4827 2682 4882 Ilsns.

2212 4920 2266 4974 2.
2305 4919 2635 4984 Ἐπιστολαί,
2665 4916 2945 4986 Epistolis,
2973 4931 3025 4985 p.
3057 4913 3125 4970 69
3151 4929 3294 4982 sqq.,
3326 4929 3444 4983 quae
3468 4914 3521 4968 in
3549 4913 3716 4967 Cara.

2145 5012 2273 5066 edit.
2309 5011 2605 5066 secundum
2642 5009 2902 5079 temporis
2929 5008 3173 5061 ordinem
3201 5015 3327 5061 sunt
3349 5006 3536 5074 positae
3572 5015 3625 5060 et
3663 5006 3718 5057 in

2149 5112 2260 5156 tres
2289 5101 2493 5156 classes
2521 5099 2844 5163 distributae,
2884 5112 3112 5167 quarum
3144 5095 3316 5158 prima
3341 5095 3583 5150 continet
3606 5095 3721 5161 epi-

2144 5193 2315 5248 stolas
2343 5201 2470 5246 ante
2497 5191 2863 5260 episcopatum
2897 5190 3149 5257 scriptas,
3199 5186 3267 5240 ab
3301 5203 3351 5239 a.
3394 5185 3496 5239 557
3549 5199 3722 5252 usque

2141 5287 2207 5339 ad
2251 5302 2304 5341 a.
2339 5285 2464 5346 570,
2508 5286 2704 5354 quibus
2735 5283 3005 5338 adduntur
3046 5281 3314 5336 nonnullae
3353 5280 3547 5341 dubita,
3591 5279 3720 5345 quia

2143 5382 2429 5436 videantur
2455 5382 2522 5436 ad
2559 5385 2660 5436 hoc
2693 5391 2902 5448 tempus
2926 5379 3224 5448 pertinere,
3259 5379 3426 5431 altera
3463 5392 3556 5431 eas
3584 5392 3722 5444 quas

2141 5475 2426 5544 episc0pus
2448 5475 2685 5544 scripsit,
2709 5473 2778 5528 ab
2797 5490 2848 5528 a.
2881 5472 2987 5528 570
3015 5473 3081 5526 ad
3109 5487 3158 5526 a.
3178 5470 3315 5536 578;
3349 5470 3503 5528 tertia
3527 5470 3724 5538 episto-

2143 5631 2222 5684 dit
2253 5633 2372 5684 κατ’
2407 5632 2700 5702 Εὑνομίου·
2734 5631 2826 5686 sed
2859 5631 2909 5684 in
2952 5629 3110 5702 notis_
3129 5629 3216 5683 ed.
3250 5628 3418 5685 Garn.
3461 5644 3520 5702 p.
3554 5627 3602 5686 I,
3640 5627 3722 5680 di-

2144 5704 2286 5755 citur
2303 5718 2404 5754 non
2425 5713 2530 5754 tam
2552 5700 2870 5756 Eunotnium
2901 5717 3062 5768 quam
3089 5700 3607 5754 Pncumatomachos
3626 5716 3719 5764 op.

2145 5788 2383 5840 pugnare
2414 5772 2672 5833 Basilius;
2705 5775 2951 5843 quamvis
2970 5771 3121 5827 istius
3145 5786 3356 5843 quoque
3384 5771 3718 5838 impie‘atctr.

2145 5849 2333 5898 eadem
2365 5859 2529 5912 opera
2553 5846 2848 5900 subvertat.
2879 5841 3047 5897 11Αιιι..
