4094 6220
1656 368 1936 433 NOTITIA
1977 370 2067 433 EX
2109 370 2448 439 FABRICIO.

3487 394 3674 434 CCLXIX

418 487 556 541 meri
592 485 782 542 codice
816 486 894 559 (in
933 484 1065 541 bibl.
1100 490 1243 559 regis
1296 486 1582 559 Hungariae
1612 496 1819 563 pridem
1852 509 2001 563 repo—
2030 496 2076 553 Α
2104 492 2307 548 δούλων
2340 495 2548 566 εὐχαῖς.
2576 494 2642 550 V.
2669 494 2895 551 Bandin.
2921 492 3092 550 Catal.
3120 494 3273 549 codd.
3309 492 3397 547 Cr.
3432 493 3618 561 Laur.,
3639 496 3676 559 I,

414 579 564 648 sito),
594 577 864 649 Haganoa‘.
898 577 1055 640 I528.
1093 580 1149 641 8,
1183 596 1353 649 usque
1384 583 1449 635 ad
1484 600 1767 639 numerum
1811 584 1992 639 CXLI.

415 673 636 724 Cretera:
663 686 691 723 a
726 686 959 725 numero
986 670 1169 726 CXLII
1201 673 1265 726 ad
1296 671 1535 728 CLXXX
1562 676 1630 730 ab
1654 676 1789 732 Aldo
1817 677 1997 730 Manu-

418 762 492 812 tio
523 776 647 814 cum
673 761 796 813 aliis
822 761 1099 815 variorum
1132 762 1399 828 epistolis.
1430 763 1621 819 Venet.
1660 766 1818 830 H99,
1842 766 1993 835 4(a),

418 854 468 905 in
499 868 600 920 qua
632 853 953 908 collectione
985 854 1149 909 etiam
1180 860 1421 911 occurrit
1454 860 1503 918 1.
1527 861 1581 919 5,
1614 860 1701 922 19,
1725 860 1793 916 88
1824 874 1876 913 et
1902 863 1992 920 89.

417 942 507 997 Illa
554 944 806 997 collectio
852 945 1045 999 deinde
1088 961 1207 999 cum
1258 948 1449 1002 Latina
1507 953 1759 1005 versione
1791 953 1992 1017 prodiit

415 1036 618 1090 Cenev.
650 1036 810 1103 I606,
851 1036 920 1090 fol
950 1076 965 1101 ,
998 1036 1099 1091 sub
1126 1038 1262 1092 falso
1288 1038 1474 1094 Jacobi
1512 1040 1716 1095 Cuiacli
1756 1043 1991 1096 nomine.

416 1127 520 1179 Sed
550 1127 652 1180 alia
682 1130 858 1182 versio
883 1139 988 1193 est,
1022 1145 1142 1199 qua:
1170 1131 1220 1183 in
1252 1124 1462 1187 Latinis
1491 1143 1546 1187 ct
1568 1135 1998 1193 Graeco-Latinis

414 1221 745 1275 cditionibus
807 1222 1023 1289 legitur.
1073 1222 1448 1292 Obsopmanas
1500 1228 1637 1281 varii
1696 1238 1994 1296 verterunt,

417 1324 467 1362 ut
504 1314 729 1379 primam
775 1314 958 1366 statim
1005 1314 1145 1369 GuiI.
1182 1314 1433 1383 Budaeus,
1466 1317 1600 1371 alias
1625 1316 1857 1373 .lacobus
1887 1321 1998 1391 My-

415 1421 609 1466 erzeus,
651 1405 879 1470 thetus,
933 1406 1087 1476 cujus
1134 1408 1461 1472 versionem,
1491 1409 1717 1464 Parisiis
1750 1411 1908 1475 1551,
1939 1413 1994 1475 8,

414 1512 690 1563 excusant,
737 1498 909 1552 solido
940 1497 1147 1552 Gallico
1177 1501 1332 1554 veuli
1367 1516 1463 1555 suo
1506 1512 1747 1571 tempore
1775 1506 1998 1557 notabat

414 1588 492 1643 Ge
528 1606 715 1654 uerus,
743 1592 1038 1659 appentlice
1062 1593 1127 1644 ad
1160 1590 1559 1657 Bibliotltecam,
1588 1596 1731 1649 edita
1758 1612 1808 1649 a.
1836 1596 1995 1653 1555.

488 1681 843 1735 Ceutesimam
867 1684 1254 1753 octogesimum
1280 1686 1509 1751 primam
1539 1687 1677 1741 inter
1706 1690 1997 1743 cauonicas

413 1773 724 1827 Crazcorum
764 1774 1022 1843 epistolas
1059 1777 1221 1828 vertit
1252 1774 1551 1831 Gentianus
1596 1778 1887 1834 IIcrvetus.

2099 600 2151 653 p.
2181 584 2309 640 49.4.
2362 586 2415 639 Id
2466 596 2623 640 antea
2676 587 2912 639 nondum
2964 586 3238 653 vulgatum
3280 585 3509 639 Bandin.
3555 585 3591 638 l.
3628 604 3678 639 c.

2099 691 2221 746 pag.
2279 675 2541 738 459-466,
2591 675 2686 731 Gr.
2724 676 2849 729 fecit
2899 676 3099 745 publici
3125 676 3287 743 juris.
3338 675 3393 729 Iu
3431 678 3552 729 cod.
3583 676 3679 729 tri-

2099 768 2281 821 buitur
2330 769 2545 837 quidem
2600 768 2827 832 Basilio;
2882 786 3007 822 num
3064 784 3190 822 vero
3228 784 3415 823 revera
3449 767 3518 822 sit
3565 768 3681 835 ejus

2097 874 2254 925 opus,
2291 858 2559 913 allirmare
2587 871 2735 913 certo
2766 875 2870 913 non
2902 862 3080 913 audet.
3124 861 3218 914 Est
3247 877 3461 931 quoque
3501 861 3571 914 De
3602 879 3685 932 sy-

2099 952 2313 1004 nisactia
2357 952 2832 1005 commentariolus
2886 953 2935 1004 in
2984 953 3174 1020 Adgeli
3226 954 3406 1007 Maria:
3447 952 3677 1008 Baudiui

2104 1038 2303 1095 Gratum
2340 1041 2586 1095 Ecclesia'
2619 1040 2975 1097 Maninteutis.
3010 1043 3247 1098 Florent.
3292 1044 3452 1111 I762,
3481 1046 3533 1111 8,
3572 1045 3676 1100 vol.

2099 1130 2184 1193 Ill,
2225 1150 2277 1184 ιι.
2312 1134 2367 1187 4.

2173 1224 2224 1276 Ιιι
2263 1225 2349 1279 ed.
2376 1224 2546 1279 Garn.
2580 1225 2667 1291 III,
2700 1243 2821 1297 pag.
2852 1227 2957 1282 465
2992 1242 3173 1297 seqq.,
3215 1238 3341 1283 sunt
3371 1229 3514 1284 inter
3546 1246 3678 1301 spu-

2101 1316 2208 1368 rias
2234 1316 2490 1383 epistolas
2528 1328 2724 1371 mutua:
2757 1319 2996 1386 epistola:
3038 1336 3090 1371 ιι.
3123 1318 3369 1373 CCCLXI
3402 1338 3571 1390 usque
3608 1323 3673 1375 ad

2100 1407 2398 1462 CCCLXIV
2427 1410 2741 1478 Apollinarii
2776 1422 2829 1464 et
2871 1409 3077 1465 Basilii.
3116 1411 3295 1465 Prima
3333 1414 3522 1479 incipit
3549 1432 3561 1467 :
3589 1412 3679 1484 Τῷ

2097 1502 2331 1575 δεσπότῃ
2365 1519 2467 1572 μου
2496 1504 2908 1576 αἰδεσιμωτάτῳ
2952 1505 3306 1577 Ἀπσλιναρὲῳ
3326 1508 3353 1559 ὁ
3379 1505 3678 1571 Basilum.

2098 1595 2371 1666 Πρότερον
2410 1596 2510 1666 μέν
2552 1615 2655 1662 σοι,
2696 1608 2826 1661 etc.,
2859 1609 3020 1667 atque
3059 1610 3247 1652 auctor
3275 1600 3515 1669 epistolae
3542 1615 3679 1653 con-

2099 1687 2226 1740 S‘lllll.
2255 1688 2642 1753 Apollinarium
2664 1690 2729 1743 de
2752 1691 2881 1744 usia:
2904 1700 2957 1744 et
2985 1688 3291 1744 substantiae
3318 1691 3589 1746 vocabulis
3617 1707 3680 1745 ac

2100 1780 2165 1833 de
2196 1780 2657 1844 comubslanliali,
2687 1789 2745 1835 ut
2776 1781 3008 1836 barbare
3034 1782 3138 1837 dici
3167 1782 3323 1836 solet.
3349 1782 3452 1837 Sed
3480 1784 3681 1851 episto-

486 1864 765 1919 CLXXXII
815 1882 986 1936 usque
1045 1868 1111 1921 ad
1168 1868 1295 1922 CCII
1336 1870 1609 1924 transtulit
1642 1870 1995 1943 Wolfgaugus
2029 1857 2068 1913 Β
2098 1872 2175 1925 las
2225 1873 2357 1926 istas
2407 1887 2529 1927 esse
2579 1875 2970 1943 supposititias,
3010 1876 3167 1928 docet
3196 1874 3425 1929 Garuier
3462 1874 3516 1927 in
3560 1873 3679 1928 Vita

413 1953 708 2022 Musculus,
735 1959 785 2010 in
819 1960 1061 2013 editione
1089 1958 1146 2013 S.
1176 1960 1358 2013 Basilii
1384 1959 1573 2014 Latina
1608 1978 1658 2015 ει.
1687 1962 1850 2017 1565.

485 2051 635 2104 CCIII
672 2063 722 2105 et
757 2052 911 2107 CCIV
943 2052 1243 2108 Flaminius
1270 2048 1511 2109 Nobilius
1542 2070 1594 2110 ει.
1630 2054 1787 2112 1605.

480 2141 613 2196 CCV
646 2142 719 2212 (b)
754 2142 936 2197 Basilii
969 2144 1284 2211 neutiquam
1316 2157 1422 2210 est,
1462 2146 1586 2201 licet
1614 2148 1715 2202 sub
1746 2149 1861 2215 ejus
1900 2166 1995 2201 uo—

412 2239 556 2291 ntine
590 2236 845 2292 aﬂ'eratur
900 2239 951 2292 in
993 2240 1141 2293 Actis
1186 2240 1381 2294 concil.
1430 2240 1631 2295 Niczeni
1668 2258 1727 2297 ιι.
1775 2244 1995 2298 Caetera:

410 2344 583 2398 usque
621 2331 686 2383 ad
714 2328 870 2385 CCIX
915 2347 943 2384 a
994 2330 1268 2386 Frontone
1312 2332 1507 2386 Ducrco
1539 2335 1734 2389 additae
1765 2345 1892 2388 sunt
1927 2352 1990 2390 ex

410 2424 542 2475 edit.
593 2423 942 2493 epistolarum
990 2423 1189 2479 Juliaui
1250 2426 1404 2494 imp.,
1463 2436 1650 2480 curata
1704 2443 1736 2480 ιι
1786 2426 1991 2482 Bonav.

410 2512 691 2578 Vulcanio,
722 2514 893 2583 Lugd.
929 2515 1116 2569 Batav.
1151 2518 1310 2583 1597,
1342 2517 1393 2573 8.

479 2606 614 2661 CCX
645 2609 711 2659 ad
743 2607 945 2661 CCXIV
968 2606 1041 2679 (ε)
1069 2609 1257 2663 Crzece
1303 2610 1509 2678 primus
1536 2624 1565 2664 e
1600 2610 1787 2665 codice
1813 2612 1994 2681 Augu—

408 2709 567 2754 atauo
592 2698 836 2769 vulgarat
862 2700 1028 2754 David
1055 2702 1395 2755 ΙΙσεδι-Ιιριίιιε
1420 2702 1486 2755 ad
1510 2705 1712 2755 calcem
1744 2714 1991 2758 notarum

408 2794 476 2848 ad
508 2792 894 2863 Plirynicltum,
922 2794 1176 2865 Augusta:
1211 2792 1421 2849 Vindel.
1458 2794 1616 2859 1601,
1644 2796 1699 2859 4,
1736 2812 1852 2866 pag.
1889 2797 1993 2851 150

406 2900 563 2954 seqq.

482 2974 664 3032 CCXV
706 2975 770 3030 ad
799 2972 1139 3030 CCCCXVIII
1174 2989 1347 3044 neque
1367 2976 1554 3030 Grzece
1588 2992 1763 3045 neque
1795 2977 1991 3032 Latine

409 3064 585 3123 lucem
619 3071 862 3121 viderant
896 3075 1022 3121 ante
1059 3066 1353 3120 editionem
1388 3067 1561 3121 Paris.
1601 3067 1762 3132 1618,
1802 3070 1854 3122 in
1886 3084 1990 3139 qua

2098 1963 2309 2027 Basilii,
2349 1981 2468 2035 cap.
2521 1965 2588 2019 59
2627 1968 2747 2031 lin.,
2778 1983 2901 2035 pag.
2933 1966 3054 2020 I75.
3093 1966 3184 2019 llis
3222 1968 3432 2021 accedit
3473 1967 3574 2021 alia
3607 1968 3680 2024 si-

2100 2054 2243 2107 milis
2276 2054 2389 2108 lere
2418 2057 2746 2123 argumenti,
2773 2058 2914 2110 edita
2942 2068 2997 2110 et
3030 2057 3321 2125 inscripta:

2169 2144 2411 2215 Epistola
2446 2148 2514 2199 ad
2551 2147 2911 2214 Apollinarem
2946 2147 3302 2200 Laodicenum
3339 2147 3678 2202 celeberrima

2097 2241 2161 2291 de
2190 2240 2367 2292 divina
2397 2241 2649 2305 essentia,
2696 2239 2804 2292 divi
2838 2236 3021 2291 Basilii
3059 2240 3274 2293 nomine
3306 2240 3372 2293 ab
3398 2238 3681 2295 Eustatltio

2098 2333 2397 2386 Sebasteno
2424 2341 2535 2385 toto
2562 2330 2673 2385 fere
2697 2329 2918 2385 Oriente
2943 2348 3037 2400 per
3058 2347 3328 2386 smnmum
3355 2332 3533 2386 scelus
3563 2332 3679 2385 vul-

2097 2435 2241 2493 gata,
2274 2440 2339 2479 ex
2373 2425 2494 2478 cod.
2535 2440 2634 2490 ms.
2668 2424 2799 2477 bibl.
2848 2424 3117 2493 Augelica:
3163 2422 3258 2478 Gr.
3293 2433 3345 2479 et
3378 2423 3500 2478 Lat.
3536 2439 3681 2478 nunc

2098 2517 2331 2585 primum
2384 2516 2435 2568 in
2485 2514 2661 2569 lucem
2696 2504 2913 2582 ‘prodit.
2966 2516 3221 2569 bismrica
3259 2516 3574 2569 narratione
3627 2523 3682 2568 rt

2096 2608 2548 2661 animadversion.
2594 2607 2878 2670 illustrata,
2926 2607 3111 2662 Romae
3164 2607 3321 2673 1⁸796,
3378 2606 3431 2660 8.
3497 2606 3683 2661 Editur

2096 2708 2177 2751 est
2206 2697 2440 2767 Leopold
2484 2696 2813 2751 Sebastiani.
2862 2694 2919 2749 In
2968 2710 3131 2764 opere
3175 2696 3293 2764 ipso
3327 2704 3448 2747 sunt
3500 2694 3684 2746 multa:

2099 2790 2369 2841 variorum
2402 2789 2727 2856 scriptorum
2759 2786 2955 2842 ecclcs.
3000 2796 3054 2840 et
3100 2787 3168 2840 ab
3201 2786 3356 2841 initio
3390 2783 3682 2838 LXXXVII

2096 2880 2275 2934 Basilii
2330 2881 2591 2947 epistol-.e,
2648 2895 2781 2948 quas
2845 2879 3047 2949 excipit
3090 2878 3312 2947 cpistola
3362 2894 3504 2931 nunc
3551 2893 3578 2929 a
3626 2892 3678 2947 p.

2095 2971 2263 3025 25-29
2304 2971 2470 3034 edita,
2514 2986 2673 3039 quam
2721 2971 2969 3037 sequitur
3014 2968 3236 3023 historia
3281 2967 3678 3022 dissensionum

2100 3064 2240 3117 inter
2281 3062 2339 3116 S.
2375 3061 2632 3117 Basilium
2664 3073 2719 3115 et
2749 3063 3089 3117 Eustatliium
3111 3062 3492 3126 Sebastenum,
3520 3069 3685 3129 atque

412 3170 627 3216 exstant
663 3176 785 3215 cum
826 3160 1077 3213 versione
1108 3157 1367 3213 Ricbardi
1399 3158 1867 3229 Montacutii,qni
1901 3176 1993 3216 cas
2021 3198 2062 3253 C
2098 3170 2126 3206 a
2179 3170 2299 3225 pag.
2350 3153 2573 3209 39-bit.
2622 3155 3122 3210 animadversiones
3170 3155 3221 3209 in
3268 3152 3572 3222 epistolam.
3620 3154 3680 3206 In

410 3270 475 3308 ex
530 3254 807 3309 codicibus
854 3252 1094 3323 Anglicis
1144 3254 1436 3322 descripsit
1482 3264 1537 3307 et
1576 3270 1697 3309 cum
1733 3270 1827 3307 sua
1868 3271 1993 3309 ver-

410 3347 564 3400 sione
596 3345 661 3397 ad
698 3343 949 3397 Ducmum
980 3344 1146 3398 misit.
1181 3344 1258 3397 Ex
1288 3344 1526 3398 editione
1556 3344 1657 3398 hac
1687 3360 1893 3399 recusa:
1926 3345 1993 3399 ad

414 3440 637 3490 verbum
668 3447 795 3489 sunt
828 3434 883 3489 in
913 3434 1324 3491 Gnaeo-Latina
1362 3436 1486 3490 anui
1525 3435 1685 3497 1658,
1724 3448 1868 3491 ιοιιιο
1903 3430 1994 3491 111.

411 3529 557 3583 Elias
585 3527 660 3580 Du
699 3526 796 3580 Pin
845 3528 1061 3596 quando
1102 3527 1291 3583 scribit
1339 3527 1439 3597 (tl),
1476 3537 1776 3595 postremas
1818 3529 1997 3583 Basilii

410 3621 668 3688 epistolas
718 3622 787 3674 ab
818 3620 1126 3675 Ilmscbelio
1175 3636 1359 3676 versas
1384 3636 1525 3686 esse,
1562 3636 1660 3689 pro
1690 3619 1999 3677 Hui-clielio

412 3713 801 3767 Montacutium
834 3713 1014 3765 dicere
1042 3712 1232 3765 voluit.

487 3801 771 3856 Florentiae
801 3801 851 3853 in
884 3802 1007 3855 cod.
1046 3799 1386 3854 Laut-Med.
1419 3799 1537 3867 XX,
1567 3818 1620 3855 ιι.
1659 3802 1744 3866 15,
1773 3813 1856 3857 est
1900 3804 1999 3857 Ba-

412 3894 516 3949 silii
546 3909 732 3961 opusc.
760 3890 896 3962 Περὶ
921 3892 1307 3957 συνεισάκτων,
1336 3891 1409 3945 De
1435 3896 1733 3961 synisuctis,
1762 3896 1841 3947 vel
1868 3898 1999 3949 sub-

413 3985 736 4039 introductis
790 3987 879 4053 (de
916 3984 1110 4052 quibus
1148 3986 1259 4049 egit
1308 3980 1641 4037 Muratorius
1675 3984 1726 4036 in
1762 3985 1899 4038 diss.
1932 3985 1998 4038 tle

414 4078 505 4140 iis,
538 4078 741 4130 adnexa
780 4077 925 4131 illius
960 4077 1240 4131 Anecdotis
1280 4073 1399 4138 Cr.,
1446 4092 1496 4143 p.
1543 4076 1693 4141 218.)
1730 4076 1836 4131 Inc.
1879 4078 2000 4149 ‘Apa

414 4168 634 4240 ξώμεοα
670 4172 762 4222 καὶ
804 4171 965 4241 ἡμεῖς
995 4169 1222 4240 λαλῆσαι
1256 4171 1375 4232 ταῖς
1403 4168 1510 4222 τῶν
1556 4170 1727 4237 ἁγίων
1762 4170 1999 4241 Χριστοῦ

490 4281 563 4349 (α)
596 4282 650 4334 In
684 4281 813 4335 bibl.
841 4281 1089 4334 Leidensi
1119 4291 1201 4334 est
1231 4280 1513 4348 exemplar
1565 4282 1713 4334 illius
1756 4282 1886 4335 edit.
1914 4298 1999 4333 va-

417 4353 515 4407 riis
548 4354 599 4405 in
629 4353 764 4405 locis
812 4368 840 4403 a
871 4352 1113 4406 Gerardo
1145 4350 1468 4420 Falkeburg.
1505 4353 1872 4405 emendatum.
1932 4354 1995 4407 V.

416 4424 534 4475 Cat.
570 4422 693 4474 bibl.
730 4421 901 4481 Leid.,
931 4440 983 4491 p.
1018 4422 1143 4475 279.
1184 4422 1355 4477 llAttL.

491 4491 564 4558 (bl
602 4494 653 4543 In
683 4494 767 4543 ed.
807 4492 998 4553 Garu.,
1032 4509 1081 4559 p.
1116 4492 1241 4553 162,
1272 4507 1356 4557 ep.
1398 4490 1621 4555 CCCVI,
1661 4506 1726 4543 ex
1779 4491 2003 4557 epistola

417 4564 483 4614 ad
534 4562 804 4615 lulianum
860 4564 1265 4628 imperatorem.
1321 4562 1585 4615 Prtelcrea
1646 4563 1886 4626 epismlae
1937 4563 2004 4616 ad

416 4630 619 4685 Julian.
653 4644 776 4684 sunt
804 4633 969 4702 itted.
1004 4630 1170 4685 Garn.
1212 4648 1265 4698 p.
1303 4630 1427 4691 I94,
1460 4648 1545 4695 ep.
1584 4630 1715 4702 XLI,
1752 4633 1885 4686 alias
1912 4647 1998 4702 cp.

416 4703 619 4756 CCVIII
651 4700 912 4771 ctCCIX,
943 4712 996 4756 et
1034 4720 1085 4771 p.
1122 4702 1247 4764 451,
1279 4718 1364 4771 ep.
1409 4701 1681 4765 CCXCIII,
1730 4703 1867 4757 alias
1913 4700 1998 4771 ep.

414 4771 645 4827 CLXVI.
680 4770 851 4825 Hant..

497 4844 566 4911 (ο)
600 4842 894 4909 Ειιὶςιυιίιιιι
945 4838 1102 4895 CCIX
1136 4842 1480 4906 integriorem
1516 4855 1579 4911 ex
1621 4842 1809 4893 codice
1844 4841 2001 4909 Dign-

421 4910 569 4965 tiano
616 4914 784 4964 edidit
830 4912 1187 4964 Combelisius
1239 4922 1367 4963 tum.
1418 4912 1455 4963 ll
1506 4910 1691 4962 Basilii
1740 4913 2000 4972 reccttsili,

423 5000 541 5051 pag.
570 4982 693 5043 568,
730 4992 783 5033 et
824 4997 886 5035 ex
906 5050 909 5051 ν
931 4998 1061 5033 mss.
1090 4982 1229 5051 regis
1252 4980 1437 5034 Gallia:
1466 4980 1766 5034 Cotelcrius
1804 4994 1930 5035 tum.
1962 4983 2004 5035 Il

427 5049 817 5105 Monumentor.
870 5050 1120 5104 Ecclesia'
1168 5049 1391 5122 Qrwcaz,
1442 5068 1563 5119 pag.
1608 5052 1678 5104 92
1711 5051 1821 5122 [ep.
1866 5051 2000 5105 XLI.

418 5124 587 5177 Gai-n.
619 5137 682 5174 ex
720 5122 880 5173 codd.
913 5137 1036 5188 pag.
1070 5120 1220 5190 HL]
1249 5131 1303 5174 et
1335 5136 1456 5188 pars
1494 5120 1726 5182 eorum,'
1757 5138 1875 5189 qua:
1905 5125 2002 5175 ad-

423 5203 715 5244 uectuulur
757 5195 823 5245 de
873 5191 1046 5244 Lauso
1093 5194 1333 5255 tribuno,
1386 5193 1702 5257 legebantur
1744 5194 1905 5245 etiam
1952 5194 2001 5245 itt

423 5263 657 5327 vulgatis
705 5264 770 5313 ad
817 5264 1019 5314 calcem
1070 5263 1312 5325 epistolae
1359 5260 1582 5315 CCVIII.
1634 5262 1804 5313 Etiam
1857 5264 2001 5314 illaut

419 5331 603 5393 CCIX,
653 5347 773 5399 qua:
821 5347 944 5383 cum
989 5331 1188 5385 CCVIII
1234 5332 1346 5385 fere
1394 5334 1605 5393 eadem,
1652 5332 2002 5401 integriorem

426 5404 529 5467 legi
561 5404 609 5453 in
639 5403 824 5454 codice
848 5403 1119 5463 Caesareo,
1155 5412 1445 5454 notaverat
1470 5402 1788 5455 Lambecius
1827 5404 1917 5455 lib.
1949 5417 2000 5465 ν,

426 5488 549 5542 pag.
578 5471 702 5527 216,
738 5470 881 5542 [ιιηε.
913 5471 1192 5542 iil1l,_cud.
1217 5470 1442 5532 CCXCI,
1468 5473 1517 5534 5,
1548 5470 1775 5531 Kullar.,
1802 5484 1853 5523 ct
1880 5473 2000 5527 cod.

422 5540 669 5611 CCXCII.
707 5540 759 5605 6,
808 5557 860 5609 p.
912 5540 1065 5611 524.]
1092 5541 1232 5611 adde
1273 5542 1366 5594 lib.
1401 5558 1517 5603 VIII,
1555 5558 1673 5610 pag.
1715 5542 1819 5596 485
1850 5558 2001 5610 seqq.

426 5610 505 5679 ιι).
539 5610 677 5665 1014
726 5626 879 5682 seqq.
922 5612 1008 5665 ed.
1064 5610 1201 5664 Koll.
1244 5627 1402 5677 quem
1440 5613 1553 5682 yid.
1604 5615 1669 5665 de
1715 5616 1811 5665 cod
1844 5612 2002 5682 LIV.]

428 5682 667 5745 Epistula
700 5680 851 5735 CCVI
883 5691 965 5735 est
992 5683 1131 5735 inter
1150 5682 1410 5749 epistolas
1435 5680 1633 5734 Juliani
1662 5680 1998 5737 duodecima:

427 5750 591 5804 FABR.
622 5751 675 5804 lu
714 5754 845 5806 edit.
891 5751 1057 5806 Garu.
1096 5763 1177 5805 est
1223 5754 1385 5816 epist.
1434 5750 1677 5822 XXXIX,
1725 5769 1841 5822 pag.
1885 5754 1999 5813 122.

426 5822 515 5873 ubi
540 5822 593 5874 in
622 5823 760 5877 notis
789 5822 981 5888 editOr,
1005 5839 1112 5877 non
1135 5838 1285 5891 ergo,
1316 5822 1409 5885 ait,
1430 5824 1494 5876 ad
1521 5820 1775 5877 Basilium
1805 5820 2001 5893 Scripta

2102 3247 2503 3317 Prolegomeuis
2579 3264 2699 3317 pag.
2771 3264 2989 3302 t-vattt
3054 3245 3379 3302 orthodoxia
3460 3243 3680 3299 Patrum

2101 3340 2303 3397 eccles.
2341 3350 2467 3393 ante
2506 3338 2798 3393 concilium
2836 3338 3113 3393 Nicrcnum
3147 3338 3472 3394 defenditur.
3507 3336 3680 3391 IIttttL.

2172 3430 2469 3487 Nonuullas
2498 3430 2818 3487 Latinorum
2847 3433 3204 3501 interpretum
3236 3430 3685 3485 Itallucinationes

2104 3526 2433 3590 emendavit,
2479 3526 2571 3595 qui
2625 3524 2921 3579 novissime
2966 3523 3224 3593 epistolas
3274 3519 3457 3579 Basilii
3493 3523 3685 3578 ordine

2104 3618 2384 3685 temporis,
2419 3634 2526 3686 quo
2555 3619 2773 3686 scriptze
2801 3626 2945 3679 sunt,
2980 3617 3208 3685 digessit
3241 3616 3508 3684 vertitque
3553 3614 3683 3670 Gal-

2106 3710 2208 3764 lice
2241 3709 2414 3765 Paris.
2447 3706 2609 3777 1695,
2650 3711 2716 3764 12
2743 3729 2756 3765 :
2793 3708 2995 3763 Lettres
3025 3710 3087 3762 de
3109 3709 3169 3764 S.
3194 3705 3374 3762 Basile
3399 3707 3446 3760 le
3475 3705 3683 3770 Grand,

2106 3805 2363 3859 traduites
2396 3804 2467 3858 du
2493 3819 2631 3873 grec,
2665 3804 2929 3870 disposées
2969 3818 3032 3853 en
3085 3800 3325 3853 meillcur
3352 3801 3524 3864 ardre,
3565 3815 3685 3852 avec

2107 3902 2194 3952 des
2225 3906 2371 3950 notes
2401 3906 2447 3950 et
2484 3895 2557 3949 les
2588 3895 2895 3948 sommaires
2920 3893 2980 3947 de
3002 3896 3201 3962 clmque
3224 3891 3392 3945 lettre.
3416 3887 3688 3957 Interpres

2110 3988 2429 4042 Frauciscus
2458 3988 2523 4040 de
2550 3984 2883 4055 Bellegarde.
3478 4048 3481 4063 Ι

2178 4079 2418 4149 Epistola
2467 4078 2506 4132 I.
2560 4076 2647 4149 [IL
2678 4078 2847 4132 Garu.
2883 4092 2935 4143 p.
2985 4074 3051 4128 70
3080 4069 3256 4142 seqq]
3298 4072 3361 4123 ad
3395 4070 3688 4124 Nazianze-

2111 4189 2236 4226 num
2272 4171 2345 4225 De
2378 4176 2482 4224 vita
2521 4172 2573 4223 in
2607 4168 2893 4222 solitudine
2926 4167 3181 4238 degenda,
3214 4180 3280 4218 ex
3320 4164 3509 4219 Latina
3540 4163 3686 4219 Guil.

2110 4285 2224 4337 ba-c
2248 4282 2506 4351 epistola;
2547 4283 2641 4336 sed
2672 4280 2738 4335 ad
2768 4280 3037 4334 hominem
3076 4278 3211 4331 aulae
3238 4279 3364 4351 vitia
3399 4279 3686 4351 hactenus,

2109 4355 2209 4406 sub
2248 4348 2599 4421 itiiperature,
2639 4368 2799 4421 quem
2836 4368 2945 4417 pra:
2990 4366 3061 4421 se;
3093 4349 3389 4421 spernebat
3418 4348 3685 4405 Julianus.

2116 4419 2421 4493 expertum,
2460 4423 2600 4492 quod
2634 4422 2701 4493 de
2730 4420 2930 4493 Basﬂin
2955 4419 3065 4493 dici
3094 4419 3316 4493 omnino
3352 4434 3452 4493 non
3485 4427 3684 4493 potest.

2114 4488 2286 4560 Atque
2321 4488 2489 4547 Garu:
2548 4492 2600 4545 in
2661 4489 2782 4543 Vita
2833 4489 3049 4553 Basilii,
3096 4505 3214 4560 cap.
3249 4490 3301 4560 8,
3354 4488 3404 4549 I,
3456 4489 3686 4554 primum

2112 4559 2344 4627 dubitat,
2378 4579 2504 4615 num
2538 4560 2736 4615 Juliaui
2775 4561 3018 4625 epistola:
3050 4563 3113 4611 ad
3160 4559 3417 4611 Basilium
3454 4559 3564 4610 sint
3594 4574 3685 4625 ge.

2109 4636 2304 4695 tmimc,
2351 4642 2406 4686 et
2444 4635 2517 4685 Du
2568 4633 2665 4686 Pin
2698 4647 2761 4684 ac
2793 4631 3148 4689 'I'illeu'ontii,
3179 4629 3267 4697 qui
3305 4644 3422 4681 cam
3458 4630 3619 4695 epist.
3657 4641 3686 4679 τι

2105 4702 2320 4757 .lnlianu
2353 4705 2612 4771 scriptam
2649 4711 2930 4769 putarunt,
2971 4700 3313 4771 conjecturas
3346 4701 3411 4749 de
3447 4708 3689 4771 tempore

2105 4789 2212 4840 quo
2246 4767 2764 4831 exaralavvidea—tur,
2798 4786 2863 4823 eo
2907 4781 3251 4839 argumento,
3283 4770 3443 4822 istam
3487 4767 3553 4821 ad
3585 4767 3689 4825 Ba.

2106 4844 2290 4897 silium
2328 4843 2467 4896 haud
2510 4844 2730 4895 missam
2763 4857 2907 4901 esse,
2946 4843 3219 4893 convellit.

2177 4911 2233 4965 In
2266 4916 2383 4969 eod.
2414 4912 2718 4980 Mnsquens.
2741 4915 2934 4980 synod.
2962 4910 3094 4972 XLI,
3130 4926 3180 4963 ιι.
3218 4910 3271 4974 9,
3300 4919 3422 4962 sunt
3451 4907 3690 4980 epistola:

2105 4982 2355 5051 Gregorii
2396 4978 2656 5035 Naziauz.
2689 4991 2743 5034 et
2787 4979 2968 5033 Basilii
3018 4981 3085 5032 111.
3134 4993 3353 5051 mutuzc.
3389 4978 3688 5051 cuiu_cjus-

2106 5048 2242 5105 (lemw
2281 5054 2555 5105 nonnullis
2592 5053 2733 5113 aliis,
2786 5051 2836 5102 itt
2891 5051 2973 5102 Itis
3008 5051 3138 5102 'dnaa
3185 5048 3381 5102 .luliaui
3417 5062 3465 5101 et
3499 5048 3682 5100 Basilii

2108 5134 2321 5174 mutuae.
2358 5123 2509 5175 ConI'.
2553 5121 2785 5175 Matth-usi
2820 5118 2990 5171 Notit.
3025 5121 3177 5170 codd.
3220 5118 3409 5185 Mosq..
3445 5135 3563 5185 pag.
3600 5120 3687 5171 61.

2105 5223 2173 5232 —
2206 5192 2258 5245 Ιιι
2307 5194 2426 5246 cod.
2466 5191 2765 5244 Viudnliou.
2815 5192 3015 5242 thsar.
3053 5188 3277 5247 CCXCI,
3317 5207 3369 5241 ιι.
3413 5188 3468 5245 2.
3514 5189 3691 5240 iudice

2107 5262 2396 5315 Lambecio
2427 5260 2629 5316 Comm.
2667 5262 2729 5321 V,
2766 5277 2885 5326 pag.
2926 5258 3029 5311 518
3066 5275 3200 5323 seq..
3238 5261 3355 5311 dua:
3392 5268 3517 5309 sunt
3576 5258 3692 5324 epi-

2107 5333 2261 5385 stola:
2292 5334 2356 5386 ad
2398 5334 2626 5401 Cregor.
2687 5331 2981 5401 Naziauz.;
3018 5329 3135 5401 sed_
3157 5326 3384 5401 Κομδν.Δ
3412 5328 3462 5401 in
3495 5327 3689 5401 not..A

2108 5406 2357 5461 alteram,
2399 5392 2791 5469 qumvincipit:
2835 5399 2893 5449 '0
2940 5396 3177 5465 ἐφικτῶν
3207 5392 3346 5450 εἶναι
3374 5397 3547 5469 λέγῳν
3587 5395 3689 5469 τὴν

2107 5473 2215 5525 τῶν
2239 5466 2683 5543 ὅντωνέὖρεσιν,
2700 5472 3260 5543 observat__scriptam
3286 5487 3405 5543 esse
3436 5486 3462 5519 ιι
3489 5466 3688 5543 Basilio

2109 5549 2372 5596 adversus
2422 5537 2768 5596 Iittiiomium.
2824 5538 2914 5589 l‘Lst
2968 5538 3055 5587 illa
3093 5540 3254 5605 t-pist.
3290 5538 3427 5594 XVI.
3464 5554 3583 5604 pag.
3618 5537 3687 5591 95

2106 5626 2191 5667 ett.
2225 5612 2414 5674 ϐίη-ιι..
2448 5614 2732 5679 inscripta,
2774 5608 2915 5677 Πρὸς
2954 5606 3219 5677 Εὐνόμιον
3262 5608 3352 5661 τὸν
3387 5607 3684 5679 αἱρετικόν.

2107 5686 2283 5749 Atque
2323 5685 2401 5738 sic
2434 5699 2562 5736 mss.
2599 5698 2714 5735 sex.
2758 5679 2812 5730 V.
2852 5680 3077 5731 cdilnt'is
3109 5692 3290 5732 nutant
3324 5698 3375 5732 τι.
3410 5680 3578 5731 ΙΙΑιιι..

2181 5746 2259 5815 (ιιι
2300 5753 2453 5809 Tum.
2512 5754 2550 5807 II
2612 5752 2748 5805 Bibi.
2809 5751 3120 5815 scriptorimt
3175 5752 3383 5813 ccc/rs”
3418 5765 3535 5818 pag.
3593 5746 3690 5804 1Ωὲ

2109 5828 2234 5877 ςιιιι.
2274 5824 2441 5876 Amst.
