4094 6220
468 402 639 449 ωικ

1844 386 2211 447 PROLEGOM
2223 388 2377 445 ENA.

468 501 655 562 Butlaei
708 505 956 561 versione
1010 504 1213 575 legitur
1263 513 1407 560 torno
1446 524 1465 560 ι
1523 507 1641 575 ejus
1689 522 1910 576 operum
1945 505 2047 577 (a).
2084 510 2126 564 A
2157 505 2266 557 seri
2301 502 3075 574 Gymnasmatum'litteratara:
3099 501 3250 558 libris
3276 517 3360 568 ιιι,
3389 500 3483 560 Gr.
3508 511 3559 559 et
3582 498 3732 575 Lac,

472 600 674 654 Eadem
704 597 890 653 Graece
938 607 991 651 et
1022 596 1217 651 Latine
1256 613 1379 650 cum
1430 598 1782 666 graunnatica
1813 597 2047 650 vocabu-

475 693 651 746 lorum
681 690 1127 759 interpretatione
1155 690 1355 759 prodiit
1382 691 1672 759 separatim
1702 690 1876 744 Paris.
1908 689 2045 744 1657

475 783 639 855 [1647
677 795 763 851 ap.
800 783 1051 837 Maittair.
1082 782 1148 835 Α.
1193 781 1252 835 Τ.
1296 782 1380 848 Ill,
1431 798 1549 852 pag.
1586 781 1714 853 910]
1762 782 1815 836 8.
1854 783 2047 835 Extre-

474 891 618 932 mam
670 884 902 946 partem,
941 890 1061 946 quae
1109 877 1163 929 in
1207 876 1368 931 editis
1415 877 1774 939 desideratur,
1825 892 1889 930 ex
1944 891 2045 930 ms.

473 968 723 1023 Caesareo
765 969 952 1024 Graece
997 969 1090 1022 dat
1131 969 1452 1024 Lambecius
1502 970 1591 1034 III,
1638 986 1689 1039 p.
1751 969 1855 1023 M9
1899 968 2043 1040 {cod.

472 1058 687 1126 LXXV,
715 1079 771 1133 p.
798 1062 903 1117 575
931 1066 1016 1117 ed.
1038 1062 1269 1125 Kollar.,
1296 1063 1449 1131 cujus
1484 1073 1663 1117 uolam
1688 1064 1826 1117 vide.
1848 1060 2046 1134 [laetu]

452 1155 465 1197 ι
545 1153 783 1222 Epistola
815 1152 974 1207 XLIII
1019 1152 1111 1224 [58
1149 1152 1339 1216 Garn.,
1371 1169 1492 1224 pag.
1524 1153 1646 1208 115.
1698 1155 1785 1210 ubi
1821 1169 1869 1205 v.
1906 1151 2045 1224 uot.]

462 1254 492 1291 θ
533 1243 589 1300 S.
623 1246 856 1301 Maximo
888 1248 954 1299 ad
1009 1245 1225 1315 Dionys.
1268 1248 1535 1317 AreOpag.
1580 1256 1709 1300 tom.
1757 1245 1800 1307 I.
1853 1260 1905 1313 p.
1953 1245 2044 1310 9.7,

474 1339 674 1393 citatur
720 1348 777 1392 ut
820 1339 978 1407 λόγος
1016 1340 1195 1396 Basilii
1230 1340 1295 1394 ad
1338 1338 1560 1393 fratrem
1609 1339 1744 1409 Περὶ
1786 1337 2048 1408 διαφορᾶς

473 1428 662 1493 οὐσίας
717 1429 808 1483 καὶ
855 1430 1221 1493 ὑποστάσεως.
1271 1428 1423 1483 Hanc
1471 1429 1631 1483 vertit
1677 1426 1783 1498 [10.
1836 1428 2043 1483 Conon.

475 1520 659 1574 Patav.
693 1520 851 1581 1507.
887 1522 940 1575 4.
974 1521 1039 1576 V.
1073 1521 1299 1575 Panzer.
1330 1518 1465 1586 VIII,
1509 1535 1629 1590 pag.
1660 1519 1788 1592 225]
1828 1529 1879 1576 et
1907 1519 2044 1575 Bea-

478 1619 560 1664 tus
593 1610 885 1665 Bhenanus
916 1612 1086 1664 Paris.
1121 1611 1281 1666 1515.
1322 1610 1517 1664 Eadem
1550 1611 1779 1679 epistola
1813 1612 2045 1680 quibus-

472 1700 598 1755 dam
635 1704 767 1757 lucis
815 1703 1136 1771 interpolata
1182 1703 1376 1772 legitur
1407 1713 1537 1757 tom.
1574 1702 1617 1757 II
1646 1702 1876 1774 Nysseni
1902 1703 2048 1759 velut

473 1790 643 1857 ipsius
671 1797 735 1848 ad
764 1794 976 1848 Petrum
1007 1795 1250 1849 fratrem.
1289 1793 1451 1865 [Vide
1480 1796 1531 1848 in
1557 1795 1721 1864 Greg.
1752 1794 1937 1867 Nyss.]

2152 596 2299 664 Lips.
2347 594 2501 661 1574,
2546 596 2600 660 8,
2635 605 2761 650 sunt
2806 595 2859 648 in
2896 594 3037 649 libro
3078 610 3117 649 ιι
3147 593 3331 650 Basilii
3379 595 3448 649 Μ.
3478 604 3587 650 tres
3614 598 3728 667 epi-

2149 686 2317 742 stolae.
2352 686 2521 741 11Αιιι..

2220 775 2403 830 Basilii
2450 774 2705 844 epistolas
2753 775 3014 844 quasdam
3062 774 3231 829 edidit
3277 789 3494 844 quoque
3541 782 3729 830 Grece

2150 868 2371 924 Hieron.
2403 867 2688 923 Brnnellus
2716 866 2773 922 S.
2799 866 2874 931 1.,
2902 867 3089 922 Roma:
3110 866 3164 932 8,
3191 884 3313 922 cum
3350 868 3471 923 aliis
3500 868 3728 924 aliorum

2150 958 2370 1013 Patrum
2399 958 2614 1012 selectis
2648 960 2869 1027 scriptis
2894 969 2948 1013 et
2980 958 3239 1013 homiliis.
3330 972 3331 975 ‘

2221 1051 2493 1119 Epistolas
2544 1052 2821 1119 sexaginta
2882 1065 2948 1104 ex
2991 1049 3076 1105 Jo.
3125 1050 3312 1106 Jacobi
3360 1048 3581 1106 Beureri
3610 1068 3728 1108 ver-

2150 1144 2304 1198 sione
2335 1143 2556 1197 exhibet
2586 1142 2863 1196 Abraham
2894 1140 3168 1197 Scultetus
3205 1152 3335 1197 tom.
3372 1142 3443 1197 IV
3476 1142 3729 1200 Medulla:

2151 1233 2397 1298 Patrum,
2431 1250 2551 1304 pag.
2588 1233 2695 1288 253
2725 1249 2866 1303 seq.;
2896 1247 3177 1304 acceperat
3211 1245 3390 1289 autem
3425 1236 3545 1291 illas
3572 1238 3730 1292 Scul-

2154 1334 2296 1380 tetus
2359 1339 2389 1378 a
2450 1324 2589 1379 Jano
2662 1325 2928 1391 Grntero,
2984 1327 3437 1397 quemadmodum
3492 1327 3728 1383 Beurero

2147 1417 2363 1473 Graecas
2415 1433 2480 1472 ex
2519 1417 2799 1473 codicibus
2825 1418 3156 1488 Augustauis
3193 1421 3491 1490 descriptas
3524 1437 3727 1492 suppe-

2148 1513 2417 1565 ditaverat
2451 1510 2813 1566 Haaschelins.
2847 1511 2904 1565 In
2940 1511 3026 1567 his
3062 1511 3258 1582 legitur
3290 1514 3453 1568 etiam
3500 1515 3726 1584 epistola

2148 1604 2214 1658 ad
2262 1603 2655 1673 Apollinarium
2689 1603 2788 1673 (ὁ),
2841 1618 3027 1673 quam,
3069 1603 3122 1657 in
3174 1604 3502 1660 editionibus
3540 1604 3726 1661 Basilii

2150 1695 2292 1749 haud
2324 1694 2561 1760 obviam,
2592 1692 2780 1748 Graece
2822 1694 3017 1750 deinde
3069 1702 3124 1748 et
3173 1694 3361 1751 Latine
3395 1710 3519 1752 cum
3556 1698 3730 1752 altera

2151 1788 2218 1841 ad
2247 1787 2612 1855 Apollinarem
2656 1797 2711 1842 et
2764 1787 2960 1857 duplici
3005 1788 3334 1857 Apollinaris
3383 1791 3728 1859 responsoria

552 1884 785 1952 Epistula
840 1885 1032 1939 LXXX
1079 1886 1206 1947 1139
1247 1864 1525 1950 carmen,
1568 1886 1750 1955 ibique
1905 1864 2047 1958 ᾖσι]
2081 1864 2123 1918 Β
2153 1879 2391 1950 vulgavit
2418 1879 2720 1936 Cotelerius
2752 1889 2882 1934 tom.
2911 1880 2950 1934 II
2983 1879 3337 1945 Monument.,
3364 1898 3417 1952 p.
3443 1881 3531 1935 84.
3555 1881 3726 1937 Paris.

479 1974 674 2041 legitur
699 1973 841 2029 inter
862 1973 1109 2043 Gregorii
1144 1975 1373 2046 Nysseni
1407 1977 1633 2045 scripta,
1664 1986 1795 2031 tom.
1830 1976 1895 2042 II,
1928 1994 2050 2048 pag.

474 2062 604 2129 458,
634 2064 736 2118 sub
761 2064 916 2118 titulo
946 2063 1022 2117 De
1051 2062 1111 2118 S.
1146 2062 1410 2118 Trinitate
1444 2066 1512 2117 ad
1544 2063 1905 2133 Eustathium,
1929 2080 2051 2119 cum

474 2155 726 2208 versibue
762 2152 1037 2207 Laurentii
1080 2153 1274 2208 Silani.

546 2244 844 2316 Epistulam
887 2243 1242 2300 CCLXXXIX
1275 2243 1368 2317 [95
1412 2244 1607 2318 Garm]
1652 2262 1772 2301 cum
1805 2247 2054 2302 versione

478 2350 578 2393 sua
647 2335 897 2403 notisque
943 2334 1150 2402 primus
1192 2332 1381 2389 Graece
1436 2337 1603 2390 edidit
1650 2334 1779 2391 Ger.
1827 2334 2054 2391 Vossius

481 2433 547 2487 ad
577 2430 781 2485 calcem
812 2427 1058 2497 Gregorii
1083 2425 1497 2498 Thaumaturgi,
1534 2427 1775 2498 Mogunt.
1806 2428 1964 2497 1604,
1996 2429 2051 2485 4.

551 2520 734 2576 Basilii
761 2530 813 2575 et
839 2518 1048 2574 Libanii
1076 2521 1335 2588 epistolas
1363 2528 1600 2588 mutuas,
1634 2536 1739 2574 una
1769 2537 1891 2576 cum
1933 2521 2055 2578 aliis

480 2625 577 2665 sex
606 2608 688 2663 Vel
718 2618 922 2678 septem
958 2608 1296 2663 brevioribus
1325 2609 1573 2677 epistolis
1603 2610 1791 2665 Graece
1831 2613 1886 2667 in
1918 2613 2055 2668 tiro-

482 2717 610 2756 num
639 2716 767 2754 usus
801 2700 981 2754 recudi
1013 2699 1140 2754 fecit
1189 2698 1254 2755 Η.
1288 2700 1597 2769 Stephanus
1631 2702 1793 2770 l577,
1824 2704 1881 2766 8,
1918 2705 2057 2758 inter

480 2793 749 2863 epistolia,
777 2792 1032 2863 dialogos,
1064 2794 1431 2848 oratiunculas
1451 2804 1505 2847 et
1528 2796 1817 2863 poematia,
1836 2810 1867 2850 e
1895 2795 2059 2852 variis

480 2885 836 2954 scriptoribus
852 2885 1093 2939 collecta.
1121 2884 1284 2939 Faan.
1305 2884 1491 2938 Basilii
1519 2894 1571 2939 et
1590 2885 1797 2939 Libanii
1822 2886 2061 2953 epistola:

484 2989 702 3039 mutuae,
735 2992 869 3046 quas
920 2978 1099 3047 magni
1147 2977 1279 3030 facit
1324 2975 1723 3039 Tillemoutius,
1758 2976 2061 3045 probatque

483 3079 543 3122 ut
583 3069 862 3137 genuinas,
920 3069 1153 3121 maxime
1203 3067 1376 3121 dubiae
1425 3068 1674 3122 videntur
1708 3065 1958 3122 Garnier.
2006 3068 2062 3121 in

490 3160 614 3216 Vita
647 3160 833 3216 Basilii
865 3176 982 3227 cap.
1027 3160 1120 3222 59,
1163 3174 1217 3228 p.
1262 3157 1366 3212 172
1407 3174 1584 3228 seqq.,
1621 3159 1667 3211 is
1713 3167 1893 3212 tamen
1944 3158 2061 3212 illas

2154 1972 2311 2035 1681,
2344 1974 2399 2027 4.
2432 1973 2574 2028 Idem
2604 1974 2735 2028 alias
2772 1974 2907 2028 duas
2945 1982 3102 2027 antea
3149 1973 3382 2029 ineditas
3429 1974 3732 2046 ἀνεπιγρά-

2153 2081 2307 2133 φηυς,
2345 2078 2615 2132 unamque
2645 2068 2773 2118 item
2809 2065 2877 2118 ad
2912 2064 3188 2118 Libanium
3213 2073 3267 2119 et
3295 2067 3365 2119 ad
3401 2066 3531 2132 imp.
3558 2067 3732 2120 Theo-

2153 2158 2380 2220 dosium,
2415 2174 2573 2211 unam
2624 2159 2816 2212 eodem
2852 2159 2968 2212 loco
3005 2159 3057 2210 in
3105 2157 3278 2212 lucem
3314 2173 3436 2214 cum
3482 2161 3734 2217 versione

2152 2265 2249 2306 sua
2281 2250 2489 2305 extulit.
2517 2248 2676 2321 [Vide
2704 2250 2842 2304 infra
2876 2250 2942 2304 ad
2975 2266 3029 2304 n.
3066 2248 3237 2323 XIX.]

2226 2341 2478 2414 [Garnier
2509 2351 2638 2398 tom.
2669 2341 2759 2403 III,
2793 2351 2910 2411 pag.
2958 2340 3048 2404 66,
3094 2342 3263 2396 edidit
3297 2356 3361 2396 ex
3410 2344 3565 2397 codd.
3624 2341 3731 2397 fra-

2155 2442 2432 2502 gmentum
2468 2433 2708 2501 epistolae
2733 2430 2895 2486 Basil.
2923 2434 2987 2486 ad
3019 2431 3358 2488 Theodoram
3395 2435 3739 2501 canonicam,

2156 2522 2345 2579 Graece
2376 2540 2497 2579 cum
2544 2525 2792 2578 versione
2825 2523 3042 2579 Latina.
3080 2524 3229 2579 Illam
3268 2527 3554 2595 epistolam
3597 2528 3737 2581 inte-

2157 2624 2334 2679 gram,
2365 2619 2422 2663 at
2462 2625 2525 2665 ex
2560 2609 2751 2664 Latina
2794 2612 2981 2666 incerti
3030 2612 3311 2679 cujusdam
3345 2615 3542 2669 veteris
3571 2616 3741 2671 inter-

2157 2702 2485 2771 pretatione,
2519 2703 2634 2757 rudi
2668 2704 2907 2772 quidem,
2937 2705 3029 2758 sed
3066 2704 3167 2758 lida
3202 2717 3409 2776 (utpote
3449 2722 3568 2762 cum
3608 2710 3737 2762 tot'r-

2160 2792 2281 2845 dem
2313 2806 2449 2862 pene
2492 2795 2677 2849 verbis
2701 2810 2956 2863 expressa
2987 2798 3225 2852 auctoris
3258 2813 3475 2852 sensum
3499 2800 3735 2854 exactis-

2160 2885 2297 2939 sime
2336 2885 2546 2948 reddat,
2592 2888 2834 2956 adeoque
2886 2889 3147 2955 dcperditi
3203 2889 3376 2944 Graeci
3427 2900 3603 2946 textus
3636 2892 3735 2946 de-

2162 2971 2362 3028 fectum
2396 2976 2629 3029 maxima
2655 2990 2719 3029 ex
2760 2987 2911 3044 parte
2939 2978 3225 3047 suppleat),
3253 2995 3316 3033 ex
3345 2982 3466 3035 cod.
3505 2982 3734 3036 membr.

2164 3066 2295 3119 circ.
2331 3081 2455 3120 saec.
2483 3082 2582 3120 xm
2613 3066 2742 3120 bibl.
2789 3066 3035 3123 Monach.
3071 3081 3390 3139 congregat.
3425 3072 3738 3128 Casineesis

2165 3155 2403 3209 Florent.
2435 3156 2544 3226 (qui
2590 3158 2756 3210 codex
2802 3155 3041 3222 ejusdem
3094 3156 3273 3212 Basilii
3306 3159 3546 3213 ascetica
3581 3159 3735 3228 plura

485 3252 713 3320 sparsim
742 3250 929 3314 edidit,
968 3247 1228 3317 quasdam
1276 3247 1416 3300 inter
1443 3261 1565 3314 cpp.
1597 3262 1625 3297 a
1670 3244 1870 3298 Basilio
1897 3246 1950 3298 in
1973 3259 2056 3298 se-
2087 3232 2132 3292 (ἶ
2164 3246 2562 3312 complectitur,
2619 3248 2687 3301 ab
2731 3248 2917 3301 eodem
2967 3247 3262 3317 interprete
3310 3248 3500 3303 Latine
3543 3260 3740 3321 versa)

484 3356 643 3397 ceisu
673 3340 923 3407 scriptas,
954 3337 1239 3406 quasdam,
1267 3352 1389 3391 cum
1432 3334 1600 3389 Basil.
1635 3334 1688 3387 in
1720 3335 2062 3404 presbytero-

487 3446 605 3486 rum
637 3430 893 3484 cathedra
919 3429 1151 3487 sederet.
1187 3437 1242 3482 et
1272 3428 1426 3489 alias,
1457 3436 1741 3494 postquam
1773 3426 2060 3495 episcopus

489 3525 687 3579 fuerat.
732 3522 968 3589 Quarum
1018 3521 1215 3576 multas
1259 3536 1312 3590 p.
1364 3520 1471 3574 452
1511 3535 1663 3591 seqq.
1708 3521 1873 3575 dedit.
1903 3518 2058 3574 Cnnf.

489 3612 801 3671 SChroeckh
851 3629 903 3683 p.
955 3612 987 3666 6
1032 3626 1210 3681 seqq.,
1261 3611 1351 3680 qui
1403 3610 1571 3666 Garn.
1627 3609 1948 3664 dubitationi
1996 3608 2063 3663 de

489 3707 731 3763 omnium
781 3707 991 3760 illarum
1041 3706 1202 3776 epist.
1256 3715 1561 3759 mutuarum
1615 3702 1786 3776 δοθείᾳ
1815 3703 2059 3770 quaedam

491 3801 745 3871 opponit;
778 3799 974 3855 Oudiu.
1004 3800 1042 3853 1.
1067 3814 1143 3865 c.,
1177 3813 1229 3868 p.
1263 3798 1368 3852 568
1392 3813 1537 3867 sqq.,
1568 3807 1621 3850 et
1649 3795 1890 3851 Rmsslcr
1921 3798 1956 3847 I.
1986 3810 2059 3859 c.,

492 3897 582 3964 qui
630 3910 683 3961 p.
737 3891 835 3947 107
867 3907 1020 3962 seqq.
1068 3894 1134 3945 de
1166 3891 1411 3961 epistolis
1442 3890 1626 3943 Basilii
1665 3889 1716 3940 iu
1757 3902 1980 3956 genere,
2009 3896 2064 3940 et

493 3989 560 4040 de
589 3984 946 4053 supposititiis
985 3998 1196 4052 quoque
1230 3983 1578 4052 agunt.—lu
1612 3998 1626 4035 :
1654 3980 1775 4033 Τῶν
1821 3979 2063 4048 Ἐλληνι-

493 4077 605 4131 κῶν
634 4075 930 4131 ἐπιστολῶν
957 4073 1262 4142 ἀνθοληγία,
1300 4073 1469 4128 Paris.
1521 4089 1587 4126 ex
1635 4084 1842 4142 Iypogr.
1874 4072 2061 4139 Steph.

496 4170 846 4233 I’revomean,
894 4167 1123 4221 lueredis
1171 4165 1313 4220 Gnil.
1365 4163 1589 4228 Horelli,
1642 4162 1955 4232 typographi
2010 4163 2062 4215 in

494 4258 697 4313 Graecis
740 4258 892 4325 regii,
931 4258 982 4310 iu
1012 4257 1196 4311 clauso
1239 4255 1511 4319 Brunello,
1555 4254 1714 4317 1585,
1747 4254 1801 4308 4.
1833 4252 1970 4307 Sunt
2008 4268 2062 4305 ιι.

500 4350 566 4404 12
591 4360 645 4403 et
668 4348 736 4403 15
762 4348 967 4402 Libanii
992 4363 1078 4416 ep.
1105 4348 1169 4401 ad
1195 4345 1474 4407 Basilium.
1501 4356 1555 4399 et
1580 4344 1760 4399 Basilii
1782 4346 1850 4397 ad
1879 4344 2067 4415 Olym-

498 4444 668 4513 pium.
694 4440 1055 4496 -—-IuJoach.
1100 4441 1395 4496 Camerarii
1457 4438 1771 4493 collectione
1808 4436 2067 4506 epistola-

2162 3338 2397 3405 primnm
2434 3336 2488 3390 in
2527 3337 2703 3391 lucem
2738 3337 2960 3407 protulit
2998 3335 3146 3394 Petr.
3182 3339 3433 3410 Aloysius
3455 3338 3738 3403 Galletins,

2163 3430 2401 3499 ejusdem
2431 3432 2867 3502 congregationis
2884 3431 3074 3493 abbas.
3094 3432 3146 3484 in
3166 3433 3488 3503 (Amadutii)
3504 3432 3741 3488 Anecdo-

2164 3526 2230 3578 tis
2259 3525 2510 3588 litteram,
2554 3524 2660 3577 vol.
2716 3522 2757 3587 I,
2795 3524 2977 3578 Romae
3012 3524 3173 3588 1775,
3222 3526 3276 3589 8,
3318 3540 3439 3595 pag.
3458 3526 3748 3598 27seqq.t.

2163 3620 2305 3673 Idem
2365 3620 2622 3687 praunisit
2667 3618 2913 3674 Graecum
2974 3628 3179 3673 textum
3211 3619 3428 3687 prioris,
3475 3634 3595 3687 quin
3626 3619 3741 3687 jam

2166 3712 2497 3775 innotuerat,
2525 3713 2714 3780 partis,
2741 3726 2860 3764 cum
2912 3710 3033 3764 Lat.
3062 3711 3332 3765 versione.
3361 3709 3417 3763 In
3445 3711 3565 3765 cod.
3599 3709 3744 3763 Tan-

2165 3804 2270 3857 rin.
2307 3802 2441 3867 XCI,
2486 3803 2578 3857 fol.
2610 3804 2734 3867 268,
2770 3812 2852 3856 est
2902 3802 3132 3871 epistola
3176 3805 3241 3856 ad
3270 3802 3608 3856 Theodoram
3653 3817 3745 3853 ca-

2165 3895 2405 3947 conicam
2433 3909 2447 3947 :
2475 3895 2525 3947 in
2559 3895 2691 3948 edit.
2726 3894 3065 3948 Benedictin.
3098 3910 3183 3964 ep.
3211 3890 3489 3950 CLXXIII.
3522 3891 3587 3946 V.
3616 3890 3737 3946 Cat.

2163 3985 2316 4037 codd.
2350 3981 2440 4037 Gr.
2477 3984 2661 4048 Taur.,
2690 4002 2742 4052 p.
2778 3984 2894 4039 185.
2932 3985 3097 4039 ΗΑΜ..

2237 4074 2533 4145 Epistolam
2563 4074 2744 4128 Basilii
2770 4073 2991 4129 CCLVII
3025 4075 3205 4130 laudat
3232 4073 3562 4145 Nicephorus
3589 4074 3727 4128 Gre-

2167 4184 2324 4238 goras
2351 4170 2485 4221 libro
2513 4184 2580 4220 xx
2613 4167 2773 4231 Hist.,
2802 4184 2853 4236 p.
2893 4168 3017 4223 620.

2240 4260 2363 4314 Ilaec
2408 4263 2474 4314 de
2516 4258 2702 4314 Basilii
2751 4259 3016 4328 epistolis,
3065 4258 3260 4326 quibus
3298 4258 3451 4312 οὐδὲν
3497 4259 3744 4329 ἄμεινον,

2170 4353 2297 4407 nihil
2323 4352 2658 4419 prwslanlius
2702 4352 2923 4419 reperiri
2963 4351 3037 4402 ait
3082 4347 3300 4412 Suidas,
3347 4364 3588 4418 quasque
3629 4359 3747 4400 tan-

2171 4462 2330 4514 quam
2358 4445 2555 4498 κανόνα
2578 4456 2629 4496 et
2657 4461 2898 4496 numnam
2924 4441 3017 4496 τοῦ
3040 4440 3449 4512 ὲπιστολιμαίου
3472 4440 3750 4512 χαρακτῆ-

501 4552 620 4590 rum
650 4535 934 4601 LXXXVI,
978 4535 1205 4607 Ἐκλογὴ
1251 4536 1344 4588 καὶ
1386 4527 1498 4587 οἷον
1534 4531 1851 4601 ὰπὰνθισμα
1885 4528 2059 4599 διαφό-

2179 4553 2271 4608 po;
2293 4537 2636 4590 commendat
2660 4535 2887 4590 Photius
2918 4536 3036 4590 cod.
3060 4549 3227 4590 exuit
3256 4539 3310 4587 et.
3336 4533 3558 4604 epistola
3584 4548 3746 4588 ccvu.

503 4645 611 4702 ρων
662 4628 960 4683 ἐπιστολῶν
1001 4626 1344 4699 Ἑλληνικῶν.
1382 4636 1486 4680 etc.
1520 4625 1778 4691 Tubtngae
1820 4621 1976 4686 1540,
2012 4621 2068 4685 8,

502 4732 629 4809 sunt
664 4721 930 4776 nonnulla:
964 4718 1150 4775 Basilii
1200 4717 1551 4790 epistolam—
1574 4714 1629 4769 In
1667 4714 1854 4768 Matth.
1909 4714 2072 4766 Dres-

597 4894 630 4932 α
676 4886 860 4940 Italica
888 4884 1064 4938 versio
1094 4883 1147 4936 in
1190 4883 1313 4937 cod.
1345 4880 1545 4936 Veneto
1580 4880 1707 4935 bibl.
1735 4878 1793 4932 S.
1823 4877 2071 4932 Michael.

504 4955 571 5010 V.
600 4954 870 5009 Mittarell.
903 4954 1023 5009 Cat.
1051 4954 1199 5007 illius
1229 4952 1353 5005 bibl.
1380 4968 1433 5020 p.
1466 4951 1585 5004 “‘2.
1617 4979 1687 4989 -—
1711 4947 1787 5020 De
1807 4950 1925 5020 aliis
1952 4948 2070 5020 Lat.

502 5028 632 5082 edit.
662 5026 767 5078 vid.
799 5041 961 5094 supra
989 5025 1053 5077 ad
1086 5032 1139 5077 n.
1173 5040 1209 5076 ιι
1241 5017 1519 5094 Homiliar.
1552 5020 1713 5094 Basil.
1739 5017 1809 5094 11.
1842 5019 1909 5073 ad
1939 5018 2073 5094 Gre-

506 5114 621 5165 gor.
660 5095 788 5149 Naz.
821 5090 1068 5165 epistola.
1106 5094 1370 5165 Ejusdem
1401 5090 1472 5144 De
1505 5092 1708 5165 ratione
1738 5090 2074 5165 t‘Illl’__8_O‘III(l--

507 5157 605 5221 ria:
649 5167 764 5228 lib.,
812 5157 971 5219 Petro
1018 5157 1311 5219 Moséllano
1359 5163 1582 5227 interpr.
1635 5159 1783 5226 Lips.
1825 5158 1984 5221 1516,
2017 5157 2073 5211 4.

509 5237 685 5291 Ετιὶίίο
724 5235 844 5292 Lat.
878 5235 1075 5289 Budaeo
1102 5235 1409 5299 interprete,
1446 5231 1517 5285 De
1560 5231 1669 5283 vita
1702 5230 1755 5282 in
1790 5228 2076 5299 solitudine

509 5308 729 5375 agenda.
768 5322 892 5360 cum
934 5304 1113 5359 Budmi
1156 5297 1401 5371 epistolis
1432 5300 1549 5380 Lat.
1587 5300 1681 5353 lib.
1712 5313 1764 5361 ν,
1792 5309 1845 5352 et
1877 5297 2078 5355 Graecis

509 5377 603 5431 lib.
644 5393 680 5431 ι.
717 5375 891 5431 Paris.
929 5391 1015 5431 ab.
1041 5373 1126 5428 Io.
1158 5373 1287 5428 Bad.
1323 5371 1646 5425 Ascensnum
1684 5368 1844 5431 1551,
1873 5368 1990 5431 fol.,
2013 5369 2078 5422 de

532 5389 603 5432 tl).
644 5393 680 5439 1,
717 5389 891 5433 l’at‘ls.
929 5391 1015 5439 ap.
1041 5389 1126 5428 J0.
1158 5389 1287 5428 Dat].
1323 5389 1646 5425 Ascensrum
1684 5389 1844 5434 mox,
1873 5389 1990 5439 ιυι.,

509 5391 603 5432 Ill).
644 5393 680 5439 l,
717 5391 891 5433 rarts.
929 5391 1015 5444 ap.
1041 5391 1126 5428 δι).
1158 5391 1287 5428 nau.
1323 5391 1646 5425 ASCBIISlum
1684 5391 1844 5434 ιῡῡι,
1873 5391 1990 5433 ιυι.,
2013 5391 2078 5422 uc

509 5462 619 5517 qua
663 5448 752 5502 ed.
794 5446 917 5517 vide
964 5446 1237 5517 Clcmv_nt._
1271 5442 1411 5517 Bibl.
1437 5439 1659 5517 cur.___V:,
1694 5455 1816 5517 pag.
2009 5466 2081 5478 —

514 5509 676 5571 Basd.
706 5546 773 5557 —
800 5515 974 5571 Paris.
999 5532 1085 5585 ap.
1120 5514 1261 5585 Guil.
1288 5512 1482 5585 Morel.
1517 5510 1668 5572 l56‘2,
1694 5509 1843 5585 8.:—
1865 5510 2075 5585 Graece,

513 5602 636 5640 cum
666 5587 847 5641 Budzei
878 5576 1146 5640 versione.
1186 5584 1319 5637 Ibid.
1368 5599 1432 5637 cx
1483 5591 1692 5652 typogr.
1729 5577 1918 5652 Steph.
1947 5576 2078 5652 Pre-

514 5658 795 5712 vost—in
832 5657 1041 5712 aedibus
1065 5654 1152 5709 Jo.
1186 5648 1680 5718 Bene-nati,'1581,
1715 5650 1769 5705 1.
1803 5648 2078 5703 Plutarch.

2178 4631 2419 4774 “(add
2452 4718 2655 4788 aliquot
2686 4727 2931 4773 IIOIIIIaIII
2957 4726 3308 4787 subjungam;
3352 4725 3407 4771 et
3434 4715 3614 4783 plures
3638 4714 3723 4782 epi

2176 4876 2252 4930 De
2282 4876 2499 4946 fortuna
2526 4873 2881 4929 Romanorum
2905 4881 2953 4929 el
2979 4877 3270 4931 Alexandri
3303 4874 3381 4929 Μ.
3406 4906 3476 4923 -ν
3508 4885 3562 4931 et
3593 4873 3757 4946 Basil.

2175 4946 2247 5000 Μ.
2283 4944 2363 5000 De
2397 4948 2503 4999 vita
2530 4946 2795 4999 solitaria.
2830 4946 3038 5014 Latine,
3076 4948 3275 5001 Budaao
3306 4947 3621 5015 interprete,
3652 4944 3763 5015 Pa-

2175 5018 2274 5087 ris.
2328 5032 2414 5084 ap.
2463 5016 2902 5087 Sgnant.4_l505,
2934 5027 2989 5071 4.
3046 5018 3315 5072 Maittaire
3362 5015 3426 5075 II,
3456 5014 3589 5087 pag.
3630 5014 3762 5073 172.

2177 5085 2362 5140 Basilii
2382 5096 2450 5156 iet
2495 5084 2656 5156 Greg.
2689 5084 2949 5143 Nazianz.
2983 5090 3247 5156 epistolae,
3284 5084 3569 5156 nunquam
3598 5099 3764 5142 antea

2177 5158 2334 5211 editae
2364 5155 2457 5210 Gr.
2494 5155 2763 5224 Haganoae
2794 5157 2951 5217 1528,
2987 5155 3038 5210 8.
3073 5157 3242 5213 ΙΙΑιιι..

2252 5225 2331 5293 (bl
2361 5227 2441 5281 Ad
2486 5226 2879 5295 Apollinarium
2921 5229 3209 5296 scripsisse
3260 5242 3319 5281 se
3362 5242 3473 5280 non
3502 5225 3764 5282 diﬂitetur

2180 5295 2438 5359 Basilius,
2470 5297 2643 5352 laicus
2674 5298 2739 5352 ad
2780 5298 3002 5352 Iaicum.
3039 5295 3174 5351 Vide
3202 5298 3435 5351 iudicem
3468 5312 3658 5350 eorum
3697 5297 3764 5349 ad

2181 5381 2320 5436 quos
2369 5366 2599 5422 Basilius
2633 5368 2874 5435 scripsit,
2915 5368 2969 5421 in
3001 5366 3306 5422 Eustathio.
3336 5364 3502 5420 ΡΑιιιι.
3534 5366 3591 5420 In
3632 5365 3770 5419 Ilar-

2181 5438 2334 5491 duini
2368 5437 2590 5492 Collect.
2621 5438 2931 5501 concilium,
2961 5447 3093 5491 tom.
3126 5436 3217 5502 Ill,
3247 5437 3389 5491 inter
3422 5445 3542 5491 acta
3578 5437 3768 5491 conci-

2182 5507 2241 5578 I_ii
2273 5507 2858 5578 ConstanljnOpoIitani
2887 5524 2976 5563 an.
3000 5507 3135 5578 555,
3174 5510 3228 5561 in
3267 5507 3639 5578 collatiouev,
3676 5514 3764 5559 es:

2183 5575 2371 5648 Basilii
2414 5578 2481 5632 ad
2528 5575 2923 5648 Patrophilum,
2972 5577 3268 5647 Egearum
3317 5577 3510 5648 episc.,
3560 5576 3616 5630 in
3654 5591 3764 5645 qua

2183 5646 2523 5717 Apollinario
2551 5646 2841 5719 scripsisse
2865 5663 2924 5705 se
2960 5646 3072 5704 non
3105 5647 3382 5704 diﬂitetur.
3416 5646 3585 5702 llum.

577 5784 647 5828 (αι
675 5775 795 5833 Qum
814 5772 992 5823 Latine
1013 5777 1196 5821 tantum
1221 5776 1277 5833 ut
1298 5769 1726 5833 anecdotaed'dit
1745 5766 2006 5833 Ggalletius.
2035 5763 2388 5833 hrec__totidcm
2434 5765 2597 5816 verbis
2641 5766 2808 5819 Grace
2853 5770 2905 5817 el.
2950 5764 3125 5817 Latine
3177 5767 3414 5830 leguntur
3448 5767 3492 5813 in
3528 5765 3670 5828 epist.
3713 5761 3780 5812 23

516 5825 782 5897 S.Basilii,
817 5837 885 5885 De
905 5833 1194 5897 perfectione
1218 5831 1326 5885 vita:
1346 5830 1636 5893 monuslira',
1663 5844 1712 5895 p.
1738 5830 1799 5880 98
1824 5831 1901 5878 ed.
1934 5828 2117 5878 Bencd.
2145 5825 2281 5877 lion.
