4094 6220
1643 392 1925 450 ΝΟΤΙΤΙΑ
1965 394 2054 448 EX
2097 393 2441 452 I‘ABRICIO.

3457 409 3654 453 οιιιιι

393 502 654 568 εῐοΙοτιιιη
679 507 836 564 codd.
867 509 1010 563 inter
1039 522 1154 575 eos,
1182 522 1318 578 quos
1348 522 1505 579 supra
1552 509 1786 576 laudavi,
1813 526 1964 578 repe-
1993 516 2042 572 Α
2071 511 2410 566 Theodoram
2477 512 2814 577 canonicam,
2871 522 2981 567 tum
3019 527 3076 566 n.-
3124 510 3213 573 l6,
3241 511 3399 580 epist.
3431 512 3497 564 ad
3530 511 3654 568 Am.

396 609 626 662 riuntur.

467 701 541 753 De
595 700 716 752 cod.
778 697 1091 766 Angustano
1135 695 1320 760 Viud.,
1381 696 1431 749 in
1479 711 1587 765 quo
1638 704 1764 749 sunt
1810 694 1966 764 epist.

395 789 756 852 CCCXLVIII,
805 805 854 844 ν.
902 787 1107 840 Reiser.
1157 786 1333 841 India.
1381 802 1506 840 mss.
1559 787 1681 840 bibl.
1719 786 1969 855 August,

394 897 448 953 p.
500 881 773 936 16-20.-
801 881 930 933 Ibid.
969 895 1091 948 pag.
1137 879 1225 934 89.
1273 877 1457 933 Basilii
1494 878 1563 931 Μ.
1620 878 1845 946 epistola
1903 879 1973 932 ad

396 977 684 1043 quemdam
728 971 1076 1039 Gregorium,
1125 971 1308 1024 addita
1344 979 1490 1030 nota,
1538 971 1606 1023 ab
1651 970 1772 1023 aliis
1820 969 1966 1022 illam

397 1065 590 1118 ascribi
637 1063 897 1130 Gregorio
925 1061 1288 1115 Nazianzeuo.
1315 1091 1384 1100 —
1409 1060 1734 1113 Vindoboute
1763 1059 1815 1112 in
1845 1059 1970 1113 cod.

397 1157 532 1209 thes.
566 1152 750 1213 LXIV,
781 1170 834 1206 n.
860 1153 949 1216 21,
977 1161 1102 1206 sunt
1123 1167 1246 1220 epp.
1273 1148 1514 1213 XXXIV,
1545 1165 1682 1218 quas
1704 1147 1975 1202 recensuit

400 1245 652 1298 Lambec.
690 1242 892 1296 Comm.
944 1241 1030 1307 Ill,
1079 1256 1203 1310 pag.
1237 1240 1342 1294 500
1375 1253 1554 1307 seqq.,
1597 1247 1654 1291 et
1702 1237 1976 1291 Kollarius

400 1336 623 1388 adnatat
673 1333 953 1402 epistolam
1037 1333 1324 1400 septimam
1380 1330 1430 1383 in
1488 1330 1592 1382 hoc
1649 1339 1701 1382 et
1745 1338 1979 1394 quatuor

402 1427 522 1479 aliis
560 1426 719 1480 codd.
776 1425 912 1479 Cazs.
961 1424 1185 1477 inscribi
1241 1423 1528 1494 Γρηγορὶῳ
1580 1420 1973 1492 πρεσϐυτέρῳ·

403 1531 532 1576 non,
565 1527 618 1569 ut
669 1517 720 1569 in
765 1518 850 1571 ed.
899 1515 1080 1568 Basilii
1123 1515 1259 1584 Opp.
1305 1515 1678 1575 Benedictina,
1727 1523 1856 1566 tom.
1889 1511 1978 1576 III,

404 1623 523 1676 pag.
559 1607 682 1670 1-19,
709 1623 796 1676 ep.
823 1606 912 1660 LV
943 1621 1006 1659 ex
1034 1606 1190 1660 codd.
1218 1605 1425 1668 Harlei,
1457 1614 1512 1659 et
1543 1605 1714 1658 tribus
1754 1603 1895 1666 aliis,
1919 1605 1976 1657 it.

403 1713 467 1749 ex
490 1697 647 1758 edit.,
669 1695 1021 1767 Παρηγορίῳ,
1051 1695 1144 1748 sed
1179 1695 1354 1749 editor
1381 1695 1434 1748 in
1467 1704 1591 1747 nota
1632 1695 1903 1754 observat,
1927 1692 1979 1745 in

405 1803 500 1842 sex
529 1787 687 1840 codd.
713 1799 766 1839 et
815 1787 866 1838 in
903 1785 1073 1838 tribus
1106 1787 1169 1836 ad
1202 1785 1496 1854 marginem
1542 1784 1642 1852 lcgi
1678 1782 1981 1855 Γρηγορίῳ.

407 1881 566 1948 (ana.
601 1877 848 1930 Lambec.
871 1875 958 1943 IV,
979 1876 1210 1946 pag.481
1231 1891 1311 1944 sq.
1337 1878 1400 1929 ac
1419 1877 1538 1928 cod.
1561 1875 1795 1936 LXXIX,
1813 1877 1983 1944 inquo
2017 1857 2060 1914 Β

409 1986 460 2024 n.
492 1971 559 2024 12
584 1972 767 2022 eadem
805 1971 998 2038 legitur
1021 1971 1289 2039 epistola).
1310 1999 1375 2008 —
1395 1969 1448 2020 In
1471 1969 1658 2021 eodem
1678 1968 1797 2020 cod.
1824 1965 1979 2020 LXIV

407 2062 484 2132 (in
505 2079 609 2127 qun
631 2061 730 2112 alia
763 2063 923 2114 multa
953 2071 1073 2114 sunt
1098 2060 1535 2130 Basiliioi-p.).n.
1558 2057 1876 2127 98(Lamln,
1896 2056 1979 2122 III,

407 2169 466 2221 p.
499 2151 647 2223 9.98),
671 2153 832 2220 epist.
872 2149 1214 2220 responsoria
1245 2149 1310 2203 ad
1345 2147 1616 2217 Optimum
1644 2148 1979 2215 episcopum.

407 2275 479 2285 ——
513 2244 570 2296 In
606 2244 727 2297 cod.
780 2241 965 2307 LXIII,
1009 2257 1064 2296 n.
1117 2243 1172 2306 ἄ,
1222 2240 1461 2310 epistola:
1501 2239 1619 2293 XXI
1671 2239 1853 2292 Basilii
1885 2237 1982 2302 M.,

410 2335 656 2404 Gregorii
700 2333 985 2397 Nazianz.,
1038 2333 1305 2403 Antipatri
1360 2331 1624 2402 praesidis,
1671 2340 1725 2384 et
1766 2329 1983 2384 Iuliani.

412 2427 626 2497 (Lamb.
667 2427 822 2490 ibid.,
857 2442 912 2496 p.
939 2425 1234 2495 29(Isqq.).
1261 2456 1328 2467 -—
1363 2423 1416 2476 In
1452 2423 1572 2477 cod.
1606 2420 1812 2484 LXVII,
1844 2437 1983 2489 prte-

413 2531 497 2573 ter
525 2519 715 2572 multas
743 2519 993 2571 homilias
1027 2526 1191 2586 atque
1229 2532 1354 2586 epp.
1388 2515 1591 2575 Basilii,
1617 2531 1668 2568 n.
1699 2511 1842 2578 XXI,
1877 2512 1986 2564 Eu-

411 2610 637 2662 comium
667 2610 720 2662 in
756 2609 1046 2672 Meletium,
1088 2608 1188 2660 sub
1217 2607 1432 2661 nomine
1468 2605 1694 2666 Basilii;
1732 2603 1824 2657 sed
1866 2603 1986 2656 vide

414 2701 551 2754 inl'ra
589 2702 653 2754 ad
688 2717 741 2755 n.
776 2698 926 2753 XXX
959 2709 1006 2752 et
1051 2697 1304 2754 Lambec.
1339 2697 1426 2763 IlI,
1467 2713 1518 2766 p.
1547 2696 1668 2749 551.
1691 2723 1762 2735 -—
1786 2693 1852 2748 Ν.
1887 2709 1985 2748 au-

417 2802 520 2844 tem
546 2789 658 2854 XL,
693 2790 872 2842 Basilii
910 2790 1070 2858 epist.
1106 2790 1170 2840 ad
1205 2786 1535 2854 Simpliciam
1567 2789 1634 2840 dc
1671 2786 1841 2853 ipsius
1887 2798 1984 2836 eu-

416 2882 629 2946 nuchis,
659 2889 712 2933 et
743 2879 996 2933 Lambec.
1037 2895 1088 2946 p.
1115 2879 1218 2932 556
1245 2894 1364 2946 sqq.
1405 2877 1677 2945 excerpsit
1704 2889 1988 2944 argumen-

417 2982 530 3025 tum
583 2971 741 3041 hujus
778 2971 1018 3038 epistolae
1067 2969 1406 3036 praemissum
1457 2969 1702 3036 scituquc
1743 2967 1986 3036 dignum,

415 3063 509 3116 sed
547 3064 805 3116 omissum
841 3076 1056 3130 quoque
1090 3060 1140 3113 in
1180 3058 1268 3111 ed.
1321 3057 1676 3123 Benedictin.,
1711 3065 1870 3123 atque
1910 3055 1988 3108 lo-

2071 603 2396 672 philochium
2429 602 2516 673 (ad
2547 619 2703 672 quem
2739 604 2919 674 plures
2951 613 3076 658 sunt
3108 603 3366 672 epistola:
3399 603 3454 656 in
3483 605 3652 657 variis

2071 697 2225 748 codd.
2257 696 2292 748 V
2320 696 2551 749 iudicem
2575 700 2639 748 ad
2677 697 2818 749 illtnu
2851 678 2973 751 Cati.
3018 711 3134 750 voc.
3173 695 3456 764 Basilius).
3489 694 3646 750 ConI'.

2073 787 2301 842 Bandin.
2334 786 2453 842 Cat.
2496 789 2650 840 codd.
2687 787 2781 841 Gr.
2814 788 2979 841 Laur.
3013 789 3053 850 1,
3089 803 3211 856 pag.
3241 787 3498 842 424.-Ιη
3526 789 3650 841 cod.

2075 875 2209 942 VIII,
2245 878 2378 946 plut.
2404 878 2462 939 4,
2487 877 2577 931 XL
2623 877 2857 931 humilia:
2899 887 2953 932 et
2982 879 3049 932 IV
3079 894 3200 946 epp.
3239 909 3308 921 —
3336 879 3395 932 In
3429 878 3551 931 cod.
3577 875 3647 930 IX

2073 969 2480 1026 exstantXLVll
2509 971 2764 1031 liomilizn,
2793 968 2978 1038 Xepp.
2996 979 3050 1022 et
3077 970 3208 1024 liber
3235 970 3308 1024 De
3330 969 3648 1038 virginitate.

2073 1093 2144 1101 —-
2181 1063 2235 1114 In
2272 1063 2390 1115 cod.
2419 1061 2530 1124 XII,
2553 1079 2605 1114 n.
2638 1062 2726 1123 I8,
2749 1060 2888 1114 XXV
2917 1060 3344 1131 epistola)..qu
3373 1057 3652 1124 cod.XIV,

2078 1172 2129 1206 n.
2163 1155 2218 1216 9.,
2242 1152 2555 1208 CCCXLIV.
2597 1153 2658 1206 V.
2692 1153 2918 1207 Bandin.
2954 1153 2994 1215 I,
3040 1168 3164 1222 pag.
3199 1151 3324 1216 535,
3375 1151 3502 1216 528,
3525 1151 3652 1213 L35,

2077 1244 2198 1298 559.
2227 1245 2282 1297 In
2311 1254 2440 1296 tom.
2483 1244 2546 1305 II,
2598 1243 2649 1295 in
2699 1243 2820 1297 cod.
2855 1241 2964 1305 VII,
3000 1261 3054 1297 n.
3095 1241 3186 1308 9.9,
3216 1242 3348 1310 plut.
3377 1241 3465 1306 57,
3503 1242 3656 1295 initio

2077 1342 2233 1385 erant
2264 1333 2422 1399 epist.
2448 1331 2768 1396 CGLXXIII,
2805 1333 2896 1386 sed
2939 1335 3182 1400 quaedam
3207 1332 3547 1394 exciderunt,
3570 1347 3659 1385 no-

2082 1433 2227 1477 tante
2277 1425 2526 1488 Baudin.,
2561 1443 2612 1494 p.
2646 1425 2769 1478 547.
2797 1455 2864 1465 -
2908 1426 2962 1478 In
2995 1428 3114 1478 cod.
3173 1423 3412 1487 XXXIV,
3456 1439 3514 1476 n.
3565 1422 3654 1488 19,

2079 1517 2234 1582 epist.
2282 1516 2459 1570 Basilii
2487 1519 2552 1571 ad
2585 1517 2864 1571 Libanium
2907 1529 2963 1572 et
2988 1517 3146 1587 hujus
3176 1516 3474 1586 responsio.
3497 1544 3567 1556 -—-
3599 1514 3658 1569 Itt

2081 1613 2200 1661 cod.
2232 1607 2364 1673 XVI,
2387 1628 2440 1663 ιι.
2475 1611 2528 1674 5,
2569 1613 2732 1678 epist.
2752 1610 2941 1675 XXIV,
2971 1621 3028 1664 et
3063 1611 3114 1662 in
3147 1609 3268 1664 cod.
3309 1608 3482 1671 XXX,
3515 1623 3570 1660 ιι.
3600 1606 3656 1671 7,

2082 1699 2215 1764 plut.
2255 1697 2344 1762 59,
2385 1713 2470 1768 ep.
2506 1698 2725 1753 XXXIII
2785 1709 2986 1754 mutua:
3017 1699 3197 1754 Basilii
3223 1714 3287 1754 ac
3323 1697 3556 1753 Libanii.
3587 1695 3662 1753 V.

2084 1803 2202 1854 pug.
2233 1788 2336 1842 454
2365 1800 2415 1841 «³1
2443 1789 2565 1844 551.

2155 1880 2292 1932 Add.
2327 1881 2483 1934 codd.
2533 1881 2758 1936 Taurin.
2806 1881 2943 1944 XCI,
2990 1911 3061 1922 -
3094 1880 3202 1946 CV,
3248 1907 3299 1920 -
3331 1878 3560 1939 CLXVI,
3597 1908 3661 1930 -τ

2083 1967 2367 2032 CLXXIX,
2397 1971 2448 2023 itt
2479 1969 2600 2024 Cat.
2633 1972 2786 2024 codd.
2813 1971 2907 2026 Gr.
2951 1988 3001 2040 p.
3048 1973 3172 2034 185,
3201 1970 3322 2034 196,
3361 1972 3486 2032 252,
3531 1970 3657 2027 266.

2150 2059 2386 2125 Epistula
2419 2061 2483 2113 ad
2539 2060 2768 2130 Gregor.
2818 2073 3085 2132 praecepta
3133 2062 3256 2116 vita:
3299 2062 3561 2130 rengiosm
3602 2068 3659 2116 et

2083 2151 2354 2218 perfecttn,
2392 2167 2422 2203 e
2459 2150 2648 2206 Grch
2688 2154 2740 2205 in
2772 2153 3012 2206 Italicum
3043 2167 3348 2206 sermonem
3381 2150 3661 2217 translata,

2081 2250 2137 2294 et
2168 2242 2308 2294 edita
2336 2239 2532 2296 Brixiae
2568 2241 2730 2308 I733,
2758 2242 2844 2296 12.
2885 2242 2946 2298 V.
2978 2242 3188 2297 Paitoni
3220 2241 3496 2307 Biblioth.,
3521 2253 3658 2307 etc.,

2083 2332 2125 2397 ι,
2158 2349 2209 2402 p.
2242 2333 2361 2388 MS.

2160 2421 2255 2490 Ep.
2281 2424 2346 2475 ad
2371 2421 2596 2490 Gregor.
2626 2421 2885 2477 Nazianz.
2923 2423 3146 2493 Anglice
3187 2439 3325 2479 vers.
3360 2438 3456 2490 per
3494 2423 3654 2478 Bicn.

2086 2514 2352 2568 Scltct‘rie.
2387 2513 2552 2567 Loud.
2604 2515 2722 2568 sine
2747 2530 2798 2569 a.
2832 2524 2979 2578 nota,
3012 2513 3064 2568 8.
3117 2513 3247 2568 Vide
3293 2514 3663 2584 Bruggemaun

2101 2603 2258 2669 View,
2294 2615 2399 2658 etc.
2430 2645 2444 2670 ,
2497 2621 2548 2672 p.
2590 2605 2728 2668 412,
2781 2605 2868 2672 qui
2919 2604 3048 2658 ibid.
3101 2605 3374 2658 versiones
3416 2605 3668 2672 Anglicas

2087 2697 2313 2751 aliorum
2334 2696 2514 2750 Basilii
2541 2695 2919 2764 opusculorum
2951 2695 3134 2749 refert.
3174 2724 3242 2735 —
3270 2694 3502 2749 Garnier
3522 2697 3665 2748 inter

2087 2789 2298 2857 spurias
2343 2803 2460 2856 epp.
2519 2788 2724 2855 recepit
2776 2802 2990 2856 quoque
3042 2801 3163 2854 pag.
3206 2785 3312 2838 462
3363 2800 3485 2853 sqq.
3549 2799 3667 2836 mu-

2090 2890 2209 2933 tuas
2237 2879 2442 2934 Libanii
2468 2891 2520 2935 et
2563 2879 2746 2935 Basilii
2775 2879 3056 2949 epistolas,
3083 2889 3138 2934 et
3168 2894 3221 2946 p.
3250 2878 3358 2932 462
3385 2894 3449 2931 ex
3480 2875 3664 2930 Basilii

2089 2972 2316 3040 epistola
2344 2973 2410 3026 ad
2433 2972 2708 3026 Julianum
2731 2971 3068 3041 Apostatam,
3090 2974 3151 3024 de
3174 2970 3232 3024 S.
3259 2969 3538 3035 Trinitate,
3555 2976 3661 3022 etc.

2091 3071 2204 3117 tum
2240 3072 2454 3118 mutuas
2494 3063 2816 3132 Apollinarii
2848 3062 3139 3130 Basiliique
3168 3075 3314 3129 epp.,
3338 3061 3569 3128 denique
3597 3057 3665 3112 ad

415 3171 538 3208 cum
569 3153 971 3208 memorabilem
1008 3159 1194 3206 contra
1233 3149 1620 3203 eunuchos.—
1648 3145 1985 3202 Cod.LXXV
2015 3195 2054 3224 ί,
2090 3153 2474 3220 Theodosium,
2503 3157 2569 3210 de
2593 3156 2789 3224 quibus
2821 3155 2958 3208 intra
2990 3155 3054 3208 ad
3081 3171 3132 3208 η,
3164 3153 3284 3207 χιχ
3317 3168 3555 3222 agemus.

417 3247 657 3300 continet
689 3243 927 3298 CCLVIII
963 3243 1215 3311 epistolas
1243 3257 1364 3294 cum
1396 3238 1484 3293 XII
1514 3255 1634 3307 epp.
1677 3237 1884 3292 Libanii
1923 3240 1986 3292 ad

415 3337 703 3404 Basiiium;
743 3337 810 3390 de
830 3336 1024 3404 quibus
1056 3336 1253 3387 multus
1284 3341 1367 3386 est
1397 3332 1649 3385 Lambec.
1675 3330 1756 3392 Ill,
1785 3329 1985 3398 p.558-

412 3429 542 3494 572,
573 3439 626 3481 et
670 3427 850 3480 varios
903 3440 1112 3480 errOi-es
1156 3426 1286 3479 edit.
1319 3424 1411 3479 Gr.
1454 3423 1571 3477 Lat.
1609 3421 1786 3494 Paris.
1819 3422 1990 3475 corri-

415 3523 514 3591 git.
536 3551 603 3562 —
630 3517 684 3572 In
715 3520 834 3574 cod.
869 3517 1092 3579 CCXCI,
1122 3534 1176 3570 n.
1202 3516 1227 3569 1
1256 3515 1502 3585 epistola,
1535 3531 1639 3568 non
1674 3514 1740 3567 ad
1786 3513 1990 3582 Grego-

419 3614 556 3665 rium
581 3609 736 3675 Naz.,
774 3620 830 3664 ut
858 3611 909 3664 in
938 3611 1057 3663 cod.
1091 3608 1357 3678 proditur,
1394 3607 1486 3660 sed
1522 3605 1778 3659 adversus
1814 3603 1990 3657 Euno-

418 3703 693 3766 mium,ac
725 3718 778 3756 ιι.
809 3701 862 3766 5,
903 3699 1100 3755 Iuliani
1154 3715 1240 3767 ep.
1287 3698 1353 3752 ad
1395 3696 1675 3760 Basilium,
1726 3694 1991 3762 huiusque

420 3794 628 3862 integra
661 3794 974 3862 responsio;
1013 3793 1078 3846 de
1105 3791 1298 3859 quibus
1319 3805 1370 3842 ν.
1411 3787 1663 3842 Lambec.
1699 3796 1857 3854 atque
1875 3783 1992 3837 Κοι-

420 3885 519 3939 lar.
562 3885 624 3948 V,
666 3903 718 3955 p.
755 3886 858 3940 518
885 3901 1004 3954 sqq.

497 3976 735 4030 Venetiis
757 3977 809 4029 in
844 3976 973 4028 bibl.
1001 3974 1164 4027 Marc.
1199 3975 1317 4026 rod.
1351 3971 1485 4035 LXI,
1511 3987 1636 4039 epp.
1665 3967 1984 4023 CCLXle.

425 4089 445 4122 ι
476 4070 696 4132 Omnes,
738 4072 814 4124 ait
839 4069 1049 4123 Zauetti
1085 4087 1134 4138 p.
1178 4069 1248 4122 42
1276 4068 1392 4121 Cat.
1426 4067 1580 4119 codd.
1613 4064 1707 4120 Gr.
1739 4065 1908 4117 Marc.
1938 4064 1990 4117 in

423 4163 553 4214 edit.
588 4160 880 4213 novissima
917 4161 1302 4213 monachorum
1330 4158 1386 4212 S.
1418 4157 1617 4210 Bened.
1639 4165 1989 4224 praeteream,

419 4269 536 4319 qum
560 4253 724 4319 posita
742 4251 939 4305 estsnb
957 4268 1180 4304 numero
1193 4249 1510 4310 CCLXXIV,
1529 4250 1627 4302 hoc
1653 4247 1804 4300 titulo
1823 4267 1832 4297 :
1851 4247 1993 4315 Πρὸς

419 4341 749 4398 ἀσθενοῦντα
797 4340 1246 4413 παραμυθητικὴ,
1304 4338 1671 4394 Cousolatoria
1728 4337 1795 4388 ad
1841 4335 1994 4400 inﬁr-

418 4451 597 4497 mum;
657 4434 844 4499 incipit
893 4452 906 4486 :
971 4433 1027 4485 Ὀ
1071 4432 1181 4500 βίος
1234 4432 1340 4484 τῶν
1405 4428 1704 4500 ἀνθρώπων
1761 4426 1985 4497 βραχύς.

2165 3245 2428 3316 Epistolas
2457 3255 2756 3315 sequuntur
2802 3246 2854 3298 in
2900 3245 3192 3314 appendice
3254 3259 3305 3312 p.
3353 3241 3458 3296 468
3507 3257 3656 3310 sqq.,

2089 3339 2365 3407 praemisso
2409 3339 2631 3400 monito,
2684 3337 2891 3391 Ἠθικοὶ
2945 3336 3092 3404 λόγοι
3123 3336 3222 3399 κδ’,
3282 3347 3412 3399 etc.,
3448 3335 3537 3404 qui
3597 3333 3666 3387 ad

2089 3435 2222 3484 tom.
2248 3427 2288 3481 Il
2310 3432 2360 3482 in
2384 3431 2515 3486 edit.
2543 3427 2792 3484 Gr.-Lat.
2824 3445 2875 3481 a.
2907 3427 3065 3492 1618,
3089 3427 3138 3479 in
3168 3426 3462 3494 appendice
3491 3424 3668 3492 primo

2092 3519 2206 3572 loco
2249 3527 2559 3585 ponuntur;
2596 3517 2662 3570 de
2702 3517 2900 3584 quibus
2942 3515 3158 3568 Fabric.
3193 3516 3244 3568 iu
3299 3522 3405 3568 vel.
3434 3514 3566 3568 edit.
3607 3528 3664 3566 η.

2089 3611 2180 3676 XI,
2220 3613 2354 3673 hare,
2389 3627 2506 3678 quae
2525 3609 3064 3678 sequuntur,littcris
3094 3607 3451 3676 consignavit.
3494 3605 3664 3659 Hanc.

2163 3699 2305 3773 [XI]
2330 3699 2606 3754 Sermones
2652 3698 2845 3752 XXIV
2888 3699 3110 3753 mora/es
3157 3696 3235 3768 [in
3271 3697 3502 3766 append.
3534 3707 3662 3750 tom.

2090 3791 2132 3845 II
2157 3793 2286 3845 edit.
2322 3789 2572 3844 Gr.-Lat.
2623 3788 2784 3861 1618]
2818 3805 2846 3841 a
2879 3787 3130 3842 Simeone
3174 3788 3436 3857 magistro
3485 3797 3540 3840 et
3580 3786 3664 3838 Io-

2091 3884 2329 3954 gouieta,
2366 3882 2605 3949 excerpti
2656 3896 2686 3936 e
2740 3880 2915 3933 Basilii
2951 3881 3194 3947 Scriptis,
3240 3889 3294 3932 et
3324 3878 3570 3932 centenis
3609 3877 3664 3931 in

2093 3994 2298 4034 morem
2337 3977 2626 4046 compositi
2662 3975 2810 4043 λόγοι
2861 3971 2959 4027 κδ’.
3005 3972 3383 4043 Ἐκλεχθέντες
3428 3969 3514 4023 διὰ
3565 3970 3666 4022 Συ-

2092 4069 2239 4143 μεὼν
2277 4069 2369 4122 τοῦ
2414 4067 2713 4139 μαγίστρου
2753 4066 2848 4118 καὶ
2883 4064 3165 4132 λογοθέτου
3215 4066 3280 4117 ὲκ
3325 4063 3512 4117 πασῶν
3557 4062 3666 4117 τῶν

2091 4159 2484 4231 πραγματειῶν
2515 4157 2609 4210 τοῦ
2647 4160 2704 4210 ὲν
2737 4158 2912 4226 ἁγίοις
2939 4157 3150 4228 Πατρὸς
3177 4156 3334 4226 ἡμῶν
3361 4154 3663 4217 Βασιλείου,

2090 4264 2194 4306 etc.
2245 4253 2463 4306 Sunenn
2503 4251 2592 4305 ille
2624 4251 2900 4318 magister,
2949 4250 3039 4318 qui
3079 4250 3241 4302 etiam
3279 4247 3666 4314 Metaphrastes

2091 4345 2248 4409 vulgo
2281 4345 2447 4405 audit,
2498 4342 2677 4396 clarus
2703 4341 2802 4393 fuit
2834 4341 2934 4394 sub
2983 4339 3162 4394 stnculi
3193 4339 3384 4392 decimi
3431 4337 3664 4390 initium.

2091 4435 2232 4489 Loca
2271 4435 2450 4487 Basilii
2491 4448 2521 4486 e
2559 4434 2755 4501 quibus
2786 4447 3068 4485 sermones
3102 4431 3153 4484 III
3189 4428 3429 4484 contexti
3458 4438 3582 4480 sunt
3613 4426 3664 4478 iu

419 4525 656 4578 Haliclur
688 4534 741 4578 et
773 4525 824 4576 in
855 4523 972 4575 cod.
1011 4522 1142 4578 LIV.
1185 4542 1202 4574 ι
1226 4521 1439 4576 ——Cod.
1475 4517 1694 4584 LXXV,
1725 4519 1880 4584 Cpist.
1923 4517 1988 4569 ad
2021 4532 2067 4588 υ
2095 4527 2428 4593 marginibus
2462 4526 2815 4578 adnotantur.

420 4616 753 4682 Simpliciam
803 4616 1132 4668 htL-rcticam.
1170 4646 1238 4655 —
1279 4611 1408 4667 Cod.
1455 4610 1690 4673 LXXIX,
1749 4609 1991 4676 epistolae

418 4703 832 4769 (ZCCXXXVIII,
885 4713 940 4757 et
988 4702 1182 4757 Iuliani
1231 4703 1494 4772 epistola;
1548 4704 1652 4755 inc.
1706 4701 1764 4754 τὸ
1817 4700 1992 4770 ἔμφυ-

416 4815 530 4858 τον,
587 4813 709 4851 cum
763 4796 940 4849 Basilii
987 4796 1356 4865 responsione.
1413 4825 1484 4836 --
1527 4793 1659 4848 Cod.
1724 4791 1990 4847 CXXXIX

417 4892 578 4953 epist.
610 4904 713 4940 una
748 4889 810 4939 ad
857 4887 1154 4950 Julianutn,
1212 4898 1266 4940 et
1296 4903 1382 4954 ep.
1430 4888 1494 4938 ad
1533 4884 1890 4951 Sitnpliciam.
1921 4910 1992 4924 —-

420 4979 549 5030 Cod.
597 4977 851 5032 DLXXV.
884 4978 1066 5031 Basilii
1091 4988 1143 5032 et
1165 4977 1422 5031 Nazianz.
1453 4978 1694 5040 epistolm
1726 4975 1988 5031 XXXVII.

416 5071 485 5125 ν.
518 5070 690 5125 Calal.
719 5071 870 5122 codd.
902 5069 1093 5132 Mora,
1130 5085 1182 5137 p.
1215 5070 1300 5134 52,
1335 5069 1422 5134 55,
1452 5069 1520 5121 80
1544 5080 1588 5119 et
1622 5067 1745 5122 502.

493 5163 634 5216 Inter
659 5161 815 5216 codd.
842 5161 1034 5215 Thom.
1059 5161 1189 5215 Gale
1224 5163 1276 5214 in
1316 5160 1434 5214 Cat.
1472 5160 1626 5212 codd.
1665 5159 1888 5226 Anglice,
1927 5156 1989 5219 II,

422 5269 544 5322 pag.
582 5253 703 5317 188,
744 5269 798 5305 n.
845 5252 1004 5319 5945,
1059 5263 1386 5306 memoratur
1437 5251 1618 5304 Basilii
1659 5249 1726 5302 M.
1767 5248 1991 5318 epistola

428 5343 661 5396 nendum
710 5343 887 5407 edita;
921 5344 1016 5396 sed
1046 5358 1149 5396 nec
1203 5341 1525 5411 principium
1571 5339 1712 5393 illius
1744 5354 1841 5392 nec
1886 5338 1990 5391 ulla

427 5437 530 5488 alia
568 5436 753 5488 notitia
801 5435 1048 5499 additur;
1104 5449 1169 5486 an
1212 5433 1325 5498 illa,
1354 5450 1472 5502 qua:
1525 5432 1666 5485 infra
1713 5448 1768 5488 n.
1798 5429 1992 5484 XXXII

431 5526 796 5581 memoratur?
890 5573 891 5576 η

504 5615 792 5672 Florentia:
818 5617 870 5670 in
921 5616 1052 5671 bibl.
1079 5615 1569 5670 Medianaurent.
1616 5614 1669 5667 in
1714 5613 1835 5668 cod.
1872 5611 1994 5677 XX,

427 5707 563 5776 plut.
594 5707 649 5772 9,
675 5708 966 5762 suntvaria
994 5707 1176 5760 Basilii
1214 5722 1409 5775 opera;
1453 5707 1505 5758 in
1534 5706 1620 5760 his
1652 5722 1708 5759 n.
1739 5705 1826 5770 15,
1869 5719 1991 5773 epp.

431 5801 496 5849 ad
547 5799 850 5867 Chilonem,
906 5799 970 5854 ad
1029 5797 1361 5869 Gregorium
1406 5796 1758 5868 Theologum,
1817 5805 1871 5850 et
1929 5795 1995 5850 ad

2168 4620 2218 4676 I.
2247 4618 2380 4689 Περὶ
2435 4615 2638 4687 ἀρετῆς
2687 4615 2781 4666 καὶ
2835 4613 3049 4675 κακίας,
3091 4611 3162 4664 De
3200 4613 3385 4662 virtute
3444 4618 3488 4660 et
3523 4617 3661 4660 t-ttto.

2091 4709 2277 4774 Incipit
2313 4729 2325 4759 τ
2372 4708 2430 4759 Ὀ
2469 4708 2566 4776 μὲν
2590 4704 2790 4776 Κύριος
2813 4704 2971 4773 ἡμῶν
3006 4699 3209 4772 Ἰησοῦς
3237 4697 3485 4770 Χριστός.

2162 4799 2215 4851 2.
2243 4798 2377 4868 Περὶ⁸
2399 4795 2621 4864 διδαχῆς
2661 4794 2754 4846 καὶ
2770 4791 3074 4852 νουθεσίας.
3108 4789 3180 4841 De
3212 4789 3449 4850 doctrina
3490 4794 3536 4839 et
3563 4800 3662 4837 aa—

2093 4892 2394 4944 monitioue.
2420 4888 2614 4953 Incipit
2657 4903 2669 4938 :
2702 4887 2764 4938 EI.
2793 4883 2888 4936 ἐπὶ
2916 4879 3221 4940 τοσαύταις.

2161 5001 2216 5055 5.
2250 5002 2386 5070 Περὶ
2423 5000 2644 5069 ἀγάπης
2693 4999 2791 5066 τῆς
2833 4997 2969 5068 πρὸς
3005 4995 3094 5048 τὸν
3120 4993 3253 5047 Θεὸν
3288 5008 3380 5046 και
3413 5004 3502 5045 τον
3523 5006 3662 5060 πλη-

2095 5092 2229 5154 σίον,
2257 5091 2334 5144 De
2373 5107 2550 5143 amore
2594 5106 2717 5158 erga
2767 5087 2933 5140 Deum
2968 5095 3016 5140 et
3073 5086 3385 5153 prosintum.
3428 5082 3661 5152 Incipit:

2093 5185 2230 5247 Τοὺς
2259 5183 2366 5235 τῶν
2391 5181 2677 5252 βιωτικῶν.

2162 5295 2216 5349 4.
2239 5296 2376 5365 Περὶ
2392 5293 2514 5362 ὲλεη
2525 5290 2779 5362 μοσύνης,
2804 5291 2874 5342 De
2891 5289 3244 5342 misericordia
3261 5297 3306 5340 et
3328 5285 3670 5356 benignitate;

2094 5385 2318 5453 Incipit:
2357 5384 2419 5435 Ei
2451 5379 2750 5451 Θαυμάζεις
2769 5379 2838 5432 τὰ
2876 5381 3134 5450 χρήματα

2163 5493 2217 5546 5.
2257 5491 2392 5562 Περὶ
2421 5488 2651 5541 πλούτου
2676 5489 2769 5540 καὶ
2798 5488 3008 5549 πενίας,
3051 5486 3122 5538 De
3141 5484 3334 5536 divitiis
3371 5492 3421 5536 et
3443 5498 3666 5552 pauper-

2096 5594 2220 5640 tate.
2246 5583 2435 5651 Incipit
2464 5600 2478 5634 :
2513 5580 2596 5634 Τὰ
2622 5580 2833 5650 φρέατα
2866 5578 3276 5648 ἐξαντλούμενα.

2163 5696 2217 5750 6.
2261 5696 2394 5766 Περὶ
2431 5693 2757 5759 πλεονεξίας,
2785 5693 2856 5747 De
2881 5694 3123 5747 aratittu.
3153 5690 3373 5760 Incipit:
3403 5689 3568 5742 Ὅταν
3587 5685 3666 5747 εἲς

2097 5788 2270 5843 οἰκίαν
2299 5787 2504 5859 ἀνδρός.
