4094 6220
1634 314 1912 370 ΝΟΤΙΤΙΑ
1953 313 2045 367 EX
2086 312 2422 370 FABIthlO.

3427 338 3660 378 (ξειχιιιιι

391 446 587 499 suum;
629 431 707 485 De
735 430 981 483 laudibus
1022 430 1140 483 vita
1172 430 1470 488 solitariw:
1520 430 1587 484 ad
1630 428 1878 485 Letoium
1904 430 1981 484 De
2010 446 2057 499 Α
2092 428 2275 481 Basilii
2313 430 2379 481 ab
2411 428 2627 482 Ariauls
2665 428 2745 482 vel
2794 429 3197 498 Apollinaristis
3221 431 3486 485 conﬁctas
3515 451 3654 498 esse,

391 541 512 580 vera
544 523 841 593 integritate
869 522 1184 589 virginitatis
1213 531 1266 575 et
1293 522 1554 589 quasdam
1596 536 1718 590 opp.
1747 525 1814 574 ad
1845 525 1974 574 Am-

389 617 741 683 philochium,
779 615 843 667 ad
869 612 1182 667 Terentium
1215 625 1270 667 et
1296 613 1466 677 alias;
1503 612 1576 666 De
1594 615 1768 667 studio
1800 614 1971 682 genti-

388 712 518 779 lium
546 710 774 762 litterar.
803 708 897 762 lib.
932 716 986 761 et
1024 705 1204 759 Rulini
1236 707 1291 760 in
1344 706 1539 761 librum
1570 708 1756 761 homil.
1787 706 1971 760 Basilii

387 802 764 856 Praefationem
810 815 930 853 cum
970 798 1085 852 VIII
1123 797 1383 851 homiliis.
1431 797 1492 850 V.
1526 798 1714 852 Goetz.
1745 799 1966 850 Memor.

387 896 512 949 bibl.
546 894 761 959 D’resd.,
807 904 934 947 tom.
964 894 1007 959 l,
1037 894 1161 947 coll.
1184 893 1237 960 4,
1274 910 1325 962 p.
1356 892 1461 946 565
1491 908 1612 961 sqq.

458 989 581 1043 Ilaec
605 1000 731 1041 sunt
770 1003 934 1057 opera
987 996 1042 1041 et
1085 988 1318 1057 genuina
1354 998 1408 1041 et
1447 988 1604 1041 dubia
1654 988 1965 1056 spuriaque,

383 1098 504 1150 quae
543 1082 889 1136 continentur
955 1082 1009 1135 in
1063 1083 1191 1136 edit.
1245 1080 1962 1135 Garu.-Buuedictinorum.

382 1180 587 1245 Agmen
618 1175 879 1229 claudunt
922 1175 1165 1228 addenda
1201 1184 1363 1242 atque
1393 1176 1725 1228 emendanda
1771 1175 1835 1227 ad
1864 1176 1964 1229 tria

385 1268 692 1333 volumina;
746 1277 854 1320 tum
913 1267 1127 1320 seleCIte
1171 1266 1465 1321 Frontonis
1506 1268 1680 1321 Bucari
1728 1279 1866 1322 nota:
1910 1268 1962 1320 itt

382 1361 573 1413 librum
608 1358 682 1412 De
704 1357 903 1425 Spiritu
931 1369 1131 1422 sancto,
1166 1361 1396 1427 denique
1418 1361 1641 1414 indices.

450 1452 528 1506 Ne
559 1451 686 1520 quid
723 1462 901 1505 autem
924 1465 1113 1504 eorum
1144 1467 1263 1519 qua:
1294 1450 1507 1506 Fabric.
1551 1453 1603 1504 in
1622 1462 1728 1507 vet.
1758 1453 1843 1507 ed.
1873 1454 1964 1506 atl-

380 1542 486 1595 huc
511 1544 828 1611 scripserat,
874 1544 924 1596 in
951 1543 1053 1596 hac
1099 1542 1185 1597 ed.
1231 1544 1597 1609 desideretur,
1631 1546 1835 1612 reliqua
1876 1546 1963 1598 hic

377 1636 685 1703 subjiciam,
712 1635 931 1689 omissis
966 1636 1056 1699 iis,
1089 1650 1210 1703 qua:
1245 1635 1359 1704 jam
1398 1635 1450 1687 in
1482 1636 1783 1704 superioris
1824 1633 1974 1689 Gar-'

380 1730 618 1783 ueriana:
653 1730 787 1783 edit.
822 1730 1141 1782 recensione
1190 1729 1551 1781 reddideram.
1579 1729 1632 1781 In
1664 1730 1960 1797 appendice

376 1822 540 1890 igitur
568 1820 634 1872 at]
669 1831 799 1874 tom.
835 1820 875 1873 ΙΙ
902 1820 1030 1874 edit.
1062 1819 1157 1874 Gr.
1185 1819 1303 1874 Lat.
1334 1819 1563 1882 a.1618,
1599 1833 1652 1873 et
1678 1822 1816 1889 apud
1846 1819 1952 1873 Fa-

378 1913 513 1965 bric.
545 1913 697 1976 olim,
730 1930 783 1966 u.
807 1912 896 1965 XII
924 1927 1067 1979 stjq.,
1110 1914 1285 1966 adhuc
1320 1915 1664 1979 reperiuntur
1708 1930 1720 1965 :

445 2004 557 2058 XII.
590 2006 725 2078 Περὶ
749 2006 1144 2078 γραμματικῆς
1166 2007 1493 2076 γυμνασίας,
1521 2006 1592 2058 De
1612 2008 1955 2073 grnmmatim

373 2097 766 2148 exercitatione.
814 2095 1051 2163 Incipit:
1110 2094 1281 2166 Κύριε
1323 2094 1497 2165 Ἰησοῦ
1552 2096 1872 2165 Χριστέ.....
1901 2107 1955 2149 et

373 2188 454 2240 δεῖ
477 2203 534 2239 σε
557 2187 865 2256 γινώσκειν,
902 2180 946 2241 ὦ
976 2188 1206 2241 παιδίον.
1253 2188 1311 2246 Ι).
1345 2190 1467 2242 171.
1488 2190 1654 2242 Vertit
1682 2188 1955 2243 Gilbertus

374 2281 668 2349 Cognatas,
700 2278 1036 2337 Nozorenus.
1088 2283 1160 2336 De
1214 2283 1371 2351 hujus
1404 2284 1568 2335 libelli
1626 2284 1954 2336 editiouihus

374 2371 487 2423 dixi
544 2381 690 2425 tomo
742 2381 896 2426 sexto
943 2372 1103 2442 hujus
1146 2370 1510 2440 Bibliothecm,
1568 2388 1690 2443 pag.
1737 2374 1843 2427 519
1902 2382 1955 2427 et

373 2461 499 2525 59.2,
552 2464 641 2517 ubi
674 2464 856 2517 monui
907 2466 1091 2531 etiam,
1146 2480 1332 2518 verum
1383 2476 1658 2519 auctorem
1703 2481 1805 2518 non
1836 2481 1955 2518 esse

375 2553 435 2606 S.
481 2551 761 2618 Basilium,
802 2556 896 2609 sed
946 2554 1251 2611 Manuelem
1306 2556 1739 2626 Moschopulum,
1798 2557 1955 2627 longe

373 2648 733 2701 recentiorem
779 2649 1125 2717 scriptorem,
1152 2649 1242 2717 qui
1282 2648 1424 2702 circa
1471 2650 1647 2702 saeculi
1681 2664 1764 2701 λ-ιν
1790 2650 1953 2703 linem

371 2741 591 2795 claruit.
628 2740 793 2795 FABR.
824 2740 981 2795 Conl.
1009 2739 1179 2795 Henr.
1204 2740 1386 2795 Vales.
1423 2739 1502 2793 De
1537 2743 1747 2803 critica,
1786 2740 1877 2793 lib.
1917 2758 1951 2805 ι,

370 2848 494 2902 cap.
525 2832 616 2898 25,
648 2849 771 2901 pag.
804 2833 901 2886 I75
930 2848 1098 2900 sq.—-
1124 2830 1425 2885 IuGiIberti
1458 2832 1680 2900 Cognati
1710 2832 1952 2899 (Cousin)

371 2925 643 2980 Nozoreni
664 2924 940 2994 operibus,
966 2922 1129 2977 Basil.
1160 2923 1320 2987 154:2,
1352 2922 1471 2987 loI.,
1500 2933 1626 2976 tom.
1656 2923 1695 2988 I,
1729 2941 1783 2975 ιι.
1811 2923 1862 2976 1.
1891 2921 1950 2976 V.

372 3018 754 3085 Baumgarten.
813 3016 1126 3069 Nachricht.
1178 3033 1275 3070 von
1320 3014 1630 3069 merkwiird.
1692 3014 1950 3077 Bucltern,

372 3124 503 3165 tom.
528 3109 594 3170 X,
628 3126 680 3180 p.
708 3109 777 3163 48
800 3126 919 3178 sqq.

444 3202 573 3270 Quae
599 3213 901 3270 sequuntur
926 3218 979 3255 ιι.
1008 3201 1142 3265 Xlll,
1178 3200 1251 3255 De
1288 3200 1648 3254 consolatione
1675 3202 1728 3253 in
1755 3201 1946 3253 adver-

368 3298 485 3361 sis;
519 3314 572 3367 ῃ.
606 3294 747 3359 XIV,
782 3294 857 3347 De
892 3297 1048 3348 laude
1071 3296 1324 3349 solitaria!
1348 3307 1486 3358 vitaz,
1520 3308 1574 3349 et
1602 3292 1719 3357 XV,
1752 3296 1947 3348 Admo-

369 3389 503 3441 nitio
530 3388 597 3440 ad
638 3388 807 3455 ﬁlium
837 3387 1146 3465 spiritalem,
1184 3400 1237 3440 et
1277 3387 1525 3443 Garuier.
1555 3399 1683 3439 tout.
1716 3387 1774 3449 II,
1813 3388 1952 3439 inter

368 3481 555 3548 spuria
592 3490 931 3546 reposuerat,
967 3479 1091 3531 item
1126 3497 1178 3531 ιι.
1205 3478 1345 3534 XVI.
1392 3477 1648 3531 Gennadii
1682 3479 1809 3532 diss.
1837 3480 1947 3543 epi-

368 3572 579 3635 stolica,
635 3581 799 3640 atque
854 3570 1015 3635 XVII,
1078 3570 1364 3623 Frontonis
1409 3570 1586 3622 Dttcwi
1625 3581 1777 3634 notae,
1835 3570 1947 3638 jaut

369 3681 536 3732 supra
571 3666 684 3720 suis
709 3668 842 3719 locis
879 3665 1131 3732 explicita
1168 3674 1313 3715 sunt.
1352 3662 1522 3715 IIARL.

370 3753 479 3808 VII.
515 3753 723 3823 Scripta
757 3754 816 3808 S.
860 3753 1071 3819 Basilii,
1101 3754 1175 3805 rel
1208 3768 1323 3823 qua:
1357 3753 1446 3823 sub
1484 3752 1597 3820 ejus
1622 3751 1835 3823 nomine
1871 3750 1921 3819 fe

442 3820 650 3889 runtur,
678 3826 767 3878 sed
804 3841 920 3894 quae
945 3827 999 3878 in
1039 3820 1359 3877 editionibus
1386 3820 1814 3875 (hasce-Latinis
1845 3838 1948 3874 non

444 3906 669 3950 exstant.

442 3986 625 4042 XVIII.
660 3987 899 4043 Homilia
935 3992 1089 4042 tertia
1128 3990 1192 4041 de
1209 3990 1441 4059 jejunio,
1475 3986 1641 4057 [edita
1683 4002 1711 4038 a
1734 3985 1947 4039 Garue-

370 4084 454 4135 rio
491 4083 541 4134 in
574 4092 707 4135 tom.
735 4081 802 4148 II,
834 4082 974 4135 inter
1005 4084 1185 4151 spuria
1210 4081 1394 4134 Basilii
1424 4082 1649 4148 scripta.
1679 4089 1737 4133 et
1759 4095 1857 4148 ego
1882 4078 1949 4130 de

370 4176 460 4229 illa
494 4175 557 4227 ad
596 4190 649 4228 ιι.
679 4174 715 4227 2
753 4177 1062 4244 spuriorum
1092 4174 1307 4228 illorum
1347 4174 1477 4228 dixi.
1507 4171 1705 4243 11Αιιι.]

443 4266 679 4319 Humilia
718 4270 770 4320 in
808 4266 1209 4320 Proverbiorum
1250 4264 1334 4331 Vl,
1378 4265 1432 4329 4,
1470 4267 1611 4318 edita
1653 4264 1841 4318 Graece
1895 4273 1949 4317 et

368 4357 565 4412 Latine
598 4376 624 4411 ιι
655 4358 927 4413 Cotelerio
972 4360 1023 4411 in
1058 4369 1189 4411 tom.
1224 4359 1239 4410 Ι
1275 4358 1664 4410 Monumentor.
1702 4356 1948 4408 Ecclesia:

2079 536 2184 574 non
2224 520 2485 573 diﬂitetur
2523 522 2635 589 ipse
2661 520 2981 585 Cotelerius,
3020 537 3201 591 quem,
3232 522 3277 576 si
3316 523 3512 591 placet,
3542 528 3661 579 vide

2077 628 2197 682 pag.
2228 612 2351 666 555.
2390 613 2470 666 Illi
2501 629 2629 666 vero
2657 614 2721 667 ad
2754 613 3116 668 Theodosium
3159 618 3296 670 hanc
3332 626 3511 671 notam
3559 620 3659 670 ad-

2074 706 2241 758 ditam
2278 708 2329 759 in
2363 722 2463 760 tus.
2496 708 2763 772 reperisse
2808 708 2945 760 idem
2978 725 3029 777 p.
3055 709 3159 764 559
3180 721 3361 764 mouet
3392 731 3404 762 :
3452 710 3515 763 Ἦ
3547 713 3663 765 ἑπι-

2075 797 2234 869 στολὴ
2284 798 2421 869 αὕτη
2461 796 2582 851 οὔτε
2629 798 2736 851 ἀπὸ
2771 800 2878 851 τῶν
2906 803 3192 870 νοημάτων
3230 802 3355 855 οὔτε
3402 803 3511 855 ἀπὸ
3556 803 3658 874 τῆς

2072 892 2326 962 φράσεως
2356 892 2529 945 ἔοικεν
2561 888 2701 944 εἶναι
2731 891 2824 944 τοῦ
2876 894 3111 962 μεγάλου
3140 895 3443 950 Βασιλείου.
3490 895 3655 949 ΡΑΒιι.

2071 984 2240 1039 Garu.
2273 984 2360 1050 III,
2410 1001 2459 1053 p.
2501 984 2626 1039 463.
2674 984 2737 1037 V.
2772 1000 2933 1053 supra
2985 986 3071 1039 ubi
3107 1003 3160 1040 ιι.
3198 987 3243 1040 X
3298 990 3363 1041 de
3414 990 3660 1057 epistolis

2071 1079 2355 1147 agebatur,
2411 1081 2476 1131 ad
2515 1077 2675 1130 ﬁnem
2714 1087 2921 1141 notata,
2963 1077 3048 1130 ubi
3094 1094 3309 1146 queque
3345 1079 3417 1131 Ba
3459 1079 3529 1131 ilii
3567 1095 3654 1145 cp.

2069 1168 2135 1220 ad
2170 1168 2539 1234 Apollinarem
2574 1166 2943 1220 Laodieeuum
2977 1169 3328 1236 supposititia
3358 1168 3519 1221 allata
3553 1180 3655 1221 est.

2067 1292 2138 1301 —
2171 1260 2408 1326 Epistula
2449 1261 2514 1312 ad
2551 1261 2915 1314 Theodosium
2969 1260 3123 1328 imp.,
3158 1275 3243 1329 ap.
3281 1259 3448 1314 Garu.
3477 1260 3563 1326 III,
3597 1278 3651 1329 p.

2066 1353 2170 1406 466
2209 1369 2318 1422 sq.,
2367 1356 2507 1407 inter
2544 1354 2763 1422 spurius
2812 1368 2876 1406 ex
2923 1353 3183 1407 (Iotelerii
3222 1354 3458 1406 Monum.
3501 1353 3651 1407 Eccl.

2067 1443 2285 1505 Gra’caz,
2334 1455 2465 1500 tom.
2504 1445 2567 1508 Il,
2606 1460 2657 1514 p.
2688 1444 2777 1498 97.
2828 1444 3005 1511 Atque
3037 1446 3088 1497 in
3142 1448 3383 1513 margine
3412 1456 3649 1507 notatur,

2064 1537 2199 1591 alias
2233 1538 2334 1606 legi
2392 1548 2598 1591 tantum
2637 1536 2712 1606 τῷ
2765 1535 2993 1606 βασιλεῖ.
3050 1536 3398 1592 Tilleuiontio
3431 1539 3650 1606 quidem

2064 1630 2277 1682 videtur
2314 1633 2423 1682 lucc
2453 1630 2680 1698 cpistola
2714 1628 2971 1695 juvenem
3016 1640 3068 1682 et
3123 1632 3392 1684 rhetorem
3426 1647 3531 1683 non
3556 1630 3651 1685 de-

2064 1721 2329 1783 decuisse,
2376 1720 2532 1788 isque
2561 1720 2954 1783 Theodosium,
2993 1720 3077 1773 cui
3133 1721 3395 1790 inscripta
3429 1731 3510 1775 est
3539 1722 3653 1789 epl-

2061 1811 2221 1871 stola.
2276 1826 2380 1864 non
2434 1826 2687 1879 magnum
2725 1813 2873 1865 illum
2936 1812 3321 1880 imperatorem
3367 1812 3645 1883 intelligit,

2060 1904 2155 1957 sed
2191 1903 2473 1971 prmsidem
2502 1902 2734 1969 aliquem
2764 1902 3137 1970 Cappadocia).
3169 1904 3240 1956 At
3272 1904 3323 1955 in
3354 1913 3475 1955 uota
3517 1906 3641 1957 ani-

2060 1993 2349 2046 madvertit
2381 1994 2556 2045 editor
2584 1992 2857 2046 Beuedict.
2902 1996 2952 2047 in
2993 1995 3079 2049 ed.
3120 1993 3287 2048 Garu.
3323 2005 3489 2048 totum
3528 1996 3644 2064 epi—

2058 2084 2250 2138 stolam
2297 2084 2477 2138 Basilii
2516 2085 2657 2156 stylo
2712 2096 2874 2153 atque
2930 2087 3141 2154 ingenio
3218 2102 3537 2155 repugnare,
3589 2096 3653 2144 et

2058 2170 2205 2227 alias
2250 2174 2467 2228 adducit
2514 2176 2755 2229 rationes
2798 2190 3022 2243 graves,
3062 2176 3261 2244 quibus
3306 2176 3650 2246 impugnatur

2058 2267 2387 2322 Tillemontii
2437 2267 2724 2335 judicium,
2767 2278 2819 2322 et
2851 2269 3094 2323 litteram
3133 2283 3253 2323 esse
3281 2269 3647 2323 adulteriuam

2059 2361 2485 2414 demonstratur.
2520 2360 2689 2414 ΙΙΑιιι..

2128 2450 2247 2505 XX.
2295 2450 2542 2505 Rationes
2596 2452 2931 2521 syllogistira:
2966 2463 3149 2505 contra
3200 2453 3450 2516 Arianos,
3506 2456 3647 2523 quod

2059 2540 2230 2595 Filius
2278 2546 2342 2596 sit
2378 2543 2539 2604 Deus,
2590 2544 2839 2611 prodiere
2877 2555 3022 2597 tonio
3065 2543 3103 2596 ι’
3150 2544 3458 2598 Lectionum
3509 2547 3651 2599 anti-

2056 2649 2282 2702 quarum
2321 2631 2486 2689 Ileur.
2512 2634 2738 2696 Cauisii,
2772 2650 2892 2703 pag.
2932 2634 3169 2687 166-171
3208 2636 3307 2703 (n),
3337 2643 3429 2688 sed
3456 2635 3650 2689 Latine

2060 2734 2294 2787 tantum,
2341 2727 2635 2794 interprete
2662 2726 2960 2779 Fraucisco
3003 2725 3263 2789 Turiano,
3304 2727 3363 2781 S.
3391 2727 3439 2782 J.
3465 2725 3643 2796 Ingol-

2057 2817 2199 2869 stad.
2240 2815 2400 2879 1604,
2441 2815 2495 2869 4.
2547 2813 2717 2884 Incip.
2756 2815 2813 2868 Si
2842 2815 3017 2869 Filius
3058 2827 3133 2870 est
3170 2829 3362 2870 natura
3394 2817 3555 2885 Deus,
3595 2825 3647 2872 et

2058 2907 2219 2961 Pater
2241 2919 2313 2961 est
2357 2920 2548 2961 natura
2589 2908 2754 2973 Deus,
2797 2926 2899 2961 non
2942 2919 3016 2962 est
3067 2910 3207 2962 alius
3257 2908 3643 2963 DeusFilius.

2055 2998 2221 3053 Fusa.
2251 2995 2305 3048 lu
2333 2998 2503 3051 schol.
2542 2998 2608 3050 ad
2645 2997 2906 3067 Euthym.
2936 2997 3264 3067 Zigabenum
3295 2999 3496 3052 citatur
3520 2999 3548 3051 ὁ
3573 2999 3648 3052 le-

1982 3136 2024 3191 C
2062 3091 2152 3163 ρὸς
2185 3090 2280 3143 καὶ
2309 3089 2483 3162 μέγας
2518 3088 2798 3154 Βασίλειος
2827 3091 2883 3142 ὲν
2912 3093 3025 3152 τοῖς
3052 3089 3460 3160 Συλλογισμοῖς,
3486 3101 3649 3159 atque

2064 3185 2135 3238 cl.
2167 3184 2404 3237 Matthzei
2459 3182 2612 3253 praef.
2643 3182 2709 3236 ad
2736 3180 2901 3236 Euth.
2931 3181 3119 3251 Zigal).
3146 3192 3441 3237 comment.
3470 3182 3524 3235 in
3554 3179 3642 3236 IV

2056 3274 2371 3344 Evangelia,
2404 3282 2535 3327 tom.
2564 3272 2600 3337 Ι,
2657 3288 2780 3341 pag.
2812 3272 2899 3337 19,
2939 3282 3053 3326 not.
3094 3272 3148 3337 9,
3191 3274 3519 3341 suspicatur,
3562 3272 3647 3325 itt-

2055 3368 2216 3436 telljgi
2244 3368 2462 3427 librum,
2497 3364 2741 3418 Rationes
2765 3365 3027 3434 syllogist.
3060 3374 3168 3418 etc.
3217 3361 3391 3417 "ARL.

2123 3454 2262 3508 XXI.
2302 3454 2597 3507 Pliilocalia
2621 3470 2651 3508 e
2682 3456 2899 3523 scriptis
2937 3454 3187 3523 Origeuis
3236 3455 3562 3507 concinnata
3605 3467 3636 3506 τι

2051 3546 2248 3600 Basilio
2279 3554 2333 3598 et
2387 3545 2754 3611 Nazianzeuo,
2803 3556 2859 3597 ut
2892 3546 3000 3598 dixi
3051 3546 3142 3599 lib.
3173 3561 3221 3605 v,
3272 3561 3390 3612 cap.
3426 3546 3445 3597 1
3486 3544 3633 3616 [pag.

2048 3637 2146 3692 221
2182 3654 2266 3707 sq.
2302 3638 2387 3691 Vol
2416 3637 2548 3709 VII].
2581 3640 2744 3692 FABB.
2772 3638 2943 3690 Codd.
2981 3639 3030 3689 iu
3055 3637 3163 3689 vol.
3202 3637 3282 3689 VII
3315 3639 3408 3691 cit.
3438 3652 3646 3688 luctuo-

2056 3732 2189 3785 ratis
2224 3732 2351 3786 add.
2402 3732 2526 3784 cod.
2568 3732 2867 3800 AltgtlSIall.
2913 3728 3127 3782 Viudel.
3170 3730 3461 3781 secundum
3506 3727 3639 3780 Rei-

2050 3825 2157 3878 Seri
2211 3824 2442 3876 indicem
2495 3839 2624 3877 mss.
2680 3821 2811 3876 bibl.
2845 3821 3096 3888 August.,
3154 3838 3205 3886 p.
3239 3819 3323 3873 '58.
3378 3820 3549 3880 n.4ll,
3587 3829 3644 3871 et

2050 3916 2240 3970 Medic.
2276 3916 2530 3969 Laurent.
2564 3913 2679 3977 XV,
2711 3915 2841 3983 plut.
2872 3912 2926 3975 4,
2974 3914 3026 3965 in
3063 3927 3169 3979 quo
3213 3911 3546 3978 quaestiones
3586 3911 3642 3963 in

2051 4010 2155 4059 duo
2184 4008 2351 4061 libros
2379 4007 2592 4074 partita:
2614 4016 2773 4069 sunt;
2811 4004 2969 4073 primi
2999 4004 3118 4057 libri
3152 4005 3483 4072 ῳιιεπιὶοιιρς
3519 4010 3645 4055 sunt

2051 4099 2194 4161 XXI,
2223 4099 2443 4152 secundi
2492 4109 2670 4151 autem
2712 4096 2846 4162 XII;
2901 4099 3231 4149 adnotantur
3271 4109 3487 4163 quoque
3531 4094 3646 4147 Suis

2050 4189 2183 4244 loeis
2217 4191 2364 4243 varia
2388 4190 2637 4257 ()rigeuis
2666 4204 2854 4257 opera,
2888 4203 2918 4241 e
2944 4188 3146 4256 quibus
3183 4186 3535 4239 auctoritates
3566 4186 3633 4236 ad

2052 4283 2334 4336 solvendas
2393 4284 2724 4352 qumstioues
2785 4293 3011 4348 sumptae
3057 4288 3204 4333 sunt.
3256 4277 3319 4331 V.
3361 4278 3511 4345 plura
3572 4277 3625 4329 in

2053 4374 2281 4427 Baudini
2320 4374 2436 4427 Cat.
2495 4376 2647 4427 codd.
2689 4374 2783 4428 Gr.
2821 4372 3005 4436 Taur.,
3043 4369 3083 4435 I,
3119 4388 3239 4440 pag.
3267 4370 3389 4423 540.
3456 4371 3508 4421 lu
3541 4369 3633 4421 ed.

369 4448 591 4514 Gra'ca’,
622 4468 673 4519 p.
717 4451 905 4506 28-57.
951 4450 1142 4520 Incipit
1177 4470 1188 4504 :
1221 4452 1295 4504 Οὐ
1336 4452 1498 4504 λυπεῖ
1541 4466 1607 4519 με
1647 4449 1950 4511 ἐλάττωσις

2059 4465 2241 4519 Tariui
2279 4468 2437 4520 unico
2474 4477 2677 4519 tantum
2710 4465 2870 4528 libro,
2905 4465 2955 4517 itt
2986 4478 3110 4517 xxvi
3133 4478 3286 4531 capp.
3325 4461 3640 4523 distributo,

366 4540 478 4595 τῶν
508 4542 888 4597 συνελθόντων.
917 4542 1066 4595 Ilauc
1094 4558 1306 4611 quoque
1333 4542 1414 4614 [ut
1444 4538 1802 4611 superiorem]
1828 4551 1954 4593 ante

367 4633 697 4688 Coleleriutu
728 4644 966 4689 verterat
1002 4634 1304 4703 Latineque
1337 4635 1585 4688 ediderat
1622 4633 1953 4686 Frauciscus

370 4726 730 4781 Comhelisius
758 4729 808 4781 in
843 4729 1163 4783 Ecclesiaste
1189 4727 1395 4791 (ἐι-(εσυ,
1427 4728 1516 4795 qui
1548 4726 1661 4779 loca
1704 4728 1949 4795 qttzcdam

369 4817 516 4871 illius
549 4819 780 4871 illustrat
816 4830 945 4871 tom.
979 4818 996 4870 1
1026 4818 1218 4872 Basilii
1260 4817 1517 4879 recensiti,
1548 4834 1602 4885 p.
1633 4818 1722 4872 c.II.

443 4907 583 4964 XIX.
620 4910 697 4963 Ad
734 4912 1123 4978 Apollinarium
1174 4911 1410 4979 epistolz‘e
1445 4911 1583 4971 duae,
1627 4924 1838 4977 unaque
1885 4909 1949 4961 ad

371 5003 652 5056 Libauium
684 5022 696 5056 :
739 5005 803 5057 ad
845 5003 1206 5057 Theodosium
1243 5004 1374 5072 itup.
1408 5018 1536 5065 una,
1575 5014 1629 5055 et
1658 5004 1775 5055 dua:
1813 5018 1951 5053 rom-

371 5094 702 5149 tueudatitiw
731 5096 797 5148 ad
832 5097 1120 5157 incertum,
1163 5097 1348 5150 Graece
1387 5105 1441 5147 et
1473 5094 1668 5148 Latine
1698 5094 1853 5147 edita:
1885 5096 1951 5146 ab

371 5190 560 5240 eodem
589 5187 860 5241 Cotelerio
908 5197 1035 5239 tom.
1068 5188 1107 5239 ll
1143 5186 1533 5239 Μοηυηιεηηιν.
1578 5202 1699 5255 pag.
1730 5185 1799 5239 84
1830 5200 1945 5252 seq.

372 5294 478 5329 una
515 5293 635 5330 cum
684 5278 1006 5345 Apollinarii
1053 5278 1217 5337 binis,
1248 5279 1582 5345 totidemque
1635 5277 1846 5331 Libanii
1881 5279 1947 5329 ad

374 5368 633 5422 Basiliam
668 5370 905 5437 epistolis
939 5378 991 5421 et
1025 5385 1130 5422 una
1167 5371 1233 5438 ad
1264 5371 1513 5423 eumdem
1552 5370 1942 5438 Amphilorhii.

372 5456 570 5521 Paris.,
604 5459 760 5526 1681,
812 5458 864 5511 4.
918 5459 1186 5528 Epistolas
1248 5470 1462 5513 mutuas
1523 5461 1839 5529 Apollinarii
1896 5471 1950 5515 et

445 5620 520 5689 (η)
552 5618 671 5674 Sec.
703 5632 811 5674 vet.
839 5622 925 5674 ed.
980 5620 1274 5690 lngolstad.
1315 5637 1365 5673 ιι.
1398 5620 1724 5681 1601-1604,
1763 5624 1854 5675 sed
1895 5624 1947 5675 in

369 5688 619 5759 Basuagii
648 5692 870 5759 repetita
909 5688 1223 5757 mutataque
1251 5702 1304 5744 et
1329 5704 1487 5744 aucta
1521 5693 1607 5744 ed.
1646 5692 1943 5759 inscripta:

375 5758 672 5814 Tlu'saurus
719 5773 1171 5815 monumentorum
1230 5763 1514 5814 ecclesiast.
1570 5773 1618 5812 et
1668 5758 1944 5816 historico-

2056 4559 2365 4611 continetur
2409 4556 2723 4610 Pliilocalia.
2760 4555 2942 4608 Tariui
2975 4557 3086 4615 ed.,
3114 4569 3272 4621 quam
3315 4554 3364 4604 in
3394 4551 3642 4603 manibus

2058 4649 2254 4711 habeo,
2286 4648 2541 4717 inscripta
2576 4658 2658 4701 est
2702 4666 2715 4700 :
2762 4645 3003 4713 Origenis
3043 4643 3347 4697 Adamantii
3380 4640 3637 4693 Philota-

2056 4740 2150 4802 lia,
2185 4745 2249 4792 tle
2291 4740 2524 4791 obscuris
2575 4739 2629 4791 δ.
2668 4737 2955 4803 Srriptnrte
2996 4737 3142 4794 locis,
3189 4754 3218 4786 (ι
3254 4731 3310 4787 8.
3361 4734 3421 4785 S.
3471 4730 3533 4783 Ρ.
3571 4729 3637 4785 I’.

2055 4830 2255 4885 Basilio
2289 4830 2360 4883 Μ.
2407 4842 2459 4883 ct
2485 4828 2736 4898 Gregorio
2780 4829 3062 4895 Theologo,
3112 4844 3176 4879 ea:
3204 4828 3358 4879 rariis
3394 4824 3639 4891 Origenis

2058 4922 2449 4973 commentariis
2478 4931 2738 4986 excerpta.
2764 4949 2833 4960 ——
2863 4917 3057 4971 Omnia
3095 4936 3230 4971 nunc
3258 4918 3476 4985 primum
3500 4914 3647 4969 Gneo.

2059 5027 2115 5063 ce
2137 5011 2275 5063 edita
2306 5027 2369 5065 ea:
2403 5012 2529 5065 bibl.
2575 5009 2756 5079 Regia,
2808 5027 2965 5078 opera
2994 5022 3038 5062 et
3090 5012 3264 5061 studio
3312 5008 3402 5061 Jo.
3433 5006 3638 5069 Turini,

2058 5104 2343 5171 Andegavi,
2374 5105 2464 5173 qui
2486 5116 2528 5156 ei
2559 5102 2750 5155 Latina
2782 5102 2901 5169 fecit
2940 5113 2985 5155 et
3028 5103 3164 5153 notis
3200 5100 3504 5151 illustravit.
3529 5096 3636 5150 Lu-

2060 5204 2153 5247 tet.
2195 5193 2367 5249 Paris.
2418 5213 2505 5263 ap.
2553 5196 2763 5249 Sebast.
2799 5195 3100 5262 Cramoisy.
3144 5190 3300 5249 16:24,
3333 5196 3386 5244 4.
3456 5190 3638 5243 Additi

2056 5291 2182 5336 sunt
2240 5284 2358 5337 libri
2396 5285 2673 5339 Zacharite
2726 5284 3046 5339 Scltolastici
3086 5282 3160 5335 De
3195 5282 3377 5334 mundi
3429 5281 3641 5347 api/icio

2057 5387 2248 5431 contra
2280 5379 2630 5447 philosophos
2667 5379 2910 5447 disput.;
2962 5376 3260 5435 Anastasii,
3305 5373 3635 5442 presbyteri.

2059 5468 2133 5522 De
2162 5470 2389 5522 hominis
2415 5472 2482 5523 ad
2525 5471 2802 5540 imaginem
2830 5469 2925 5523 Dei
2956 5468 3216 5521 creatione
3240 5465 3375 5521 liber
3406 5474 3459 5516 et
3489 5464 3635 5517 cele~

2057 5645 2193 5753 ἶξιῖι,
2215 5641 2359 5752 ἕω..
2401 5632 2508 5688 vol.
2540 5635 2580 5699 l,
2611 5632 2840 5690 Amstel.
2878 5631 3040 5700 1725,
3062 5630 3178 5697 lol.,
3206 5645 3262 5684 ιι.
3290 5627 3342 5695 6,
3372 5644 3491 5699 pag.
3519 5627 3647 5683 109-

2102 5716 2116 5750 t
2168 5742 2179 5753 .
2264 5717 2390 5753 ιιιιι..

2102 5716 2179 5755 ιι.
2215 5716 2390 5756 NAR]...
