4094 6220
422 358 636 418 aut!
1785 346 2316 405 PROLEGOMENA.

430 471 522 528 hic
549 467 884 541 appellantur
916 466 1201 541 ὲπιτίμιας
1228 467 1547 541 namnmuito
1572 462 1754 541 plures
1768 466 2195 541 inveniebantur
2233 466 2521 541 descriptte
2553 465 2743 541 inuno
2784 466 2970 541 codice
2998 481 3157 538 quam
3194 466 3274 541 ln‘
3295 464 3519 537 reliquis
3550 467 3655 523 tri-

433 541 556 605 bus,
581 535 972 611 apparebatque
1016 535 1079 592 in'
1101 538 1275 611 pauis
1308 537 1410 591 illis
1443 535 1734 611 diversitas
1766 537 2017 611 loquendi
2054 551 2083 611 a
2108 535 3119 611 primisetuonuullarnmdictionum
3153 538 3383 611 novitas.
3416 535 3656 592 'necnon

432 606 692 665 vocabula
727 606 967 678 quaedam
999 606 1282 678 peregrina
1311 616 1367 660 et
1398 608 1745 678 ‘vnlgariaab
1778 621 1844 661 eo
1899 607 2015 678 loco
2070 606 2263 678 legere
2296 607 2704 678 incipiebamns.
2761 608 2850 662 ubi
2906 607 3132 661 aliorum
3183 607 3430 678 codicum
3453 677 3459 678 ί
3483 621 3656 675 parum

437 675 774 753 desinebant,
806 678 923 753 haec
952 675 1155 742 tamen,
1191 679 1331 753 sicut
1358 678 1409 731 in
1438 675 1527 753 illo
1555 677 1736 753 codice
1789 676 2114 740 invenimus,
2147 676 2205 753 in
2240 675 2342 753 fine
2387 675 2555 753 pesita
2586 689 2732 742 sunt,
2758 678 2982 753 nequid
3012 678 3223 732 deesset
3267 677 3352 731 his
3375 677 3464 745 qui
3482 678 3654 753 etiam

437 745 636 803 talibus
664 758 811 804 recte
836 750 912 803 uti
948 757 1234 803 noverunt.
1256 745 1673 801 'Observabatur
1707 748 1924 815 insuper
1961 746 2216 798 nonnulla
2247 746 2539 800 diversitas
2569 762 2710 802 nunc
2739 749 3051 807 verborum,
3083 762 3225 801 nunc
3260 747 3652 800 sententiarum

435 820 580 873 inter
612 819 725 888 ipsa
757 833 908 872 excm
953 820 1108 883 laria,
1137 833 1241 887 qua
1270 819 1411 871 inre
1445 817 1693 886 quamvis
1727 816 1896 869 tutius
1927 817 2203 871 videretur
2231 816 2567 884 propositum
2597 826 2888 886 utrumque
2919 819 3193 880 servandi,
3233 825 3289 871 et
3327 816 3377 869 in
3410 816 3655 884 margine

435 887 800 941 describendi.
830 898 887 940 ut
912 834 1079 941 {ihera
1107 886 1337 941 facultas
1370 888 1590 940 daretur
1618 885 1807 939 lectori
1838 884 2070 941 eligendi
2103 889 2247 941 quod
2274 886 2466 941 vellet:
2499 884 2625 941 uuia
2660 897 2837 941 tamen
2867 888 3048 941 hocin
3086 888 3281 941 nrimis
3308 885 3468 941 huius
3499 886 3655 940 volu-

433 884 800 950 descriliendi,
830 898 887 940 ut
912 884 1079 943 libera
1107 884 1337 942 facultas
1370 884 1590 940 daretur
1612 885 1807 955 lectori
1838 884 2070 954 eligendi
2103 889 2247 954 quod
2274 886 2466 953 vellet;
2499 884 2625 955 quia
2660 884 2837 941 tamen
2867 888 3048 942 hocin
3086 888 3281 955 primis
3308 885 3468 954 hujus
3499 886 3655 940 volu-

433 958 828 1029 minispaginis
870 960 1030 1029 nimis
1084 958 1245 1029 anxie
1284 965 1557 1029 servatum
1602 953 1769 1029 fuisse
1812 953 2135 1029 quibusdam
2176 955 2481 1029 videbatur,
2517 953 2647 1010 rem
2683 960 2756 1010 ita
2782 955 3061 1029 _deinceps
3090 953 3654 1029 'temperavim_us,_ut

432 1023 674 1082 adhibita
693 1023 1237 1095 majori-diligentia,
1295 1026 1471 1080 minus
1502 1039 1644 1092 saepe
1682 1026 1735 1079 in
1774 1025 1995 1093 reliquis
2030 1026 2134 1078 hoc
2184 1023 2366 1080 facere
2403 1040 2747 1095 cogeremur.
2782 1023 3168 1081 Verumtamen
3222 1023 3399 1095 neque
3455 1026 3510 1080 in
3566 1026 3652 1081 his

428 1110 606 1165 neque
648 1098 703 1151 in
752 1097 873 1151 aliis
927 1094 1161 1166 unquam
1219 1095 1643 1167 suppletionibus
1695 1095 1899 1167 nostris
1928 1101 2021 1148 aut
2061 1094 2527 1167 emendationibus
2569 1097 2731 1150 etiam
2766 1096 3094 1167 syllabarum
3123 1095 3207 1151 vel
3250 1094 3648 1167 elementorum

432 1164 711 1237 preprium
737 1182 951 1237 sensum
992 1164 1160 1221 secuti
1185 1181 1394 1237 sumus,
1431 1166 1524 1218 sed
1554 1165 2243 1237 exemplariorum_tantum
2271 1164 2427 1237 fidem
2460 1164 2994 1237 atqne'cnnsensum.
3029 1167 3134 1221 Sed
3158 1166 3298 1237 etin
3327 1165 3649 1237 quibusdam

429 1232 643 1301 eorum,
670 1236 715 1291 si
752 1252 856 1305 qua
892 1236 1176 1305 aliquando
1200 1236 1353 1290 nobis
1385 1232 2030 1305 exortadiflicultas,-vel
2060 1248 2192 1305 quae
2217 1248 2320 1305 non
2352 1232 2639 1290 admodum
2693 1236 2825 1291 levis
2855 1236 3127 1291 videretur
3155 1232 3419 1289 dubitatio
3455 1249 3651 1289 occur-

412 1307 611 1373 'l'isset,
641 1303 785 1360 idem
813 1303 1147 1361 servavimus
1181 1321 1194 1357 :
1228 1320 1347 1358 nam
1373 1304 1654 1359 confestim
1685 1307 2095 1374 recurrcbamus
2116 1303 2196 1374 ad
2221 1304 2343 1374 viva
2368 1305 2719 1374 exemplaria,
2753 1307 2854 1360 hoc
2884 1316 2966 1360 est
3004 1307 3069 1360 ad
3105 1305 3252 1360 viros
3277 1306 3520 1360 eruditos
3544 1318 3649 1358 non

428 1372 606 1431 solum
649 1376 844 1429 litteris
883 1390 948 1430 ac
976 1376 1275 1446 linguarum
1308 1374 1527 1446 peritia,
1550 1388 1735 1446 verum
1764 1374 1927 1427 etiam
1967 1373 2068 1446 sub
2109 1372 2238 1442 jugo
2269 1372 2473 1446 Christi
2511 1372 2565 1429 et
2615 1377 2666 1429 in
2699 1377 2953 1446 religione
2998 1375 3214 1430 assidua
3259 1374 3652 1429 exercitatione

416 1454 674 1500 versatos
705 1462 719 1498 :
755 1459 887 1512 quos
912 1442 1114 1515 optime
1158 1442 1610 1515 novit’diligitque
1643 1444 1807 1515 etiam
1841 1442 2136 1515 paternitas
2167 1452 2277 1496 tua.
2340 1443 2463 1515 llaec
2491 1454 2668 1515 tamen
2703 1442 2960 1515 non'ideo
2994 1446 3221 1499 dicimus
3247 1449 3372 1513 quia
3418 1446 3651 1498 arbitre-

429 1530 555 1570 mur
587 1530 686 1570 nos
716 1515 808 1567 tali
837 1512 1109 1581 diligentia
1132 1514 1312 1568 omnia
1339 1512 1632 1578 assecutos,
1659 1512 1745 1566 vel
1769 1513 1911 1580 quod
1941 1512 2255 1582 ignoremus
2288 1514 2464 1567 adhuc
2495 1514 2784 1582 plurimum
2822 1514 2924 1569 loci
2965 1512 3346 1580 remanere,’in
3383 1529 3494 1581 quo
3523 1526 3649 1569 sese

429 1583 658 1639 aliorum
688 1583 950 1638 industria
976 1591 1099 1652 post
1128 1595 1354 1654 conatus
1383 1593 1596 1637 nostros
1612 1596 1888 1654 exercere
1901 1581 2071 1654 possit
2107 1596 2206 1654 pro
2260 1583 2460 1654 Christi
2500 1581 2671 1654 gloria
2704 1595 2759 1638 et
2786 1584 3016 1653 proximi
3052 1584 3283 1637 utilitate
3312 1599 3327 1635 :
3358 1598 3545 1654 verum
3575 1585 3649 1638 ita

406 1668 932 1718 commemoramus,
964 1650 1021 1707 ut
1053 1668 1149 1723 per
1177 1668 1239 1707 ea
1271 1653 1480 1720 aliquos
1506 1652 1803 1707 excitemus
1826 1650 2276 1723 adaemulandum
2298 1667 2398 1708 nos
2422 1650 2559 1706 bona
2578 1650 2942 1720 aemulatione,
2968 1668 3429 1722 provocemusque
3450 1653 3650 1708 fratres

424 1732 641 1779 nostros
666 1725 733 1777 ad
759 1724 811 1778 id
844 1737 968 1794 cum
1003 1721 1265 1794 cliaritate
1312 1722 1661 1794 supplendum
1688 1731 1752 1794 et
1777 1721 2149 1794 corrigendum
2195 1722 2249 1794 in
2295 1737 2403 1791 quo
2449 1722 2585 1793 lapsi
2612 1739 2817 1779 sumus.
2851 1721 3018 1794 Igitur
3049 1725 3163 1794 haec
3193 1725 3263 1776 ita
3301 1737 3362 1777 se
3403 1724 3643 1794 habent;

408 1807 569 1847 'nunc
597 1802 807 1863 caetera
831 1792 1178 1863 eXplicemus.
1218 1791 1364 1862 Opus
1389 1791 1562 1861 ipsum
1589 1792 1853 1863 dividitur
1879 1792 1930 1845 in
1964 1800 2145 1859 partes
2168 1792 2369 1861 plures,
2403 1791 2726 1848 sed—melius
2756 1801 2842 1847 est
2880 1791 2945 1848 ut
2990 1793 3137 1863 prius
3177 1803 3348 1846 totum
3397 1792 3643 1847 volumen

424 1863 743 1918 dividamus.
782 1862 847 1915 ~ln
902 1866 1004 1916 hoc
1036 1862 1309 1916 volumine
1354 1864 1453 1916 tria
1486 1876 1647 1930 opera
1682 1862 2043 1925 continentur,
2075 1863 2216 1915 inter
2255 1863 2552 1930 se-quidem
2597 1864 2832 1927 diversa,
2868 1862 3107 1929 ejusdem
3153 1874 3330 1916 tamen
3389 1863 3644 1923 auctoris,

412 1932 669 1986 *videlicet
693 1933 920 2003 primu_m
934 1931 1043 1985 τῶν
1065 1931 1396 2003 ἀσκητικῶν,
1427 1935 1721 1987 secundum
1761 1930 1834 1983 De
1854 1931 2190 2003 virginitate,
2221 1933 2438 2003 tertium
2462 1945 2644 2003 contra
2673 1932 3010 1986 Eunomium.
3038 1932 3221 2003 Primo
3244 1933 3390 2002 operi
3408 1946 3651 1987 annexus

414 2011 510 2057 est
539 2000 803 2056 tractatus
838 2001 1145 2057 Ethicorum
1170 2000 1423 2056 collectus
1459 2002 1793 2071 potissimum
1818 2014 1885 2071 es
1917 2000 2206 2071 Evangelio
2233 2010 2289 2055 et
2308 2001 2587 2071 Apostolo.
2615 2002 2866 2058 Secundo
2898 2003 2972 2056 De
3000 2000 3299 2071 virginitate
3338 2003 3649 2071 adjungitur

426 2086 607 2142 sermo
643 2070 720 2125 De
741 2073 1007 2139 paradiso.
1032 2072 1215 2126 Tertio
1241 2068 1648 2142 additur—etiam
1684 2068 1885 2137 aliquid
1931 2069 1990 2142 in
2025 2068 2130 2123 fine
2155 2081 2340 2142 contra
2361 2068 2729 2135 'Sabellianos,
2761 2088 2879 2142 quae
2910 2068 3097 2142 omnia
3128 2074 3203 2142 ab
3244 2074 3344 2126 hoc
3380 2068 3646 2142 pontifice

426 2140 597 2196 fuisse
625 2142 922 2213 composita
953 2155 1125 2213 nemo
1143 2142 1370 2213 dubitat.
1413 2141 1486 2213 9e
1517 2144 1689 2213 primo
1729 2148 1789 2213 _e_t
1821 2139 1981 2213 tertio
2007 2141 2252 2213 meminit
2291 2141 2482 2213 beatus
2507 2139 2865 2213 Hieronymus
2894 2143 2947 2195 in
2997 2141 3132 2196 hbro
3174 2141 3252 2195 De
3282 2139 3645 2195 ecclesiasticis
3710 2192 3715 2197 ,

424 2210 785 2281 scriptoribus.
819 2211 900 2281 De
924 2210 1163 2267 secundo
1191 2211 1381 2265 beatus
1407 2207 1700 2281 Gregorius
1725 2207 2102 2281 Nazianzenus
2131 2211 2184 2281 in
2233 2210 2482 2281 laudibus
2525 2207 2724 2266 Basilii'
2762 2215 2865 2274 sui,
2899 2219 3210 2281 quanquam
3257 2227 3355 2266 nec
3410 2216 3644 2281 primum

422 2280 497 2336 ibi
519 2278 904 2354 tacetomnino
927 2295 1026 2336 nec
1059 2281 1275 2354 tertium
1305 2298 1316 2334 :
1351 2281 1475 2335 dum
1507 2280 1734 2354 alterum
1759 2294 2039 2354 πρακτικρτ

2034 2278 2115 2345 ύς,
2139 2280 2366 2335 alterum
2385 2280 2800 2354 ἁντνιρῤητικοὺς
2827 2278 3019 2349 λόγους
3046 2278 3273 2354 appellat
3300 2282 3396 2354 atad.
3412 2278 3648 2351 ’σοδομι-

421 2350 576 2424 τικὸγ
605 2348 737 2420 πῦρ.
772 2349 959 2424 itaque
986 2358 1045 2405 ut
1070 2351 1136 2424 ad
1158 2351 1393 2424 primum
1417 2352 1732 2424 redeamus,
1759 2348 1878 2419 post
1897 2350 2038 2424 prolc

2032 2364 2177 2419 igum
2210 2360 2265 2404 et
2291 2348 2575 2424 nonnullos
2600 2348 2883 2407 sermones
2903 2348 3238 2424 dementem;
3262 2352 3359 2405 καὶ
3389 2348 3649 2424 παραιπ-

421 2420 610 2484 τικούς
635 2418 881 2489 sequitur
907 2418 1210 2488 bomologia
1255 2418 1531 2489 catholicae
1559 2420 1679 2474 ﬁdei
1700 2418 1723 2489 ;’
1762 2418 2076 2489 post’hanc
2102 2429 2363 2475 tractatus
2406 2420 2713 2476 Ethicorum
2743 2435 2903 2489 quem
2941 2418 3197 2487 diximus,
3227 2426 3312 2476 cui
3356 2418 3649 2480 succedunt

421 2490 584 2547 etiam
614 2488 1007 2564 aiii'sermones
1032 2488 1503 2564 dcxnetxoi,_iudc
1533 2488 1722 2547 auctor
1751 2488 2038 2564 persequor

2031 2503 2082 2544 is
2132 2492 2548 2564 tractatumfcijg
2581 2488 2891 2564 ἀσκήσεως,
2924 2507 3021 2564 per
3068 2492 3542 2564 interrogationem
3593 2502 3648 2546 ct

424 2560 831 2633 responsionem
862 2574 984 2614 eum
1030 2561 1279 2615 bifariam
1312 2560 1537 2633 dividit;
1567 2575 1691 2614 nam
1719 2561 1895 2633 primo
1936 2561 2046 2630 agit
2083 2574 2199 2633 rem
2245 2560 2522 2633 copiosius
2570 2577 2665 2632 per
2712 2560 3094 2633 responsiones
3157 2576 3252 2615 seu
3290 2560 3649 2633 definitiones

424 2628 686 2698 quasdam
721 2629 963 2701 latiores,
993 2645 1154 2700 quam
1186 2638 1388 2699 partem
1419 2630 1533 2698 ipse
1577 2628 1807 2698 appellat
1837 2628 1998 2701 ὅρουξ
2030 2629 2173 2683 κατὰ
2204 2628 2428 2693 πλάτος.
2470 2628 2707 2687 secundo
2754 2628 3086 2686 contractius
3125 2645 3222 2700 per
3268 2632 3648 2699 reSponsloues

421 2699 888 2772 breviores,_hanc
922 2710 1072 2772 vocat
1099 2701 1218 2754 κατ’
1244 2701 1507 2772 ἐπιτομήν
1538 2717 1552 2753 :
1598 2704 1754 2758 tertio
1783 2699 1900 2772 loco
1938 2715 2038 2770 pou

2025 2711 2209 2754 runtur
2240 2700 2511 2765 διατάξεις
2541 2716 2675 2769 quas
2717 2702 2901 2772 dicere
2935 2699 3167 2772 solemus
3204 2701 3642 2772 constitutiones,

424 2770 582 2840 valide
624 2769 842 2840 quidem
878 2770 1052 2840 utiles
1106 2782 1162 2827 et
1210 2769 1532 2826 necessaria:
1566 2781 1677 2826 tum
1731 2769 2010 2837 solitariis,
2044 2780 2159 2840 tum
2199 2772 2363 2840 etiam
2414 2772 2716 2826 coenobitis.
2767 2771 3026 2838 Sequitur
3057 2769 3252 2824 deinde
3306 2770 3536 2840 epistola
3580 2772 3645 2823 ad

425 2839 705 2911 Chilonem
739 2839 980 2907 ejusdem
1012 2855 1177 2910 prope
1206 2841 1537 2911 argumenti,
1558 2856 1680 2895 cum
1704 2843 1816 2911 alia
1847 2841 1914 2894 ad
1952 2838 2289 2911 monachum
2325 2839 2531 2911 lapsum
2567 2856 2581 2893 :
2612 2851 2886 2910 postremo
2932 2851 3212 2911 ponuntur
3234 2838 3515 2911 sermones
3542 2840 3649 2911 duo

422 2908 503 2963 De
525 2909 813 2981 baptismo;
847 2924 971 2964 nam
1001 2908 1057 2981 et
1085 2908 1182 2965 hos
1208 2908 1509 2981 invenimus
1529 2910 1584 2964 in
1607 2910 1786 2965 multis
1812 2909 2232 2981 exemplaribus.
2259 2908 2446 2981 Partes
2471 2908 2653 2981 igitur
2693 2912 2871 2981 cperis
2899 2909 3008 2963 τῶν
3043 2908 3360 2981 ἀφεητικῷν
3404 2918 3461 2962 et
3490 2910 3645 2981 quasi

423 2979 673 3049 membra
697 2979 865 3046 ipsius
888 2981 1000 3034 fere
1033 2979 1150 3035 haec
1173 2989 1319 3035 sunt.
1346 2978 1569 3044 Quantae
1595 2991 1775 3035 autem
1806 2978 2055 3035 utilitatis
2102 2988 2157 3034 et
2202 2978 2534 3034 excellentiae
2573 2982 2645 3035 sit
2675 2978 2777 3036 hoc
2809 2995 2943 3048 opus
2974 2980 3129 3034 facile
3173 2978 3549 3049 intelligemus,
3600 2980 3646 3032 si

425 3047 638 3104 titulum
664 3048 831 3115 ipsius
855 3050 1244 3104 attenderimus
1275 3051 1738 3118 intentionemque
1769 3049 2089 3118 scriptoris;
2125 3052 2357 3102 sumitur
2377 3050 2519 3104 enim
2553 3053 2621 3103 ab
2654 3065 2717 3104 ea
2745 3065 2803 3105 re
2843 3047 2899 3103 in
2940 3064 3042 3116 qua
3085 3047 3363 3113 versatur,
3399 3049 3650 3103 videlicet

422 3121 493 3173 ab
527 3133 627 3172 usu
665 3125 833 3191 atque
861 3119 1252 3191 exercitatione
1274 3118 1525 3191 virtutis;
1565 3122 1612 3175 si
1645 3121 1860 3191 quidem
1889 3120 2067 3173 omnis
2092 3129 2321 3191 conatus
2347 3120 2581 3191 auctoris
2607 3121 2713 3191 huc
2742 3119 3078 3191 potissimum
3109 3119 3349 3187 respicit,
3381 3131 3442 3172 ut
3462 3119 3651 3173 doceat

422 3202 666 3259 DOSJIOH
699 3188 876 3259 _modo
903 3189 1029 3259 vitia
1062 3190 1245 3259 fugere
1287 3204 1350 3243 ac
1400 3187 1915 3259 virtutem"eligere,
1968 3189 2112 3257 quod
2163 3187 2279 3243 fere
2316 3203 2517 3259 omnes
2544 3187 2794 3244 faciunt:
2826 3204 3012 3243 verum
3056 3190 3233 3259 ipsam
3275 3200 3553 3253 exercere,
3591 3196 3653 3242 ut

424 3258 645 3329 scilicet
665 3255 837 3311 electa
868 3258 1036 3329 semel
1061 3255 1261 3313 virtute
1290 3269 1604 3314 constanter
1631 3261 1685 3314 in
1719 3255 1791 3315 ea
1810 3255 2242 3329 perseveremus,
2275 3257 2507 3329 vivendo
2550 3266 2605 3313 et
2630 3260 2908 3328 eperando
2939 3267 2996 3312 ut
3038 3255 3238 3329 decet;
3283 3271 3461 3329 neque
3503 3259 3652 3312 enim

425 3325 726 3385 sufﬁciebat
749 3328 874 3382 huic
901 3328 1016 3382 viro
1044 3329 1215 3400 malos
1250 3336 1456 3383 tantum
1488 3331 1760 3400 corrigere
1793 3325 1954 3397 atque
1984 3328 2186 3382 hortari
2223 3327 2554 3400 ad__bonum,
2594 3325 2696 3382 nisi
2721 3329 2885 3400 etiam
2920 3331 3139 3400 doceret
3162 3328 3275 3400 jam
3304 3325 3498 3392 bo'nos,
3539 3341 3652 3400 quo

422 3406 593 3469 pacto
616 3410 676 3452 se
700 3407 1036 3469 exercerent,
1061 3408 1123 3455 ut
1155 3396 1658 3469 fierentmeliores.‘
1677 3396 2035 3466 Quamobrem
2069 3412 2204 3469 curn
2246 3396 2735 3469 reliquiauctores,
2782 3399 3032 3466 idemque
3072 3399 3175 3452 iste
3208 3399 3291 3469 vir
3321 3410 3565 3452 summus
3595 3397 3650 3450 in

426 3465 550 3522 aliis
580 3465 821 3521 homi'liis
856 3475 911 3522 et
942 3470 1261 3524 tractatibus
1295 3468 1410 3523 suis
1459 3465 1864 3538 interpretando
1892 3475 1946 3522 et
1967 3465 2243 3522 suadendo
2273 3466 2490 3538 virtutis
2514 3469 2656 3522 viam
2689 3477 2895 3522 tantum
2926 3465 3176 3522 ostendat
3205 3486 3219 3522 :
3256 3468 3308 3521 in
3346 3470 3447 3522 hoc
3470 3480 3657 3538 opere

425 3546 730 3608 urgetnos,
750 3538 1028 3608 trahitque
1046 3542 1391 3594 vehementer
1420 3540 1487 3593 ad
1511 3536 1659 3596 recte
1682 3539 1991 3601 vivendum,
2015 3551 2080 3592 ac
2109 3538 2404 3608 secundum
2433 3537 2485 3591 id
2513 3539 2654 3606 quod
2696 3539 3032 3601 ostenderat,
3066 3537 3421 3607 operandam,
3451 3536 3654 3592 docens

423 3607 647 3679 quanto
674 3618 894 3674 conatu,
931 3607 1038 3677 quo
1065 3621 1343 3679 lempore,_
1362 3609 1557 3678 quibus
1588 3610 1783 3676 modis,
1805 3622 1980 3679 quave
2029 3607 2328 3679 intentione
2354 3607 2562 3679 singula
2594 3623 2691 3663 nos
2721 3607 2899 3679 facere
2929 3618 3092 3679 atque
3133 3608 3354 3679 evitare
3375 3613 3652 3676 oporteat,

427 3676 488 3757 ut
512 3676 652 3747 apud
684 3679 851 3757 ticum
878 3676 1026 3757 recte
1048 3676 1231 3735 vivere
1255 3676 1580 3750 iudicemur,
1610 3689 1668 3734 et
1696 3680 1748 3734 in
1781 3676 1934 3757 nobis
1965 3677 2098 3757 ipsis
2122 3690 2225 3729 non
2255 3676 2557 3757 tam_v_ideri
2604 3679 2749 3743 boni,
2779 3678 2864 3732 vel
2881 3676 3022 3757 dici,
3045 3691 3207 3757 quam
3241 3676 3508 3757 exsistere
3550 3689 3656 3728 va-

426 3744 660 3821 ieamus.
682 3745 833 3821 Multi
871 3749 1015 3821 enim
1045 3744 1303 3821 appetudt
1328 3758 1534 3805 rectum
1565 3744 1673 3805 non
1697 3757 1874 3821 recte,_
1903 3744 2214 3821 faciuntque
2241 3747 2384 3816 quod
2412 3747 2613 3821 bonum
2641 3758 2846 3802 estnon
2880 3747 3038 3821 bene,
3063 3744 3265 3815 quibus
3293 3760 3389 3816 per
3413 3744 3652 3821 _Moyse_n

424 3817 842 3889 Dominus‘dicit
876 3836 891 3873 :
918 3814 1230 3889 Juste'tiuod
1244 3819 1452 3888 justam
1480 3829 1555 3874 est
1581 3818 1901 3889 persequeris
1924 3817 1965 3869 ί.
1997 3814 2179 3889 Primo
2202 3814 2382 3886 itaque
2413 3815 2529 3872 loco
2555 3819 2608 3889 in
2645 3827 2878 3889 tractatu
2915 3814 3223 3889 Etliicorum
3262 3814 3656 3889 statuit_pieni-

431 3887 659 3942 tentiam
688 3886 844 3956 juxta
881 3882 1315 3958 praedicationem
1350 3882 1668 3955 Salvatoris,
1729 3882 1983 3958 asserens
2026 3887 2188 3958 ab_ea
2232 3882 2546 3958 necessario
2574 3887 2934 3958 incipiendum
2987 3882 3654 3958 Christiano,_declarans

418 3960 591 4029 etiam
620 3954 852 4029 tempus,
881 3954 1094 4025 locum,
1128 3960 1455 4026 modumque
1507 3954 1678 4029 ipsius
1725 3968 1780 4013 et
1822 3957 2050 4029 fructus,
2080 3955 2594 4029 Deinde‘dislinctis
2643 3954 2882 4029 diversis
2892 3957 3163 4029 uideuam
3206 3954 3462 4029 gradibus
3492 3954 3655 4009 docet

425 4027 644 4099 ordines
673 4025 814 4079 intra
840 4025 1144 4083 Ecclesiam
1169 4025 1492 4099 constitutos
1516 4025 1846 4099 persequens
1870 4026 2134 4096 singulos,
2154 4025 2526 4099 piurimisque
2550 4028 2836 4082 sententiis
2864 4025 2996 4080 Novi
3028 4025 3363 4099 Testameuti
3402 4025 3459 4099 in
3486 4038 3653 4099 unum

417 4096 670 4168 collectis
703 4110 866 4164 atque
897 4099 1193 4165 dispositis,
1218 4098 1364 4152 elicit
1384 4112 1451 4152 ex
1474 4093 1541 4153 iis
1568 4093 1718 4153 varia
1752 4093 2068 4168 argumenta
2102 4095 2171 4168 ad
2199 4093 2510 4168 formandos
2531 4111 2711 4168 mores
2734 4105 2806 4168 et,
2830 4100 2895 4151 ad
2925 4097 3289 4168 cognitionem
3323 4093 3651 4164 pertinentia

427 4164 776 4238 inclitissimae
804 4180 869 4222 ac
897 4164 1233 4222 solidissima:
1259 4168 1502 4238 veritatis
1526 4170 1579 4222 in
1609 4164 1972 4223 obedientiam
1998 4167 2379 4238 mandatorum
2409 4165 2524 4238 Dei,
2553 4166 2752 4234 ubique
2779 4167 2982 4238 doceu's
3000 4164 3338 4238 auctoritate
3365 4176 3488 4238 μοι)
3528 4176 3652 4227 sua,

429 4236 527 4306 sed
555 4235 981 4301 Scripturarum,
1004 4251 1110 4306 qua
1137 4238 1190 4291 in
1222 4253 1278 4292 re
1302 4237 1452 4293 locus
1483 4238 1574 4293 ille
1602 4239 1836 4292 maxime
1857 4236 2129 4306 excellere
2157 4233 2396 4306 videtur,
2422 4236 2513 4289 ubi
2550 4233 2879 4290 enumeratis
2918 4235 3034 4306 fere
3066 4236 3319 4289 omnibus
3340 4233 3656 4306 Scriptura

426 4305 566 4360 locis
591 4300 787 4373 quibus
828 4300 1085 4361 Dominds
1120 4308 1386 4361 mouendo
1414 4308 1497 4362 vel
1543 4307 1923 4376 praecipiendo,
1968 4315 2028 4359 ut
2056 4305 2260 4374 aliquid
2303 4305 2420 4370 flat,
2450 4306 2719 4376 promittit
2747 4305 3125 4376 obedientibus
3167 4300 3653 4376 praemiumjitum

426 4370 689 4430 aeternam
722 4391 737 4430 :
771 4391 895 4430 mox
944 4390 976 4431 e
1030 4378 1244 4444 regione
1291 4378 1426 4432 alios
1457 4370 1667 4443 statuit,
1707 4370 2041 4445 recensendo
2069 4370 2262 4444 quibus
2287 4370 2492 4445 verbis
2518 4376 2782 4445 quibusve
2824 4376 3003 4430 causis
3056 4370 3295 4445 minetur
3326 4370 3651 4445 supplicium

431 4448 952 4516 transgressoribus,
992 4443 1328 4515 prohibendo
1359 4448 1462 4501 hoc
1490 4457 1582 4501 aut
1605 4447 1748 4501 aliud
1769 4460 1836 4500 ne
1863 4447 1977 4499 liat.
2009 4443 2112 4516 Per
2137 4459 2257 4514 quae
2285 4444 2401 4498 haec
2424 4443 2607 4498 omnia
2650 4459 3086 4516 unumquemque
3113 4443 3657 4516 fideliumdeducens

431 4518 488 4571 in
513 4510 671 4568 liném
694 4510 971 4585 proprium
992 4510 1349 4587 professionis
1367 4532 1500 4583 sua),
1519 4519 1756 4573 ostendit
1778 4516 1956 4586 primo
1981 4510 2171 4587 quales
2192 4522 2577 4587 esseoporteat
2596 4528 2689 4587 eos
2715 4510 2911 4587 quibus
2938 4510 3252 4587 praedicatio
3270 4511 3416 4587 verbi
3450 4510 3654 4567 Chriﬂi

427 4582 721 4658 commissa
746 4582 829 4640 est
859 4587 912 4640 iu
935 4582 1176 4658 Ecclesia
1206 4596 1261 4642 et
1290 4602 1418 4658 cura
1453 4582 1630 4658 gregis
1659 4582 1849 4658 ipsius,
1873 4595 1933 4658 ut
1952 4582 2366 4658 veri_pra;positi_
2402 4583 2531 4658 sint,
2563 4582 2787 4658 verique
2832 4582 3070 4658 episcopi
3099 4600 3117 4658 _:
3148 4582 3365 4658 deinde
3392 4594 3657 4658 expressa

433 4657 665 4726 imagine
690 4657 999 4727 veraelidei,
1033 4672 1096 4711 ac
1129 4656 1299 4712 forma
1330 4650 1615 4727 cujuslibiu
1635 4650 1968 4727 renascentis
1987 4656 2041 4709 in
2064 4650 2300 4718 Christo,
2336 4652 2574 4707 declarat
2593 4650 2719 4727 quid
2754 4650 3183 4727 propriun'tidei,
3215 4652 3345 4727 quid
3373 4650 3656 4727 proprium

428 4719 749 4782 Christiani.
805 4724 942 4782 Hinc
977 4719 1305 4795 interpositis
1332 4719 1651 4796 quibusdam
1680 4725 2016 4782 sermonibus
2057 4737 2382 4796 persequens
2432 4719 2712 4796 materiam
2739 4719 3176 4795 éﬁg'dtsxfjcewg,
3224 4719 3659 4796 prius:uonnuila

433 4796 597 4866 latius
632 4797 869 4861 disserit,
906 4791 1365 4866 deindepressius
1392 4797 1620 4866 reliqua,
1651 4799 1793 4852 sicut
1813 4796 2015 4850 dictum
2051 4791 2154 4849 est.
2190 4791 2452 4861 incipiens
2498 4793 2683 4862 itaque
2717 4808 2748 4847 a
2776 4791 3313 4863 duobus'prteceptis
3342 4791 3653 4866 charitatis,

428 4865 489 4919 in
514 4866 707 4935 quibus
734 4859 909 4920 omnis
933 4859 1192 4937 perfeciio
1221 4868 1492 4936 religionis
1511 4859 1793 4932 "consistit,
1824 4866 1981 4937 docet
2010 4879 2072 4919 ea
2123 4879 2220 4937 per
2253 4859 2373 4937 quae
2411 4859 2611 4937 corpus
2650 4866 3012 4937 animumque
3027 4859 3307 4937 exercere
3346 4859 3658 4937 quisdebet

434 4937 503 5006 ad
530 4930 1427 5006 acquirendam'exerceudaijue
1457 4930 1787 4991 charitatem
1822 4935 1913 4989 Dei
1958 4942 2013 5006 et
2058 4930 2310 5003 proximi,
2338 4930 2720 5006 deducensque
2747 4948 2815 4988 ex
2845 4930 3080 5006 eafvelut
3106 4932 3359 5006 exfonte
3398 4930 3659 5006 quidnam

434 4998 733 5059 facere'vel
755 5022 858 5059 non
883 5008 1061 5060 facere
1085 4998 1584 5076 oporteat'militem
1633 5006 1836 5060 Christi
1875 4998 2176 5076 cupientem
2207 5013 2325 5071 post
2357 5003 2459 5076 hac
2504 5004 2559 5058 in
2602 4998 2844 5076 novitate
2873 5005 2997 5057 vitae
3017 5000 3324 5076 ambulare,
3350 4998 3421 5053 et
3446 4998 3659 5076 sublate

435 5088 601 5129 cruce
626 5076 779 5142 sequi
809 5076 1093 5131 Dominum
1119 5069 1277 5132 suum
1303 5077 1569 5131 dicentem
1600 5093 1615 5130 :
1647 5075 1751 5140 Qui
1787 5075 1897 5128 vult
1939 5069 2113 5126 {lenire
2144 5069 2257 5141 post
2292 5088 2372 5126 me
2400 5073 2613 5142 abneget
2636 5075 2966 5143 semetipsum
3015 5072 3036 5143 ξ
3064 5081 3119 5126 et
3147 5070 3357 5139 reliqua
3386 5069 3661 5143 :osteudit

435 5144 671 5211 primum
700 5139 1006 5201 necessario
1056 5146 1475 5200 renuntiandum
1508 5139 1761 5201 omnibus
1807 5158 1926 5213 qua:
1960 5144 2016 5197 in
2062 5139 2164 5196 hac
2183 5144 2294 5197 vita
2329 5139 2700 5211 possidentur,
2749 5139 3238 5213 de'cliuaudumque
3286 5154 3336 5213 a_
3381 5139 3562 5205 turba,
3586 5147 3661 5213 rut

435 5208 594 5285 lesus
621 5215 851 5268 inveniri
893 5226 952 5269 et
996 5217 1220 5271 retineri
1254 5217 1423 5285 possit
1458 5232 1471 5269 :
1517 5208 1865 5283 relinquenda
1907 5221 1991 5285 est
2010 5213 2170 5285 enim
2209 5208 2406 5282 patria,
2456 5215 2726 5281 cognatio,
2779 5213 2982 5278 amici;
3024 5208 3372 5285 relinqueuda
3418 5208 3658 5285 negotia,

439 5279 658 5347 divitiae,
690 5287 1094 5354 occupationes,
1125 5279 1546 5347 familiaritates,
1580 5279 1743 5352 atque
1782 5286 1836 5338 in
1864 5283 2054 5354 primis
2084 5279 2336 5354 voluntas
2383 5285 2626 5352 propria,
2675 5279 2869 5354 smpius
2921 5280 3287 5354 revocans_a_d
3327 5279 3657 5354 memoriam

438 5354 657 5405 verbum
681 5348 891 5408 Domini
913 5348 1141 5410 dicentis
1172 5370 1188 5406 :
1219 5356 1467 5410 vescendi
1502 5355 1565 5409 de
1593 5348 1717 5408 coita
1736 5369 1839 5406 non
1866 5348 1924 5406 iu
1959 5353 2154 5420 faciam
2186 5348 2505 5406 voluntatem
2523 5348 2688 5407 meam
2721 5348 2771 5419 ³ξ
2804 5365 2969 5421 quam
2991 5362 3139 5405 certe
3166 5348 3210 5421 si
3236 5349 3457 5421 fecisset
3477 5361 3663 5421 errare

441 5433 545 5494 uon
578 5431 806 5494 poterat.
832 5423 952 5479 Mox
985 5425 1229 5494 plurimis
1255 5426 1556 5483 rationibus
1590 5417 1970 5480 commendato
1998 5422 2558 5494 institutoreligionis
2584 5432 2639 5477 et
2662 5417 2943 5494 proposito
2975 5419 3187 5494 vivendi
3213 5419 3298 5494 in,
3330 5417 3667 5494 monaeterio

441 5488 497 5541 in
528 5484 787 5565 societate
821 5484 1107 5549 multorum
1131 5497 1227 5550 sub
1245 5497 1373 5565 jugo
1399 5495 1600 5549 Christi
1635 5511 1649 5551 ;
1690 5494 2223 5565 ostenditquomodo
2247 5484 2444 5565 fratrias
2460 5484 2795 5565 instituendi
2831 5497 2977 5557 sunt,
3001 5490 3092 5558 qui
3116 5484 3667 5565 se__Domino_oll‘erre

439 5570 537 5635 per
558 5558 701 5635 hanc
730 5564 871 5614 viam
913 5575 967 5617 et
993 5556 1716 5629 consecra're'decreverunt,
1758 5556 1996 5635 quandiu
2043 5563 2328 5633 probandi,
2381 5563 2578 5635 quibus
2607 5562 2884 5635 laboribus
2930 5556 3243 5635 exercendi,
3272 5557 3491 5635 quando
3517 5556 3667 5635 reci-

439 5629 645 5693 piendi,
671 5643 775 5697 quo
802 5636 980 5688 studio
1015 5637 1235 5704 regendi
1278 5647 1332 5690 et
1360 5625 1711 5706 perficiendi,
1748 5625 1969 5687 tradens
2021 5625 2187 5688 etiam
2231 5625 2485 5689 nonnulla
2520 5634 2588 5691 de
2629 5632 2889 5690 solitarius
2936 5639 2993 5687 et
3036 5631 3103 5685 de
3150 5625 3665 5684 sanctimonialibus

517 5765 545 5833 ⁸η
566 5768 720 5824 Dem.
749 5782 857 5835 xw,
886 5771 972 5824 20.
1049 5773 1071 5805 ¹
1092 5771 1281 5828 Matth.
1314 5787 1427 5841 xu,
1459 5771 1548 5828 24.
1628 5770 1648 5804 ⁸
1678 5768 1833 5828 Joan.
1866 5785 1939 5837 vt,
1971 5768 2062 5825 38.
