4094 6220
1622 344 2128 399 ΡΗΑΞῈΑἸῚΟΝΕΞ
2161 342 2517 411 ΑΝΤΙΟΗΑΞ..
3458 357 3688 404 ecum

451 458 671 542 feminis
691 476 829 542 quas
864 461 951 516 hic
986 462 1507 542 voca_t.canoni_cas:
1536 466 1733 542 quibus
1756 467 1808 542 i_n
1838 467 2016 542 libello
2066 469 2141 522 De
2189 470 2487 542 virginitate
2514 469 2791 542 suppletur
2830 470 3097 542 quidquid
3143 472 3341 542 inboﬁc
3367 470 3687 542 desiderati

451 541 654 601 posset.
691 534 765 607 Illi
807 546 1023 601 quoque
1057 533 1169 601 (ubi
1217 534 1384 588 semel
1422 533 1621 607 recepti
1650 538 1869 605 fuerint)
1898 540 2109 591 discunt
2130 533 2293 607 quam
2349 533 2649 593 fideliter'i'n
2681 533 3319 596 domo'Dei‘conversari
3348 540 3598 601 debeant.
3631 552 3690 594 n‘.

453 617 651 679 corpus
675 604 1022 679 animumque
1051 604 1455 679 exerceanthad
1498 616 1868 679 paupertatem
1902 604 2257 672 retinendam,
2290 610 2700 678 castitatemque
2742 627 2846 666 non
2883 613 3047 666 modo
3085 612 3286 673 carnis,
3330 612 3422 666 sed
3465 614 3689 679 spiritui:

452 683 518 751 et_
535 674 925 740 cogitationum
953 690 967 726 :
998 688 1206 751 necnon
1231 675 1297 727 ad
1330 672 1696 751 dimicandum
1721 679 1945 751 fortitei:
1967 688 2152 751 contra
2187 680 2394 751 seipsns
2433 696 2526 747 per
2552 672 2931 746 obedientiam,
2966 690 3025 735 ut
3053 672 3293 751 apposita
3325 672 3690 745 semel'manti

454 742 788 820 ad_ara_trum
817 753 966 820 retro
995 743 1231 811 amplius
1262 758 1536 820 nunquam
1559 747 1871 820 reSpiciant.
1904 748 2044 803 llinc
2080 749 2148 803 de
2176 742 2550 819 religiosorum
2585 751 2777 804 studiis
2807 742 2966 820 atque
2985 742 3464 807 exercitationibus
3495 742 3690 817 singil-

454 811 603 865 latim
632 812 883 891 loquens,
911 813 1069 867 docet
1111 811 1411 891 quomodo;
1426 825 1482 870 et
1522 811 1764 891 quandiu
1805 820 2097 883 orandum,
2142 835 2250 888 quo
2278 811 2466 891 ordine
2504 820 2860 889 psallendum,
2883 811 3001 875 'cur
3031 832 3085 873 et
3115 823 3384 891 quomodo
3435 811 3690 881 manibus

454 883 813 960 operantium,
844 882 975 960 item
1021 892 1226 960 quanio
1274 884 1450 960 studio
1498 882 1858 960 cogitationes
1892 882 2105 955 regere,
2139 882 2275 944 iram
2330 882 2568 953 frenare,
2600 907 2627 943 a
2665 891 2773 946 risu
2805 882 2858 944 et
2906 882 3146 960 crapula'
3176 892 3469 956 abstinere,
3522 909 3685 958 quam

454 950 733 1030 humiliter
764 953 1022 1030 fratribus
1040 950 1276 1030 servire,
1310 950 1613 1030 senioribus
1650 959 1892 1030 obedire,
1925 950 2131 1030 seipsos
2165 961 2457 1030 abnegare,
2494 950 2738 1014 ultimum
2782 962 2957 1015 locum
2991 950 3187 1029 eligere
3230 950 3477 1027 oporteat
3519 950 3684 1017 disci-

454 1022 608 1101 pulos
627 1032 683 1077 et
719 1023 1296 1101 imita_tores__Christi;
1332 1021 1537 1081 addens
1567 1027 1837 1101 quomodo
1865 1021 2188 1085 infirmiores
2215 1021 2497 1095 tole'randi,
2521 1040 2833 1099 peccatores
2862 1021 3191 1098 corrigendi,
3218 1021 3403 1099 aigroti
3435 1035 3699 1101 curandi,’

456 1091 699 1166 hospites
734 1093 1460 1166 suscipiendi,quantopere
1488 1091 1772 1151 mulierum
1801 1101 2073 1153 consortia
2111 1101 2385 1163 evitanda,
2422 1091 2867 1166 saicblariumque
2891 1112 2945 1156 et
2975 1091 3493 1165 consanguineorum
3523 1091 3697 1156 fami-1‘

456 1160 724 1217 liaritates
776 1160 1061 1241 fugiendae,
1178 1160 2027 1241 qpibdgpotissbnumabscondi
2048 1160 2469 1241 solentinsidiae
2493 1179 2545 1223 et
2581 1171 2751 1239 laquei
2783 1160 3008 1225 inimici.
3053 1160 3212 1224 Multa
3244 1188 3456 1241 quoque
3483 1174 3549 1227 de
3578 1174 3683 1229 cibi

455 1242 512 1285 et
542 1243 698 1308 potus
741 1235 1091 1308 abstinentia,
1124 1235 1188 1308 de
1212 1233 1452 1304 jejuniis,
1485 1238 1551 1291 de
1587 1237 1821 1298 silentio,
1861 1240 1926 1292 de
1952 1240 2152 1307 vigiliis
2194 1240 2420 1308 aliisque
2443 1233 2922 1296 exercitationibus
2947 1241 3172 1299 sanctis,
3215 1233 3273 1295 et
3302 1233 3429 1308 quid
3463 1243 3634 1295 dicam
3664 1240 3699 1308 ,‘

455 1305 695 1381 quando
722 1319 897 1381 neque
928 1304 996 1358 de
1026 1305 1372 1381 vestimento,
1431 1322 1606 1375 neque
1667 1308 1732 1359 de
1778 1304 2391 1381 calceamen_tis,neque
2438 1312 2504 1365 de
2555 1327 2688 1365 zona
2738 1313 3027 1365 admonere
3075 1311 3285 1364 desistit
3323 1304 3683 1381 philosophos

455 1370 696 1427 Christi?
724 1370 920 1451 \ierum
948 1384 1009 1427 ut
1034 1374 1108 1451 ad
1139 1388 1231 1428 eas
1258 1377 1489 1432 virtutes
1514 1370 1631 1446 quae
1663 1387 1789 1451 sunt
1820 1380 2051 1451 proprize
2073 1370 2368 1435 Christiani
2395 1382 2694 1451 veniamus,
2723 1397 2881 1446 quam
2916 1381 3079 1434 multa
3114 1390 3170 1435 et
3192 1370 3353 1451 utilia
3384 1382 3475 1436 hic
3516 1370 3685 1451 piope

458 1457 700 1512 semper,
750 1445 859 1498 imo
884 1444 1095 1517 nonnisi
1130 1459 1342 1517 semper
1368 1444 1545 1513 atque
1564 1448 1743 1501 omnia
1788 1444 1949 1502 tradit
1975 1452 2040 1502 ad
2065 1451 2432 1504 aedificandam
2468 1450 2518 1503 in
2557 1444 2708 1503 nobis
2740 1444 2921 1513 iidem,
2954 1466 3123 1517 spem,
3153 1444 3676 1514 cliaritatem,'ass'e-

460 1526 585 1566 rens
612 1523 737 1587 ante
762 1515 942 1587 omnia
969 1515 1326 1587 exercendam
1359 1518 1513 1584 quasi
1551 1518 1954 1573 fundamentum
2009 1521 2131 1572 vitae
2162 1521 2456 1587 spiritualis
2483 1522 2817 1587 patientiam,
2875 1515 3260 1583 humilitatem,
3312 1523 3679 1575 mansuetudi-

459 1597 606 1647 nem,
646 1586 838 1658 deinde
870 1594 1097 1658 ca-teras
1132 1586 1380 1658 virtutes,
1412 1597 1469 1639 ut
1498 1588 1549 1641 in
1582 1588 1832 1642 omnibus
1855 1604 2067 1657 semper
2098 1586 2493 1643 ltonorilicetur
2515 1590 2674 1652 Deus,
2711 1600 2766 1645 et
2813 1592 3106 1643 zedificctur
3158 1591 3456 1658 proximus.
3521 1590 3686 1645 Multa

458 1661 717 1728 pra-terea
744 1656 809 1728 de
835 1656 1097 1728 oppositis
1130 1655 1272 1728 vitiis
1302 1655 1641 1728 disseruntur
1662 1671 1956 1728 eorumque
1976 1655 2239 1728 periculis
2270 1675 2334 1714 ac
2364 1660 2612 1713 remediis
2646 1676 2762 1727 quae
2797 1662 2951 1714 facile
2983 1655 3282 1727 legentibus
3311 1668 3515 1726 patent.
3545 1660 3685 1717 illud

459 1731 643 1797 autem
675 1723 727 1777 in
752 1724 854 1779 hoc
880 1725 1001 1779 viro
1030 1724 1276 1797 mirabile
1308 1725 1478 1797 videri
1507 1736 1687 1796 potest
1713 1730 1781 1782 ob
1812 1723 1936 1783 viite
1970 1723 2336 1793 sanctitatem,
2368 1723 2830 1797 excellentemque
2882 1723 3182 1785 doctrinam
3215 1723 3385 1797 ipsi-us
3412 1739 3467 1785 et
3501 1732 3701 1795 multi-;

458 1792 652 1868 plicem
689 1808 867 1847 rerum
896 1792 1766 1868 experientiam,_quod,'quamvis
1793 1798 1859 1852 de
1890 1813 2211 1868 quacunque
2236 1814 2294 1854 re
2323 1792 2373 1853 ei
2421 1798 2689 1853 disserere
2714 1792 3018 1868 placuisset,
3044 1792 3258 1854 nonnisi
3288 1799 3686 1867 sapientissime

456 1860 604 1931 loqui
640 1874 821 1939 posset
846 1882 859 1915 :
888 1860 1240 1939 nihilominus
1272 1860 1457 1922 videas
1482 1860 1609 1920 eum
1640 1869 1783 1939 omni
1815 1860 2009 1922 conatu
2046 1860 2229 1939 fugere
2255 1879 2307 1923 et
2336 1870 2488 1938 quasi
2518 1860 2829 1933 formidare,
2857 1886 2923 1925 ne
2956 1860 3082 1939 quid
3131 1872 3245 1936 ipse
3284 1860 3381 1939 per
3408 1885 3466 1925 se
3497 1871 3548 1924 in
3582 1872 3686 1926 hoc

456 1947 625 2009 opere
654 1933 870 2009 tradere
897 1935 1330 2009 velhservanduin
1360 1951 1457 1991 sua
1492 1937 1817 2009 auctoritate
1849 1933 2144 2009 praecipere
2176 1933 2421 2009 cuipiam
2449 1939 2718 2009 videatur,
2750 1940 2886 1994 adeo
2924 1933 2987 1993 in'
3008 1933 3259 1994 omnibus
3286 1933 3340 1992 et
3370 1953 3467 2006 per
3498 1943 3683 1995 omnia

458 2002 632 2077 solum
656 2005 924 2077 praedicat
950 2004 1247 2077 Christum.
1275 2006 1713 2077 Praeponitenim
1740 2002 1934 2063 fere'in
1966 2002 2213 2077 singulis,
2238 2002 2305 2063 de
2337 2008 2533 2077 quibus
2562 2002 2835 2064 locuturus
2864 2018 2968 2073 est,
2998 2010 3304 2077 exemplum
3335 2002 3417 2062 vel
3457 2010 3680 2065 verbum

457 2072 668 2148 Domini
690 2075 1186 2148 ex_Evangelio_vel
1212 2072 1488 2148 Apostolo,
1526 2077 1661 2148 adeo
1684 2081 1848 2145 quod,
1878 2080 2002 2132 dum
2034 2072 2176 2132 aliud
2211 2072 2371 2147 agere
2401 2078 2634 2142 videtur,
2663 2080 2714 2131 in
2740 2079 2841 2133 hoc
2870 2082 3031 2133 etiam
3060 2072 3293 2147 prodest,
3324 2079 3469 2148 quod
3516 2096 3683 2148 supra

462 2142 736 2216 ducentos
761 2142 1056 2216 scriptura:
1088 2145 1236 2199 locos
1266 2142 1571 2215 legentibus
1600 2142 2003 2216 interpretatur,
2045 2160 2149 2201 tam
2184 2142 2485 2210 commode,
2524 2157 2631 2202 tam
2662 2160 2981 2215 opportune.
3019 2142 3124 2201 tam
3159 2163 3305 2209 vere,
3342 2142 3416 2202 ἰιι
3468 2142 3685 2205 sensum

454 2213 675 2286 quidem
705 2213 1000 2283 Scriptura:
1028 2216 1120 2284 qui
1154 2230 1247 2283 per
1273 2213 1345 2271 se'
1374 2216 1575 2270 latebat
1600 2216 1653 2269 in
1693 2213 1872 2274 littera
1912 2213 2258 2271 observatum
2296 2218 2633 2272 solummodo
2669 2213 2925 2285 revelare,
2959 2220 3187 2286 aliisque
3234 2220 3521 2275 ostendere
3551 2219 3687 2273 velle

463 2284 879 2357 v_ideatur,i_n_on
910 2295 1088 2357 autem
1126 2285 1239 2352 ipse
1279 2286 1523 2357 invenire
1554 2287 1909 2356 excogitando
1931 2297 1984 2342 et
2014 2288 2328 2341 disserendo
2356 2297 2415 2342 ut
2451 2287 2511 2340 lit
2541 2306 2554 2341 :
2601 2289 2734 2342 nihil
2763 2290 2983 2342 omnino
3018 2284 3190 2357 neque
3219 2302 3247 2341 a
3280 2288 3481 2356 seipso,
3513 2303 3687 2357 neque

457 2354 528 2428 ab
561 2353 683 2406 aliis
715 2353 817 2428 sibi
850 2353 1130 2428 postulans
1159 2356 1304 2428 credi
1346 2371 1362 2408 :
1397 2371 1503 2428 quo
1545 2357 1623 2420 lit,
1654 2353 1715 2410 ut
1758 2372 1866 2425 quo
1909 2358 2079 2426 magis
2130 2358 2330 2426 aliquid
2358 2371 2605 2411 asserere
2630 2359 2713 2412 vel
2750 2358 2939 2426 jubere
2966 2353 3243 2420 formidat,
3282 2353 3433 2412 tanto
3464 2353 3687 2428 persua-

455 2422 585 2497 deat
619 2424 822 2497 verius,
855 2424 1149 2492 jubeatque
1204 2427 1597 2497 vehementius,
1655 2422 1934 2496 magisque
1974 2422 2266 2497 legentium
2325 2428 2545 2497 animos
2579 2422 2765 2481 trahat
2812 2440 2974 2497 atque
3012 2430 3275 2483 accendat
3332 2428 3385 2481 in
3444 2422 3685 2482 amorem

456 2493 759 2567 sapientim,
791 2509 913 2547 cum
944 2508 1133 2567 omnes
1160 2495 1227 2548 ad
1258 2511 1379 2567 eam
1409 2498 1480 2567 ita
1514 2493 1784 2557 hortetur,
1814 2493 1873 2549 ut
1903 2493 2224 2563 solajnbeat
2251 2497 2490 2567 charitas
2518 2496 2745 2567 Christi,
2777 2493 2901 2563 ψηιὲ
2945 2501 2996 2552 in
3023 2514 3117 2553 ore
3155 2499 3325 2567 ipsius
3374 2497 3609 2567 loquitur
3633 2506 3688 2551 et

457 2564 632 2630 spirat
656 2565 711 2636 in
738 2574 977 2636 pectore.
1010 2562 1221 2636 Habent
1256 2564 1418 2636 igitur
1447 2565 1573 2619 hinc
1606 2567 1855 2620 monachi
1892 2562 2189 2635 omnesque
2218 2566 2451 2634 religiosi
2478 2566 2576 2619 viri
2604 2577 2652 2621 et
2710 2562 2965 2622 mulieres
2993 2583 3085 2635 per
3108 2562 3318 2636 eaquae
3345 2562 3547 2636 legunt,
3579 2583 3687 2636 quo

454 2643 618 2701 pacto
646 2635 713 2687 ad
744 2632 910 2687 Deum
954 2635 1203 2705 conversi
1252 2632 1304 2688 in
1341 2635 1427 2688 via
1457 2636 1573 2703 ejus
1598 2637 1865 2690 tutissime
1916 2632 2162 2705 progredi
2208 2644 2262 2689 et
2315 2632 2577 2703 prolicere
2603 2638 2845 2703 possint,
2873 2639 2919 2690 si
2961 2632 3529 2692 doctrinamdocéntis
3580 2632 3687 2691 non

461 2714 745 2776 spernant,
775 2704 1089 2776 praesertim
1119 2704 1211 2758 ubi
1241 2720 1335 2759 eos
1359 2775 1362 2776 ν
1382 2715 1564 2759 :nonet
1593 2706 1723 2758 nihil
1756 2704 2032 2774 proprium
2072 2705 2368 2774 possidere,
2399 2708 2830 2776 consanguineos
2860 2722 2987 2762 suos
3020 2707 3313 2776 negligere,
3346 2707 3684 2761 saecularium

460 2773 729 2846 amicitias
766 2772 1299 2846 fugere,f_claustrum
1324 2775 1711 2843 silentiumque
1744 2772 1990 2845 diligere,
2017 2772 2289 2846 publicum
2344 2775 2570 2838 evitare,
2607 2772 2753 2831 nullo
2784 2777 2943 2831 modo
2992 2793 3020 2830 τι
3070 2772 3490 2845 congregatione
3515 2777 3686 2830 disce-

460 2842 610 2915 dere,
644 2859 861 2915 crucem
919 2843 1491 2915 tollere,__tautumque
1531 2842 1780 2914 amplecti
1833 2842 2147 2914 quam'sihi
2192 2846 2471 2914 elegerunt
2499 2846 2559 2897 'in
2617 2855 2846 2913 partem,
2878 2861 3106 2915 eamque
3135 2842 3298 2899 corde
3347 2853 3402 2899 et
3458 2860 3689 2913 corpore

459 2912 676 2967 assidue
694 2914 1091 2985 _circumferre.
1130 2913 1343 2969 Habent
1372 2912 1580 2983 praelati
1624 2912 1685 2968 et
1729 2912 1967 2985 episcopi
2000 2916 2125 2968 hinc
2174 2912 2340 2985 multa
2372 2929 2513 2985 quae
2539 2912 2815 2979 hauriant,
2849 2912 3043 2984 quibus
3078 2930 3269 2985 greges
3311 2930 3438 2970 suos
3485 2912 3688 2982 optime

458 2992 651 3055 regant
685 2981 1027 3055 fornientque
1061 2984 1114 3037 in
1145 2981 1440 3039 Christum.
1497 2985 1705 3039 llabeut
1733 2981 1786 3039 ei
1825 2981 2006 3054 plebes
2054 2984 2287 3038 fideliqu
2319 2981 2557 3053 (quando
2592 2986 2766 3039 nullus
2798 2981 3017 3055 gradus,
3058 2981 3139 3039 vel
3179 2981 3375 3051 sexus,
3429 2985 3574 3055 nulla
3605 2994 3689 3039 est

459 3061 595 3125 tetas
626 3054 766 3106 intra
798 3053 1117 3125 Ecclesiam,
1144 3070 1305 3125 quam
1338 3057 1441 3110 iste
1474 3072 1582 3109 non
1613 3053 1980 3125 doceatjiquid
2018 3055 2221 3109 faciant
2260 3056 2424 3107 etiam
2474 3055 2623 3121 ipsae,
2656 3053 2850 3123 quidve
2882 3054 3110 3109 offerant
3153 3055 3456 3124 praepositis
3488 3054 3601 3107 suis
3632 3056 3688 3108 in

460 3122 780 3192 obsequium
808 3122 1037 3187 Christi,
1067 3122 1181 3179 sive
1209 3125 1312 3189 vir,
1349 3128 1464 3181 sive
1495 3125 1706 3189 mulier,
1736 3122 1852 3179 sive
1872 3122 2036 3188 liber,
2068 3125 2182 3179 sive
2209 3139 2420 3187 servus,
2455 3126 2569 3178 sive
2596 3122 2785 3187 senex,
2831 3125 2942 3178 sive
2977 3122 3322 3191 adolescens,
3356 3126 3470 3179 sive
3510 3132 3688 3192 pater,

460 3191 575 3264 sive
605 3193 769 3264 ﬁlius,
802 3194 1054 3264 omnibus
1076 3196 1219 3247 enim
1252 3195 1493 3263 loquitur
1527 3197 1617 3264 qui
1650 3195 1701 3248 in
1754 3196 1971 3250 Christo
2000 3194 2171 3249 renati
2204 3194 2479 3247 Christum
2509 3194 2801 3249 induerunt
2830 3195 2871 3261 ⁸,
2903 3194 3166 3248 hortando
3195 3208 3286 3249 eos
3330 3202 3449 3264 post
3488 3191 3689 3247 rectam

463 3261 622 3334 fidem
651 3263 720 3317 ad
744 3263 1081 3334 patientiam,
1111 3266 1175 3317 ad
1206 3261 1569 3334 contemptum
1614 3264 1771 3332 hujus
1799 3268 2007 3328 mundi,
2062 3267 2128 3317 ad
2182 3264 2585 3332 castigationem
2631 3266 2832 3328 carnis,
2868 3264 2935 3318 ad
2986 3261 3344 3318 imitationem
3387 3264 3594 3317 Domini
3637 3272 3691 3317 et

467 3331 772 3387 Salvatoris
820 3335 990 3388 nostri
1022 3331 1149 3387 Jcsu
1194 3331 1646 3395 Christi,'doceus
1674 3331 1837 3389 etiam
1867 3336 1960 3403 qui
2010 3335 2243 3397 habitus,
2276 3331 2364 3399 qui
2401 3335 2549 3388 vocis
2599 3336 2808 3398 modus,
2839 3336 2959 3401 quis
3008 3344 3190 3402 gestus
3238 3335 3480 3403 corporis
3529 3341 3693 3401 atque

462 3403 854 3466 membrorum,
880 3418 1000 3470 quae
1030 3404 1218 3470 verba,
1254 3405 1344 3472 qui
1369 3420 1545 3459 mores
1568 3408 1796 3459 deceant
1822 3406 2211 3459 Christianum.
2242 3403 2434 3457 Clerici
2473 3405 2692 3471 insuper
2742 3403 2909 3457 nostri
2946 3405 3142 3457 habent
3186 3404 3287 3473 ipsi
3321 3418 3535 3473 quoque
3582 3418 3692 3456 non

463 3486 635 3539 pauca
664 3488 786 3541 quae
819 3474 1056 3535 discant,
1086 3475 1224 3529 inter
1250 3490 1367 3541 quae
1393 3476 1555 3529 etiam
1581 3475 1730 3538 illud,
1760 3486 1817 3530 ut
1852 3490 1957 3529 non
1989 3484 2097 3527 tam
2146 3473 2303 3529 facile
2333 3473 2383 3525 in
2413 3474 2746 3541 privatorum
2778 3474 2858 3527 vel
2892 3474 3231 3526 saecularium
3265 3473 3519 3527 domibus
3551 3473 3696 3528 cele.

462 3542 624 3614 brent
662 3544 850 3614 divina
909 3545 1192 3614 mysteria.
1243 3544 1381 3611 Quin
1430 3546 1593 3598 etiam
1632 3545 1827 3600 fratres
1874 3544 2387 3614 quondamnostri,
2416 3545 2504 3609 qui
2547 3546 2762 3595 Satanae
2810 3542 3352 3614 calliditatedecepti
3397 3558 3571 3612 nuper
3623 3543 3692 3614 ab

463 3609 706 3667 Ecclesia
741 3609 1004 3668 catholica
1058 3609 1446 3677 discesserunt,
1480 3624 1533 3667 et
1566 3614 1667 3682 ipsi
1701 3609 1943 3683 profecio
1991 3613 2267 3667 invenient
2311 3614 2399 3666 hic
2456 3614 2619 3683 multa
2653 3613 2848 3680 quibus
2904 3616 2970 3665 ad
3026 3609 3529 3683 resipiscendunta
3578 3613 3693 3666 suis

462 3684 758 3745 erroribus,
791 3698 855 3736 ac
878 3684 946 3736 ad
980 3685 1222 3737 eamdem
1254 3692 1496 3738 sanctam
1531 3681 1755 3738 matrem
1787 3684 2083 3738 Ecclesiam
2136 3683 2510 3736 revertendum
2562 3682 2849 3751 plurimum
2886 3682 3224 3751 adjuventur,
3255 3694 3418 3751 atque
3461 3681 3589 3735 illud
3638 3683 3690 3735 in

465 3752 677 3830 primis,
712 3753 919 3807 scilicet
945 3768 1050 3830 non
1085 3767 1204 3807 esse
1232 3754 1583 3830 deserendam
1621 3753 1919 3830 Ecclesiam
1953 3754 2155 3808 Cltristi
2199 3763 2483 3830 propterea
2522 3754 2663 3830 quod
2694 3753 2835 3804 intra
2862 3752 3004 3830 illam
3049 3762 3104 3805 et
3153 3753 3323 3806 malos
3374 3752 3692 3830 plerumque

464 3822 711 3893 homines
741 3838 860 3877 esse
896 3824 1173 3893 contingat
1207 3841 1219 3878 :
1254 3833 1363 3877 tum
1395 3825 1601 3877 discent
1640 3826 1768 3893 quid
1812 3838 1904 3879 eos
1937 3838 2155 3889 sapere,
2185 3825 2381 3890 quidve
2408 3825 2628 3893 sentire
2665 3830 2911 3893 oporteat
2954 3822 3020 3873 de
3071 3830 3339 3893 potestate
3386 3829 3440 3875 et
3487 3822 3696 3893 unitate

466 3891 759 3958 Ecclesiae;
795 3894 859 3947 de
888 3889 1273 3947 ecclesiasticis
1302 3889 1678 3957 sacramentis,
1710 3895 1775 3947 de
1813 3894 1916 3949 fide
1959 3904 2013 3947 et
2060 3894 2335 3961 operibus,
2388 3892 2452 3944 de
2480 3893 2652 3945 libero
2681 3891 3255 3954 voluntatisarhitrio,
3310 3892 3376 3946 de
3428 3889 3695 3959 religiosis

462 3964 624 4027 votis,
657 3965 722 4015 de
747 3961 969 4032 jejunio,
1003 3962 1178 4031 deque
1205 3964 1328 4015 aliis
1364 3963 1568 4030 multis,
1605 3965 1764 4017 modo
1812 3974 1962 4019 recte
1997 3978 2060 4016 ac
2109 3963 2395 4030 diligenter
2445 3961 2733 4014 attendant
2778 3976 2897 4027 quas
2943 3962 3145 4029 legunt,
3196 3970 3249 4014 et
3298 3975 3513 4015 errores
3569 3974 3696 4014 suos

461 4032 630 4101 velint
658 4031 825 4101 magis
848 4032 1119 4101 corrigere
1146 4047 1305 4100 quam
1338 4033 1497 4095 tueri,
1535 4051 1563 4086 a
1589 4034 1784 4101 quibus
1806 4035 1932 4086 olim
1954 4048 2047 4087 eos
2079 4046 2335 4086 revocare
2361 4069 2375 4093 ,
2409 4039 2460 4084 tu
2498 4046 2708 4099 quoque
2736 4032 3020 4101 scribendo
3042 4040 3095 4083 et
3126 4031 3458 4094 disserendo,
3493 4031 3695 4101 optime

462 4100 646 4165 Pater,
680 4118 785 4155 non
815 4100 1063 4157 dCSllliSll
1102 4107 1413 4169 priusquam
1438 4103 1519 4156 vel
1554 4100 1654 4172 ipsi
1684 4113 1733 4157 te
1757 4104 1961 4169 audire,
1998 4103 2078 4157 vel
2121 4113 2176 4155 tu
2205 4117 2298 4155 eos
2330 4102 2455 4153 talia
2489 4103 2681 4172 docere
2714 4100 2782 4153 ob
2808 4102 3043 4172 gradum
3063 4101 3370 4172 apostolica:
3410 4100 3691 4169 dignitatis

465 4179 746 4239 tautOpere
776 4173 1057 4226 teneretis.
1090 4172 1258 4227 Fuisti
1292 4174 1552 4226 hactenus
1576 4171 1880 4227 membrum
1927 4172 2188 4241 corporis,
2209 4173 2316 4240 jam
2355 4185 2482 4223 vero
2514 4171 2810 4226 membrum
2844 4185 2902 4224 es
2933 4171 3144 4238 capitis,
3182 4172 3305 4224 hinc
3329 4171 3511 4239 itaque
3554 4177 3699 4222 recte

463 4241 719 4310 intelligis
750 4258 889 4295 nunc
924 4257 1016 4296 eos
1044 4244 1283 4310 quandiu
1322 4246 1501 4295 curari
1552 4254 1779 4313 possunt
1816 4244 1881 4295 ad
1913 4252 1963 4295 te
2002 4242 2166 4293 multo
2217 4241 2387 4308 magis
2413 4256 2571 4308 quam
2619 4242 2768 4313 prius
2815 4250 2987 4313 atque
3030 4241 3189 4293 aliter
3219 4242 3535 4313 pertinere;
3575 4254 3694 4313 naui

462 4325 598 4378 quos
626 4309 858 4365 antehac
886 4314 951 4365 ad
998 4309 1256 4365 unitatem
1289 4313 1534 4380 corporis
1552 4309 1742 4367 'redire
1774 4313 2063 4366 scribendo
2110 4313 2358 4364 hortatus
2385 4325 2465 4373 es,
2494 4311 2739 4380 posthac
2763 4310 3024 4376 exemplis
3053 4321 3214 4377 atque
3237 4310 3575 4380 orationibus
3599 4309 3697 4361 tibi

463 4384 837 4451 expugnandi,
876 4384 1147 4446 monendi,
1187 4378 1521 4450 saltandique
1569 4393 1716 4444 sunt,
1758 4397 1823 4436 ac
1866 4382 2250 4451 benignissime
2307 4379 2674 4451 pertrahendi,
2732 4381 2812 4433 sic
2855 4389 3031 4451 tamen
3060 4389 3116 4431 ut
3145 4381 3395 4451 eosdem,
3430 4378 3520 4451 ubi
3565 4393 3701 4447 opus

464 4448 652 4516 fuerit,
686 4453 849 4504 etiam
882 4453 1160 4520 arguendo
1218 4461 1271 4504 et
1318 4448 1637 4506 disserendo
1666 4448 2018 4505 nihilominus
2042 4466 2221 4512 cures,
2261 4460 2425 4520 atque
2474 4450 2684 4520 intrare
2718 4449 3027 4518 compcllas,
3064 4458 3120 4501 ut
3166 4450 3209 4502 si
3252 4448 3391 4502 forte
3421 4450 3490 4503 ob
3518 4463 3698 4520 mores

464 4529 681 4575 nostros
710 4536 767 4576 se
798 4517 1046 4589 ipsos'ita
1080 4522 1465 4588 pmciderunt,
1497 4523 1739 4575 moribus
1768 4523 1894 4575 item
1916 4522 2145 4584 nostris,
2190 4519 2273 4573 vel
2306 4519 2495 4589 saltem
2530 4518 2760 4589 alicujus
2788 4517 3097 4572 uestrorum
3150 4527 3496 4580 revocentur,
3528 4517 3696 4589 subji-i

460 4590 785 4660 eianturque
809 4586 970 4658 capiti
1025 4586 1123 4645 suo
1158 4593 1225 4644 ad
1273 4592 1628 4645 obediendum
1659 4592 1780 4645 fidei
1841 4592 1891 4644 in
1936 4590 2253 4658 obsequium
2284 4588 2509 4642 Christi.
2542 4588 2899 4653 Quamobrem
2953 4589 3201 4660 volumen
3242 4590 3343 4660 hoc
3370 4586 3700 4660 sanctissimi

462 4661 566 4714 viri
600 4656 820 4732 dignum
848 4656 1065 4728 quidem
1098 4674 1311 4729 semper
1346 4661 1563 4732 ingenio
1598 4674 1652 4715 et
1684 4662 1876 4716 studiis
1917 4663 2043 4723 tuis,
2073 4656 2298 4732 istorum
2328 4672 2496 4732 causa
2535 4664 2625 4732 sit,
2659 4669 2714 4711 ut
2745 4659 3077 4732 temporibus
3116 4657 3319 4711 nostris
3352 4656 3442 4732 tibi
3469 4658 3695 4732 potissi-

463 4744 610 4786 mum
645 4727 925 4794 debeatur,
958 4742 1120 4799 tuque
1154 4727 1492 4785 iit—doctrina
1542 4731 1711 4800 ipsius
1760 4734 1826 4783 ad
1864 4730 2260 4799 przedicandum
2290 4727 2718 4800 aliisveritatem
2751 4729 3001 4800 sectanda
3040 4738 3093 4800 et
3140 4729 3431 4800 astruenda
3468 4728 3698 4779 invicem

464 4801 663 4854 debeas
693 4801 987 4870 plurimum
1018 4797 1113 4854 otii
1169 4802 1430 4855 adhibere
1459 4810 1513 4855 et
1548 4797 1878 4870 diligentiae,—
1913 4816 2017 4854 non
2060 4798 2548 4870 pro_reparati_0ne
2574 4812 2758 4851 eorum
2808 4798 2967 4850 modo
2998 4797 3089 4864 qui
3119 4797 3454 4870 ceciderunt,
3510 4810 3698 4850 verum

462 4871 627 4923 etiam
664 4866 762 4939 p‘ro
792 4871 1047 4924 Ecclesiae
1080 4871 1363 4925 catholicae
1392 4866 1770 4937 aedificatione,
1796 4866 2144 4938 omniumque
2168 4868 2400 4920 ﬁdelium
2430 4866 2633 4939 fructu,
2692 4882 2896 4919 necnon
2923 4876 3123 4939 sancta:
3168 4867 3313 4939 sedis
3339 4866 3495 4939 istius
3536 4875 3700 4939 orna-

466 4949 648 5011 mento
664 4936 726 4993 et
757 4941 1094 5008 adjumento,
1121 4956 1242 5008 qua:
1265 4949 1317 4994 te
1342 4956 1511 5011 nuper
1536 4940 1665 4994 nihil
1692 4942 1796 4994 tale
1825 4936 2154 5011 cupientem,
2206 4952 2379 5011 neque
2415 4938 2577 5011 etiam
2628 4939 2978 5011 cogitantem,
3015 4937 3304 5011 splendore
3320 4936 3700 5011 ‘h‘uj_us_digni-

465 5010 589 5062 tatis
628 5020 734 5062 tam
768 5005 1027 5079 legitime,
1064 5005 1168 5063 tam
1213 5012 1332 5075 rite,
1364 5005 1471 5063 tain
1500 5020 1686 5064 sancte
1732 5012 1796 5063 ad
1827 5005 2055 5078 sei’psant
2111 5007 2378 5079 invitavit,
2410 5014 2470 5058 ul.
2506 5007 2557 5059 in
2587 5010 2748 5059 tantis
2774 5006 3278 5079 perturbationibus
3312 5006 3458 5079 fidei,
3487 5005 3699 5079 dissen—

462 5074 922 5147 sionibusque'ac
970 5081 1243 5135 scandatis
1293 5081 1717 5134 inobedientium
1758 5074 1989 5133 filiorum
2016 5078 2219 5148 adjuta,
2266 5076 2405 5148 sicut
2432 5090 2529 5143 par
2555 5086 2657 5137 est.
2691 5077 2885 5148 stndiis
2907 5090 2973 5148 ac
3005 5074 3256 5148 moribus
3274 5076 3413 5142 tuis,’
3434 5074 3699 5148 solidetur

462 5149 519 5201 in
553 5145 787 5220 Domino
814 5160 868 5204 et
894 5151 1162 5220 dirigatur
1199 5152 1251 5204 in
1290 5150 1500 5204 laudem
1529 5160 1584 5204 et
1614 5150 1840 5219 gloriam
1871 5145 2095 5220 Domini
2121 5157 2175 5202 et
2206 5147 2506 5220 Salvatoris
2534 5148 2707 5201 nostri
2736 5145 2858 5202 Jesu
2890 5146 3089 5202 Christi
3124 5164 3136 5200 :
3170 5147 3261 5219 qui
3298 5162 3419 5209 cum
3456 5145 3616 5202 Patre
3654 5154 3710 5201 et

466 5219 678 5288 Spiritu
707 5232 897 5275 sancto
926 5218 1057 5276 vivit
1085 5230 1141 5275 et
1172 5231 1359 5291 regnat
1386 5220 1524 5276 Deus
1554 5218 1649 5290 per
1682 5220 1861 5276 omnia
1892 5219 2209 5275 saeculorum
2236 5218 2453 5273 saacula.
2482 5219 2675 5274 Amen.

530 5400 555 5430 ⁸
575 5400 748 5458 Galat.
781 5418 862 5468 III,
892 5402 980 5457 27.
