4094 6220
1668 336 2173 393 ΡΒᾹΞΡΑἸΊΟΝΕΞ
2212 335 2555 402 ΑΝΤῘΟΕᾹΞ.
3475 344 3743 393 cccxxx":

573 445 887 511 Persecutio
938 461 1038 503 nos
1082 446 1692 520 apprelrendittfratres
1718 450 2287 519 venerandissimi,“
2346 449 2787 520 persecutionum,
2838 443 3740 520 horrendissima.Persecutionem

505 522 649 574 enim
681 522 964 590 patiuntur
1004 527 1368 590 pastores,gut
1427 519 1806 589 disperga'nlttr
1840 536 1969 575 oves
2028 518 2261 590 gregis"
2291 536 2305 569 :
2338 518 2393 574 et
2451 521 2593 589 quod
2640 518 3019 590 gravissimum
3072 527 3175 577 est,
3234 532 3409 590 neque
3444 518 3534 586 qui
3589 523 3743 576 malis

506 586 795 661 vexantur,
850 589 904 642 in
959 586 1295 661 perfectione
1330 586 1594 661 martyrii
1617 586 1967 645 'alllictiones
2020 586 2348 659 suscipiunt,
2386 586 2559 659 neque
2575 586 2768 661 populi
2818 588 2869 640 in
2901 596 3195 661 martyrum
3232 586 3349 640 loco
3370 588 3478 661 hos
3516 590 3744 661 athletas

507 659 715 723 colunt,
734 656 1016 728 propterea
1036 658 1180 728 quod
1214 656 1647 730 Christianorum
1673 666 1867 714 nomen
1906 656 2361 730 persequentibus
2389 656 2670 714 incumbit.
2700 658 2876 730 Unum
2895 665 2977 730 est
3010 656 3212 730 crimen
3241 659 3381 724 quod
3415 673 3556 730 nunc
3578 660 3742 730 vehe-

503 725 1155 799 menter'dainnaturfac
1206 729 1446 799 punitur,
1496 730 1725 799 diligens
1780 725 2098 785 observatio
2145 732 2499 799 traditionum
2547 725 2897 799 patrumtOb
2929 726 3033 780 hoc
3068 725 3321 799 fugantttr
3341 728 3652 799 patriis_pii,
3690 741 3745 783 et

504 809 739 871 caetera:
757 796 934 871 Atque
961 798 1147 853 eadem
1184 795 1253 871 de
1285 811 1341 852 re
1360 798 1426 852 ad
1472 795 1700 871 cccx‘vm
1744 800 1864 855 illos
1891 801 2191 871 episcopos,
2218 801 2309 870 qui
2337 800 2393 854 in
2424 795 2639 855 Nicaeae
2660 797 2882 855 concilio
2909 795 3217 865 congregati
3246 795 3483 865 fuerunt,
3514 795 3744 855 Basilius

500 879 557 929 et
590 869 678 938 alii
705 867 940 921 Orientis
962 868 1201 938 episcopi
1238 868 1354 924 haec
1375 869 1538 922 verba
1562 871 1806 924 scribunt
1833 886 1847 923 :

577 937 742 993 Nobis
771 947 948 991 autem
977 941 1043 992 ad
1076 936 1421 1010 manifestum
1447 940 1820 1010 haereticorum
1854 940 2079 1005 bellum,
2110 940 2533 1010 ampliusetiam
2568 939 2620 993 id
2658 939 2800 1010 quod
2828 937 3012 993 abhis
3034 936 3123 1007 qui
3150 937 3293 1010 idem
3324 937 3524 1010 sentire
3553 938 3742 993 viden-

506 1018 593 1069 tur
616 1019 867 1081 exortum
898 1018 1016 1081 est,
1035 1009 1098 1061 ad
1130 1017 1438 1081 extremam
1463 1009 1795 1081 debilitatem
1852 1011 2122 1081 Ecclesias
2154 1006 2430 1081 perduxit.
2480 1011 2560 1064 Ad
2604 1006 2725 1075 qua;
2750 1024 2891 1081 sane
2923 1010 3061 1081 mala
3092 1008 3251 1061 etiam
3301 1008 3532 1081 maxime
3559 1020 3743 1062 vestro

502 1077 705 1138 auxilio
750 1091 885 1145 opus
934 1079 1214 1142 habemus,
1252 1093 1360 1148 quo
1387 1079 1440 1132 hi
1470 1079 1561 1148 qui
1591 1080 1943 1146 apostolicam
1996 1077 2558 1143 fidem'conlitentur,
2600 1079 2875 1133 dissolutis
2922 1080 3084 1132 sectis
3117 1091 3250 1145 quas
3279 1078 3741 1148 excogitaverunt,

503 1150 569 1204 de
600 1157 797 1203 caetero
824 1149 1129 1201 auctoritati
1159 1147 1411 1220 Ecclesia:
1443 1147 1637 1203 subditi
1667 1152 1795 1212 sint,
1829 1158 1887 1203 ut
1914 1150 2181 1218 integrum
2221 1152 2313 1203 liat
2363 1166 2559 1220 corpus
2606 1149 2827 1213 Christi,
2859 1148 3109 1220 omnibus
3141 1147 3486 1220 membrisad
3516 1148 3743 1207 integri-

503 1228 666 1279 tatem
712 1220 965 1288 reversis,
1019 1228 1075 1271 et
1123 1233 1230 1271 non
1276 1218 1446 1273 solum
1504 1220 1645 1285 apud
1699 1220 1835 1274 alios
1867 1216 2226 1288 praedicemus
2277 1216 2526 1283 bona,id
2584 1220 2725 1287 quod
2776 1234 2915 1272 nunc
2946 1218 3193 1279 facimus,
3225 1217 3317 1269 sed
3343 1216 3504 1288 etiam
3531 1228 3743 1288 nostras

502 1288 738 1353 ipsorum
768 1287 1042 1342 Ecclesias
1071 1295 1305 1341 veterem
1334 1289 1399 1342 de
1422 1301 1565 1342 recta
1592 1290 1695 1344 fide
1735 1287 2105 1357 glori’ationem
2133 1292 2402 1357 recepisse
2431 1290 2729 1343 videamus.
2751 1289 2957 1342 Revera
2979 1288 3119 1340 enim
3136 1300 3384 1353 suprema
3419 1287 3745 1343 beatitudine

500 1360 719 1427 d‘gnum
746 1366 830 1411 est
861 1357 912 1409 id
936 1358 1075 1426 quod
1117 1367 1311 1427 vestrae
1344 1359 1528 1427 pietati
1556 1375 1582 1411 a
1613 1360 1842 1414 Domino
1878 1360 2059 1415 datum
2089 1369 2191 1421 est,
2231 1360 2482 1413 nimirum
2520 1358 2875 1412 adulterinum
2898 1372 2924 1409 a
2959 1357 3129 1426 probo
3163 1357 3577 1427 sinceroqueac
3609 1371 3745 1423 puro

500 1426 812 1500 discernere
841 1442 855 1478 :
882 1437 1093 1496 patrum
1124 1441 1252 1500 vero
1277 1426 1456 1500 fidem,
1486 1429 1619 1500 citra
1669 1431 1903 1500 aliquam
1956 1431 2346 1485 detractionem
2377 1429 2679 1497 praedicare
2713 1442 2921 1500 {quam
2956 1428 3262 1500 etiam___nos
3292 1426 3655 1500 suscepimus,
3684 1437 3741 1481 et

499 1498 849 1569 cognovimus
872 1495 943 1569 ex
971 1497 1276 1569 apostoticis
1304 1498 1443 1552 notis
1468 1495 1828 1569 telformatain,
1871 1500 2269 1556 consentientes
2296 1508 2350 1554 et
2370 1495 2491 1569 ipsi,
2521 1507 2575 1553 et
2589 1498 2837 1553 omnibus
2876 1497 2929 1551 in
2959 1495 3168 1551 concilii
3201 1496 3402 1566 scripto
3430 1495 3747 1566 regulariter

495 1582 561 1620 ac
586 1568 827 1636 legaliter
852 1568 1101 1621 decretis.
1135 1566 1405 1622 Hactenus
1446 1568 1543 1622 illi.

568 1639 651 1710 Ab
685 1637 788 1710 hac
834 1637 1001 1706 igitur
1034 1636 1301 1710 catholica
1348 1647 1403 1692 et
1438 1638 1733 1710 apostolica
1766 1638 2007 1710 Ecclesia
2038 1640 2127 1709 qui
2160 1654 2218 1695 se
2263 1650 2539 1710 separant,
2580 1639 2865 1708 diligenter
2912 1652 3094 1693 secum
3127 1637 3465 1710 carpendam,
3506 1652 3681 1694 annon
3710 1652 3742 1691 a

495 1706 699 1779 Christi
740 1721 976 1779 corpore
1012 1723 1072 1761 se
1099 1706 1804 1779 avellan_t,_cu'mEcclesia
1836 1708 1930 1763 Dei
1986 1706 2091 1763 una
2134 1706 2398 1765 catholica
2435 1710 2638 1765 Christi
2680 1706 2756 1777 sit
2785 1723 3019 1779 corpus,
3049 1717 3104 1762 et
3141 1706 3334 1776 singuli
3376 1709 3426 1759 in
3454 1708 3566 1775 ipsa
3594 1725 3743 1779 com:

496 1777 775 1849 prehensi,
796 1788 919 1849 tum
951 1778 1089 1831 inter
1113 1791 1192 1840 se,
1221 1776 1330 1829 tum
1360 1776 1558 1833 Christi
1588 1781 1697 1832 sint
1729 1781 1988 1833 membra.
2022 1779 2363 1849 Quapropter
2402 1781 2534 1833 mihi
2567 1776 2830 1849 imprimis
2864 1776 2914 1831 in
2947 1778 3216 1840 solatium,
3245 1791 3387 1849 stepe
3422 1778 3743 1844 pientissimi

494 1846 622 1913 viri,
664 1858 718 1918 et
742 1847 808 1900 ad
843 1861 1052 1918 pacem,
1087 1849 1452 1918 concordiam,
1476 1858 1533 1902 et
1564 1851 1825 1903 unitatem
1850 1850 2033 1904 omnia
2066 1846 2339 1904 molientis
2368 1851 2568 1918 scripta
2595 1846 2733 1918 lego,
2764 1850 2963 1918 relego,
2989 1859 3042 1903 et
3068 1848 3399 1918 exosculor:
3433 1863 3530 1900 nec
3559 1849 3744 1903 dubito

494 1918 624 1987 quin
647 1916 963 1991 etiam‘aliis
976 1916 1229 1991 eamdem
1254 1917 1538 1991 utilitatem
1568 1920 1876 1991 exhibitura
1903 1921 2037 1991 sint,
2050 1920 2149 1991 qui
2177 1919 2267 1974 illa
2295 1919 2348 1973 in
2380 1916 2571 1991 manus
2603 1916 2816 1973 sumere
2860 1916 3061 1991 volent.
3092 1921 3265 1986 Atque
3294 1916 3499 1991 utinam
3526 1920 3744 1991 contin-

494 1985 607 2057 gat,
639 1996 700 2041 ut
731 1986 883 2059 multi
916 1986 988 2054 pii
1016 2001 1077 2041 ac
1103 1985 1230 2040 boni
1260 1985 1367 2059 viri
1395 1987 1522 2059 hinc
1553 1989 1776 2044 consilia
1803 2004 1868 2045 ac
1896 1985 2097 2045 auxilia
2128 1999 2334 2058 petant,
2356 1998 2411 2042 et
2432 1990 2661 2059 quisque
2683 1998 2947 2057 quantum
2979 1988 3033 2041 in
3062 2002 3121 2043 se
3151 1985 3296 2059 esset
3321 1987 3428 2059 huc
3448 1988 3741 2051 conferret,

496 2072 601 2126 quo
627 2066 683 2112 et
729 2057 795 2112 ad
824 2059 986 2112 unius
1018 2066 1220 2111 sanctze
1265 2057 1545 2113 catholicae
1578 2059 1831 2115 Ecclesiae
1858 2057 2201 2115 concordiam
2255 2057 2879 2124 omnes'deveniremus,
2914 2068 2971 2113 et
3001 2059 3144 2112 idem
3175 2057 3244 2126 in,
3264 2057 3490 2126 Domino
3514 2060 3744 2113 sentire-

493 2142 655 2201 rnus:
688 2127 744 2201 id_
788 2128 930 2201 quod
968 2127 1120 2201 justa
1172 2129 1379 2201 regium
1410 2127 1733 2201 Prophetam
1774 2144 1968 2201 rogare
2010 2131 2288 2201 iubentem
2317 2145 2438 2201 quae
2485 2131 2550 2182 ad
2608 2143 2793 2201 pacem
2842 2139 2968 2201 sunt
3041 2125 3338 2201 Jerusalem
3364 2125 3743 2201 ‘,_p_rec_orut

494 2195 818 2268 Deussolus
843 2195 1016 2252 bonus
1040 2198 1059 2228 ⁷
1089 2213 1185 2265 pro
1216 2195 1311 2251 sua
1342 2195 1572 2263 benigna
1614 2214 1743 2268 erga
1792 2195 1919 2256 suos
1962 2195 2259 2266 voluntate,
2322 2195 2625 2254 clementer
2660 2200 2771 2253 suis
2826 2200 3061 2253 tribuat.
3096 2196 3267 2251 Porro
3296 2196 3538 2268 quodVR.
3573 2197 3630 2251 P.
3673 2199 3740 2252 'l‘.

492 2267 894 2339 inscribendum
935 2282 999 2322 ac
1018 2268 1637 2339 mittendumtBasilium
1670 2266 1819 2335 duxi,
1849 2284 1957 2324 non
1976 2270 2096 2325 ideo
2115 2270 2287 2324 solum
2314 2270 2534 2334 feci,ut,
2558 2269 2701 2323 velut
2725 2270 2857 2334 dixi,
2878 2268 3097 2339 pietatis
3129 2276 3233 2320 tua:
3262 2266 3409 2320 zelus
3434 2267 3540 2339 d_ivi
3562 2268 3739 2323 Basilii

491 2338 664 2408 zelum
688 2338 949 2408 referens,
973 2336 1100 2391 hinc
1123 2338 1193 2408 a_b_
1209 2338 1458 2391 omnibus
1484 2350 1921 2408 cognosceretur,
1950 2341 2043 2394 sed
2068 2340 2229 2394 etiam
2250 2350 2304 2392 ut
2322 2341 2586 2407 privatam
2616 2353 2787 2393 meam
2809 2335 2933 2407 erga
2960 2348 3103 2403 tuam
3125 2339 3377 2406 pietatem
3405 2335 3740 2392 affectionem

490 2407 616 2479 hinc
650 2406 747 2462 tibi
768 2407 1118 2479 declararem.
1148 2406 1363 2479 Memini
1394 2409 1536 2462 enim
1560 2406 1615 2463 et
1639 2410 1957 2464 suavissime
1984 2411 2241 2465 recordor
2266 2406 2409 2470 illius
2456 2409 2801 2479 cognitionis,
2824 2406 3110 2479 squmtnihi
3140 2408 3468 2462 adolescenti
3490 2409 3739 2479 contigit,

489 2478 617 2549 dum
647 2487 703 2532 tu
727 2479 879 2549 item
925 2476 1241 2549 adolescens
1287 2477 1438 2549 illum
1466 2479 1676 2532 dicendi
1720 2480 1855 2534 artis
1887 2481 2206 2549 magistrum
2233 2476 2610 2549 amantissime
2639 2476 3067 2549 ampleCiereris,
3122 2491 3230 2549 quo
3268 2477 3552 2549 egotpaulo
3580 2476 3741 2533 attica

488 2546 692 2607 Grtecae
723 2547 921 2618 linguae
951 2546 1176 2601 doctore
1204 2562 1334 2602 usus
1365 2548 1597 2619 fueram.
1638 2550 1755 2615 Quo
1788 2546 2030 2619 tempore
2057 2565 2164 2604 non
2198 2562 2264 2603 eo
2299 2548 2473 2603 solum
2504 2546 2886 2616 nomine’apnd
2915 2564 3000 2602 me
3041 2548 3094 2601 in
3142 2548 3500 2619 admiratione
3532 2550 3735 2602 consti-

488 2626 637 2671 tutus
668 2617 818 2682 eras,
865 2619 1006 2685 quod
1035 2632 1300 2671 summam
1333 2618 1547 2681 generis
1572 2617 1931 2683 nobilitatem,
1964 2630 2016 2673 et
2043 2620 2284 2673 famosas
2317 2619 2435 2673 illas
2477 2619 2739 2685 majorum
2780 2628 2993 2672 tuorum
3033 2617 3317 2683 imagines,
3344 2618 3449 2672 sub
3467 2620 3740 2672 communi

487 2698 819 2757 praeceptore
876 2686 1035 2742 Petro
1059 2696 1113 2741 et
1162 2686 1456 2741 Mosellano
1512 2688 1780 2744 illustrare
1843 2690 2171 2743 instituisses
2202 2704 2216 2740 :
2246 2690 2343 2744 sed
2380 2703 2486 2743 non
2527 2688 2821 2754 vulgariter
2848 2689 3012 2742 etiam
3038 2702 3068 2741 a
3107 2702 3193 2741 me
3220 2687 3552 2754 diligebaris,
3597 2689 3739 2755 quod

487 2758 803 2829 tiregorium
835 2757 1195 2829 llaloandrutn
1224 2766 1636 2812 conterraneum
1675 2774 1879 2824 meum,
1904 2773 2155 2829 magnum
2194 2759 2341 2829 illum
2365 2766 2549 2826 postea
2576 2758 3042 2829 iurisconsultum,
3067 2771 3189 2829 cum
3212 2770 3360 2823 quoa
3380 2760 3560 2824 pueris
3592 2759 3743 2811 fanti-

482 2824 694 2882 liari‘ter
708 2830 968 2882 educatus
1007 2827 1250 2889 fueram,
1296 2836 1501 2880 tantunt
1521 2838 1754 2896 quantus
1782 2829 1872 2883 ille
1902 2824 2021 2895 fuit,
2040 2835 2156 2883 tum
2175 2824 2435 2890 consiliis,
2459 2824 2901 2896 tum—sumptibus
2918 2829 3081 2889 datis,
3109 2824 3319 2881 efﬁcere
3340 2831 3737 2896 preposuisses.

483 2896 618 2969 Mihi
639 2899 782 2952 enim
812 2907 868 2952 et
897 2897 1083 2967 patriae
1108 2898 1373 2966 imprimis
1402 2898 1633 2969 idtribui
1663 2914 1691 2951 a
1724 2908 1778 2953 te
1803 2902 2103 2969 putabam,
2130 2901 2273 2968 quod
2303 2899 2357 2953 in
2398 2899 2553 2969 illum,
2580 2898 2878 2969 conferres.
2904 2896 3014 2951 Nec
3048 2899 3306 2969 hactenus
3331 2897 3532 2969 aliquid
3561 2899 3733 2950 defuit

485 2968 618 3027 mihi
646 2977 842 3039 prater
863 2968 1234 3039 occasionem,
1266 2981 1373 3035 quo
1399 2968 1578 3039 minus
1602 2983 1778 3022 meum
1805 2966 1931 3039 erga
1964 2968 2024 3022 P.
2064 2966 2406 3022 Tfanimum
2445 2968 2791 3033 declararitn.
2833 2968 2983 3021 Hanc
3028 2975 3205 3020 autem
3236 2966 3345 3032 jam
3374 2968 3633 3039 adeptum
3654 2984 3739 3019 me

483 3050 655 3102 ratus,
688 3047 745 3092 ut
774 3038 1081 3092 elaberetur
1104 3037 1236 3091 mihi
1261 3051 1365 3091 non
1390 3038 1703 3107 permittere
1726 3036 1893 3104 volui,
1924 3040 2017 3093 sed
2048 3040 2376 3093 sanctissimi
2412 3040 2513 3093 viri
2572 3040 2859 3100 librorum,
2889 3047 3001 3099 aut,
3032 3045 3090 3089 ut
3120 3039 3320 3090 rectius
3362 3036 3562 3101 dicam,
3595 3036 3738 3089 The-

484 3110 629 3179 sauri
654 3108 769 3177 puri
796 3108 904 3178 puti
924 3108 989 3162 ad
1022 3116 1073 3179 te
1099 3107 1373 3179 missione,
1404 3108 1616 3175 publice
1651 3118 1901 3163 testatam
1926 3107 2103 3163 facere
2134 3124 2306 3163 meam
2336 3124 2461 3179 erga
2484 3109 2547 3162 B.
2571 3109 2630 3162 Ρ.
2652 3108 3132 3163 T.observantiam
3163 3123 3187 3179 :7
3210 3122 3371 3175 quam
3404 3122 3573 3176 nuper
3604 3110 3736 3179 :ttlen

484 3178 628 3243 Dens
661 3179 900 3248 optimus
930 3178 1200 3238 maximus
1224 3178 1309 3233 his
1341 3179 1651 3246 regionibus
1675 3179 1817 3233 inter
1848 3194 1983 3248 quas
2018 3188 2071 3231 et
2104 3180 2279 3247 patria
2310 3178 2425 3232 mea
2451 3188 2790 3241 numeratur,
2818 3178 3129 3246 episcopum
3159 3178 3306 3231 dedit
3343 3194 3357 3230 :
3384 3179 3473 3248 qui
3511 3178 3735 3246 publica:

482 3262 663 3301 rerum
697 3247 844 3317 pacis
898 3258 951 3301 et
988 3250 1290 3302 concordiae
1315 3263 1379 3301 ac
1414 3247 1873 3311 reconciliationis
1906 3250 1959 3303 in
1988 3249 2250 3318 religione
2281 3248 2585 3312 Christiana
2624 3251 2938 3316 reparandae
2967 3249 3139 3317 gratia
3164 3286 3179 3312 ,
3229 3248 3410 3318 omnia
3445 3247 3640 3318 facere
3667 3264 3729 3299 ac

478 3319 594 3389 pati
635 3315 858 3389 paratus
879 3328 982 3381 est,
1015 3326 1070 3373 et
1101 3318 1365 3372 hactenus
1394 3332 1504 3386 non
1524 3318 1718 3387 exigua
1756 3319 1999 3389 pericula
2024 3315 2279 3388 pe—rtulit.
2322 3318 2492 3373 Macte
2528 3315 2692 3388 igitur
2722 3321 2927 3381 animo,
2967 3315 3308 3389 magnanime
3333 3315 3437 3389 Juli
3468 3316 3730 3389 pontifex,

480 3388 533 3442 id
560 3388 702 3455 quod
726 3403 846 3442 cum
878 3389 988 3442 Deo
1018 3389 1228 3457 coepisti
1267 3402 1525 3457 prospere
1555 3388 1776 3457 perfice,
1808 3397 1864 3443 et
1887 3404 2017 3445 oves
2044 3400 2145 3442 tute
2179 3404 2324 3453 cura;
2357 3390 2674 3443 commissas
2706 3402 2847 3441 verm
2868 3388 3017 3441 verbi
3044 3388 3301 3440 doctrinae
3329 3388 3521 3453 pabulo
3552 3402 3732 3453 pasce,

480 3468 536 3524 et
578 3458 875 3512 Ecclesiam
906 3458 999 3511 Dei
1053 3460 1120 3511 ad
1168 3474 1350 3511 veram
1403 3460 1679 3527 Evangelii
1719 3460 1811 3512 lilii
1839 3461 1920 3514 stti
1961 3461 2220 3513 unitatem
2250 3458 2463 3528 collige.
2493 3458 2599 3513 Nos
2633 3473 2761 3511 vero
2817 3459 3110 3528 intertuos
3146 3472 3389 3518 recense,
3417 3470 3471 3510 et
3495 3468 3732 3510 nostram

481 3529 623 3581 hanc
656 3529 901 3582 Latinam
930 3529 1114 3581 Basilii
1169 3530 1601 3593 translationem,
1632 3538 1687 3583 et
1733 3530 1897 3584 simul
1922 3531 2237 3585 Graecorum
2270 3527 2513 3595 ejusdem
2575 3528 2902 3582 sanctissimi
2938 3527 3039 3581 viri
3067 3541 3292 3594 operum
3324 3528 3730 3588 collectionem,

481 3612 535 3659 et
569 3598 666 3651 sub
700 3601 915 3651 nomine
948 3608 1037 3651 tuo
1060 3599 1377 3661 editionem,
1416 3599 1489 3651 ita
1513 3600 1755 3667 aestima,
1781 3600 2055 3655 velutsittt
2082 3600 2256 3653 viduae
2294 3599 2440 3652 illius
2474 3599 2579 3651 duo
2612 3598 2698 3651 illa
2731 3612 2855 3665 quae
2883 3596 2995 3651 sola
3027 3596 3282 3659 habebat,
3338 3605 3393 3651 et
3444 3598 3498 3651 in
3541 3598 3731 3667 fiscum

480 3669 726 3740 mittebat
745 3670 970 3722 minuta.
991 3670 1119 3735 Qum
1138 3667 1446 3740 apud,R.lP.
1474 3667 1538 3721 T.
1558 3684 1585 3721 a
1610 3684 1696 3723 me
1724 3666 1991 3740 deposita,
2024 3670 2098 3722 ita
2127 3669 2313 3735 haberi
2342 3669 2522 3736 cupio,
2550 3677 2613 3740 ut
2648 3668 2912 3740 in_telligat
2934 3667 3046 3731 illa,
3080 3681 3168 3720 me
3200 3667 3338 3740 hanc
3364 3681 3543 3740 meam
3563 3668 3613 3720 in
3640 3666 3733 3720 his

479 3738 701 3798 edendis
721 3753 940 3807 operam
974 3731 1139 3792 totam
1170 3731 1337 3804 ipsins
1359 3731 1562 3809 judicio
1577 3731 1866 3809 subjicere,
1900 3750 1956 3793 et
1984 3740 2141 3793 unius
2160 3732 2363 3793 Sanctae
2385 3731 2664 3795 catholicae
2682 3731 2938 3793 Ecclesiae
2963 3738 3405 3809 censuratn,tsiv_e
3421 3738 3546 3805 quid
3572 3750 3729 3809 revo-

480 3822 627 3871 care,
656 3806 771 3862 sive
794 3810 1087 3862 immutare
1110 3809 1163 3862 in
1189 3823 1307 3862 mea
1337 3806 1713 3877 translatione,
1740 3827 1804 3865 ex
1839 3806 2167 3879 negligentia
2215 3809 2378 3871 forte,
2426 3811 2468 3861 si
2500 3810 2570 3861 ita
2604 3809 2821 3873 accidit,
2854 3822 2960 3863 non
2990 3816 3140 3861 certe
3166 3806 3508 3879 malignitate
3530 3808 3733 3879 admis-

480 3893 620 3950 sum,
652 3888 919 3947 oporteat,
947 3879 1169 3933 minime
1202 3879 1451 3947 refugere
1487 3897 1501 3932 :
1532 3893 1589 3934 et
1626 3875 1825 3950 alibqui
1860 3875 1933 3934 ea'
1950 3875 2033 3933 est
2087 3894 2266 3950 rerum
2303 3895 2544 3950 mearum
2584 3879 2837 3950 tenuitas,
2880 3889 2937 3933 ut
2966 3879 3031 3933 ad
3069 3887 3386 3950 praesentem
3422 3875 3710 3950 religionis

478 3949 706 4019 turbata:
728 3958 955 4012 statum,
984 3950 1114 4002 nihil
1156 3950 1384 4018 amplius
1407 3949 1656 4004 conferre
1679 3948 1898 4019 queam,
1932 3964 2030 4003 nec
2063 3948 2277 4019 propria
2311 3949 2578 4019 professio
2632 3949 2837 4004 medica
2862 3951 3022 4012 sinat,
3066 3961 3185 4019 quae
3209 3948 3322 4019 jam
3363 3948 3493 4000 mihi
3524 3948 3730 4000 instans

475 4018 544 4083 ad
570 4033 627 4073 se
649 4028 885 4075 revocat.
920 4019 1104 4074 Valeat
1132 4016 1426 4075 reverenda
1450 4020 1619 4088 pietas
1651 4016 1761 4075 tua.
1798 4016 2077 4087 Zuiccavii
2096 4016 2350 4076 Kalendis
2390 4021 2749 4091 Septembris,
2777 4036 2919 4076 anno
2953 4016 3341 4075 ChriSti1549.

1115 4180 3697 4203 W

512 4176 1162 4206 w—

518 4194 621 4206 n..,
724 4195 775 4207 ς,
839 4194 865 4207 ι,
1158 4198 1162 4205 λ

1419 4330 1815 4392 ΡΒᾸΞΡΑΤΙΟ
1859 4331 2237 4398 EDITIONIS
2278 4333 2742 4396 PARISIENSIS
2768 4380 2784 4409 ,

1696 4507 1842 4577 Quae
1875 4506 2108 4586 prodiit
2136 4524 2302 4570 anno
2339 4506 2504 4571 1618.

1603 4670 1907 4742 Bibliopolas
1936 4670 2257 4727 Parisienses
2296 4670 2501 4726 Lectort'
2531 4670 2588 4727 S.

540 4822 669 4901 Post
703 4822 1246 4901 editiottemoperum
1368 4822 1617 4901 Gregorii
1648 4823 1999 4901 Nysseni,_ne
2037 4827 2263 4901 fratrem
2298 4828 2484 4901 frater
2513 4828 2815 4901 desereret,
2857 4829 3046 4885 Basilii
3100 4830 3277 4901 Magni
3320 4831 3732 4893 lucubrationes.

477 4895 849 4970 studiosorum
867 4895 1157 4970 hominum
1192 4898 1332 4951 votis
1354 4898 1623 4970 espetitas
1645 4906 1875 4970 utraque
1917 4897 2178 4970 linguain
2222 4897 2394 4950 lucem
2421 4898 2584 4970 edere
2616 4898 2944 4970 cettjunctim
2978 4895 3366 4970 cupieba'mus:
3401 4918 3520 4956 cum
3546 4921 3575 4957 a
3607 4907 3721 4960 viro

476 4966 792 5037 doctissimo
817 4964 1086 5018 Ilichardo
1110 4964 1443 5019 Montacutio
1477 4968 1547 5037 ad
1576 4980 1675 5019 nos
1702 4981 1768 5019 ex
1790 4964 2214 5037 ‘Anglia'missa
2264 4976 2348 5021 est
2391 4967 2559 5021 editio
2611 4964 2796 5023 Graeca
2849 4964 3187 5026 Frobeniana
3244 4973 3370 5027 anni
3404 4972 3560 5036 1551,
3598 4992 3718 5029 cum

470 5034 853 5108 tnanuseriptis
879 5037 1158 5108 codicibus
1182 5037 1396 5103 collata,
1421 5044 1475 5089 et
1493 5036 1557 5108 _in_
1581 5036 1825 5108 margine
1851 5034 2031 5091 multis
2060 5037 2226 5108 variis
2247 5037 2574 5108 lectionibus
2604 5048 2657 5092 et
2685 5040 3147 5095 emendationibus
3169 5040 3455 5108 illustrata,
3481 5034 3719 5108 exceptis

470 5103 603 5176 solis
624 5105 875 5176 aduersu:
906 5103 1229 5176 @unomium
1257 5118 1311 5161 et
1335 5106 1591 5160 asceticis
1621 5103 1794 5170 libris,
1825 5108 2025 5175 quibus
2050 5119 2103 5161 et
2138 5106 2389 5176 Latinam
2420 5108 2716 5162 editionem
2766 5120 3004 5163 nostram
3054 5111 3336 5165 addiderat
3389 5103 3517 5167 anni
3557 5103 3713 5176 1605.

472 5174 527 5226 in
558 5173 808 5250 homiliis
828 5175 882 5227 in
914 5172 1550 5250 Psatmosrecognitam,
1582 5185 1637 5230 et
1663 5177 1716 5227 in
1753 5172 2151 5250 commentario
2182 5182 2249 5250 int
2270 5175 2474 5230 Isaiam
2506 5178 2560 5231 in
2587 5178 2809 5250 triginta
2832 5178 2915 5234 vel
2946 5180 3164 5234 circiter
3188 5182 3320 5236 locis
3352 5172 3712 5250 emendatam,

468 5256 576 5320 una
612 5258 738 5320 cum
769 5243 962 5320 (ξι-φορ
999 5245 1118 5320 ejus
1147 5244 1270 5320 libri
1307 5243 1885 5320 textumanuscripto,
1931 5262 1996 5300 ac
2032 5247 2287 5320 ducentis
2332 5243 2747 5320 quatuordecim
2792 5250 3035 5320 epistolis
3085 5252 3321 5304 nondum
3360 5252 3610 5319 vulgatis,
3646 5243 3713 5308 ab

469 5315 661 5391 eodem
690 5311 993 5391 Latinitate
1020 5311 1260 5391 donatis.
1306 5315 1593 5391 lnquibus
1616 5311 1840 5391 nequid
1867 5326 2012 5391 esset
2061 5315 2316 5383 fortasse,
2348 5311 2521 5386 'quod
2553 5311 2841 5373 catholicis
2876 5321 3177 5373 hominibus
3220 5311 3521 5391 suspeetu'm
3549 5311 3712 5389 esset,

467 5384 622 5457 quasi
654 5383 942 5457 non__l_)ona
965 5384 1068 5439 fide
1097 5386 1277 5439 omnia
1305 5401 1336 5441 c
1369 5383 1522 5440 libris
1548 5386 1775 5457 calamo
1801 5383 2044 5443 exaratis
2080 5383 2467 5454 repraesentata
2508 5399 2711 5451 essent,
2744 5396 2797 5441 et
2856 5399 2914 5443 ut
2942 5383 3553 5457 aliquoetiam'cumuln
3593 5383 3716 5445 «τοιαξ

467 5455 740 5529 rectiones
773 5453 1682 5529 illa:_a_ttgerentur,_eruditissi_mos
1715 5457 1923 5524 aliquos
1956 5459 2113 5527 hujus
2146 5453 2440 5512 academia:
2478 5463 2623 5515 viros
2655 5462 2951 5524 oravimus,
2988 5453 3046 5512 ut
3074 5475 3329 5514 escutere
3379 5463 3466 5515 illa
3497 5465 3713 5529 vellent,

464 5531 524 5576 et
543 5537 662 5593 cum
687 5523 865 5593 Regia;
890 5525 1230 5579 bibliotheca:
1258 5526 1408 5580 libris
1439 5525 1705 5579 conferre.

539 5590 605 5645 Et
634 5590 892 5661 quoniam
926 5606 1051 5650 ante
1077 5611 1250 5651 anuos
1274 5597 1527 5650 tredecim
1559 5606 1711 5650 notas
1748 5613 1872 5653 suas
1900 5597 1952 5650 in
1987 5596 2233 5654 Latinam
2286 5598 2466 5654 Basilii
2509 5600 3005 5672 interpretationem
3061 5603 3118 5656 ad
3166 5619 3261 5657 nos
3286 5602 3572 5675 Burdigala
3619 5624 3717 5661 ml-

536 5782 561 5818 '
595 5781 788 5845 Matth.
820 5803 965 5858 xxvi,
997 5789 1084 5846 3l.
1164 5794 1182 5824 ⁸
1218 5790 1359 5849 Psal.
1389 5806 1535 5862 cxxt,
1566 5792 1620 5848 6.
1699 5795 1715 5825 ’
1742 5792 1904 5850 Marc.
1934 5809 1984 5863 χ,
2018 5794 2100 5850 18.
