4094 6220
1148 294 1517 353 EXCERPTA
1557 297 1649 352 EX
1686 298 1891 355 ACTIS
1932 298 1991 354 S.
2031 297 2282 352 BASlLll
2319 295 2839 353 BOLLANDIANIS.
3370 315 3611 357 ccuxxv

441 415 573 485 Reg.
605 409 772 485 codex
807 409 980 485 2288,.
1006 409 1225 485 Henrici
1245 414 1486 485 secundi,
1522 414 1634 485 jam
1658 414 1783 469 olim
1811 432 1839 469 a
1875 417 2067 471 Duczeo
2094 415 2346 481 collatus,
2385 413 2725 479 chartaceus,
2753 423 2890 472 notze
2922 425 3003 472 sat
3027 415 3201 473 bonae.

443 481 577 552 mg.
606 481 779 552 codex
813 482 980 552 2287,
1017 484 1210 549 primo,
1244 484 1296 537 in
1320 481 1530 538 charta.

442 550 579 622 Reg.
609 551 780 606 codex
803 550 967 615 2287,
1001 555 1260 617 secundo,
1294 554 1403 622 jam
1434 557 1560 608 olim
1599 571 1624 607 a
1653 554 1980 611 Combelisio
2004 555 2248 610 collatus.

448 626 576 694 μοιβ.
611 622 779 675 codex
801 622 973 694 2549,
1002 624 1442 694 membranaceus
1476 635 1528 680 et
1552 626 1827 694 antiquus.

442 691 574 759 Reg.
600 694 767 745 codex
793 692 957 757 2892,
980 693 1244 747 undecimi
1269 696 1471 751 saeculi.

446 766 575 831 Reg.
609 764 777 834 codex
809 762 971 834 2896,
1004 762 1310 828 Mediczeus,
1343 764 1452 830 jam
1477 765 1603 818 olim
1633 780 1662 818 a
1699 767 1891 822 Ducaeo
1920 767 2169 834 collatus,
2198 767 2251 821 in
2275 766 2489 823 charta.

447 834 578 898 Reg.
608 833 777 886 codex
810 831 972 897 2989,
1008 834 1060 885 in
1090 834 1297 897 charta,
1329 836 1423 888 sed
1453 837 1603 890 bona:
1635 846 1791 890 notae.

444 904 787 958 tlolbertinus
816 907 984 957 codex
1012 903 1171 967 5069,
1204 906 1434 960 membr.

374 971 788 1099 ‘ocsgbgrtigus
814 975 985 1029 codex
1018 974 1182 1039 4721,
1234 985 1392 1045 prout
1439 975 1754 1031 inscribitur
1781 976 1833 1030 in
1871 976 2051 1031 fronte
2092 978 2280 1047 primae
2303 978 2510 1049 paginae
2539 994 2554 1032 :
2596 985 2651 1032 at
2683 976 2739 1031 in
2769 976 2926 1033 dorso
2951 976 3075 1032 libri
3098 978 3409 1037 inscribitur
3441 981 3572 1036 1721

398 1063 409 1097 l
453 1061 497 1095 Ill
610 1061 659 1098 ιη
736 1083 752 1097 .

398 1058 752 1113 iomnycmus.

445 1114 810 1188 goislinianus
841 1114 1011 1188 codex
1029 1115 1162 1188 229,
1197 1116 1659 1178 membranaceus,
1701 1126 1946 1172 vertente
1974 1133 2027 1173 ιι
2052 1117 2248 1171 sarculo
2279 1118 2362 1172 vel
2388 1119 2608 1172 ineunte
2635 1133 2666 1170 x
2690 1116 2947 1188 scriptus.

447 1184 757 1257 Coislianugs
790 1184 958 1239 codex
986 1186 1119 1249 255,
1144 1189 1586 1257 meinbranaceus
1611 1202 1823 1257 quoque
1850 1201 1903 1240 et
1934 1188 2366 1257 antiquissimus.

447 1254 603 1311 Bodl.
634 1254 823 1317 codex,
858 1270 888 1308 a
911 1257 1220 1311 doctissimo
1259 1258 1372 1312 viro
1394 1255 1600 1312 Joanne
1638 1254 1837 1313 Wottio
1866 1254 2111 1312 collatus.

1809 1368 1919 1423 Pro
1940 1369 2189 1428 Psalmis.

450 1464 581 1533 Reg.
617 1462 785 1518 codex
812 1460 974 1529 1824,
1001 1465 1229 1519 membr.

450 1535 581 1605 Reg.
606 1533 775 1605 codex
800 1533 959 1605 1900,
985 1536 1211 1590 membr.

452 1602 581 1673 Reg.
614 1604 782 1658 codex
820 1602 980 1668 1907,
1005 1608 1234 1660 membr.

453 1674 585 1747 Reg.
611 1675 782 1747 codex
813 1674 977 1747 2287,
1009 1677 1187 1737 tertio,
1216 1678 1442 1733 membr.
1477 1686 1531 1733 et
1560 1675 1972 1746 antiquissimus
1997 1690 2062 1730 ac
2098 1675 2316 1747 optimas
2345 1687 2507 1735 notae.

450 1744 581 1814 Reg.
609 1744 779 1798 codex
808 1744 970 1811 2289,
1002 1748 1231 1801 membr.

448 1815 581 1882 Reg.
616 1814 785 1869 codex
817 1815 977 1879 2525,
1004 1816 1231 1871 membr.

448 1885 601 1960 golb.
627 1886 799 1960 codex
825 1885 951 1960 457,
987 1887 1269 1942 undecimo
1298 1888 1495 1943 saeculo
1526 1889 1779 1960 scriptus.

449 1955 600 2010 Colb.
624 1955 795 2009 codex
832 1956 957 2012 499.

449 2026 492 2102 ρ
517 2026 603 2102 »l_h.
630 2025 801 2102 codex
827 2027 982 2102 l_:i2_8_.
1021 2028 1250 2102 membr.
1288 2031 1503 2098 quidem
1538 2038 1592 2102 et
1622 2028 2043 2102 vetustissimus,
2075 2030 2167 2082 sed
2210 2029 2363 2100 cujus
2399 2047 2525 2102 pars
2568 2030 2802 2084 maxima
2837 2031 2934 2100 legi
2975 2047 3077 2085 non
3115 2041 3303 2100 potest.

452 2096 606 2168 ςοιι).
637 2096 808 2168 codex
841 2098 1006 2163 1954,
1029 2099 1245 2168 optimae
1280 2096 1439 2163 noue,
1464 2101 1700 2168 scriptus
1720 2100 1929 2154 decimo
1952 2102 2177 2155 saeculo.

453 2166 605 2242 Quit).
638 2166 807 2242 codex
833 2168 993 2242 25i0,
1025 2167 1252 2242 membr.
1280 2180 1331 2225 et
1360 2166 1635 2242 antiquus.

453 2237 604 2309 Coll).
637 2236 805 2309 codex
838 2238 1000 2306 4275,
1026 2240 1255 2294 membr.

453 2306 602 2361 Colb.
628 2306 788 2371 4490,
810 2309 991 2367 homb.

453 2376 606 2431 Colh.
629 2379 799 2433 codex
828 2380 990 2435 5102.

454 2447 628 2574 (quigl.i
649 2449 830 2574 (ἐξ)ἓῖιέ
851 2450 979 2519 250,
1014 2450 1456 2506 membranaceus
1490 2452 1707 2522 quidem
1744 2461 1800 2508 et
1845 2451 2292 2523 antiquissimus,
2323 2456 2418 2511 sed
2448 2472 2477 2510 a
2509 2454 2735 2509 librario
2779 2454 3029 2523 imperito
3080 2456 3331 2525 Scriptus,
3377 2452 3445 2507 ob
3476 2453 3637 2524 idque

454 2534 507 2572 BI
583 2533 656 2574 ss
836 2558 852 2574 .

386 2533 852 2575 ιιιθιιαοδιεειωιιε.

916 2637 999 2690 Ad
1023 2638 1435 2691 emendationem
1470 2636 1723 2691 librorum
1755 2637 1808 2690 in
1840 2635 2166 2691 Eunomium
2198 2638 2377 2692 collati
2400 2646 2519 2691 sunt
2545 2638 2665 2691 libri
2693 2654 2781 2706 qut
2805 2645 3109 2705 sequuntur.

458 2726 589 2797 Reg.
617 2726 775 2793 1991,
806 2728 857 2782 in
895 2729 1108 2789 charta,
1144 2744 1406 2781 annorum
1438 2729 1656 2783 circiter
1682 2726 1808 2780 200.

460 2799 592 2868 Reg.
619 2798 782 2864 2286,
808 2798 934 2852 olim
970 2800 1197 2854 collatus
1216 2814 1246 2852 a
1281 2799 1612 2853 doctissimis
1638 2797 1848 2852 duobus
1875 2797 2004 2852 viris
2040 2798 2234 2852 Dircaeo
2268 2806 2323 2852 et
2356 2797 2705 2865 Comhetisio,
2743 2798 2796 2852 in
2824 2799 3034 2863 charta,
3062 2798 3153 2852 sed
3181 2807 3319 2849 noue
3343 2806 3427 2863 sat
3458 2798 3634 2861 bonae;

386 2886 650 2923 annorum
680 2871 898 2924 circiter
930 2870 1056 2924 550.

460 2938 593 3005 Reg.
629 2938 792 3003 2895,
832 2941 1278 2994 membranaceus
1305 2948 1360 2993 et
1386 2949 1527 2994 notae
1562 2939 1802 3007 optimae,
1831 2952 2093 2993 annorum
2119 2936 2244 2992 500.

462 3009 597 3079 Reg.
626 3009 789 3075 2896,
825 3012 876 3064 in
908 3012 1120 3073 charta,
1158 3025 1425 3063 annorum
1457 3010 1679 3064 circiter
1704 3010 1829 3064 550.

460 3079 593 3152 Reg.
626 3081 791 3152 7545!),
820 3082 871 3152 in
904 3082 1116 3148 charta,
1142 3095 1406 3152 annorum
1433 3079 1558 3134 550.

461 3148 595 3217 Reg.
623 3151 786 3211 5442,
819 3151 872 3205 in
907 3152 1115 3213 charta,
1148 3151 1240 3206 sed
1270 3151 1525 3217 antiquus
1551 3160 1755 3214 tamen,
1788 3164 2052 3203 annorum
2088 3148 2211 3204 500.

462 3216 615 3276 Colh.
653 3222 815 3286 4529,
850 3230 1006 3290 prout
1040 3221 1359 3275 inscribitur
1389 3216 1440 3273 in
1477 3221 1653 3273 fronte
1680 3221 1869 3288 prima:
1903 3223 2109 3288 paginis
2141 3236 2153 3271 :
2189 3230 2244 3273 at
2290 3222 2342 3274 in
2391 3218 2554 3274 dorso
2596 3218 2721 3275 libri
2765 3218 3084 3275 inscribitur
3120 3218 3278 3272 1529.
3306 3216 3642 3272 Membrana-

388 3307 522 3367 Cnus
548 3302 600 3346 et
625 3302 767 3367 noue
788 3292 1060 3367 perbene»,
1093 3292 1378 3367 undecimo
1405 3293 1601 3343 saeculo
1639 3290 1854 3367 ineunte
1884 3294 2140 3367 scriptus.
2235 3360 2246 3367 _
2343 3358 2377 3367 __
2874 3361 2887 3367 _
3107 3360 3135 3367 __
3545 3356 3555 3367 .

465 3361 732 3417 Praeterea
759 3358 809 3416 in
837 3364 937 3417 hac
960 3374 1144 3417 nostra
1177 3362 1416 3417 editione
1440 3368 1698 3415 notantur
1722 3361 1889 3414 variae
1932 3360 2197 3414 lectiones
2220 3358 2571 3429 Anglicorum
2624 3361 2978 3430 quorumdam
3020 3360 3292 3424 codicum,
3336 3373 3473 3428 quos
3511 3358 3635 3411 citat

390 3434 479 3486 vir
514 3434 911 3488 eruditissimus
950 3433 1196 3487 Ducmus.

780 3545 864 3598 Ad
901 3545 1315 3599 emendationem
1347 3543 1727 3598 Commentarii
1761 3542 1813 3596 in
1855 3540 2047 3597 Isaiam
2080 3538 2261 3594 collati
2283 3549 2420 3609 .sunt
2461 3541 2665 3595 codices
2690 3542 2779 3610 qui
2818 3540 2960 3609 infra
2989 3549 3260 3594 notantur.

467 3638 601 3709 Reg.
628 3638 786 3703 1909,
814 3640 904 3708 qui
929 3640 1238 3699 Combelisii
1269 3647 1347 3693 est
1378 3640 1549 3693 codex
1580 3638 1868 3705 recentior,
1898 3636 2101 3708 quique
2125 3636 2239 3705 jam
2277 3644 2443 3693 antea
2475 3650 2514 3693 ιι.
2535 3636 2729 3689 Duczeo
2759 3634 2934 3689 fuerat
2961 3633 3210 3696 collatus,
3254 3646 3593 3701 papyraceus

396 3725 506 3778 quo
536 3710 674 3765 libro
703 3712 782 3785 usi
814 3722 942 3764 sunt
977 3710 1292 3781 typograpbi
1318 3709 1676 3785 Parisienses.

448 3794 577 3864 Reg.
612 3780 752 3864 2290
782 3790 947 3864 (nunc
969 3780 1125 3864 492),
1147 3789 1400 3864 membr?
1437 3787 1549 3864 jam
1588 3784 1717 3864 olim
1751 3798 1781 3837 a
1815 3780 2284 3864 Ducaeocqllatus.

445 3854 575 3933 Reg.
609 3863 744 3933 2291
774 3854 939 3931 (nunc
969 3854 1119 3933 495),
1147 3861 1239 3929 qui
1269 3854 1542 3933 antiquior
1566 3854 1734 3933 codex
1767 3861 1849 3933 est
1873 3854 2207 3922 Combeﬁsii,
2234 3855 2681 3911 membranaceus
2703 3862 2758 3907 et
2787 3854 3002 3924 optimae
3029 3864 3184 3909 notae.

451 3930 580 4002 Reg.
607 3932 750 4002 2292
777 3930 943 4001 (nunc
966 3930 1115 4002 496),
1143 3930 1590 4002 membranaceus
1621 3932 1675 3978 et
1700 3930 1917 3992 optimae
1945 3934 2107 3979 notae.

446 3998 597 4058 Cotti.
629 4001 734 4073 402
767 3998 933 4072 (nunc
958 3998 1108 4073 495),
1137 4008 1280 4055 notae
1305 3998 1544 4066 optimm.
1608 4062 1636 4073 Δ.

448 4073 599 4128 Colb.
630 4070 966 4143 4t84’(nunc
988 4071 1138 4139 494),
1169 4078 1310 4124 nota:
1337 4081 1501 4139 quam
1529 4070 1766 4134 optimae.

376 4304 3592 4345 Ἥ

1615 4508 2371 4626 EXCERPTA

852 4770 1015 4860 EX
1087 4771 1424 4865 ACTIS
1493 4772 1587 4863 S.
1668 4771 2107 4862 BASILII
2188 4772 3122 4866 BOLLANDIANIS.

1594 4965 1759 5037 (Junii
1787 4974 1825 5022 t.
1856 4966 1920 5033 ιι,
1950 4967 2035 5024 die
2062 4968 2148 5034 i4,
2178 4969 2403 5043 p.807.)

943 5308 1019 5364 De
1049 5309 1245 5379 duplici
1277 5313 1425 5380 (esto,
1458 5312 1819 5368 Ordinationis
1844 5315 1984 5384 apud
2014 5313 2251 5381 Latinos,
2276 5326 2323 5371 et
2360 5318 2544 5373 Obitus
2589 5321 2730 5384 apud
2761 5321 2997 5378 Gnaeos;

453 5465 672 5539 Magnus
694 5468 921 5525 Basilius
945 5512 961 5536 ,
997 5470 1358 5526 Czesareensis
1387 5470 1441 5525 in
1468 5472 1804 5543 Cappadocia
1831 5472 1949 5542 epi-
2057 5465 2273 5527 Quidem
2308 5463 2541 5533 primum
2590 5460 2833 5517 Januarii
2880 5476 2986 5531 quo
3029 5461 3193 5527 obiit,
3252 5460 3307 5516 in
3334 5460 3629 5519 Occidente

383 5579 576 5634 scOpus
600 5605 614 5628 ,
644 5565 777 5620 duos
806 5564 1075 5636 prmeipue
1126 5564 1180 5618 in
1212 5564 1385 5620 sacris
1431 5564 1589 5621 fastis
1624 5566 1740 5621 dies
1790 5565 1955 5620 habet
2058 5572 2191 5614 vero
2232 5558 2375 5612 hunc
2405 5569 2496 5608 xiv
2529 5551 2672 5608 Junii
2723 5568 2828 5623 quo
2861 5562 3081 5623 putatur
3130 5562 3475 5609 consecratus
3517 5554 3630 5623 epi-

385 5657 658 5712 memoria:
695 5672 803 5713 sua:
837 5657 1134 5726 antiquitus
1188 5667 1534 5716 consecratos
1570 5676 1583 5715 :
1640 5658 1694 5715 in
1728 5657 1952 5715 Oriente
2066 5667 2260 5723 scopns
2284 5689 2300 5721 ,
2330 5649 2654 5706 malentibus
2687 5647 2896 5705 Latinis
2925 5647 3159 5718 primum
3195 5646 3276 5701 sui
3314 5646 3439 5701 anni
3488 5646 3629 5701 diem
