  <div class='ocr_page' id='page_1' title='image "/cluster/home/n/w/nwhite01/storage/ocr_20150623/29/mdp.39015012934371/295.png"; bbox 0 0 4094 6220; ppageno 0'>
   <div class='ocr_carea' id='block_1_1' title="bbox 518 346 780 390">
    <p class='ocr_par' dir='ltr' id='par_1_1' title="bbox 518 346 780 390">
     <span class='ocr_line' id='line_1_1' title="bbox 518 346 780 390; baseline -0.011 0"><span class='ocrx_word' id='word_1_1' title='bbox 518 346 780 390; x_wconf 70' lang='lat' dir='ltr'><strong>DCLXXXV]</strong></span> 
     </span>
    </p>
   </div>
   <div class='ocr_carea' id='block_1_2' title="bbox 1868 348 2392 406">
    <p class='ocr_par' dir='ltr' id='par_1_2' title="bbox 1868 348 2392 406">
     <span class='ocr_line' id='line_1_2' title="bbox 1868 348 2392 406; baseline 0.006 -4"><span class='ocrx_word' id='word_1_2' title='bbox 1868 348 2392 406; x_wconf 78' lang='lat' dir='ltr'><strong>PROLEGOMENA.</strong></span> 
     </span>
    </p>
   </div>
   <div class='ocr_carea' id='block_1_3' title="bbox 529 448 3763 553">
    <p class='ocr_par' dir='ltr' id='par_1_3' title="bbox 529 448 3763 553">
     <span class='ocr_line' id='line_1_3' title="bbox 529 448 3763 553; baseline 0.011 -54"><span class='ocrx_word' id='word_1_3' title='bbox 529 456 702 502; x_wconf 87' lang='lat' dir='ltr'><strong>totum</strong></span> <span class='ocrx_word' id='word_1_4' title='bbox 728 461 998 516; x_wconf 84' lang='lat' dir='ltr'><strong>occupare</strong></span> <span class='ocrx_word' id='word_1_5' title='bbox 1017 448 1305 507; x_wconf 88' lang='lat' dir='ltr'><strong>recolendo</strong></span> <span class='ocrx_word' id='word_1_6' title='bbox 1339 451 1628 511; x_wconf 73' lang='lat' dir='ltr'><strong>Dominicar</strong></span> <span class='ocrx_word' id='word_1_7' title='bbox 1659 458 2096 521; x_wconf 84' lang='lat' dir='ltr'><strong>Circumcisionis</strong></span> <span class='ocrx_word' id='word_1_8' title='bbox 2123 474 2171 530; x_wconf 75' lang='grc' dir='ltr'>Α</span> <span class='ocrx_word' id='word_1_9' title='bbox 2197 466 2528 537; x_wconf 77' lang='lat' dir='ltr'><strong>perdurarit.</strong></span> <span class='ocrx_word' id='word_1_10' title='bbox 2567 487 2586 521; x_wconf 75' lang='grc' dir='ltr'><strong>ι</strong></span> <span class='ocrx_word' id='word_1_11' title='bbox 2619 468 2746 526; x_wconf 67' lang='lat' dir='ltr'><strong>Hac</strong></span> <span class='ocrx_word' id='word_1_12' title='bbox 2767 477 2827 525; x_wconf 91' lang='lat' dir='ltr'><strong>ut</strong></span> <span class='ocrx_word' id='word_1_13' title='bbox 2849 472 3023 542; x_wconf 84' lang='lat' dir='ltr'><strong>quoad</strong></span> <span class='ocrx_word' id='word_1_14' title='bbox 3053 485 3166 530; x_wconf 87' lang='lat' dir='ltr'><strong>rem</strong></span> <span class='ocrx_word' id='word_1_15' title='bbox 3189 472 3438 545; x_wconf 81' lang='lat' dir='ltr'><strong>pleraque</strong></span> <span class='ocrx_word' id='word_1_16' title='bbox 3467 491 3591 534; x_wconf 82' lang='lat' dir='ltr'><strong>vera</strong></span> <span class='ocrx_word' id='word_1_17' title='bbox 3614 492 3763 553; x_wconf 55' lang='lat' dir='ltr'><strong>sunt;</strong></span> 
     </span>
    </p>
   </div>
   <div class='ocr_carea' id='block_1_4' title="bbox 525 536 2093 618">
    <p class='ocr_par' dir='ltr' id='par_1_4' title="bbox 525 536 2093 618">
     <span class='ocr_line' id='line_1_4' title="bbox 525 536 2093 618; baseline 0.014 -27"><span class='ocrx_word' id='word_1_18' title='bbox 525 537 806 609; x_wconf 83' lang='lat' dir='ltr'><strong>mysterio.</strong></span> <span class='ocrx_word' id='word_1_19' title='bbox 846 536 943 593; x_wconf 85' lang='lat' dir='ltr'><strong>His</strong></span> <span class='ocrx_word' id='word_1_20' title='bbox 969 543 1239 596; x_wconf 72' lang='lat' dir='ltr'><strong>recentior</strong></span> <span class='ocrx_word' id='word_1_21' title='bbox 1259 542 1570 600; x_wconf 78' lang='lat' dir='ltr'><strong>Graecorum</strong></span> <span class='ocrx_word' id='word_1_22' title='bbox 1600 549 2009 618; x_wconf 65' lang='lat' dir='ltr'><strong>pietas,sccnlo</strong></span> <span class='ocrx_word' id='word_1_23' title='bbox 2037 575 2093 613; x_wconf 79' lang='lat' dir='ltr'><strong>x1</strong></span> 
     </span>
    </p>
   </div>
   <div class='ocr_carea' id='block_1_5' title="bbox 520 633 2092 719">
    <p class='ocr_par' dir='ltr' id='par_1_5' title="bbox 520 633 2092 719">
     <span class='ocr_line' id='line_1_5' title="bbox 520 633 2092 719; baseline 0.012 -30"><span class='ocrx_word' id='word_1_24' title='bbox 520 633 730 690; x_wconf 81' lang='lat' dir='ltr'><strong>addidit</strong></span> <span class='ocrx_word' id='word_1_25' title='bbox 761 636 980 690; x_wconf 90' lang='lat' dir='ltr'><strong>tertium</strong></span> <span class='ocrx_word' id='word_1_26' title='bbox 1008 637 1107 708; x_wconf 86' lang='lat' dir='ltr'><strong>ipsi</strong></span> <span class='ocrx_word' id='word_1_27' title='bbox 1134 638 1504 712; x_wconf 82' lang='lat' dir='ltr'><strong>Gregorioque</strong></span> <span class='ocrx_word' id='word_1_28' title='bbox 1523 645 1797 719; x_wconf 81' lang='lat' dir='ltr'><strong>Theologo</strong></span> <span class='ocrx_word' id='word_1_29' title='bbox 1820 662 1874 706; x_wconf 87' lang='lat' dir='ltr'><strong>et</strong></span> <span class='ocrx_word' id='word_1_30' title='bbox 1899 652 2092 708; x_wconf 89' lang='lat' dir='ltr'><strong>Joanni</strong></span> 
     </span>
    </p>
   </div>
   <div class='ocr_carea' id='block_1_6' title="bbox 519 725 2097 800">
    <p class='ocr_par' dir='ltr' id='par_1_6' title="bbox 519 725 2097 800">
     <span class='ocr_line' id='line_1_6' title="bbox 519 725 2097 800; baseline 0.011 -19"><span class='ocrx_word' id='word_1_31' title='bbox 519 725 911 798; x_wconf 81' lang='lat' dir='ltr'><strong>Cbrysostomo</strong></span> <span class='ocrx_word' id='word_1_32' title='bbox 937 733 1300 786; x_wconf 86' lang='lat' dir='ltr'><strong>communiter</strong></span> <span class='ocrx_word' id='word_1_33' title='bbox 1327 735 1731 793; x_wconf 84' lang='lat' dir='ltr'><strong>celebrandum.</strong></span> <span class='ocrx_word' id='word_1_34' title='bbox 1767 742 1842 797; x_wconf 82' lang='lat' dir='ltr'><strong>De</strong></span> <span class='ocrx_word' id='word_1_35' title='bbox 1873 744 1973 799; x_wconf 92' lang='lat' dir='ltr'><strong>hoc</strong></span> <span class='ocrx_word' id='word_1_36' title='bbox 1995 745 2097 800; x_wconf 86' lang='lat' dir='ltr'><strong>dif-</strong></span> 
     </span>
    </p>
   </div>
   <div class='ocr_carea' id='block_1_7' title="bbox 519 817 2095 907">
    <p class='ocr_par' dir='ltr' id='par_1_7' title="bbox 519 817 2095 907">
     <span class='ocr_line' id='line_1_7' title="bbox 519 817 2095 907; baseline 0.015 -38"><span class='ocrx_word' id='word_1_37' title='bbox 519 817 748 874; x_wconf 77' lang='lat' dir='ltr'><strong>ferimus</strong></span> <span class='ocrx_word' id='word_1_38' title='bbox 802 835 964 892; x_wconf 83' lang='lat' dir='ltr'><strong>agere</strong></span> <span class='ocrx_word' id='word_1_39' title='bbox 1023 838 1194 893; x_wconf 89' lang='lat' dir='ltr'><strong>usque</strong></span> <span class='ocrx_word' id='word_1_40' title='bbox 1242 837 1362 895; x_wconf 91' lang='lat' dir='ltr'><strong>post</strong></span> <span class='ocrx_word' id='word_1_41' title='bbox 1393 831 1525 884; x_wconf 68' lang='lat' dir='ltr'><strong>Acta</strong></span> <span class='ocrx_word' id='word_1_42' title='bbox 1563 832 1687 888; x_wconf 87' lang='lat' dir='ltr'><strong>vitae</strong></span> <span class='ocrx_word' id='word_1_43' title='bbox 1725 833 1898 892; x_wconf 84' lang='lat' dir='ltr'><strong>fusius</strong></span> <span class='ocrx_word' id='word_1_44' title='bbox 1930 839 2095 907; x_wconf 84' lang='lat' dir='ltr'><strong>expli-</strong></span> 
     </span>
    </p>
   </div>
   <div class='ocr_carea' id='block_1_8' title="bbox 524 911 2094 995">
    <p class='ocr_par' dir='ltr' id='par_1_8' title="bbox 524 911 2094 995">
     <span class='ocr_line' id='line_1_8' title="bbox 524 911 2094 995; baseline 0.015 -32"><span class='ocrx_word' id='word_1_45' title='bbox 524 911 696 966; x_wconf 78' lang='lat' dir='ltr'><strong>canda</strong></span> <span class='ocrx_word' id='word_1_46' title='bbox 725 933 736 966; x_wconf 95' lang='lat'>:</span> <span class='ocrx_word' id='word_1_47' title='bbox 767 913 835 969; x_wconf 91' lang='lat' dir='ltr'><strong>de</strong></span> <span class='ocrx_word' id='word_1_48' title='bbox 879 915 1150 994; x_wconf 72' lang='lat' dir='ltr'><strong>prioribus</strong></span> <span class='ocrx_word' id='word_1_49' title='bbox 1183 917 1390 974; x_wconf 90' lang='lat' dir='ltr'><strong>duobus</strong></span> <span class='ocrx_word' id='word_1_50' title='bbox 1423 923 1637 990; x_wconf 81' lang='lat' dir='ltr'><strong>praefari</strong></span> <span class='ocrx_word' id='word_1_51' title='bbox 1662 926 1856 995; x_wconf 86' lang='lat' dir='ltr'><strong>placet.</strong></span> <span class='ocrx_word' id='word_1_52' title='bbox 1886 929 2094 986; x_wconf 92' lang='lat' dir='ltr'><strong>Latinis</strong></span> 
     </span>
    </p>
   </div>
   <div class='ocr_carea' id='block_1_9' title="bbox 519 1002 2093 1085">
    <p class='ocr_par' dir='ltr' id='par_1_9' title="bbox 519 1002 2093 1085">
     <span class='ocr_line' id='line_1_9' title="bbox 519 1002 2093 1085; baseline 0.015 -31"><span class='ocrx_word' id='word_1_53' title='bbox 519 1017 650 1074; x_wconf 82' lang='lat' dir='ltr'><strong>ergo</strong></span> <span class='ocrx_word' id='word_1_54' title='bbox 693 1002 1090 1076; x_wconf 82' lang='lat' dir='ltr'><strong>Martyrologiis</strong></span> <span class='ocrx_word' id='word_1_55' title='bbox 1126 1007 1229 1062; x_wconf 87' lang='lat' dir='ltr'><strong>hoc</strong></span> <span class='ocrx_word' id='word_1_56' title='bbox 1255 1024 1346 1064; x_wconf 86' lang='lat' dir='ltr'><strong>xlv</strong></span> <span class='ocrx_word' id='word_1_57' title='bbox 1369 1010 1513 1066; x_wconf 80' lang='lat' dir='ltr'><strong>Junii</strong></span> <span class='ocrx_word' id='word_1_58' title='bbox 1567 1016 1838 1085; x_wconf 91' lang='lat' dir='ltr'><strong>ascriptus</strong></span> <span class='ocrx_word' id='word_1_59' title='bbox 1873 1031 2093 1077; x_wconf 77' lang='lat' dir='ltr'><strong>sanctus</strong></span> 
     </span>
    </p>
   </div>
   <div class='ocr_carea' id='block_1_10' title="bbox 519 1093 2090 1177">
    <p class='ocr_par' dir='ltr' id='par_1_10' title="bbox 519 1093 2090 1177">
     <span class='ocr_line' id='line_1_10' title="bbox 519 1093 2090 1177; baseline 0.012 -29"><span class='ocrx_word' id='word_1_60' title='bbox 519 1093 754 1150; x_wconf 85' lang='lat' dir='ltr'><strong>Basilius</strong></span> <span class='ocrx_word' id='word_1_61' title='bbox 809 1106 939 1152; x_wconf 88' lang='lat' dir='ltr'><strong>est:</strong></span> <span class='ocrx_word' id='word_1_62' title='bbox 978 1114 1082 1154; x_wconf 89' lang='lat' dir='ltr'><strong>non</strong></span> <span class='ocrx_word' id='word_1_63' title='bbox 1137 1111 1263 1155; x_wconf 91' lang='lat' dir='ltr'><strong>sunt</strong></span> <span class='ocrx_word' id='word_1_64' title='bbox 1300 1111 1476 1158; x_wconf 89' lang='lat' dir='ltr'><strong>tamen</strong></span> <span class='ocrx_word' id='word_1_65' title='bbox 1529 1107 1902 1177; x_wconf 88' lang='lat' dir='ltr'><strong>antiquissima</strong></span> <span class='ocrx_word' id='word_1_66' title='bbox 1960 1112 2090 1167; x_wconf 88' lang='lat' dir='ltr'><strong>illa:</strong></span> 
     </span>
    </p>
   </div>
   <div class='ocr_carea' id='block_1_11' title="bbox 519 1189 2092 1274">
    <p class='ocr_par' dir='ltr' id='par_1_11' title="bbox 519 1189 2092 1274">
     <span class='ocr_line' id='line_1_11' title="bbox 519 1189 2092 1274; baseline 0.013 -35"><span class='ocrx_word' id='word_1_67' title='bbox 519 1196 701 1242; x_wconf 91' lang='lat' dir='ltr'><strong>tacent</strong></span> <span class='ocrx_word' id='word_1_68' title='bbox 738 1189 882 1243; x_wconf 90' lang='lat' dir='ltr'><strong>enim</strong></span> <span class='ocrx_word' id='word_1_69' title='bbox 930 1190 996 1245; x_wconf 84' lang='lat' dir='ltr'><strong>de</strong></span> <span class='ocrx_word' id='word_1_70' title='bbox 1043 1189 1245 1247; x_wconf 88' lang='lat' dir='ltr'><strong>Basilio</strong></span> <span class='ocrx_word' id='word_1_71' title='bbox 1284 1191 1690 1266; x_wconf 80' lang='lat' dir='ltr'><strong>Hieronymiani</strong></span> <span class='ocrx_word' id='word_1_72' title='bbox 1727 1199 2092 1274; x_wconf 84' lang='lat' dir='ltr'><strong>Martyrologii</strong></span> 
     </span>
    </p>
   </div>
   <div class='ocr_carea' id='block_1_12' title="bbox 516 1280 2092 1359">
    <p class='ocr_par' dir='ltr' id='par_1_12' title="bbox 516 1280 2092 1359">
     <span class='ocr_line' id='line_1_12' title="bbox 516 1280 2092 1359; baseline 0.009 -25"><span class='ocrx_word' id='word_1_73' title='bbox 516 1280 789 1350; x_wconf 84' lang='lat' dir='ltr'><strong>ecgrapba</strong></span> <span class='ocrx_word' id='word_1_74' title='bbox 817 1281 1039 1348; x_wconf 87' lang='lat' dir='ltr'><strong>omnia;</strong></span> <span class='ocrx_word' id='word_1_75' title='bbox 1100 1297 1310 1339; x_wconf 89' lang='lat' dir='ltr'><strong>necnon</strong></span> <span class='ocrx_word' id='word_1_76' title='bbox 1353 1288 1620 1356; x_wconf 88' lang='lat' dir='ltr'><strong>genuinus</strong></span> <span class='ocrx_word' id='word_1_77' title='bbox 1665 1289 1842 1359; x_wconf 63' lang='lat' dir='ltr'><strong>Beda,</strong></span> <span class='ocrx_word' id='word_1_78' title='bbox 1878 1297 2092 1348; x_wconf 89' lang='lat' dir='ltr'><strong>omnia-</strong></span> 
     </span>
    </p>
   </div>
   <div class='ocr_carea' id='block_1_13' title="bbox 518 1371 2095 1446">
    <p class='ocr_par' dir='ltr' id='par_1_13' title="bbox 518 1371 2095 1446">
     <span class='ocr_line' id='line_1_13' title="bbox 518 1371 2095 1446; baseline 0.011 -22"><span class='ocrx_word' id='word_1_79' title='bbox 518 1386 625 1440; x_wconf 87' lang='lat' dir='ltr'><strong>que</strong></span> <span class='ocrx_word' id='word_1_80' title='bbox 676 1371 833 1428; x_wconf 83' lang='lat' dir='ltr'><strong>Bedae</strong></span> <span class='ocrx_word' id='word_1_81' title='bbox 893 1383 1101 1431; x_wconf 73' lang='lat' dir='ltr'><strong>vetusta</strong></span> <span class='ocrx_word' id='word_1_82' title='bbox 1159 1375 1586 1446; x_wconf 84' lang='lat' dir='ltr'><strong>Supplementa,</strong></span> <span class='ocrx_word' id='word_1_83' title='bbox 1625 1397 1730 1437; x_wconf 89' lang='lat' dir='ltr'><strong>una</strong></span> <span class='ocrx_word' id='word_1_84' title='bbox 1780 1401 1900 1438; x_wconf 85' lang='lat' dir='ltr'><strong>cum</strong></span> <span class='ocrx_word' id='word_1_85' title='bbox 1933 1385 2095 1443; x_wconf 87' lang='lat' dir='ltr'><strong>Floro</strong></span> 
     </span>
    </p>
   </div>
   <div class='ocr_carea' id='block_1_14' title="bbox 518 1459 2091 1538">
    <p class='ocr_par' dir='ltr' id='par_1_14' title="bbox 518 1459 2091 1538">
     <span class='ocr_line' id='line_1_14' title="bbox 518 1459 2091 1538; baseline 0.011 -23"><span class='ocrx_word' id='word_1_86' title='bbox 518 1459 887 1530; x_wconf 87' lang='lat' dir='ltr'><strong>Lngdunensi,</strong></span> <span class='ocrx_word' id='word_1_87' title='bbox 916 1479 979 1520; x_wconf 91' lang='lat' dir='ltr'><strong>ac</strong></span> <span class='ocrx_word' id='word_1_88' title='bbox 1011 1467 1245 1538; x_wconf 86' lang='lat' dir='ltr'><strong>denique</strong></span> <span class='ocrx_word' id='word_1_89' title='bbox 1265 1467 1687 1528; x_wconf 88' lang='lat' dir='ltr'><strong>Wandelbertus</strong></span> <span class='ocrx_word' id='word_1_90' title='bbox 1734 1473 2091 1533; x_wconf 90' lang='lat' dir='ltr'><strong>Prnmiensis.</strong></span> 
     </span>
    </p>
   </div>
   <div class='ocr_carea' id='block_1_15' title="bbox 518 1550 2094 1626">
    <p class='ocr_par' dir='ltr' id='par_1_15' title="bbox 518 1550 2094 1626">
     <span class='ocr_line' id='line_1_15' title="bbox 518 1550 2094 1626; baseline 0.012 -21"><span class='ocrx_word' id='word_1_91' title='bbox 518 1550 686 1608; x_wconf 87' lang='lat' dir='ltr'><strong>Primi</strong></span> <span class='ocrx_word' id='word_1_92' title='bbox 721 1554 774 1607; x_wconf 88' lang='lat' dir='ltr'><strong>in</strong></span> <span class='ocrx_word' id='word_1_93' title='bbox 799 1555 886 1609; x_wconf 88' lang='lat' dir='ltr'><strong>illo</strong></span> <span class='ocrx_word' id='word_1_94' title='bbox 915 1559 1265 1626; x_wconf 90' lang='lat' dir='ltr'><strong>nominando,</strong></span> <span class='ocrx_word' id='word_1_95' title='bbox 1304 1578 1370 1616; x_wconf 89' lang='lat' dir='ltr'><strong>ex</strong></span> <span class='ocrx_word' id='word_1_96' title='bbox 1401 1565 1670 1619; x_wconf 88' lang='lat' dir='ltr'><strong>communi</strong></span> <span class='ocrx_word' id='word_1_97' title='bbox 1697 1575 1876 1622; x_wconf 87' lang='lat' dir='ltr'><strong>tamen</strong></span> <span class='ocrx_word' id='word_1_98' title='bbox 1909 1571 2094 1625; x_wconf 90' lang='lat' dir='ltr'><strong>nescio</strong></span> 
     </span>
    </p>
   </div>
   <div class='ocr_carea' id='block_1_16' title="bbox 518 1643 2096 1736">
    <p class='ocr_par' dir='ltr' id='par_1_16' title="bbox 518 1643 2096 1736">
     <span class='ocr_line' id='line_1_16' title="bbox 518 1643 2096 1736; baseline 0.015 -45"><span class='ocrx_word' id='word_1_99' title='bbox 518 1657 628 1711; x_wconf 88' lang='lat' dir='ltr'><strong>quo</strong></span> <span class='ocrx_word' id='word_1_100' title='bbox 663 1643 830 1710; x_wconf 84' lang='lat' dir='ltr'><strong>fonte,</strong></span> <span class='ocrx_word' id='word_1_101' title='bbox 868 1646 1086 1702; x_wconf 90' lang='lat' dir='ltr'><strong>fuerunt</strong></span> <span class='ocrx_word' id='word_1_102' title='bbox 1123 1650 1402 1708; x_wconf 89' lang='lat' dir='ltr'><strong>Usuardns</strong></span> <span class='ocrx_word' id='word_1_103' title='bbox 1429 1665 1484 1708; x_wconf 90' lang='lat' dir='ltr'><strong>et</strong></span> <span class='ocrx_word' id='word_1_104' title='bbox 1514 1656 1630 1710; x_wconf 87' lang='lat' dir='ltr'><strong>Ado</strong></span> <span class='ocrx_word' id='word_1_105' title='bbox 1661 1675 1674 1711; x_wconf 91' lang='lat'><strong>:</strong></span> <span class='ocrx_word' id='word_1_106' title='bbox 1708 1672 1936 1736; x_wconf 81' lang='lat' dir='ltr'><strong>quorum</strong></span> <span class='ocrx_word' id='word_1_107' title='bbox 1985 1661 2096 1732; x_wconf 87' lang='lat' dir='ltr'><strong>pri-</strong></span> 
     </span>
    </p>
   </div>
   <div class='ocr_carea' id='block_1_17' title="bbox 518 1740 2094 1809">
    <p class='ocr_par' dir='ltr' id='par_1_17' title="bbox 518 1740 2094 1809">
     <span class='ocr_line' id='line_1_17' title="bbox 518 1740 2094 1809; baseline 0.015 -23"><span class='ocrx_word' id='word_1_108' title='bbox 518 1746 662 1800; x_wconf 88' lang='lat' dir='ltr'><strong>mus,</strong></span> <span class='ocrx_word' id='word_1_109' title='bbox 708 1751 857 1790; x_wconf 90' lang='lat' dir='ltr'><strong>more</strong></span> <span class='ocrx_word' id='word_1_110' title='bbox 882 1753 982 1794; x_wconf 85' lang='lat' dir='ltr'><strong>suo</strong></span> <span class='ocrx_word' id='word_1_111' title='bbox 1008 1740 1248 1808; x_wconf 81' lang='lat' dir='ltr'><strong>brevior,</strong></span> <span class='ocrx_word' id='word_1_112' title='bbox 1274 1745 1341 1799; x_wconf 87' lang='lat' dir='ltr'><strong>ad</strong></span> <span class='ocrx_word' id='word_1_113' title='bbox 1379 1761 1508 1800; x_wconf 76' lang='lat' dir='ltr'><strong>xvttt</strong></span> <span class='ocrx_word' id='word_1_114' title='bbox 1538 1747 1808 1805; x_wconf 81' lang='lat' dir='ltr'><strong>Kalendas</strong></span> <span class='ocrx_word' id='word_1_115' title='bbox 1855 1749 1978 1805; x_wconf 89' lang='lat' dir='ltr'><strong>Julii</strong></span> <span class='ocrx_word' id='word_1_116' title='bbox 2015 1754 2094 1809; x_wconf 90' lang='lat' dir='ltr'><strong>sic</strong></span> 
     </span>
    </p>
   </div>
   <div class='ocr_carea' id='block_1_18' title="bbox 2192 557 3760 642">
    <p class='ocr_par' dir='ltr' id='par_1_18' title="bbox 2192 557 3760 642">
     <span class='ocr_line' id='line_1_18' title="bbox 2192 557 3760 642; baseline 0.011 -32"><span class='ocrx_word' id='word_1_117' title='bbox 2192 557 2266 611; x_wconf 83' lang='lat' dir='ltr'><strong>ita</strong></span> <span class='ocrx_word' id='word_1_118' title='bbox 2295 557 2347 611; x_wconf 92' lang='lat' dir='ltr'><strong>in</strong></span> <span class='ocrx_word' id='word_1_119' title='bbox 2397 558 2825 617; x_wconf 84' lang='lat' dir='ltr'><strong>circumstantiis</strong></span> <span class='ocrx_word' id='word_1_120' title='bbox 2853 562 2921 616; x_wconf 91' lang='lat' dir='ltr'><strong>ab</strong></span> <span class='ocrx_word' id='word_1_121' title='bbox 2944 563 3170 625; x_wconf 81' lang='lat' dir='ltr'><strong>historia</strong></span> <span class='ocrx_word' id='word_1_122' title='bbox 3207 565 3431 621; x_wconf 84' lang='lat' dir='ltr'><strong>multum</strong></span> <span class='ocrx_word' id='word_1_123' title='bbox 3465 572 3760 642; x_wconf 88' lang='lat' dir='ltr'><strong>aberrant;</strong></span> 
     </span>
    </p>
   </div>
   <div class='ocr_carea' id='block_1_19' title="bbox 2196 650 3762 723">
    <p class='ocr_par' dir='ltr' id='par_1_19' title="bbox 2196 650 3762 723">
     <span class='ocr_line' id='line_1_19' title="bbox 2196 650 3762 723; baseline 0.015 -24"><span class='ocrx_word' id='word_1_124' title='bbox 2196 650 2338 717; x_wconf 91' lang='lat' dir='ltr'><strong>quod</strong></span> <span class='ocrx_word' id='word_1_125' title='bbox 2379 650 2583 719; x_wconf 87' lang='lat' dir='ltr'><strong>patebit</strong></span> <span class='ocrx_word' id='word_1_126' title='bbox 2617 652 3150 709; x_wconf 61' lang='lat' dir='ltr'><strong>consideranti-Acta</strong></span> <span class='ocrx_word' id='word_1_127' title='bbox 3193 655 3420 713; x_wconf 88' lang='lat' dir='ltr'><strong>inferius</strong></span> <span class='ocrx_word' id='word_1_128' title='bbox 3450 661 3641 717; x_wconf 87' lang='lat' dir='ltr'><strong>danda.</strong></span> <span class='ocrx_word' id='word_1_129' title='bbox 3684 666 3762 723; x_wconf 86' lang='lat' dir='ltr'><strong>Ex</strong></span> 
     </span>
    </p>
   </div>
   <div class='ocr_carea' id='block_1_20' title="bbox 2192 742 3766 818">
    <p class='ocr_par' dir='ltr' id='par_1_20' title="bbox 2192 742 3766 818">
     <span class='ocr_line' id='line_1_20' title="bbox 2192 742 3766 818; baseline 0.011 -22"><span class='ocrx_word' id='word_1_130' title='bbox 2192 742 2379 796; x_wconf 83' lang='lat' dir='ltr'><strong>Adone</strong></span> <span class='ocrx_word' id='word_1_131' title='bbox 2435 754 2613 796; x_wconf 84' lang='lat' dir='ltr'><strong>tamen</strong></span> <span class='ocrx_word' id='word_1_132' title='bbox 2667 745 2990 810; x_wconf 83' lang='lat' dir='ltr'><strong>ostenditur,</strong></span> <span class='ocrx_word' id='word_1_133' title='bbox 3015 756 3261 804; x_wconf 89' lang='lat' dir='ltr'><strong>sanctum</strong></span> <span class='ocrx_word' id='word_1_134' title='bbox 3293 747 3571 818; x_wconf 84' lang='lat' dir='ltr'><strong>Basilinm,</strong></span> <span class='ocrx_word' id='word_1_135' title='bbox 3605 759 3766 813; x_wconf 89' lang='lat' dir='ltr'><strong>annis</strong></span> 
     </span>
    </p>
   </div>
   <div class='ocr_carea' id='block_1_21' title="bbox 2194 831 3762 914">
    <p class='ocr_par' dir='ltr' id='par_1_21' title="bbox 2194 831 3762 914">
     <span class='ocr_line' id='line_1_21' title="bbox 2194 831 3762 914; baseline 0.01 -30"><span class='ocrx_word' id='word_1_136' title='bbox 2194 831 2392 886; x_wconf 88' lang='lat' dir='ltr'><strong>abhinc</strong></span> <span class='ocrx_word' id='word_1_137' title='bbox 2422 832 2748 901; x_wconf 86' lang='lat' dir='ltr'><strong>octingentis</strong></span> <span class='ocrx_word' id='word_1_138' title='bbox 2784 833 2886 892; x_wconf 88' lang='lat' dir='ltr'><strong>coli</strong></span> <span class='ocrx_word' id='word_1_139' title='bbox 2935 834 3112 890; x_wconf 85' lang='lat' dir='ltr'><strong>solere</strong></span> <span class='ocrx_word' id='word_1_140' title='bbox 3160 837 3262 897; x_wconf 84' lang='lat' dir='ltr'><strong>hac</strong></span> <span class='ocrx_word' id='word_1_141' title='bbox 3314 840 3520 895; x_wconf 87' lang='lat' dir='ltr'><strong>decima</strong></span> <span class='ocrx_word' id='word_1_142' title='bbox 3571 859 3762 914; x_wconf 86' lang='lat' dir='ltr'><strong>quarta</strong></span> 
     </span>
    </p>
   </div>
   <div class='ocr_carea' id='block_1_22' title="bbox 2193 921 3784 995">
    <p class='ocr_par' dir='ltr' id='par_1_22' title="bbox 2193 921 3784 995">
     <span class='ocr_line' id='line_1_22' title="bbox 2193 921 3784 995; baseline 0.011 -19"><span class='ocrx_word' id='word_1_143' title='bbox 2193 921 2336 976; x_wconf 87' lang='lat' dir='ltr'><strong>Junii</strong></span> <span class='ocrx_word' id='word_1_144' title='bbox 2376 941 2392 990; x_wconf 92' lang='lat'><strong>;</strong></span> <span class='ocrx_word' id='word_1_145' title='bbox 2438 924 2670 995; x_wconf 87' lang='lat' dir='ltr'><strong>indeque</strong></span> <span class='ocrx_word' id='word_1_146' title='bbox 2719 925 2975 980; x_wconf 86' lang='lat' dir='ltr'><strong>suadetur</strong></span> <span class='ocrx_word' id='word_1_147' title='bbox 3016 927 3203 984; x_wconf 82' lang='lat' dir='ltr'><strong>eadem</strong></span> <span class='ocrx_word' id='word_1_148' title='bbox 3259 928 3784 992; x_wconf 76' lang='lat' dir='ltr'><strong>diecOnsecratum.</strong></span> 
     </span>
    </p>
   </div>
   <div class='ocr_carea' id='block_1_23' title="bbox 2193 1015 3751 1088">
    <p class='ocr_par' dir='ltr' id='par_1_23' title="bbox 2193 1015 3751 1088">
     <span class='ocr_line' id='line_1_23' title="bbox 2193 1015 3751 1088; baseline 0.012 -20"><span class='ocrx_word' id='word_1_149' title='bbox 2193 1015 2555 1085; x_wconf 87' lang='lat' dir='ltr'><strong>episcopum;</strong></span> <span class='ocrx_word' id='word_1_150' title='bbox 2605 1018 2852 1086; x_wconf 83' lang='lat' dir='ltr'><strong>quamvis</strong></span> <span class='ocrx_word' id='word_1_151' title='bbox 2918 1019 3194 1088; x_wconf 77' lang='lat' dir='ltr'><strong>ignoretur</strong></span> <span class='ocrx_word' id='word_1_152' title='bbox 3237 1023 3376 1078; x_wconf 90' lang='lat' dir='ltr'><strong>unde</strong></span> <span class='ocrx_word' id='word_1_153' title='bbox 3427 1024 3528 1080; x_wconf 92' lang='lat' dir='ltr'><strong>hoc</strong></span> <span class='ocrx_word' id='word_1_154' title='bbox 3575 1028 3751 1088; x_wconf 82' lang='lat' dir='ltr'><strong>Latini</strong></span> 
     </span>
    </p>
   </div>
   <div class='ocr_carea' id='block_1_24' title="bbox 2197 1108 3124 1177">
    <p class='ocr_par' dir='ltr' id='par_1_24' title="bbox 2197 1108 3124 1177">
     <span class='ocr_line' id='line_1_24' title="bbox 2197 1108 3124 1177; baseline 0.011 -18"><span class='ocrx_word' id='word_1_155' title='bbox 2197 1108 2529 1177; x_wconf 81' lang='lat' dir='ltr'><strong>acceperint,</strong></span> <span class='ocrx_word' id='word_1_156' title='bbox 2553 1109 2860 1169; x_wconf 83' lang='lat' dir='ltr'><strong>tacentibus</strong></span> <span class='ocrx_word' id='word_1_157' title='bbox 2896 1110 3124 1169; x_wconf 25' lang='lat' dir='ltr'><strong>Graecis-</strong></span> 
     </span>
    </p>
   </div>
   <div class='ocr_carea' id='block_1_25' title="bbox 2265 1195 3763 1267">
    <p class='ocr_par' dir='ltr' id='par_1_25' title="bbox 2265 1195 3763 1267">
     <span class='ocr_line' id='line_1_25' title="bbox 2265 1195 3763 1267; baseline 0.009 -15"><span class='ocrx_word' id='word_1_158' title='bbox 2265 1197 2322 1252; x_wconf 79' lang='lat'><strong>3.</strong></span> <span class='ocrx_word' id='word_1_159' title='bbox 2363 1195 2593 1256; x_wconf 90' lang='lat' dir='ltr'><strong>Usuardi</strong></span> <span class='ocrx_word' id='word_1_160' title='bbox 2623 1198 2857 1258; x_wconf 83' lang='lat' dir='ltr'><strong>Lubecae</strong></span> <span class='ocrx_word' id='word_1_161' title='bbox 2890 1204 3074 1258; x_wconf 82' lang='lat' dir='ltr'><strong>excusi</strong></span> <span class='ocrx_word' id='word_1_162' title='bbox 3107 1214 3161 1260; x_wconf 91' lang='lat' dir='ltr'><strong>et</strong></span> <span class='ocrx_word' id='word_1_163' title='bbox 3185 1205 3412 1263; x_wconf 78' lang='lat' dir='ltr'><strong>Flerarii</strong></span> <span class='ocrx_word' id='word_1_164' title='bbox 3443 1207 3763 1267; x_wconf 86' lang='lat' dir='ltr'><strong>Sanctorum</strong></span> 
     </span>
    </p>
   </div>
   <div class='ocr_carea' id='block_1_26' title="bbox 2193 1291 3787 1368">
    <p class='ocr_par' dir='ltr' id='par_1_26' title="bbox 2193 1291 3787 1368">
     <span class='ocr_line' id='line_1_26' title="bbox 2193 1291 3787 1368; baseline 0.013 -28"><span class='ocrx_word' id='word_1_165' title='bbox 2193 1298 2466 1356; x_wconf 84' lang='lat' dir='ltr'><strong>auctores,</strong></span> <span class='ocrx_word' id='word_1_166' title='bbox 2489 1305 2611 1347; x_wconf 91' lang='lat' dir='ltr'><strong>cum</strong></span> <span class='ocrx_word' id='word_1_167' title='bbox 2640 1291 2826 1349; x_wconf 78' lang='lat' dir='ltr'><strong>forsan</strong></span> <span class='ocrx_word' id='word_1_168' title='bbox 2854 1295 3169 1366; x_wconf 78' lang='lat' dir='ltr'><strong>ignorarent</strong></span> <span class='ocrx_word' id='word_1_169' title='bbox 3216 1314 3318 1368; x_wconf 84' lang='lat' dir='ltr'><strong>qua</strong></span> <span class='ocrx_word' id='word_1_170' title='bbox 3349 1301 3416 1357; x_wconf 91' lang='lat' dir='ltr'><strong>de</strong></span> <span class='ocrx_word' id='word_1_171' title='bbox 3436 1317 3599 1358; x_wconf 88' lang='lat' dir='ltr'><strong>causa</strong></span> <span class='ocrx_word' id='word_1_172' title='bbox 3647 1307 3787 1361; x_wconf 82' lang='lat' dir='ltr'><strong>dies.</strong></span> 
     </span>
    </p>
   </div>
   <div class='ocr_carea' id='block_1_27' title="bbox 2198 1377 3764 1465">
    <p class='ocr_par' dir='ltr' id='par_1_27' title="bbox 2198 1377 3764 1465">
     <span class='ocr_line' id='line_1_27' title="bbox 2198 1377 3764 1465; baseline 0.012 -33"><span class='ocrx_word' id='word_1_173' title='bbox 2198 1377 2289 1434; x_wconf 85' lang='lat' dir='ltr'><strong>hic</strong></span> <span class='ocrx_word' id='word_1_174' title='bbox 2352 1378 2554 1435; x_wconf 86' lang='lat' dir='ltr'><strong>Basilio</strong></span> <span class='ocrx_word' id='word_1_175' title='bbox 2609 1395 2768 1439; x_wconf 87' lang='lat' dir='ltr'><strong>sacer</strong></span> <span class='ocrx_word' id='word_1_176' title='bbox 2815 1383 3133 1454; x_wconf 84' lang='lat' dir='ltr'><strong>haberetur,</strong></span> <span class='ocrx_word' id='word_1_177' title='bbox 3185 1390 3593 1448; x_wconf 86' lang='lat' dir='ltr'><strong>translationem</strong></span> <span class='ocrx_word' id='word_1_178' title='bbox 3647 1397 3764 1465; x_wconf 85' lang='lat' dir='ltr'><strong>ejus</strong></span> 
     </span>
    </p>
   </div>
   <div class='ocr_carea' id='block_1_28' title="bbox 2195 1471 3793 1556">
    <p class='ocr_par' dir='ltr' id='par_1_28' title="bbox 2195 1471 3793 1556">
     <span class='ocr_line' id='line_1_28' title="bbox 2195 1471 3793 1556; baseline 0.013 -35"><span class='ocrx_word' id='word_1_179' title='bbox 2195 1471 2485 1539; x_wconf 84' lang='lat' dir='ltr'><strong>quamdam</strong></span> <span class='ocrx_word' id='word_1_180' title='bbox 2511 1512 2526 1538; x_wconf 94' lang='lat'><strong>,</strong></span> <span class='ocrx_word' id='word_1_181' title='bbox 2554 1474 2647 1528; x_wconf 87' lang='lat' dir='ltr'><strong>sed</strong></span> <span class='ocrx_word' id='word_1_182' title='bbox 2677 1475 3076 1532; x_wconf 84' lang='lat' dir='ltr'><strong>omnibusaliis</strong></span> <span class='ocrx_word' id='word_1_183' title='bbox 3107 1478 3342 1548; x_wconf 78' lang='lat' dir='ltr'><strong>ignotam</strong></span> <span class='ocrx_word' id='word_1_184' title='bbox 3373 1483 3762 1553; x_wconf 89' lang='lat' dir='ltr'><strong>excogitarunt.</strong></span> <span class='ocrx_word' id='word_1_185' title='bbox 3781 1546 3793 1556; x_wconf 62' lang='grc'><em>,</em></span> 
     </span>
    </p>
   </div>
   <div class='ocr_carea' id='block_1_29' title="bbox 2198 1558 3795 1651">
    <p class='ocr_par' dir='ltr' id='par_1_29' title="bbox 2198 1558 3795 1651">
     <span class='ocr_line' id='line_1_29' title="bbox 2198 1558 3795 1651; baseline 0.013 -38"><span class='ocrx_word' id='word_1_186' title='bbox 2198 1558 2414 1617; x_wconf 87' lang='lat' dir='ltr'><strong>Primus</strong></span> <span class='ocrx_word' id='word_1_187' title='bbox 2451 1579 2466 1616; x_wconf 93' lang='lat'><strong>:</strong></span> <span class='ocrx_word' id='word_1_188' title='bbox 2501 1583 2522 1616; x_wconf 75' lang='grc' dir='ltr'><strong>σ</strong></span> <span class='ocrx_word' id='word_1_189' title='bbox 2569 1564 2725 1634; x_wconf 87' lang='lat' dir='ltr'><strong>Apud</strong></span> <span class='ocrx_word' id='word_1_190' title='bbox 2781 1565 3085 1623; x_wconf 75' lang='lat' dir='ltr'><strong>Caesaream</strong></span> <span class='ocrx_word' id='word_1_191' title='bbox 3129 1570 3476 1641; x_wconf 87' lang='lat' dir='ltr'><strong>Cappadociae</strong></span> <span class='ocrx_word' id='word_1_192' title='bbox 3506 1616 3521 1643; x_wconf 97' lang='lat'><strong>,</strong></span> <span class='ocrx_word' id='word_1_193' title='bbox 3557 1578 3795 1651; x_wconf 38' lang='lat' dir='ltr'><strong>inquit,-</strong></span> 
     </span>
    </p>
   </div>
   <div class='ocr_carea' id='block_1_30' title="bbox 2199 1653 3784 1731">
    <p class='ocr_par' dir='ltr' id='par_1_30' title="bbox 2199 1653 3784 1731">
     <span class='ocr_line' id='line_1_30' title="bbox 2199 1653 3784 1731; baseline 0.013 -27"><span class='ocrx_word' id='word_1_194' title='bbox 2199 1653 2486 1708; x_wconf 85' lang='lat' dir='ltr'><strong>translatio</strong></span> <span class='ocrx_word' id='word_1_195' title='bbox 2514 1653 2573 1721; x_wconf 84' lang='lat' dir='ltr'><strong>S_.</strong></span> <span class='ocrx_word' id='word_1_196' title='bbox 2608 1656 2814 1726; x_wconf 86' lang='lat' dir='ltr'><strong>Basilii,</strong></span> <span class='ocrx_word' id='word_1_197' title='bbox 2850 1659 3087 1731; x_wconf 86' lang='lat' dir='ltr'><strong>episcopi</strong></span> <span class='ocrx_word' id='word_1_198' title='bbox 3115 1673 3170 1716; x_wconf 88' lang='lat' dir='ltr'><strong>et</strong></span> <span class='ocrx_word' id='word_1_199' title='bbox 3204 1664 3550 1723; x_wconf 76' lang='lat' dir='ltr'><strong>confessoris.</strong></span> <span class='ocrx_word' id='word_1_200' title='bbox 3594 1689 3612 1722; x_wconf 72' lang='grc' dir='ltr'><strong><em>ι</em></strong></span> <span class='ocrx_word' id='word_1_201' title='bbox 3639 1671 3784 1726; x_wconf 84' lang='lat' dir='ltr'><strong>Flo-.</strong></span> 
     </span>
    </p>
   </div>
   <div class='ocr_carea' id='block_1_31' title="bbox 2198 1743 3763 1833">
    <p class='ocr_par' dir='ltr' id='par_1_31' title="bbox 2198 1743 3763 1833">
     <span class='ocr_line' id='line_1_31' title="bbox 2198 1743 3763 1833; baseline 0.015 -37"><span class='ocrx_word' id='word_1_202' title='bbox 2198 1743 2400 1798; x_wconf 90' lang='lat' dir='ltr'><strong>rarium</strong></span> <span class='ocrx_word' id='word_1_203' title='bbox 2428 1744 2616 1800; x_wconf 86' lang='lat' dir='ltr'><strong>iisdem</strong></span> <span class='ocrx_word' id='word_1_204' title='bbox 2643 1748 2811 1815; x_wconf 89' lang='lat' dir='ltr'><strong>addit,</strong></span> <span class='ocrx_word' id='word_1_205' title='bbox 2859 1767 2878 1802; x_wconf 69' lang='grc' dir='ltr'><strong>ε</strong></span> <span class='ocrx_word' id='word_1_206' title='bbox 2911 1749 3092 1808; x_wconf 75' lang='lat' dir='ltr'><strong>fratris</strong></span> <span class='ocrx_word' id='word_1_207' title='bbox 3121 1753 3366 1827; x_wconf 76' lang='lat' dir='ltr'><strong>Gregorii</strong></span> <span class='ocrx_word' id='word_1_208' title='bbox 3393 1767 3447 1812; x_wconf 88' lang='lat' dir='ltr'><strong>et</strong></span> <span class='ocrx_word' id='word_1_209' title='bbox 3472 1759 3641 1827; x_wconf 85' lang='lat' dir='ltr'><strong>Petri,</strong></span> <span class='ocrx_word' id='word_1_210' title='bbox 3671 1767 3763 1833; x_wconf 86' lang='lat' dir='ltr'><strong>qui</strong></span> 
     </span>
    </p>
   </div>
   <div class='ocr_carea' id='block_1_32' title="bbox 519 1823 3762 1920">
    <p class='ocr_par' dir='ltr' id='par_1_32' title="bbox 519 1823 3762 1920">
     <span class='ocr_line' id='line_1_32' title="bbox 519 1823 3762 1920; baseline 0.012 -51"><span class='ocrx_word' id='word_1_211' title='bbox 519 1823 712 1880; x_wconf 69' lang='lat' dir='ltr'><strong>scribit</strong></span> <span class='ocrx_word' id='word_1_212' title='bbox 733 1827 785 1880; x_wconf 83' lang='lat' dir='ltr'><strong>in</strong></span> <span class='ocrx_word' id='word_1_213' title='bbox 829 1830 1080 1885; x_wconf 81' lang='lat' dir='ltr'><strong>omnibus</strong></span> <span class='ocrx_word' id='word_1_214' title='bbox 1109 1833 1224 1889; x_wconf 78' lang='lat' dir='ltr'><strong>fere</strong></span> <span class='ocrx_word' id='word_1_215' title='bbox 1251 1837 1690 1907; x_wconf 63' lang='lat' dir='ltr'><strong>exemplaribus;</strong></span> <span class='ocrx_word' id='word_1_216' title='bbox 1739 1859 1757 1892; x_wconf 73' lang='grc' dir='ltr'>ι</span> <span class='ocrx_word' id='word_1_217' title='bbox 1795 1842 1945 1907; x_wconf 67' lang='lat' dir='ltr'><strong>Apud</strong></span> <span class='ocrx_word' id='word_1_218' title='bbox 1974 1843 2089 1898; x_wconf 50' lang='lat' dir='ltr'><strong>ca-</strong></span> <span class='ocrx_word' id='word_1_219' title='bbox 2124 1843 2166 1899; x_wconf 75' lang='grc' dir='ltr'><strong>Β</strong></span> <span class='ocrx_word' id='word_1_220' title='bbox 2199 1844 2442 1903; x_wconf 86' lang='lat' dir='ltr'><strong>tempore</strong></span> <span class='ocrx_word' id='word_1_221' title='bbox 2480 1835 2721 1893; x_wconf 82' lang='lat' dir='ltr'><strong>Valentis</strong></span> <span class='ocrx_word' id='word_1_222' title='bbox 2753 1839 3110 1910; x_wconf 86' lang='lat' dir='ltr'><strong>imperatoris,</strong></span> <span class='ocrx_word' id='word_1_223' title='bbox 3151 1823 3393 1900; x_wconf 74' lang='lat' dir='ltr'><strong>doctrina</strong></span> <span class='ocrx_word' id='word_1_224' title='bbox 3423 1858 3478 1903; x_wconf 92' lang='lat' dir='ltr'><strong>et</strong></span> <span class='ocrx_word' id='word_1_225' title='bbox 3503 1853 3762 1920; x_wconf 76' lang='lat' dir='ltr'><strong>sapientia</strong></span> 
     </span>
    </p>
   </div>
   <div class='ocr_carea' id='block_1_33' title="bbox 517 1915 2091 2006">
    <p class='ocr_par' dir='ltr' id='par_1_33' title="bbox 517 1915 2091 2006">
     <span class='ocr_line' id='line_1_33' title="bbox 517 1915 2091 2006; baseline 0.015 -39"><span class='ocrx_word' id='word_1_226' title='bbox 517 1927 728 1968; x_wconf 84' lang='lat' dir='ltr'><strong>sareant</strong></span> <span class='ocrx_word' id='word_1_227' title='bbox 761 1915 1118 1988; x_wconf 80' lang='lat' dir='ltr'><strong>Cappadociae</strong></span> <span class='ocrx_word' id='word_1_228' title='bbox 1147 1923 1356 1980; x_wconf 85' lang='lat' dir='ltr'><strong>Natalis</strong></span> <span class='ocrx_word' id='word_1_229' title='bbox 1385 1927 1443 1982; x_wconf 91' lang='lat' dir='ltr'><strong>S.</strong></span> <span class='ocrx_word' id='word_1_230' title='bbox 1480 1930 1662 1985; x_wconf 81' lang='lat' dir='ltr'><strong>Basilii</strong></span> <span class='ocrx_word' id='word_1_231' title='bbox 1706 1934 1967 2004; x_wconf 82' lang='lat' dir='ltr'><strong>episcopi,</strong></span> <span class='ocrx_word' id='word_1_232' title='bbox 1999 1937 2091 2006; x_wconf 91' lang='lat' dir='ltr'><strong>qui</strong></span> 
     </span>
    </p>
   </div>
   <div class='ocr_carea' id='block_1_34' title="bbox 521 2011 2092 2099">
    <p class='ocr_par' dir='ltr' id='par_1_34' title="bbox 521 2011 2092 2099">
     <span class='ocr_line' id='line_1_34' title="bbox 521 2011 2092 2099; baseline 0.015 -43"><span class='ocrx_word' id='word_1_233' title='bbox 521 2014 763 2074; x_wconf 90' lang='lat' dir='ltr'><strong>tempore</strong></span> <span class='ocrx_word' id='word_1_234' title='bbox 818 2011 1057 2068; x_wconf 85' lang='lat' dir='ltr'><strong>Valentis</strong></span> <span class='ocrx_word' id='word_1_235' title='bbox 1107 2016 1356 2073; x_wconf 91' lang='lat' dir='ltr'><strong>doctrina</strong></span> <span class='ocrx_word' id='word_1_236' title='bbox 1408 2031 1464 2076; x_wconf 92' lang='lat' dir='ltr'><strong>et</strong></span> <span class='ocrx_word' id='word_1_237' title='bbox 1520 2023 1782 2099; x_wconf 78' lang='lat' dir='ltr'><strong>sapientia</strong></span> <span class='ocrx_word' id='word_1_238' title='bbox 1840 2025 2092 2095; x_wconf 83' lang='lat' dir='ltr'><strong>insignis,</strong></span> 
     </span>
    </p>
   </div>
   <div class='ocr_carea' id='block_1_35' title="bbox 515 2094 2094 2176">
    <p class='ocr_par' dir='ltr' id='par_1_35' title="bbox 515 2094 2094 2176">
     <span class='ocr_line' id='line_1_35' title="bbox 515 2094 2094 2176; baseline 0.014 -29"><span class='ocrx_word' id='word_1_239' title='bbox 515 2094 878 2168; x_wconf 88' lang='lat' dir='ltr'><strong>onmibusque</strong></span> <span class='ocrx_word' id='word_1_240' title='bbox 928 2101 1222 2160; x_wconf 82' lang='lat' dir='ltr'><strong>virtutibus</strong></span> <span class='ocrx_word' id='word_1_241' title='bbox 1257 2104 1535 2176; x_wconf 82' lang='lat' dir='ltr'><strong>fundatus,</strong></span> <span class='ocrx_word' id='word_1_242' title='bbox 1589 2094 1912 2168; x_wconf 76' lang='lat' dir='ltr'><strong>mirabiliter</strong></span> <span class='ocrx_word' id='word_1_243' title='bbox 1941 2094 2094 2172; x_wconf 72' lang='lat' dir='ltr'><strong>efful-</strong></span> 
     </span>
    </p>
   </div>
   <div class='ocr_carea' id='block_1_36' title="bbox 517 2186 2090 2273">
    <p class='ocr_par' dir='ltr' id='par_1_36' title="bbox 517 2186 2090 2273">
     <span class='ocr_line' id='line_1_36' title="bbox 517 2186 2090 2273; baseline 0.014 -35"><span class='ocrx_word' id='word_1_244' title='bbox 517 2186 610 2241; x_wconf 87' lang='lat' dir='ltr'><strong>sit.</strong></span> <span class='ocrx_word' id='word_1_245' title='bbox 651 2203 674 2238; x_wconf 73' lang='grc' dir='ltr'><strong><em>ι</em></strong></span> <span class='ocrx_word' id='word_1_246' title='bbox 705 2187 808 2243; x_wconf 87' lang='lat' dir='ltr'><strong>Per</strong></span> <span class='ocrx_word' id='word_1_247' title='bbox 839 2191 1072 2247; x_wconf 87' lang='lat' dir='ltr'><strong>natalem</strong></span> <span class='ocrx_word' id='word_1_248' title='bbox 1107 2194 1271 2262; x_wconf 90' lang='lat' dir='ltr'><strong>diem,</strong></span> <span class='ocrx_word' id='word_1_249' title='bbox 1301 2197 1466 2252; x_wconf 87' lang='lat' dir='ltr'><strong>alium</strong></span> <span class='ocrx_word' id='word_1_250' title='bbox 1511 2200 1600 2256; x_wconf 89' lang='lat' dir='ltr'><strong>hic</strong></span> <span class='ocrx_word' id='word_1_251' title='bbox 1632 2200 1931 2273; x_wconf 75' lang='lat' dir='ltr'><strong>intelligere</strong></span> <span class='ocrx_word' id='word_1_252' title='bbox 1986 2221 2090 2262; x_wconf 91' lang='lat' dir='ltr'><strong>non</strong></span> 
     </span>
    </p>
   </div>
   <div class='ocr_carea' id='block_1_37' title="bbox 519 2287 2092 2361">
    <p class='ocr_par' dir='ltr' id='par_1_37' title="bbox 519 2287 2092 2361">
     <span class='ocr_line' id='line_1_37' title="bbox 519 2287 2092 2361; baseline 0.015 -31"><span class='ocrx_word' id='word_1_253' title='bbox 519 2291 830 2347; x_wconf 76' lang='lat' dir='ltr'><strong>possumus,</strong></span> <span class='ocrx_word' id='word_1_254' title='bbox 875 2297 1036 2352; x_wconf 91' lang='lat' dir='ltr'><strong>quam</strong></span> <span class='ocrx_word' id='word_1_255' title='bbox 1069 2287 1503 2344; x_wconf 84' lang='lat' dir='ltr'><strong>anniversarium</strong></span> <span class='ocrx_word' id='word_1_256' title='bbox 1556 2293 1913 2351; x_wconf 89' lang='lat' dir='ltr'><strong>ordinationis</strong></span> <span class='ocrx_word' id='word_1_257' title='bbox 1941 2335 1958 2361; x_wconf 92' lang='lat'><strong>,</strong></span> <span class='ocrx_word' id='word_1_258' title='bbox 2015 2299 2092 2353; x_wconf 92' lang='lat' dir='ltr'><strong>uti</strong></span> 
     </span>
    </p>
   </div>
   <div class='ocr_carea' id='block_1_38' title="bbox 516 2373 2094 2444">
    <p class='ocr_par' dir='ltr' id='par_1_38' title="bbox 516 2373 2094 2444">
     <span class='ocr_line' id='line_1_38' title="bbox 516 2373 2094 2444; baseline 0.011 -17"><span class='ocrx_word' id='word_1_259' title='bbox 516 2382 740 2428; x_wconf 82' lang='lat' dir='ltr'><strong>sanctus</strong></span> <span class='ocrx_word' id='word_1_260' title='bbox 768 2373 878 2429; x_wconf 85' lang='lat' dir='ltr'><strong>Leo</strong></span> <span class='ocrx_word' id='word_1_261' title='bbox 915 2375 1175 2444; x_wconf 85' lang='lat' dir='ltr'><strong>Magnus,</strong></span> <span class='ocrx_word' id='word_1_262' title='bbox 1211 2394 1466 2436; x_wconf 88' lang='lat' dir='ltr'><strong>sermone</strong></span> <span class='ocrx_word' id='word_1_263' title='bbox 1502 2386 1662 2439; x_wconf 90' lang='lat' dir='ltr'><strong>tertio</strong></span> <span class='ocrx_word' id='word_1_264' title='bbox 1690 2387 1742 2440; x_wconf 94' lang='lat' dir='ltr'><strong>in</strong></span> <span class='ocrx_word' id='word_1_265' title='bbox 1780 2389 2094 2444; x_wconf 84' lang='lat' dir='ltr'><strong>anniversa-</strong></span> 
     </span>
    </p>
   </div>
   <div class='ocr_carea' id='block_1_39' title="bbox 517 2467 2093 2540">
    <p class='ocr_par' dir='ltr' id='par_1_39' title="bbox 517 2467 2093 2540">
     <span class='ocr_line' id='line_1_39' title="bbox 517 2467 2093 2540; baseline 0.012 -20"><span class='ocrx_word' id='word_1_266' title='bbox 517 2467 602 2521; x_wconf 88' lang='lat' dir='ltr'><strong>rio</strong></span> <span class='ocrx_word' id='word_1_267' title='bbox 624 2469 1008 2537; x_wconf 88' lang='lat' dir='ltr'><strong>assumptionis</strong></span> <span class='ocrx_word' id='word_1_268' title='bbox 1043 2488 1172 2538; x_wconf 86' lang='lat' dir='ltr'><strong>suae,</strong></span> <span class='ocrx_word' id='word_1_269' title='bbox 1193 2490 1318 2530; x_wconf 89' lang='lat' dir='ltr'><strong>eum</strong></span> <span class='ocrx_word' id='word_1_270' title='bbox 1342 2478 1618 2533; x_wconf 76' lang='lat' dir='ltr'><strong>servitutis</strong></span> <span class='ocrx_word' id='word_1_271' title='bbox 1649 2497 1764 2536; x_wconf 78' lang='lat' dir='ltr'><strong>suae</strong></span> <span class='ocrx_word' id='word_1_272' title='bbox 1786 2484 2093 2540; x_wconf 84' lang='lat' dir='ltr'><strong>natalitium</strong></span> 
     </span>
    </p>
   </div>
   <div class='ocr_carea' id='block_1_40' title="bbox 513 2555 2094 2646">
    <p class='ocr_par' dir='ltr' id='par_1_40' title="bbox 513 2555 2094 2646">
     <span class='ocr_line' id='line_1_40' title="bbox 513 2555 2094 2646; baseline 0.014 -39"><span class='ocrx_word' id='word_1_273' title='bbox 513 2555 658 2609; x_wconf 86' lang='lat' dir='ltr'><strong>diem</strong></span> <span class='ocrx_word' id='word_1_274' title='bbox 685 2559 932 2626; x_wconf 86' lang='lat' dir='ltr'><strong>appellat.</strong></span> <span class='ocrx_word' id='word_1_275' title='bbox 985 2560 1109 2615; x_wconf 91' lang='lat' dir='ltr'><strong>ldeo</strong></span> <span class='ocrx_word' id='word_1_276' title='bbox 1144 2563 1460 2619; x_wconf 86' lang='lat' dir='ltr'><strong>hodiernum</strong></span> <span class='ocrx_word' id='word_1_277' title='bbox 1494 2567 1795 2624; x_wconf 79' lang='lat' dir='ltr'><strong>Romanum</strong></span> <span class='ocrx_word' id='word_1_278' title='bbox 1829 2571 2094 2646; x_wconf 74' lang='lat' dir='ltr'><strong>Martyro~</strong></span> 
     </span>
    </p>
   </div>
   <div class='ocr_carea' id='block_1_41' title="bbox 516 2647 2089 2732">
    <p class='ocr_par' dir='ltr' id='par_1_41' title="bbox 516 2647 2089 2732">
     <span class='ocr_line' id='line_1_41' title="bbox 516 2647 2089 2732; baseline 0.013 -33"><span class='ocrx_word' id='word_1_279' title='bbox 516 2647 738 2714; x_wconf 60' lang='lat' dir='ltr'><strong>legium,</strong></span> <span class='ocrx_word' id='word_1_280' title='bbox 770 2652 998 2705; x_wconf 84' lang='lat' dir='ltr'><strong>servatis</strong></span> <span class='ocrx_word' id='word_1_281' title='bbox 1023 2653 1146 2710; x_wconf 92' lang='lat' dir='ltr'><strong>aliis</strong></span> <span class='ocrx_word' id='word_1_282' title='bbox 1185 2657 1420 2713; x_wconf 89' lang='lat' dir='ltr'><strong>Usuardi</strong></span> <span class='ocrx_word' id='word_1_283' title='bbox 1468 2661 1673 2726; x_wconf 75' lang='lat' dir='ltr'><strong>verbis,</strong></span> <span class='ocrx_word' id='word_1_284' title='bbox 1719 2662 1839 2718; x_wconf 89' lang='lat' dir='ltr'><strong>loco</strong></span> <span class='ocrx_word' id='word_1_285' title='bbox 1863 2663 2089 2732; x_wconf 83' lang='lat' dir='ltr'><strong>Natalis,</strong></span> 
     </span>
    </p>
   </div>
   <div class='ocr_carea' id='block_1_42' title="bbox 515 2741 2090 2824">
    <p class='ocr_par' dir='ltr' id='par_1_42' title="bbox 515 2741 2090 2824">
     <span class='ocr_line' id='line_1_42' title="bbox 515 2741 2090 2824; baseline 0.013 -32"><span class='ocrx_word' id='word_1_286' title='bbox 515 2741 916 2798; x_wconf 83' lang='lat' dir='ltr'><strong>ordinationem</strong></span> <span class='ocrx_word' id='word_1_287' title='bbox 965 2749 1176 2813; x_wconf 90' lang='lat' dir='ltr'><strong>posuit;</strong></span> <span class='ocrx_word' id='word_1_288' title='bbox 1232 2751 1540 2822; x_wconf 83' lang='lat' dir='ltr'><strong>addiditque</strong></span> <span class='ocrx_word' id='word_1_289' title='bbox 1595 2756 1739 2824; x_wconf 88' lang='lat' dir='ltr'><strong>quod</strong></span> <span class='ocrx_word' id='word_1_290' title='bbox 1792 2756 2090 2813; x_wconf 88' lang='lat' dir='ltr'><strong>Ecelesiam</strong></span> 
     </span>
    </p>
   </div>
   <div class='ocr_carea' id='block_1_43' title="bbox 516 2831 2092 2906">
    <p class='ocr_par' dir='ltr' id='par_1_43' title="bbox 516 2831 2092 2906">
     <span class='ocr_line' id='line_1_43' title="bbox 516 2831 2092 2906; baseline 0.014 -22"><span class='ocrx_word' id='word_1_291' title='bbox 516 2831 781 2889; x_wconf 85' lang='lat' dir='ltr'><strong>adversus</strong></span> <span class='ocrx_word' id='word_1_292' title='bbox 813 2834 1046 2892; x_wconf 83' lang='lat' dir='ltr'><strong>Arianos</strong></span> <span class='ocrx_word' id='word_1_293' title='bbox 1077 2851 1133 2893; x_wconf 92' lang='lat' dir='ltr'><strong>et</strong></span> <span class='ocrx_word' id='word_1_294' title='bbox 1165 2841 1581 2900; x_wconf 86' lang='lat' dir='ltr'><strong>Macedonianos</strong></span> <span class='ocrx_word' id='word_1_295' title='bbox 1623 2848 1761 2902; x_wconf 82' lang='lat' dir='ltr'><strong>mira</strong></span> <span class='ocrx_word' id='word_1_296' title='bbox 1791 2853 2092 2906; x_wconf 76' lang='lat' dir='ltr'><strong>constantia</strong></span> 
     </span>
    </p>
   </div>
   <div class='ocr_carea' id='block_1_44' title="bbox 513 2923 776 2983">
    <p class='ocr_par' dir='ltr' id='par_1_44' title="bbox 513 2923 776 2983">
     <span class='ocr_line' id='line_1_44' title="bbox 513 2923 776 2983; baseline 0.015 -5"><span class='ocrx_word' id='word_1_297' title='bbox 513 2923 776 2983; x_wconf 81' lang='lat' dir='ltr'><strong>defendit.</strong></span> 
     </span>
    </p>
   </div>
   <div class='ocr_carea' id='block_1_45' title="bbox 582 3107 2086 3192">
    <p class='ocr_par' dir='ltr' id='par_1_45' title="bbox 582 3107 2086 3192">
     <span class='ocr_line' id='line_1_45' title="bbox 582 3107 2086 3192; baseline 0.013 -31"><span class='ocrx_word' id='word_1_298' title='bbox 582 3107 638 3161; x_wconf 79' lang='lat'><strong>2.</strong></span> <span class='ocrx_word' id='word_1_299' title='bbox 675 3109 812 3176; x_wconf 86' lang='lat' dir='ltr'><strong>Ado,</strong></span> <span class='ocrx_word' id='word_1_300' title='bbox 848 3111 1000 3180; x_wconf 87' lang='lat' dir='ltr'><strong>cujus</strong></span> <span class='ocrx_word' id='word_1_301' title='bbox 1040 3114 1220 3182; x_wconf 89' lang='lat' dir='ltr'><strong>priora</strong></span> <span class='ocrx_word' id='word_1_302' title='bbox 1246 3118 1407 3172; x_wconf 88' lang='lat' dir='ltr'><strong>verba</strong></span> <span class='ocrx_word' id='word_1_303' title='bbox 1457 3122 1796 3192; x_wconf 88' lang='lat' dir='ltr'><strong>transcripsit</strong></span> <span class='ocrx_word' id='word_1_304' title='bbox 1823 3124 1938 3192; x_wconf 84' lang='lat' dir='ltr'><strong>ejus</strong></span> <span class='ocrx_word' id='word_1_305' title='bbox 1988 3128 2086 3186; x_wconf 84' lang='lat' dir='ltr'><strong>ab-</strong></span> 
     </span>
    </p>
   </div>
   <div class='ocr_carea' id='block_1_46' title="bbox 2196 1925 3766 2000">
    <p class='ocr_par' dir='ltr' id='par_1_46' title="bbox 2196 1925 3766 2000">
     <span class='ocr_line' id='line_1_46' title="bbox 2196 1925 3766 2000; baseline 0.011 -22"><span class='ocrx_word' id='word_1_306' title='bbox 2196 1925 2456 1994; x_wconf 88' lang='lat' dir='ltr'><strong>insignis;</strong></span> <span class='ocrx_word' id='word_1_307' title='bbox 2485 1942 2609 1981; x_wconf 92' lang='lat' dir='ltr'><strong>cum</strong></span> <span class='ocrx_word' id='word_1_308' title='bbox 2640 1928 2756 1997; x_wconf 90' lang='lat' dir='ltr'><strong>ipse</strong></span> <span class='ocrx_word' id='word_1_309' title='bbox 2802 1930 3098 2000; x_wconf 90' lang='lat' dir='ltr'><strong>imperator</strong></span> <span class='ocrx_word' id='word_1_310' title='bbox 3146 1935 3214 1988; x_wconf 92' lang='lat' dir='ltr'><strong>de</strong></span> <span class='ocrx_word' id='word_1_311' title='bbox 3257 1936 3398 1991; x_wconf 93' lang='lat' dir='ltr'><strong>illius</strong></span> <span class='ocrx_word' id='word_1_312' title='bbox 3422 1940 3613 1993; x_wconf 81' lang='lat' dir='ltr'><strong>exsilio</strong></span> <span class='ocrx_word' id='word_1_313' title='bbox 3642 1957 3766 1995; x_wconf 88' lang='lat' dir='ltr'><strong>sen-</strong></span> 
     </span>
    </p>
   </div>
   <div class='ocr_carea' id='block_1_47' title="bbox 2197 2015 3789 2096">
    <p class='ocr_par' dir='ltr' id='par_1_47' title="bbox 2197 2015 3789 2096">
     <span class='ocr_line' id='line_1_47' title="bbox 2197 2015 3789 2096; baseline 0.01 -28"><span class='ocrx_word' id='word_1_314' title='bbox 2197 2015 2422 2069; x_wconf 90' lang='lat' dir='ltr'><strong>tentiam</strong></span> <span class='ocrx_word' id='word_1_315' title='bbox 2449 2016 2610 2080; x_wconf 80' lang='lat' dir='ltr'><strong>vellet</strong></span> <span class='ocrx_word' id='word_1_316' title='bbox 2638 2020 2881 2075; x_wconf 89' lang='lat' dir='ltr'><strong>scribere</strong></span> <span class='ocrx_word' id='word_1_317' title='bbox 2905 2061 2921 2086; x_wconf 91' lang='lat'><strong>,</strong></span> <span class='ocrx_word' id='word_1_318' title='bbox 2977 2022 3214 2095; x_wconf 74' lang='lat' dir='ltr'><strong>primus,</strong></span> <span class='ocrx_word' id='word_1_319' title='bbox 3233 2029 3524 2096; x_wconf 88' lang='lat' dir='ltr'><strong>secundus,</strong></span> <span class='ocrx_word' id='word_1_320' title='bbox 3557 2043 3611 2086; x_wconf 93' lang='lat' dir='ltr'><strong>et</strong></span> <span class='ocrx_word' id='word_1_321' title='bbox 3651 2043 3789 2086; x_wconf 84' lang='lat' dir='ltr'><strong>ter-_</strong></span> 
     </span>
    </p>
   </div>
   <div class='ocr_carea' id='block_1_48' title="bbox 2197 2106 3790 2187">
    <p class='ocr_par' dir='ltr' id='par_1_48' title="bbox 2197 2106 3790 2187">
     <span class='ocr_line' id='line_1_48' title="bbox 2197 2106 3790 2187; baseline 0.012 -28"><span class='ocrx_word' id='word_1_322' title='bbox 2197 2106 2304 2161; x_wconf 91' lang='lat' dir='ltr'><strong>tius</strong></span> <span class='ocrx_word' id='word_1_323' title='bbox 2327 2107 2572 2164; x_wconf 87' lang='lat' dir='ltr'><strong>calamus</strong></span> <span class='ocrx_word' id='word_1_324' title='bbox 2606 2107 2816 2167; x_wconf 84' lang='lat' dir='ltr'><strong>fractus</strong></span> <span class='ocrx_word' id='word_1_325' title='bbox 2851 2121 2980 2179; x_wconf 67' lang='lat' dir='ltr'><strong>est;</strong></span> <span class='ocrx_word' id='word_1_326' title='bbox 3009 2114 3150 2170; x_wconf 90' lang='lat' dir='ltr'><strong>unde</strong></span> <span class='ocrx_word' id='word_1_327' title='bbox 3183 2116 3490 2187; x_wconf 84' lang='lat' dir='ltr'><strong>indignatus</strong></span> <span class='ocrx_word' id='word_1_328' title='bbox 3517 2123 3790 2186; x_wconf 61' lang='lat' dir='ltr'><strong>chartam,</strong></span> 
     </span>
    </p>
   </div>
   <div class='ocr_carea' id='block_1_49' title="bbox 2198 2195 3794 2282">
    <p class='ocr_par' dir='ltr' id='par_1_49' title="bbox 2198 2195 3794 2282">
     <span class='ocr_line' id='line_1_49' title="bbox 2198 2195 3794 2282; baseline 0.014 -34"><span class='ocrx_word' id='word_1_329' title='bbox 2198 2195 2382 2266; x_wconf 89' lang='lat' dir='ltr'><strong>fregit.</strong></span> <span class='ocrx_word' id='word_1_330' title='bbox 2420 2196 2630 2254; x_wconf 92' lang='lat' dir='ltr'><strong>Claruit</strong></span> <span class='ocrx_word' id='word_1_331' title='bbox 2677 2215 2822 2257; x_wconf 91' lang='lat' dir='ltr'><strong>anno</strong></span> <span class='ocrx_word' id='word_1_332' title='bbox 2879 2203 3072 2260; x_wconf 88' lang='lat' dir='ltr'><strong>salutis</strong></span> <span class='ocrx_word' id='word_1_333' title='bbox 3128 2206 3252 2264; x_wconf 82' lang='grc'><strong>569.</strong></span> <span class='ocrx_word' id='word_1_334' title='bbox 3289 2225 3308 2260; x_wconf 74' lang='grc' dir='ltr'><strong>ι</strong></span> <span class='ocrx_word' id='word_1_335' title='bbox 3347 2208 3794 2282; x_wconf 42' lang='lat' dir='ltr'><strong>Manuscriptum,</strong></span> 
     </span>
    </p>
   </div>
   <div class='ocr_carea' id='block_1_50' title="bbox 2195 2286 3791 2373">
    <p class='ocr_par' dir='ltr' id='par_1_50' title="bbox 2195 2286 3791 2373">
     <span class='ocr_line' id='line_1_50' title="bbox 2195 2286 3791 2373; baseline 0.013 -31"><span class='ocrx_word' id='word_1_336' title='bbox 2195 2286 2256 2344; x_wconf 92' lang='lat' dir='ltr'><strong>S.</strong></span> <span class='ocrx_word' id='word_1_337' title='bbox 2275 2287 2514 2355; x_wconf 83' lang='lat' dir='ltr'><strong>Gudulae,</strong></span> <span class='ocrx_word' id='word_1_338' title='bbox 2539 2306 2653 2346; x_wconf 87' lang='lat' dir='ltr'><strong>non</strong></span> <span class='ocrx_word' id='word_1_339' title='bbox 2672 2295 3011 2352; x_wconf 88' lang='lat' dir='ltr'><strong>translationi</strong></span> <span class='ocrx_word' id='word_1_340' title='bbox 3028 2299 3122 2353; x_wconf 90' lang='lat' dir='ltr'><strong>sed</strong></span> <span class='ocrx_word' id='word_1_341' title='bbox 3139 2300 3452 2370; x_wconf 63' lang='lat' dir='ltr'><strong>elevationi,’</strong></span> <span class='ocrx_word' id='word_1_342' title='bbox 3473 2304 3628 2373; x_wconf 92' lang='lat' dir='ltr'><strong>hujus</strong></span> <span class='ocrx_word' id='word_1_343' title='bbox 3654 2306 3791 2362; x_wconf 41' lang='lat' dir='ltr'><strong>diei.</strong></span> 
     </span>
    </p>
   </div>
   <div class='ocr_carea' id='block_1_51' title="bbox 2197 2377 3790 2459">
    <p class='ocr_par' dir='ltr' id='par_1_51' title="bbox 2197 2377 3790 2459">
     <span class='ocr_line' id='line_1_51' title="bbox 2197 2377 3790 2459; baseline 0.013 -28"><span class='ocrx_word' id='word_1_344' title='bbox 2197 2377 2395 2433; x_wconf 88' lang='lat' dir='ltr'><strong>festum</strong></span> <span class='ocrx_word' id='word_1_345' title='bbox 2433 2382 2662 2436; x_wconf 83' lang='lat' dir='ltr'><strong>ascribit</strong></span> <span class='ocrx_word' id='word_1_346' title='bbox 2689 2400 2703 2436; x_wconf 89' lang='lat'><strong>:</strong></span> <span class='ocrx_word' id='word_1_347' title='bbox 2735 2393 2789 2438; x_wconf 91' lang='lat' dir='ltr'><strong>et</strong></span> <span class='ocrx_word' id='word_1_348' title='bbox 2816 2397 2996 2454; x_wconf 90' lang='lat' dir='ltr'><strong>recte,</strong></span> <span class='ocrx_word' id='word_1_349' title='bbox 3024 2389 3067 2442; x_wconf 92' lang='lat' dir='ltr'><strong>si</strong></span> <span class='ocrx_word' id='word_1_350' title='bbox 3099 2399 3291 2459; x_wconf 79' lang='lat' dir='ltr'><strong>praeter</strong></span> <span class='ocrx_word' id='word_1_351' title='bbox 3324 2395 3656 2451; x_wconf 85' lang='lat' dir='ltr'><strong>ordinarium</strong></span> <span class='ocrx_word' id='word_1_352' title='bbox 3681 2399 3790 2453; x_wconf 72' lang='grc' dir='ltr'><strong>ιο-.</strong></span> 
     </span>
    </p>
   </div>
   <div class='ocr_carea' id='block_1_52' title="bbox 2195 2471 3761 2558">
    <p class='ocr_par' dir='ltr' id='par_1_52' title="bbox 2195 2471 3761 2558">
     <span class='ocr_line' id='line_1_52' title="bbox 2195 2471 3761 2558; baseline 0.015 -37"><span class='ocrx_word' id='word_1_353' title='bbox 2195 2471 2395 2538; x_wconf 89' lang='lat' dir='ltr'><strong>quendi</strong></span> <span class='ocrx_word' id='word_1_354' title='bbox 2423 2472 2668 2539; x_wconf 87' lang='lat' dir='ltr'><strong>modum,</strong></span> <span class='ocrx_word' id='word_1_355' title='bbox 2705 2490 2802 2545; x_wconf 92' lang='lat' dir='ltr'><strong>per</strong></span> <span class='ocrx_word' id='word_1_356' title='bbox 2820 2477 3174 2536; x_wconf 75' lang='lat' dir='ltr'><strong>elevationem</strong></span> <span class='ocrx_word' id='word_1_357' title='bbox 3207 2483 3527 2558; x_wconf 84' lang='lat' dir='ltr'><strong>intelligeret</strong></span> <span class='ocrx_word' id='word_1_358' title='bbox 3554 2491 3761 2551; x_wconf 86' lang='lat' dir='ltr'><strong>exalta-</strong></span> 
     </span>
    </p>
   </div>
   <div class='ocr_carea' id='block_1_53' title="bbox 2198 2563 3780 2644">
    <p class='ocr_par' dir='ltr' id='par_1_53' title="bbox 2198 2563 3780 2644">
     <span class='ocr_line' id='line_1_53' title="bbox 2198 2563 3780 2644; baseline 0.012 -28"><span class='ocrx_word' id='word_1_359' title='bbox 2198 2563 2403 2619; x_wconf 90' lang='lat' dir='ltr'><strong>tionem</strong></span> <span class='ocrx_word' id='word_1_360' title='bbox 2436 2564 2554 2632; x_wconf 86' lang='lat' dir='ltr'><strong>ejus</strong></span> <span class='ocrx_word' id='word_1_361' title='bbox 2599 2565 2656 2622; x_wconf 90' lang='lat' dir='ltr'><strong>in</strong></span> <span class='ocrx_word' id='word_1_362' title='bbox 2685 2569 2997 2625; x_wconf 87' lang='lat' dir='ltr'><strong>cathedram</strong></span> <span class='ocrx_word' id='word_1_363' title='bbox 3032 2573 3411 2644; x_wconf 90' lang='lat' dir='ltr'><strong>episcopalem.</strong></span> <span class='ocrx_word' id='word_1_364' title='bbox 3443 2581 3672 2637; x_wconf 81' lang='lat' dir='ltr'><strong>Additur</strong></span> <span class='ocrx_word' id='word_1_365' title='bbox 3709 2585 3780 2638; x_wconf 77' lang='lat' dir='ltr'><strong>in,</strong></span> 
     </span>
    </p>
   </div>
   <div class='ocr_carea' id='block_1_54' title="bbox 2194 2653 3764 2742">
    <p class='ocr_par' dir='ltr' id='par_1_54' title="bbox 2194 2653 3764 2742">
     <span class='ocr_line' id='line_1_54' title="bbox 2194 2653 3764 2742; baseline 0.014 -35"><span class='ocrx_word' id='word_1_366' title='bbox 2194 2653 2385 2709; x_wconf 89' lang='lat' dir='ltr'><strong>eodem</strong></span> <span class='ocrx_word' id='word_1_367' title='bbox 2415 2655 2658 2714; x_wconf 85' lang='lat' dir='ltr'><strong>Florario</strong></span> <span class='ocrx_word' id='word_1_368' title='bbox 2679 2658 3011 2731; x_wconf 31' lang='lat' dir='ltr'><strong>elogium,.ab</strong></span> <span class='ocrx_word' id='word_1_369' title='bbox 3035 2663 3154 2720; x_wconf 90' lang='lat' dir='ltr'><strong>aliis</strong></span> <span class='ocrx_word' id='word_1_370' title='bbox 3184 2665 3412 2723; x_wconf 90' lang='lat' dir='ltr'><strong>Usuardi</strong></span> <span class='ocrx_word' id='word_1_371' title='bbox 3442 2675 3764 2742; x_wconf 82' lang='lat' dir='ltr'><strong>apOgraphis</strong></span> 
     </span>
    </p>
   </div>
   <div class='ocr_carea' id='block_1_55' title="bbox 2195 2745 3762 2826">
    <p class='ocr_par' dir='ltr' id='par_1_55' title="bbox 2195 2745 3762 2826">
     <span class='ocr_line' id='line_1_55' title="bbox 2195 2745 3762 2826; baseline 0.013 -26"><span class='ocrx_word' id='word_1_372' title='bbox 2195 2745 2470 2802; x_wconf 88' lang='lat' dir='ltr'><strong>diversum</strong></span> <span class='ocrx_word' id='word_1_373' title='bbox 2495 2789 2513 2814; x_wconf 91' lang='lat'><strong>,</strong></span> <span class='ocrx_word' id='word_1_374' title='bbox 2551 2765 2651 2806; x_wconf 90' lang='lat' dir='ltr'><strong>nec</strong></span> <span class='ocrx_word' id='word_1_375' title='bbox 2698 2754 2904 2810; x_wconf 90' lang='lat' dir='ltr'><strong>erroris</strong></span> <span class='ocrx_word' id='word_1_376' title='bbox 2933 2769 3149 2826; x_wconf 80' lang='lat' dir='ltr'><strong>expers.</strong></span> <span class='ocrx_word' id='word_1_377' title='bbox 3199 2775 3219 2810; x_wconf 86' lang='grc'>‹</span> <span class='ocrx_word' id='word_1_378' title='bbox 3272 2759 3425 2826; x_wconf 87' lang='lat' dir='ltr'><strong>Apud</strong></span> <span class='ocrx_word' id='word_1_379' title='bbox 3459 2761 3762 2820; x_wconf 85' lang='lat' dir='ltr'><strong>Caesaream</strong></span> 
     </span>
    </p>
   </div>
   <div class='ocr_carea' id='block_1_56' title="bbox 2194 2837 3766 2930">
    <p class='ocr_par' dir='ltr' id='par_1_56' title="bbox 2194 2837 3766 2930">
     <span class='ocr_line' id='line_1_56' title="bbox 2194 2837 3766 2930; baseline 0.013 -38"><span class='ocrx_word' id='word_1_380' title='bbox 2194 2837 2548 2909; x_wconf 88' lang='lat' dir='ltr'><strong>Cappadociae</strong></span> <span class='ocrx_word' id='word_1_381' title='bbox 2574 2881 2588 2908; x_wconf 87' lang='lat'><strong>,</strong></span> <span class='ocrx_word' id='word_1_382' title='bbox 2624 2845 2858 2900; x_wconf 91' lang='lat' dir='ltr'><strong>elevatio</strong></span> <span class='ocrx_word' id='word_1_383' title='bbox 2887 2847 3031 2902; x_wconf 89' lang='lat' dir='ltr'><strong>beati</strong></span> <span class='ocrx_word' id='word_1_384' title='bbox 3074 2859 3130 2904; x_wconf 91' lang='lat' dir='ltr'><strong>et</strong></span> <span class='ocrx_word' id='word_1_385' title='bbox 3165 2854 3341 2922; x_wconf 89' lang='lat' dir='ltr'><strong>magni</strong></span> <span class='ocrx_word' id='word_1_386' title='bbox 3389 2853 3572 2910; x_wconf 91' lang='lat' dir='ltr'><strong>Basilii</strong></span> <span class='ocrx_word' id='word_1_387' title='bbox 3599 2897 3615 2921; x_wconf 86' lang='lat'><strong>,</strong></span> <span class='ocrx_word' id='word_1_388' title='bbox 3645 2857 3732 2930; x_wconf 32' lang='lat' dir='ltr'><strong>cpi,</strong></span> <span class='ocrx_word' id='word_1_389' title='bbox 3761 2890 3766 2896; x_wconf 92' lang='lat'><em>-</em></span> 
     </span>
    </p>
   </div>
   <div class='ocr_carea' id='block_1_57' title="bbox 2195 2931 3764 3016">
    <p class='ocr_par' dir='ltr' id='par_1_57' title="bbox 2195 2931 3764 3016">
     <span class='ocr_line' id='line_1_57' title="bbox 2195 2931 3764 3016; baseline 0.013 -33"><span class='ocrx_word' id='word_1_390' title='bbox 2195 2931 2344 2999; x_wconf 88' lang='lat' dir='ltr'><strong>scopi</strong></span> <span class='ocrx_word' id='word_1_391' title='bbox 2380 2942 2435 2986; x_wconf 91' lang='lat' dir='ltr'><strong>et</strong></span> <span class='ocrx_word' id='word_1_392' title='bbox 2477 2936 2837 3002; x_wconf 88' lang='lat' dir='ltr'><strong>confessoris,</strong></span> <span class='ocrx_word' id='word_1_393' title='bbox 2886 2937 3073 2996; x_wconf 76' lang='lat' dir='ltr'><strong>fratris</strong></span> <span class='ocrx_word' id='word_1_394' title='bbox 3121 2943 3295 2998; x_wconf 87' lang='lat' dir='ltr'><strong>sancti</strong></span> <span class='ocrx_word' id='word_1_395' title='bbox 3349 2943 3619 3016; x_wconf 37' lang='lat' dir='ltr'><strong>Gregorii,</strong></span> <span class='ocrx_word' id='word_1_396' title='bbox 3652 2949 3764 3003; x_wconf 80' lang='lat' dir='ltr'><strong>Na-</strong></span> 
     </span>
    </p>
   </div>
   <div class='ocr_carea' id='block_1_58' title="bbox 2196 3021 3786 3109">
    <p class='ocr_par' dir='ltr' id='par_1_58' title="bbox 2196 3021 3786 3109">
     <span class='ocr_line' id='line_1_58' title="bbox 2196 3021 3786 3109; baseline 0.012 -33"><span class='ocrx_word' id='word_1_397' title='bbox 2196 3021 2444 3083; x_wconf 70' lang='lat' dir='ltr'><strong>aianzeni</strong></span> <span class='ocrx_word' id='word_1_398' title='bbox 2497 3034 2553 3080; x_wconf 90' lang='lat' dir='ltr'><strong>et</strong></span> <span class='ocrx_word' id='word_1_399' title='bbox 2590 3025 2734 3082; x_wconf 91' lang='lat' dir='ltr'><strong>Petri</strong></span> <span class='ocrx_word' id='word_1_400' title='bbox 2761 3047 2776 3082; x_wconf 74' lang='grc' dir='ltr'><strong><em>ε</em></strong></span> <span class='ocrx_word' id='word_1_401' title='bbox 2801 3031 2885 3082; x_wconf 92' lang='lat' dir='ltr'><strong>cui</strong></span> <span class='ocrx_word' id='word_1_402' title='bbox 2915 3030 3166 3088; x_wconf 87' lang='lat' dir='ltr'><strong>Christus</strong></span> <span class='ocrx_word' id='word_1_403' title='bbox 3196 3049 3317 3089; x_wconf 90' lang='lat' dir='ltr'><strong>cum</strong></span> <span class='ocrx_word' id='word_1_404' title='bbox 3353 3037 3465 3091; x_wconf 91' lang='lat' dir='ltr'><strong>suis</strong></span> <span class='ocrx_word' id='word_1_405' title='bbox 3502 3041 3786 3109; x_wconf 89' lang='lat' dir='ltr'><strong>apostolis.</strong></span> 
     </span>
    </p>
   </div>
   <div class='ocr_carea' id='block_1_59' title="bbox 2196 3119 3766 3200">
    <p class='ocr_par' dir='ltr' id='par_1_59' title="bbox 2196 3119 3766 3200">
     <span class='ocr_line' id='line_1_59' title="bbox 2196 3119 3766 3200; baseline 0.012 -32"><span class='ocrx_word' id='word_1_406' title='bbox 2196 3130 2484 3184; x_wconf 90' lang='lat' dir='ltr'><strong>apparens,</strong></span> <span class='ocrx_word' id='word_1_407' title='bbox 2519 3119 2882 3176; x_wconf 90' lang='lat' dir='ltr'><strong>ministerium</strong></span> <span class='ocrx_word' id='word_1_408' title='bbox 2920 3121 3098 3180; x_wconf 81' lang='lat' dir='ltr'><strong>Missae</strong></span> <span class='ocrx_word' id='word_1_409' title='bbox 3131 3125 3315 3182; x_wconf 87' lang='lat' dir='ltr'><strong>docuit</strong></span> <span class='ocrx_word' id='word_1_410' title='bbox 3345 3141 3360 3181; x_wconf 91' lang='lat'><strong>:</strong></span> <span class='ocrx_word' id='word_1_411' title='bbox 3391 3138 3442 3183; x_wconf 92' lang='lat' dir='ltr'><strong>et</strong></span> <span class='ocrx_word' id='word_1_412' title='bbox 3468 3129 3619 3198; x_wconf 91' lang='lat' dir='ltr'><strong>cujus</strong></span> <span class='ocrx_word' id='word_1_413' title='bbox 3641 3147 3766 3200; x_wconf 84' lang='lat' dir='ltr'><strong>pre-</strong></span> 
     </span>
    </p>
   </div>
   <div class='ocr_carea' id='block_1_60' title="bbox 512 3184 2087 3293">
    <p class='ocr_par' dir='ltr' id='par_1_60' title="bbox 512 3199 2087 3278">
     <span class='ocr_line' id='line_1_60' title="bbox 512 3199 2087 3278; baseline 0.012 -24"><span class='ocrx_word' id='word_1_414' title='bbox 512 3199 785 3257; x_wconf 83' lang='lat' dir='ltr'><strong>breviator</strong></span> <span class='ocrx_word' id='word_1_415' title='bbox 817 3219 1136 3276; x_wconf 83' lang='lat' dir='ltr'><strong>anonymus,</strong></span> <span class='ocrx_word' id='word_1_416' title='bbox 1171 3210 1260 3278; x_wconf 89' lang='lat' dir='ltr'><strong>qui</strong></span> <span class='ocrx_word' id='word_1_417' title='bbox 1288 3211 1386 3265; x_wconf 90' lang='lat' dir='ltr'><strong>sub</strong></span> <span class='ocrx_word' id='word_1_418' title='bbox 1419 3211 1578 3267; x_wconf 68' lang='lat' dir='ltr'><strong>Beda:</strong></span> <span class='ocrx_word' id='word_1_419' title='bbox 1615 3216 1833 3270; x_wconf 83' lang='lat' dir='ltr'><strong>nomine</strong></span> <span class='ocrx_word' id='word_1_420' title='bbox 1865 3220 2087 3273; x_wconf 88' lang='lat' dir='ltr'><strong>circum-</strong></span> 
     </span>
    </p>
   </div>
   <div class='ocr_carea' id='block_1_61' title="bbox 2191 3184 3762 3293">
    <p class='ocr_par' dir='ltr' id='par_1_61' title="bbox 2194 3184 3762 3293">
     <span class='ocr_line' id='line_1_61' title="bbox 2194 3184 3762 3293; baseline 0.01 -30"><span class='ocrx_word' id='word_1_421' title='bbox 2194 3208 2346 3263; x_wconf 75' lang='lat' dir='ltr'><strong>sibus</strong></span> <span class='ocrx_word' id='word_1_422' title='bbox 2393 3209 2628 3280; x_wconf 87' lang='lat' dir='ltr'><strong>Ephrem</strong></span> <span class='ocrx_word' id='word_1_423' title='bbox 2675 3210 2843 3291; x_wconf 75' lang='lat' dir='ltr'><strong>Syrus</strong></span> <span class='ocrx_word' id='word_1_424' title='bbox 2896 3214 3084 3272; x_wconf 74' lang='lat' dir='ltr'><strong>Graece</strong></span> <span class='ocrx_word' id='word_1_425' title='bbox 3149 3216 3360 3275; x_wconf 89' lang='lat' dir='ltr'><strong>locutus</strong></span> <span class='ocrx_word' id='word_1_426' title='bbox 3405 3184 3762 3293; x_wconf 31' lang='lat' dir='ltr'><strong>estatquiqu—a</strong></span> 
     </span>
    </p>
   </div>
   <div class='ocr_carea' id='block_1_62' title="bbox 513 3291 2087 3375">
    <p class='ocr_par' dir='ltr' id='par_1_62' title="bbox 513 3291 2087 3375">
     <span class='ocr_line' id='line_1_62' title="bbox 513 3291 2087 3375; baseline 0.013 -30"><span class='ocrx_word' id='word_1_427' title='bbox 513 3291 706 3362; x_wconf 80' lang='lat' dir='ltr'><strong>fertur,</strong></span> <span class='ocrx_word' id='word_1_428' title='bbox 760 3308 813 3350; x_wconf 88' lang='lat' dir='ltr'><strong>et</strong></span> <span class='ocrx_word' id='word_1_429' title='bbox 856 3296 1143 3353; x_wconf 84' lang='lat' dir='ltr'><strong>Baronium</strong></span> <span class='ocrx_word' id='word_1_430' title='bbox 1193 3302 1433 3373; x_wconf 83' lang='lat' dir='ltr'><strong>aliosque</strong></span> <span class='ocrx_word' id='word_1_431' title='bbox 1511 3306 1693 3375; x_wconf 89' lang='lat' dir='ltr'><strong>plures</strong></span> <span class='ocrx_word' id='word_1_432' title='bbox 1764 3309 1953 3365; x_wconf 87' lang='lat' dir='ltr'><strong>fefellit</strong></span> <span class='ocrx_word' id='word_1_433' title='bbox 2024 3327 2087 3368; x_wconf 91' lang='lat' dir='ltr'><strong>ac</strong></span> 
     </span>
    </p>
   </div>
   <div class='ocr_carea' id='block_1_63' title="bbox 511 3385 2083 3461">
    <p class='ocr_par' dir='ltr' id='par_1_63' title="bbox 511 3385 2083 3461">
     <span class='ocr_line' id='line_1_63' title="bbox 511 3385 2083 3461; baseline 0.013 -21"><span class='ocrx_word' id='word_1_434' title='bbox 511 3385 686 3452; x_wconf 81' lang='lat' dir='ltr'><strong>fallit,</strong></span> <span class='ocrx_word' id='word_1_435' title='bbox 721 3388 839 3442; x_wconf 84' lang='lat' dir='ltr'><strong>Ado</strong></span> <span class='ocrx_word' id='word_1_436' title='bbox 871 3429 888 3451; x_wconf 91' lang='lat'><strong>,</strong></span> <span class='ocrx_word' id='word_1_437' title='bbox 944 3392 1202 3461; x_wconf 85' lang='lat' dir='ltr'><strong>inquam,</strong></span> <span class='ocrx_word' id='word_1_438' title='bbox 1258 3396 1324 3448; x_wconf 91' lang='lat' dir='ltr'><strong>ad</strong></span> <span class='ocrx_word' id='word_1_439' title='bbox 1373 3397 1603 3452; x_wconf 89' lang='lat' dir='ltr'><strong>similem</strong></span> <span class='ocrx_word' id='word_1_440' title='bbox 1662 3397 1779 3455; x_wconf 90' lang='lat' dir='ltr'><strong>fere</strong></span> <span class='ocrx_word' id='word_1_441' title='bbox 1837 3399 2083 3460; x_wconf 86' lang='lat' dir='ltr'><strong>Usuardo</strong></span> 
     </span>
    </p>
   </div>
   <div class='ocr_carea' id='block_1_64' title="bbox 511 3484 2088 3564">
    <p class='ocr_par' dir='ltr' id='par_1_64' title="bbox 511 3484 2088 3564">
     <span class='ocr_line' id='line_1_64' title="bbox 511 3484 2088 3564; baseline 0.013 -32"><span class='ocrx_word' id='word_1_442' title='bbox 511 3484 1108 3551; x_wconf 87' lang='lat' dir='ltr'><strong>commemorationem,</strong></span> <span class='ocrx_word' id='word_1_443' title='bbox 1164 3487 1248 3541; x_wconf 90' lang='lat' dir='ltr'><strong>his</strong></span> <span class='ocrx_word' id='word_1_444' title='bbox 1276 3489 1454 3544; x_wconf 85' lang='lat' dir='ltr'><strong>verbis</strong></span> <span class='ocrx_word' id='word_1_445' title='bbox 1479 3501 1792 3562; x_wconf 90' lang='lat' dir='ltr'><strong>conceptam</strong></span> <span class='ocrx_word' id='word_1_446' title='bbox 1833 3510 1847 3548; x_wconf 91' lang='lat'><strong>:</strong></span> <span class='ocrx_word' id='word_1_447' title='bbox 1881 3511 1900 3545; x_wconf 82' lang='lat' dir='ltr'><strong>t</strong></span> <span class='ocrx_word' id='word_1_448' title='bbox 1932 3493 2088 3564; x_wconf 89' lang='lat' dir='ltr'><strong>Apud</strong></span> 
     </span>
    </p>
   </div>
   <div class='ocr_carea' id='block_1_65' title="bbox 510 3569 2088 3652">
    <p class='ocr_par' dir='ltr' id='par_1_65' title="bbox 510 3569 2088 3652">
     <span class='ocr_line' id='line_1_65' title="bbox 510 3569 2088 3652; baseline 0.01 -29"><span class='ocrx_word' id='word_1_449' title='bbox 510 3569 814 3626; x_wconf 79' lang='lat' dir='ltr'><strong>Caesaream</strong></span> <span class='ocrx_word' id='word_1_450' title='bbox 855 3573 1210 3644; x_wconf 67' lang='lat' dir='ltr'><strong>Cappadociae</strong></span> <span class='ocrx_word' id='word_1_451' title='bbox 1244 3581 1415 3633; x_wconf 89' lang='lat' dir='ltr'><strong>sancti</strong></span> <span class='ocrx_word' id='word_1_452' title='bbox 1455 3579 1637 3635; x_wconf 87' lang='lat' dir='ltr'><strong>Basilii</strong></span> <span class='ocrx_word' id='word_1_453' title='bbox 1680 3582 1943 3652; x_wconf 82' lang='lat' dir='ltr'><strong>episcopi,</strong></span> <span class='ocrx_word' id='word_1_454' title='bbox 1979 3585 2088 3638; x_wconf 79' lang='lat' dir='ltr'><strong>f-ra-</strong></span> 
     </span>
    </p>
   </div>
   <div class='ocr_carea' id='block_1_66' title="bbox 511 3661 2085 3742">
    <p class='ocr_par' dir='ltr' id='par_1_66' title="bbox 511 3661 2085 3742">
     <span class='ocr_line' id='line_1_66' title="bbox 511 3661 2085 3742; baseline 0.01 -27"><span class='ocrx_word' id='word_1_455' title='bbox 511 3663 613 3716; x_wconf 84' lang='lat' dir='ltr'><strong>tris</strong></span> <span class='ocrx_word' id='word_1_456' title='bbox 644 3661 888 3735; x_wconf 76' lang='lat' dir='ltr'><strong>Gregorii</strong></span> <span class='ocrx_word' id='word_1_457' title='bbox 927 3677 981 3720; x_wconf 90' lang='lat' dir='ltr'><strong>ct</strong></span> <span class='ocrx_word' id='word_1_458' title='bbox 1033 3667 1200 3736; x_wconf 88' lang='lat' dir='ltr'><strong>Petri,</strong></span> <span class='ocrx_word' id='word_1_459' title='bbox 1239 3689 1257 3722; x_wconf 80' lang='grc' dir='ltr'><strong><em>ι</em></strong></span> <span class='ocrx_word' id='word_1_460' title='bbox 1296 3672 1576 3740; x_wconf 91' lang='lat' dir='ltr'><strong>prolixiori</strong></span> <span class='ocrx_word' id='word_1_461' title='bbox 1622 3673 1796 3742; x_wconf 76' lang='lat' dir='ltr'><strong>elogio</strong></span> <span class='ocrx_word' id='word_1_462' title='bbox 1839 3676 2085 3730; x_wconf 85' lang='lat' dir='ltr'><strong>eumdem</strong></span> 
     </span>
    </p>
   </div>
   <div class='ocr_carea' id='block_1_67' title="bbox 510 3753 2089 3828">
    <p class='ocr_par' dir='ltr' id='par_1_67' title="bbox 510 3753 2089 3828">
     <span class='ocr_line' id='line_1_67' title="bbox 510 3753 2089 3828; baseline 0.007 -18"><span class='ocrx_word' id='word_1_463' title='bbox 510 3753 594 3810; x_wconf 80' lang='lat' dir='ltr'><strong>sic</strong></span> <span class='ocrx_word' id='word_1_464' title='bbox 618 3758 967 3828; x_wconf 82' lang='lat' dir='ltr'><strong>prosequitur</strong></span> <span class='ocrx_word' id='word_1_465' title='bbox 998 3777 1012 3812; x_wconf 91' lang='lat'><strong>:</strong></span> <span class='ocrx_word' id='word_1_466' title='bbox 1043 3779 1062 3811; x_wconf 70' lang='grc' dir='ltr'>ι</span> <span class='ocrx_word' id='word_1_467' title='bbox 1103 3761 1204 3828; x_wconf 85' lang='lat' dir='ltr'><strong>Qui</strong></span> <span class='ocrx_word' id='word_1_468' title='bbox 1253 3778 1374 3816; x_wconf 88' lang='lat' dir='ltr'><strong>cutn</strong></span> <span class='ocrx_word' id='word_1_469' title='bbox 1414 3775 1556 3818; x_wconf 87' lang='lat' dir='ltr'><strong>esset</strong></span> <span class='ocrx_word' id='word_1_470' title='bbox 1593 3767 1845 3820; x_wconf 90' lang='lat' dir='ltr'><strong>omnibus</strong></span> <span class='ocrx_word' id='word_1_471' title='bbox 1871 3766 2089 3828; x_wconf 84' lang='lat' dir='ltr'><strong>virtuti-</strong></span> 
     </span>
    </p>
   </div>
   <div class='ocr_carea' id='block_1_68' title="bbox 505 3848 2088 3930">
    <p class='ocr_par' dir='ltr' id='par_1_68' title="bbox 505 3848 2088 3930">
     <span class='ocr_line' id='line_1_68' title="bbox 505 3848 2088 3930; baseline 0.009 -30"><span class='ocrx_word' id='word_1_472' title='bbox 505 3851 612 3900; x_wconf 79' lang='lat' dir='ltr'><strong>bus</strong></span> <span class='ocrx_word' id='word_1_473' title='bbox 642 3848 920 3915; x_wconf 89' lang='lat' dir='ltr'><strong>fundatus,</strong></span> <span class='ocrx_word' id='word_1_474' title='bbox 957 3863 1013 3907; x_wconf 92' lang='lat' dir='ltr'><strong>et</strong></span> <span class='ocrx_word' id='word_1_475' title='bbox 1037 3855 1268 3923; x_wconf 87' lang='lat' dir='ltr'><strong>quedam</strong></span> <span class='ocrx_word' id='word_1_476' title='bbox 1300 3865 1542 3926; x_wconf 90' lang='lat' dir='ltr'><strong>tempore</strong></span> <span class='ocrx_word' id='word_1_477' title='bbox 1589 3873 1618 3911; x_wconf 89' lang='lat' dir='ltr'><strong>a</strong></span> <span class='ocrx_word' id='word_1_478' title='bbox 1661 3859 1886 3913; x_wconf 69' lang='lat' dir='ltr'><strong>Valente</strong></span> <span class='ocrx_word' id='word_1_479' title='bbox 1913 3859 2088 3930; x_wconf 50' lang='lat' dir='ltr'><strong>impeu</strong></span> 
     </span>
    </p>
   </div>
   <div class='ocr_carea' id='block_1_69' title="bbox 509 3939 2086 4012">
    <p class='ocr_par' dir='ltr' id='par_1_69' title="bbox 509 3939 2086 4012">
     <span class='ocr_line' id='line_1_69' title="bbox 509 3939 2086 4012; baseline 0.007 -19"><span class='ocrx_word' id='word_1_480' title='bbox 509 3949 694 3993; x_wconf 83' lang='lat' dir='ltr'><strong>ratore</strong></span> <span class='ocrx_word' id='word_1_481' title='bbox 724 3939 778 3994; x_wconf 92' lang='lat' dir='ltr'><strong>in</strong></span> <span class='ocrx_word' id='word_1_482' title='bbox 805 3939 1055 3995; x_wconf 82' lang='lat' dir='ltr'><strong>exsilium</strong></span> <span class='ocrx_word' id='word_1_483' title='bbox 1103 3958 1200 4012; x_wconf 90' lang='lat' dir='ltr'><strong>pro</strong></span> <span class='ocrx_word' id='word_1_484' title='bbox 1231 3944 1333 3998; x_wconf 83' lang='lat' dir='ltr'><strong>fide</strong></span> <span class='ocrx_word' id='word_1_485' title='bbox 1362 3954 1670 4010; x_wconf 71' lang='lat' dir='ltr'><strong>cogeretur,</strong></span> <span class='ocrx_word' id='word_1_486' title='bbox 1698 3948 1972 4003; x_wconf 90' lang='lat' dir='ltr'><strong>exhibitus</strong></span> <span class='ocrx_word' id='word_1_487' title='bbox 2018 3949 2086 4004; x_wconf 87' lang='lat' dir='ltr'><strong>ad</strong></span> 
     </span>
    </p>
   </div>
   <div class='ocr_carea' id='block_1_70' title="bbox 511 4027 2090 4106">
    <p class='ocr_par' dir='ltr' id='par_1_70' title="bbox 511 4027 2090 4106">
     <span class='ocr_line' id='line_1_70' title="bbox 511 4027 2090 4106; baseline 0.01 -26"><span class='ocrx_word' id='word_1_488' title='bbox 511 4027 751 4082; x_wconf 86' lang='lat' dir='ltr'><strong>tribunal</strong></span> <span class='ocrx_word' id='word_1_489' title='bbox 800 4031 1064 4098; x_wconf 79' lang='lat' dir='ltr'><strong>praefecti,</strong></span> <span class='ocrx_word' id='word_1_490' title='bbox 1094 4035 1500 4105; x_wconf 86' lang='lat' dir='ltr'><strong>terroribnsqne</strong></span> <span class='ocrx_word' id='word_1_491' title='bbox 1531 4039 1613 4106; x_wconf 88' lang='lat' dir='ltr'><strong>(ut</strong></span> <span class='ocrx_word' id='word_1_492' title='bbox 1663 4037 1737 4092; x_wconf 90' lang='lat' dir='ltr'><strong>illi</strong></span> <span class='ocrx_word' id='word_1_493' title='bbox 1791 4040 1958 4095; x_wconf 87' lang='lat' dir='ltr'><strong>moris</strong></span> <span class='ocrx_word' id='word_1_494' title='bbox 2005 4051 2090 4096; x_wconf 86' lang='lat' dir='ltr'><strong>est</strong></span> 
     </span>
    </p>
   </div>
   <div class='ocr_carea' id='block_1_71' title="bbox 511 4119 2089 4203">
    <p class='ocr_par' dir='ltr' id='par_1_71' title="bbox 511 4119 2089 4203">
     <span class='ocr_line' id='line_1_71' title="bbox 511 4119 2089 4203; baseline 0.011 -33"><span class='ocrx_word' id='word_1_495' title='bbox 511 4119 793 4192; x_wconf 85' lang='lat' dir='ltr'><strong>potestati)</strong></span> <span class='ocrx_word' id='word_1_496' title='bbox 831 4132 887 4176; x_wconf 92' lang='lat' dir='ltr'><strong>et</strong></span> <span class='ocrx_word' id='word_1_497' title='bbox 917 4124 1077 4177; x_wconf 91' lang='lat' dir='ltr'><strong>minis</strong></span> <span class='ocrx_word' id='word_1_498' title='bbox 1113 4127 1365 4180; x_wconf 85' lang='lat' dir='ltr'><strong>maximis</strong></span> <span class='ocrx_word' id='word_1_499' title='bbox 1400 4127 1482 4196; x_wconf 83' lang='lat' dir='ltr'><strong>agi</strong></span> <span class='ocrx_word' id='word_1_500' title='bbox 1511 4129 1698 4197; x_wconf 72' lang='lat' dir='ltr'><strong>erepit,</strong></span> <span class='ocrx_word' id='word_1_501' title='bbox 1733 4139 1791 4183; x_wconf 90' lang='lat' dir='ltr'><strong>ut</strong></span> <span class='ocrx_word' id='word_1_502' title='bbox 1817 4131 1918 4186; x_wconf 91' lang='lat' dir='ltr'><strong>nisi</strong></span> <span class='ocrx_word' id='word_1_503' title='bbox 1949 4147 2089 4203; x_wconf 82' lang='lat' dir='ltr'><strong>prae-</strong></span> 
     </span>
    </p>
   </div>
   <div class='ocr_carea' id='block_1_72' title="bbox 506 4211 2087 4292">
    <p class='ocr_par' dir='ltr' id='par_1_72' title="bbox 506 4211 2087 4292">
     <span class='ocr_line' id='line_1_72' title="bbox 506 4211 2087 4292; baseline 0.01 -30"><span class='ocrx_word' id='word_1_504' title='bbox 506 4211 682 4278; x_wconf 91' lang='lat' dir='ltr'><strong>ceptis</strong></span> <span class='ocrx_word' id='word_1_505' title='bbox 712 4213 972 4284; x_wconf 89' lang='lat' dir='ltr'><strong>principis</strong></span> <span class='ocrx_word' id='word_1_506' title='bbox 997 4215 1260 4284; x_wconf 88' lang='lat' dir='ltr'><strong>obediret,</strong></span> <span class='ocrx_word' id='word_1_507' title='bbox 1282 4217 1558 4273; x_wconf 90' lang='lat' dir='ltr'><strong>interitum</strong></span> <span class='ocrx_word' id='word_1_508' title='bbox 1589 4220 1691 4275; x_wconf 89' lang='lat' dir='ltr'><strong>sibi</strong></span> <span class='ocrx_word' id='word_1_509' title='bbox 1723 4220 1836 4288; x_wconf 90' lang='lat' dir='ltr'><strong>jam</strong></span> <span class='ocrx_word' id='word_1_510' title='bbox 1861 4220 2087 4292; x_wconf 88' lang='lat' dir='ltr'><strong>jamque</strong></span> 
     </span>
    </p>
   </div>
   <div class='ocr_carea' id='block_1_73' title="bbox 507 4305 2087 4382">
    <p class='ocr_par' dir='ltr' id='par_1_73' title="bbox 507 4305 2087 4382">
     <span class='ocr_line' id='line_1_73' title="bbox 507 4305 2087 4382; baseline 0.009 -27"><span class='ocrx_word' id='word_1_511' title='bbox 507 4313 754 4372; x_wconf 83' lang='lat' dir='ltr'><strong>speraret</strong></span> <span class='ocrx_word' id='word_1_512' title='bbox 779 4305 1112 4374; x_wconf 85' lang='lat' dir='ltr'><strong>impendere.</strong></span> <span class='ocrx_word' id='word_1_513' title='bbox 1138 4307 1289 4364; x_wconf 88' lang='lat' dir='ltr'><strong>Tunc</strong></span> <span class='ocrx_word' id='word_1_514' title='bbox 1318 4309 1428 4374; x_wconf 89' lang='lat' dir='ltr'><strong>ille,</strong></span> <span class='ocrx_word' id='word_1_515' title='bbox 1468 4310 1772 4380; x_wconf 87' lang='lat' dir='ltr'><strong>intrepidus</strong></span> <span class='ocrx_word' id='word_1_516' title='bbox 1802 4323 1856 4367; x_wconf 91' lang='lat' dir='ltr'><strong>et</strong></span> <span class='ocrx_word' id='word_1_517' title='bbox 1882 4314 2087 4382; x_wconf 89' lang='lat' dir='ltr'><strong>absque</strong></span> 
     </span>
    </p>
   </div>
   <div class='ocr_carea' id='block_1_74' title="bbox 507 4396 2085 4477">
    <p class='ocr_par' dir='ltr' id='par_1_74' title="bbox 507 4396 2085 4477">
     <span class='ocr_line' id='line_1_74' title="bbox 507 4396 2085 4477; baseline 0.008 -27"><span class='ocrx_word' id='word_1_518' title='bbox 507 4397 614 4450; x_wconf 87' lang='lat' dir='ltr'><strong>ttlla</strong></span> <span class='ocrx_word' id='word_1_519' title='bbox 647 4396 810 4452; x_wconf 89' lang='lat' dir='ltr'><strong>animi</strong></span> <span class='ocrx_word' id='word_1_520' title='bbox 843 4400 1251 4466; x_wconf 85' lang='lat' dir='ltr'><strong>perturbatione</strong></span> <span class='ocrx_word' id='word_1_521' title='bbox 1274 4445 1290 4469; x_wconf 83' lang='lat'><strong>,</strong></span> <span class='ocrx_word' id='word_1_522' title='bbox 1328 4403 1444 4457; x_wconf 80' lang='lat' dir='ltr'><strong>haec</strong></span> <span class='ocrx_word' id='word_1_523' title='bbox 1490 4405 1590 4458; x_wconf 88' lang='lat' dir='ltr'><strong>sibi</strong></span> <span class='ocrx_word' id='word_1_524' title='bbox 1625 4406 1897 4460; x_wconf 87' lang='lat' dir='ltr'><strong>minitanti</strong></span> <span class='ocrx_word' id='word_1_525' title='bbox 1949 4423 2085 4477; x_wconf 77' lang='lat' dir='ltr'><strong>prae-</strong></span> 
     </span>
    </p>
   </div>
   <div class='ocr_carea' id='block_1_75' title="bbox 2195 3300 3760 3384">
    <p class='ocr_par' dir='ltr' id='par_1_75' title="bbox 2195 3300 3760 3384">
     <span class='ocr_line' id='line_1_75' title="bbox 2195 3300 3760 3384; baseline 0.01 -30"><span class='ocrx_word' id='word_1_526' title='bbox 2195 3310 2425 3355; x_wconf 91' lang='lat' dir='ltr'><strong>mortem</strong></span> <span class='ocrx_word' id='word_1_527' title='bbox 2453 3300 2651 3359; x_wconf 84' lang='lat' dir='ltr'><strong>Juliani</strong></span> <span class='ocrx_word' id='word_1_528' title='bbox 2699 3307 2976 3374; x_wconf 79' lang='lat' dir='ltr'><strong>Apostatae</strong></span> <span class='ocrx_word' id='word_1_529' title='bbox 3010 3322 3106 3377; x_wconf 90' lang='lat' dir='ltr'><strong>per</strong></span> <span class='ocrx_word' id='word_1_530' title='bbox 3144 3309 3523 3368; x_wconf 85' lang='lat' dir='ltr'><strong>revelationem</strong></span> <span class='ocrx_word' id='word_1_531' title='bbox 3556 3329 3760 3384; x_wconf 86' lang='lat' dir='ltr'><strong>cogno-</strong></span> 
     </span>
    </p>
   </div>
   <div class='ocr_carea' id='block_1_76' title="bbox 2191 3394 3760 3472">
    <p class='ocr_par' dir='ltr' id='par_1_76' title="bbox 2191 3394 3760 3472">
     <span class='ocr_line' id='line_1_76' title="bbox 2191 3394 3760 3472; baseline 0.01 -24"><span class='ocrx_word' id='word_1_532' title='bbox 2191 3394 2292 3461; x_wconf 76' lang='lat' dir='ltr'><strong>vit,</strong></span> <span class='ocrx_word' id='word_1_533' title='bbox 2341 3396 2431 3465; x_wconf 89' lang='lat' dir='ltr'><strong>qui</strong></span> <span class='ocrx_word' id='word_1_534' title='bbox 2477 3398 2682 3452; x_wconf 84' lang='lat' dir='ltr'><strong>vadens</strong></span> <span class='ocrx_word' id='word_1_535' title='bbox 2709 3399 2776 3452; x_wconf 88' lang='lat' dir='ltr'><strong>ad</strong></span> <span class='ocrx_word' id='word_1_536' title='bbox 2810 3399 3010 3454; x_wconf 86' lang='lat' dir='ltr'><strong>bellum</strong></span> <span class='ocrx_word' id='word_1_537' title='bbox 3044 3399 3346 3472; x_wconf 86' lang='lat' dir='ltr'><strong>Persicum,</strong></span> <span class='ocrx_word' id='word_1_538' title='bbox 3370 3404 3471 3460; x_wconf 92' lang='lat' dir='ltr'><strong>sibi</strong></span> <span class='ocrx_word' id='word_1_539' title='bbox 3498 3407 3549 3460; x_wconf 93' lang='lat' dir='ltr'><strong>in</strong></span> <span class='ocrx_word' id='word_1_540' title='bbox 3585 3409 3760 3463; x_wconf 89' lang='lat' dir='ltr'><strong>reditu</strong></span> 
     </span>
    </p>
   </div>
   <div class='ocr_carea' id='block_1_77' title="bbox 2191 3485 3759 3552">
    <p class='ocr_par' dir='ltr' id='par_1_77' title="bbox 2191 3485 3759 3552">
     <span class='ocr_line' id='line_1_77' title="bbox 2191 3485 3759 3552; baseline 0.008 -14"><span class='ocrx_word' id='word_1_541' title='bbox 2191 3485 2615 3540; x_wconf 89' lang='lat' dir='ltr'><strong>destructionem</strong></span> <span class='ocrx_word' id='word_1_542' title='bbox 2663 3486 2924 3543; x_wconf 83' lang='lat' dir='ltr'><strong>Caesareae</strong></span> <span class='ocrx_word' id='word_1_543' title='bbox 2965 3488 3145 3546; x_wconf 86' lang='lat' dir='ltr'><strong>fuerat</strong></span> <span class='ocrx_word' id='word_1_544' title='bbox 3187 3495 3568 3550; x_wconf 86' lang='lat' dir='ltr'><strong>comminatus.</strong></span> <span class='ocrx_word' id='word_1_545' title='bbox 3609 3515 3628 3549; x_wconf 74' lang='grc' dir='ltr'><strong><em>ι</em></strong></span> <span class='ocrx_word' id='word_1_546' title='bbox 3678 3499 3759 3552; x_wconf 83' lang='lat' dir='ltr'><strong>An</strong></span> 
     </span>
    </p>
   </div>
   <div class='ocr_carea' id='block_1_78' title="bbox 2193 3576 3758 3656">
    <p class='ocr_par' dir='ltr' id='par_1_78' title="bbox 2193 3576 3758 3656">
     <span class='ocr_line' id='line_1_78' title="bbox 2193 3576 3758 3656; baseline 0.009 -26"><span class='ocrx_word' id='word_1_547' title='bbox 2193 3576 2500 3634; x_wconf 85' lang='lat' dir='ltr'><strong>intellectus</strong></span> <span class='ocrx_word' id='word_1_548' title='bbox 2553 3593 2742 3635; x_wconf 89' lang='lat' dir='ltr'><strong>errore</strong></span> <span class='ocrx_word' id='word_1_549' title='bbox 2767 3621 2782 3646; x_wconf 93' lang='lat'><strong>,</strong></span> <span class='ocrx_word' id='word_1_550' title='bbox 2814 3597 2884 3636; x_wconf 89' lang='lat' dir='ltr'><strong>an</strong></span> <span class='ocrx_word' id='word_1_551' title='bbox 2933 3584 3124 3638; x_wconf 91' lang='lat' dir='ltr'><strong>calami</strong></span> <span class='ocrx_word' id='word_1_552' title='bbox 3156 3585 3382 3640; x_wconf 91' lang='lat' dir='ltr'><strong>nimium</strong></span> <span class='ocrx_word' id='word_1_553' title='bbox 3430 3587 3758 3656; x_wconf 89' lang='lat' dir='ltr'><strong>festinantis,</strong></span> 
     </span>
    </p>
   </div>
   <div class='ocr_carea' id='block_1_79' title="bbox 2191 3666 3760 3747">
    <p class='ocr_par' dir='ltr' id='par_1_79' title="bbox 2191 3666 3760 3747">
     <span class='ocr_line' id='line_1_79' title="bbox 2191 3666 3760 3747; baseline 0.01 -26"><span class='ocrx_word' id='word_1_554' title='bbox 2191 3666 2570 3725; x_wconf 78' lang='lat' dir='ltr'><strong>Nazianzenus</strong></span> <span class='ocrx_word' id='word_1_555' title='bbox 2615 3686 2711 3740; x_wconf 91' lang='lat' dir='ltr'><strong>pro</strong></span> <span class='ocrx_word' id='word_1_556' title='bbox 2743 3671 2988 3742; x_wconf 78' lang='lat' dir='ltr'><strong>Nysseno</strong></span> <span class='ocrx_word' id='word_1_557' title='bbox 3020 3675 3108 3730; x_wconf 92' lang='lat' dir='ltr'><strong>hic</strong></span> <span class='ocrx_word' id='word_1_558' title='bbox 3159 3675 3401 3747; x_wconf 84' lang='lat' dir='ltr'><strong>legatur,</strong></span> <span class='ocrx_word' id='word_1_559' title='bbox 3451 3695 3572 3734; x_wconf 54' lang='lat' dir='ltr'><strong>non,</strong></span> <span class='ocrx_word' id='word_1_560' title='bbox 3603 3681 3760 3737; x_wconf 86' lang='lat' dir='ltr'><strong>facile</strong></span> 
     </span>
    </p>
   </div>
   <div class='ocr_carea' id='block_1_80' title="bbox 2190 3759 3761 3832">
    <p class='ocr_par' dir='ltr' id='par_1_80' title="bbox 2190 3759 3761 3832">
     <span class='ocr_line' id='line_1_80' title="bbox 2190 3759 3761 3832; baseline 0.009 -20"><span class='ocrx_word' id='word_1_561' title='bbox 2190 3759 2414 3820; x_wconf 80' lang='lat' dir='ltr'><strong>dixeris.</strong></span> <span class='ocrx_word' id='word_1_562' title='bbox 2470 3760 2544 3816; x_wconf 90' lang='lat' dir='ltr'><strong>De</strong></span> <span class='ocrx_word' id='word_1_563' title='bbox 2590 3763 2817 3817; x_wconf 89' lang='lat' dir='ltr'><strong>aliorum</strong></span> <span class='ocrx_word' id='word_1_564' title='bbox 2855 3765 2942 3820; x_wconf 89' lang='lat' dir='ltr'><strong>hic</strong></span> <span class='ocrx_word' id='word_1_565' title='bbox 2994 3777 3340 3824; x_wconf 82' lang='lat' dir='ltr'><strong>narratorum</strong></span> <span class='ocrx_word' id='word_1_566' title='bbox 3376 3772 3603 3832; x_wconf 81' lang='lat' dir='ltr'><strong>veritate</strong></span> <span class='ocrx_word' id='word_1_567' title='bbox 3648 3784 3761 3828; x_wconf 89' lang='lat' dir='ltr'><strong>sta-</strong></span> 
     </span>
    </p>
   </div>
   <div class='ocr_carea' id='block_1_81' title="bbox 2193 3853 3437 3932">
    <p class='ocr_par' dir='ltr' id='par_1_81' title="bbox 2193 3853 3437 3932">
     <span class='ocr_line' id='line_1_81' title="bbox 2193 3853 3437 3932; baseline 0.011 -30"><span class='ocrx_word' id='word_1_568' title='bbox 2193 3856 2481 3915; x_wconf 21' lang='lat' dir='ltr'><strong>tues,ﬁcum</strong></span> <span class='ocrx_word' id='word_1_569' title='bbox 2511 3855 2644 3911; x_wconf 85' lang='lat' dir='ltr'><strong>Acta</strong></span> <span class='ocrx_word' id='word_1_570' title='bbox 2672 3853 2899 3913; x_wconf 89' lang='lat' dir='ltr'><strong>inferius</strong></span> <span class='ocrx_word' id='word_1_571' title='bbox 2923 3857 3094 3911; x_wconf 89' lang='lat' dir='ltr'><strong>danda</strong></span> <span class='ocrx_word' id='word_1_572' title='bbox 3123 3860 3437 3932; x_wconf 81' lang='lat' dir='ltr'><strong>perlegeris.</strong></span> 
     </span>
    </p>
   </div>
   <div class='ocr_carea' id='block_1_82' title="bbox 2259 3945 3758 4020">
    <p class='ocr_par' dir='ltr' id='par_1_82' title="bbox 2259 3945 3758 4020">
     <span class='ocr_line' id='line_1_82' title="bbox 2259 3945 3758 4020; baseline 0.008 -20"><span class='ocrx_word' id='word_1_573' title='bbox 2259 3946 2314 4000; x_wconf 73' lang='lat'><strong>4.</strong></span> <span class='ocrx_word' id='word_1_574' title='bbox 2350 3945 2404 4000; x_wconf 90' lang='lat' dir='ltr'><strong>In</strong></span> <span class='ocrx_word' id='word_1_575' title='bbox 2439 3949 2722 4004; x_wconf 87' lang='lat' dir='ltr'><strong>ritualibus</strong></span> <span class='ocrx_word' id='word_1_576' title='bbox 2748 3950 3058 4008; x_wconf 84' lang='lat' dir='ltr'><strong>Graecorum</strong></span> <span class='ocrx_word' id='word_1_577' title='bbox 3101 3954 3276 4020; x_wconf 82' lang='lat' dir='ltr'><strong>libris,</strong></span> <span class='ocrx_word' id='word_1_578' title='bbox 3309 3957 3414 4012; x_wconf 92' lang='lat' dir='ltr'><strong>hoc</strong></span> <span class='ocrx_word' id='word_1_579' title='bbox 3437 3958 3522 4012; x_wconf 90' lang='lat' dir='ltr'><strong>die</strong></span> <span class='ocrx_word' id='word_1_580' title='bbox 3553 3973 3644 4012; x_wconf 82' lang='lat' dir='ltr'><strong>xtv</strong></span> <span class='ocrx_word' id='word_1_581' title='bbox 3665 3954 3758 4012; x_wconf 88' lang='lat' dir='ltr'><strong>Ju-</strong></span> 
     </span>
    </p>
   </div>
   <div class='ocr_carea' id='block_1_83' title="bbox 2189 4036 3758 4111">
    <p class='ocr_par' dir='ltr' id='par_1_83' title="bbox 2189 4036 3758 4111">
     <span class='ocr_line' id='line_1_83' title="bbox 2189 4036 3758 4111; baseline 0.008 -21"><span class='ocrx_word' id='word_1_582' title='bbox 2189 4036 2267 4090; x_wconf 88' lang='lat' dir='ltr'><strong>nii</strong></span> <span class='ocrx_word' id='word_1_583' title='bbox 2310 4039 2581 4094; x_wconf 92' lang='lat' dir='ltr'><strong>neminem</strong></span> <span class='ocrx_word' id='word_1_584' title='bbox 2639 4041 2872 4110; x_wconf 88' lang='lat' dir='ltr'><strong>reperio,</strong></span> <span class='ocrx_word' id='word_1_585' title='bbox 2903 4044 2992 4111; x_wconf 90' lang='lat' dir='ltr'><strong>qui</strong></span> <span class='ocrx_word' id='word_1_586' title='bbox 3020 4046 3347 4101; x_wconf 90' lang='lat' dir='ltr'><strong>mentionem</strong></span> <span class='ocrx_word' id='word_1_587' title='bbox 3379 4049 3549 4103; x_wconf 89' lang='lat' dir='ltr'><strong>sancti</strong></span> <span class='ocrx_word' id='word_1_588' title='bbox 3575 4048 3758 4103; x_wconf 89' lang='lat' dir='ltr'><strong>Basilii</strong></span> 
     </span>
    </p>
   </div>
   <div class='ocr_carea' id='block_1_84' title="bbox 2191 4120 3755 4205">
    <p class='ocr_par' dir='ltr' id='par_1_84' title="bbox 2191 4120 3755 4205">
     <span class='ocr_line' id='line_1_84' title="bbox 2191 4120 3755 4205; baseline 0.007 -22"><span class='ocrx_word' id='word_1_589' title='bbox 2191 4128 2377 4195; x_wconf 84' lang='lat' dir='ltr'><strong>faciat,</strong></span> <span class='ocrx_word' id='word_1_590' title='bbox 2406 4141 2601 4200; x_wconf 70' lang='lat' dir='ltr'><strong>praeter</strong></span> <span class='ocrx_word' id='word_1_591' title='bbox 2634 4131 2981 4204; x_wconf 80' lang='lat' dir='ltr'><strong>Horologium</strong></span> <span class='ocrx_word' id='word_1_592' title='bbox 3015 4150 3107 4190; x_wconf 91' lang='lat' dir='ltr'><strong>seu</strong></span> <span class='ocrx_word' id='word_1_593' title='bbox 3141 4120 3426 4192; x_wconf 71' lang='lat' dir='ltr'><strong>llorarium</strong></span> <span class='ocrx_word' id='word_1_594' title='bbox 3458 4179 3474 4205; x_wconf 88' lang='lat'><strong>,</strong></span> <span class='ocrx_word' id='word_1_595' title='bbox 3504 4140 3568 4193; x_wconf 91' lang='lat' dir='ltr'><strong>ad</strong></span> <span class='ocrx_word' id='word_1_596' title='bbox 3601 4155 3755 4194; x_wconf 84' lang='lat' dir='ltr'><strong>usum</strong></span> 
     </span>
    </p>
   </div>
   <div class='ocr_carea' id='block_1_85' title="bbox 2189 4222 3752 4298">
    <p class='ocr_par' dir='ltr' id='par_1_85' title="bbox 2189 4222 3752 4298">
     <span class='ocr_line' id='line_1_85' title="bbox 2189 4222 3752 4298; baseline 0.006 -22"><span class='ocrx_word' id='word_1_597' title='bbox 2189 4223 2504 4277; x_wconf 89' lang='lat' dir='ltr'><strong>monasterii</strong></span> <span class='ocrx_word' id='word_1_598' title='bbox 2553 4222 2767 4295; x_wconf 86' lang='lat' dir='ltr'><strong>Cryptae</strong></span> <span class='ocrx_word' id='word_1_599' title='bbox 2795 4224 3009 4282; x_wconf 80' lang='lat' dir='ltr'><strong>ferratae</strong></span> <span class='ocrx_word' id='word_1_600' title='bbox 3041 4238 3096 4283; x_wconf 88' lang='lat' dir='ltr'><strong>et</strong></span> <span class='ocrx_word' id='word_1_601' title='bbox 3131 4228 3358 4284; x_wconf 89' lang='lat' dir='ltr'><strong>aliorum</strong></span> <span class='ocrx_word' id='word_1_602' title='bbox 3389 4234 3752 4298; x_wconf 86' lang='lat' dir='ltr'><strong>monasterio-</strong></span> 
     </span>
    </p>
   </div>
   <div class='ocr_carea' id='block_1_86' title="bbox 2189 4313 3780 4379">
    <p class='ocr_par' dir='ltr' id='par_1_86' title="bbox 2189 4313 3780 4379">
     <span class='ocr_line' id='line_1_86' title="bbox 2189 4313 3780 4379; baseline 0.006 -14"><span class='ocrx_word' id='word_1_603' title='bbox 2189 4327 2308 4365; x_wconf 88' lang='lat' dir='ltr'><strong>rum</strong></span> <span class='ocrx_word' id='word_1_604' title='bbox 2353 4313 2559 4367; x_wconf 80' lang='lat' dir='ltr'><strong>ordinis</strong></span> <span class='ocrx_word' id='word_1_605' title='bbox 2586 4314 2645 4368; x_wconf 86' lang='lat' dir='ltr'><strong>S.</strong></span> <span class='ocrx_word' id='word_1_606' title='bbox 2684 4313 2905 4379; x_wconf 87' lang='lat' dir='ltr'><strong>Basilii,</strong></span> <span class='ocrx_word' id='word_1_607' title='bbox 2934 4326 3158 4374; x_wconf 88' lang='lat' dir='ltr'><strong>curante</strong></span> <span class='ocrx_word' id='word_1_608' title='bbox 3185 4320 3613 4377; x_wconf 88' lang='lat' dir='ltr'><strong>eminentissiruo</strong></span> <span class='ocrx_word' id='word_1_609' title='bbox 3633 4336 3780 4375; x_wconf 61' lang='lat' dir='ltr'><strong>car-.</strong></span> 
     </span>
    </p>
   </div>
   <div class='ocr_carea' id='block_1_87' title="bbox 2190 4401 3782 4485">
    <p class='ocr_par' dir='ltr' id='par_1_87' title="bbox 2190 4401 3782 4485">
     <span class='ocr_line' id='line_1_87' title="bbox 2190 4401 3782 4485; baseline 0.008 -28"><span class='ocrx_word' id='word_1_610' title='bbox 2190 4402 2370 4458; x_wconf 89' lang='lat' dir='ltr'><strong>dinale</strong></span> <span class='ocrx_word' id='word_1_611' title='bbox 2396 4401 2598 4466; x_wconf 85' lang='lat' dir='ltr'><strong>Nerlio.</strong></span> <span class='ocrx_word' id='word_1_612' title='bbox 2627 4405 2816 4460; x_wconf 74' lang='lat' dir='ltr'><strong>Romae</strong></span> <span class='ocrx_word' id='word_1_613' title='bbox 2851 4407 3195 4485; x_wconf 89' lang='lat' dir='ltr'><strong>impressum,</strong></span> <span class='ocrx_word' id='word_1_614' title='bbox 3229 4412 3319 4467; x_wconf 92' lang='lat' dir='ltr'><strong>ubi</strong></span> <span class='ocrx_word' id='word_1_615' title='bbox 3368 4411 3566 4482; x_wconf 81' lang='lat' dir='ltr'><strong>legitur</strong></span> <span class='ocrx_word' id='word_1_616' title='bbox 3591 4414 3782 4470; x_wconf 64' lang='lat' dir='ltr'><strong>divini;</strong></span> 
     </span>
    </p>
   </div>
   <div class='ocr_carea' id='block_1_88' title="bbox 506 4486 3756 4579">
    <p class='ocr_par' dir='ltr' id='par_1_88' title="bbox 506 4486 3756 4579">
     <span class='ocr_line' id='line_1_88' title="bbox 506 4486 3756 4579; baseline 0.005 -38"><span class='ocrx_word' id='word_1_617' title='bbox 506 4486 652 4542; x_wconf 89' lang='lat' dir='ltr'><strong>fecto</strong></span> <span class='ocrx_word' id='word_1_618' title='bbox 704 4490 1046 4558; x_wconf 86' lang='lat' dir='ltr'><strong>respondisse</strong></span> <span class='ocrx_word' id='word_1_619' title='bbox 1096 4491 1268 4547; x_wconf 86' lang='lat' dir='ltr'><strong>fertur</strong></span> <span class='ocrx_word' id='word_1_620' title='bbox 1301 4508 1316 4547; x_wconf 91' lang='lat'><strong>:</strong></span> <span class='ocrx_word' id='word_1_621' title='bbox 1355 4513 1374 4546; x_wconf 78' lang='grc' dir='ltr'>ι</span> <span class='ocrx_word' id='word_1_622' title='bbox 1413 4496 1590 4566; x_wconf 88' lang='lat' dir='ltr'><strong>Atque</strong></span> <span class='ocrx_word' id='word_1_623' title='bbox 1645 4496 1850 4551; x_wconf 90' lang='lat' dir='ltr'><strong>utinam</strong></span> <span class='ocrx_word' id='word_1_624' title='bbox 1882 4497 2083 4569; x_wconf 91' lang='lat' dir='ltr'><strong>aliquid</strong></span> <span class='ocrx_word' id='word_1_625' title='bbox 2115 4523 2166 4579; x_wconf 72' lang='grc' dir='ltr'><strong>ι)</strong></span> <span class='ocrx_word' id='word_1_626' title='bbox 2189 4491 2352 4548; x_wconf 76' lang='lat' dir='ltr'><strong>ofﬁcii</strong></span> <span class='ocrx_word' id='word_1_627' title='bbox 2373 4493 2464 4548; x_wconf 91' lang='lat' dir='ltr'><strong>hic</strong></span> <span class='ocrx_word' id='word_1_628' title='bbox 2492 4493 2678 4549; x_wconf 89' lang='lat' dir='ltr'><strong>titulus</strong></span> <span class='ocrx_word' id='word_1_629' title='bbox 2712 4511 2727 4548; x_wconf 89' lang='lat'><strong>:</strong></span> <span class='ocrx_word' id='word_1_630' title='bbox 2758 4514 2776 4548; x_wconf 75' lang='grc' dir='ltr'>ι</span> <span class='ocrx_word' id='word_1_631' title='bbox 2809 4495 2991 4550; x_wconf 91' lang='lat' dir='ltr'><strong>Sancti</strong></span> <span class='ocrx_word' id='word_1_632' title='bbox 3022 4497 3200 4554; x_wconf 89' lang='lat' dir='ltr'><strong>Patris</strong></span> <span class='ocrx_word' id='word_1_633' title='bbox 3232 4501 3402 4556; x_wconf 91' lang='lat' dir='ltr'><strong>nostri</strong></span> <span class='ocrx_word' id='word_1_634' title='bbox 3429 4500 3614 4556; x_wconf 89' lang='lat' dir='ltr'><strong>Basilii</strong></span> <span class='ocrx_word' id='word_1_635' title='bbox 3645 4502 3756 4557; x_wconf 83' lang='lat' dir='ltr'><strong>Ma-</strong></span> 
     </span>
    </p>
   </div>
   <div class='ocr_carea' id='block_1_89' title="bbox 508 4579 2082 4661">
    <p class='ocr_par' dir='ltr' id='par_1_89' title="bbox 508 4579 2082 4661">
     <span class='ocr_line' id='line_1_89' title="bbox 508 4579 2082 4661; baseline 0.008 -28"><span class='ocrx_word' id='word_1_636' title='bbox 508 4579 642 4634; x_wconf 88' lang='lat' dir='ltr'><strong>mihi</strong></span> <span class='ocrx_word' id='word_1_637' title='bbox 677 4590 822 4636; x_wconf 86' lang='lat' dir='ltr'><strong>esset</strong></span> <span class='ocrx_word' id='word_1_638' title='bbox 870 4582 1015 4653; x_wconf 88' lang='lat' dir='ltr'><strong>digni</strong></span> <span class='ocrx_word' id='word_1_639' title='bbox 1047 4586 1309 4651; x_wconf 90' lang='lat' dir='ltr'><strong>muneris,</strong></span> <span class='ocrx_word' id='word_1_640' title='bbox 1341 4589 1481 4656; x_wconf 90' lang='lat' dir='ltr'><strong>quod</strong></span> <span class='ocrx_word' id='word_1_641' title='bbox 1510 4586 1759 4644; x_wconf 73' lang='lat' dir='ltr'><strong>offerrem</strong></span> <span class='ocrx_word' id='word_1_642' title='bbox 1789 4589 1939 4658; x_wconf 85' lang='lat' dir='ltr'><strong>huic,</strong></span> <span class='ocrx_word' id='word_1_643' title='bbox 1989 4595 2082 4661; x_wconf 85' lang='lat' dir='ltr'><strong>qui</strong></span> 
     </span>
    </p>
   </div>
   <div class='ocr_carea' id='block_1_90' title="bbox 505 4673 2085 4747">
    <p class='ocr_par' dir='ltr' id='par_1_90' title="bbox 505 4673 2085 4747">
     <span class='ocr_line' id='line_1_90' title="bbox 505 4673 2085 4747; baseline 0.008 -22"><span class='ocrx_word' id='word_1_644' title='bbox 505 4673 774 4728; x_wconf 89' lang='lat' dir='ltr'><strong>maturius</strong></span> <span class='ocrx_word' id='word_1_645' title='bbox 819 4673 1078 4730; x_wconf 90' lang='lat' dir='ltr'><strong>Basilinm</strong></span> <span class='ocrx_word' id='word_1_646' title='bbox 1127 4677 1195 4731; x_wconf 89' lang='lat' dir='ltr'><strong>de</strong></span> <span class='ocrx_word' id='word_1_647' title='bbox 1228 4678 1375 4733; x_wconf 90' lang='lat' dir='ltr'><strong>nodo</strong></span> <span class='ocrx_word' id='word_1_648' title='bbox 1428 4679 1572 4735; x_wconf 89' lang='lat' dir='ltr'><strong>follis</strong></span> <span class='ocrx_word' id='word_1_649' title='bbox 1621 4679 1784 4747; x_wconf 91' lang='lat' dir='ltr'><strong>hujus</strong></span> <span class='ocrx_word' id='word_1_650' title='bbox 1836 4682 2085 4738; x_wconf 61' lang='lat' dir='ltr'><strong>absolve-</strong></span> 
     </span>
    </p>
   </div>
   <div class='ocr_carea' id='block_1_91' title="bbox 503 4765 2082 4844">
    <p class='ocr_par' dir='ltr' id='par_1_91' title="bbox 503 4765 2082 4844">
     <span class='ocr_line' id='line_1_91' title="bbox 503 4765 2082 4844; baseline 0.009 -27"><span class='ocrx_word' id='word_1_651' title='bbox 503 4773 610 4817; x_wconf 88' lang='lat' dir='ltr'><strong>ret.</strong></span> <span class='ocrx_word' id='word_1_652' title='bbox 652 4783 671 4817; x_wconf 70' lang='grc' dir='ltr'><strong>ι</strong></span> <span class='ocrx_word' id='word_1_653' title='bbox 705 4765 950 4836; x_wconf 88' lang='lat' dir='ltr'><strong>Cumque</strong></span> <span class='ocrx_word' id='word_1_654' title='bbox 977 4767 1202 4823; x_wconf 90' lang='lat' dir='ltr'><strong>daretur</strong></span> <span class='ocrx_word' id='word_1_655' title='bbox 1240 4772 1290 4825; x_wconf 90' lang='lat' dir='ltr'><strong>ei</strong></span> <span class='ocrx_word' id='word_1_656' title='bbox 1325 4786 1432 4826; x_wconf 88' lang='lat' dir='ltr'><strong>nox</strong></span> <span class='ocrx_word' id='word_1_657' title='bbox 1465 4788 1584 4844; x_wconf 85' lang='lat' dir='ltr'><strong>quae</strong></span> <span class='ocrx_word' id='word_1_658' title='bbox 1605 4783 1727 4829; x_wconf 86' lang='lat' dir='ltr'><strong>erat</strong></span> <span class='ocrx_word' id='word_1_659' title='bbox 1761 4775 1936 4831; x_wconf 89' lang='lat' dir='ltr'><strong>media</strong></span> <span class='ocrx_word' id='word_1_660' title='bbox 1964 4817 1980 4841; x_wconf 90' lang='lat'><strong>,</strong></span> <span class='ocrx_word' id='word_1_661' title='bbox 2011 4776 2082 4832; x_wconf 82' lang='lat' dir='ltr'><strong>ad</strong></span> 
     </span>
    </p>
   </div>
   <div class='ocr_carea' id='block_1_92' title="bbox 503 4857 2077 4936">
    <p class='ocr_par' dir='ltr' id='par_1_92' title="bbox 503 4857 2077 4936">
     <span class='ocr_line' id='line_1_92' title="bbox 503 4857 2077 4936; baseline 0.009 -27"><span class='ocrx_word' id='word_1_662' title='bbox 503 4857 740 4923; x_wconf 89' lang='lat' dir='ltr'><strong>spatium</strong></span> <span class='ocrx_word' id='word_1_663' title='bbox 771 4857 1134 4927; x_wconf 87' lang='lat' dir='ltr'><strong>deliberandi,</strong></span> <span class='ocrx_word' id='word_1_664' title='bbox 1172 4863 1522 4933; x_wconf 89' lang='lat' dir='ltr'><strong>respondisse</strong></span> <span class='ocrx_word' id='word_1_665' title='bbox 1539 4865 1716 4923; x_wconf 89' lang='lat' dir='ltr'><strong>denuo</strong></span> <span class='ocrx_word' id='word_1_666' title='bbox 1735 4867 2077 4936; x_wconf 88' lang='lat' dir='ltr'><strong>perhibetur:</strong></span> 
     </span>
    </p>
   </div>
   <div class='ocr_carea' id='block_1_93' title="bbox 510 4948 2080 5027">
    <p class='ocr_par' dir='ltr' id='par_1_93' title="bbox 510 4948 2080 5027">
     <span class='ocr_line' id='line_1_93' title="bbox 510 4948 2080 5027; baseline 0.009 -25"><span class='ocrx_word' id='word_1_667' title='bbox 510 4967 530 4996; x_wconf 76' lang='grc' dir='ltr'>ι</span> <span class='ocrx_word' id='word_1_668' title='bbox 571 4948 682 5017; x_wconf 82' lang='lat' dir='ltr'><strong>Ego</strong></span> <span class='ocrx_word' id='word_1_669' title='bbox 715 4952 961 5008; x_wconf 89' lang='lat' dir='ltr'><strong>crastino</strong></span> <span class='ocrx_word' id='word_1_670' title='bbox 1009 4953 1127 5019; x_wconf 90' lang='lat' dir='ltr'><strong>ipse</strong></span> <span class='ocrx_word' id='word_1_671' title='bbox 1161 4969 1257 5009; x_wconf 91' lang='lat' dir='ltr'><strong>ero</strong></span> <span class='ocrx_word' id='word_1_672' title='bbox 1295 4957 1387 5026; x_wconf 91' lang='lat' dir='ltr'><strong>qui</strong></span> <span class='ocrx_word' id='word_1_673' title='bbox 1433 4972 1575 5013; x_wconf 90' lang='lat' dir='ltr'><strong>nunc</strong></span> <span class='ocrx_word' id='word_1_674' title='bbox 1619 4977 1634 5014; x_wconf 91' lang='lat'><strong>:</strong></span> <span class='ocrx_word' id='word_1_675' title='bbox 1677 4970 1730 5014; x_wconf 93' lang='lat' dir='ltr'><strong>tu</strong></span> <span class='ocrx_word' id='word_1_676' title='bbox 1764 4969 1836 5027; x_wconf 93' lang='lat' dir='ltr'><strong>te,</strong></span> <span class='ocrx_word' id='word_1_677' title='bbox 1875 4963 2080 5018; x_wconf 89' lang='lat' dir='ltr'><strong>utinam</strong></span> 
     </span>
    </p>
   </div>
   <div class='ocr_carea' id='block_1_94' title="bbox 505 5044 2084 5125">
    <p class='ocr_par' dir='ltr' id='par_1_94' title="bbox 505 5044 2084 5125">
     <span class='ocr_line' id='line_1_94' title="bbox 505 5044 2084 5125; baseline 0.011 -34"><span class='ocrx_word' id='word_1_678' title='bbox 505 5056 611 5093; x_wconf 91' lang='lat' dir='ltr'><strong>non</strong></span> <span class='ocrx_word' id='word_1_679' title='bbox 646 5052 886 5098; x_wconf 88' lang='lat' dir='ltr'><strong>mutares</strong></span> <span class='ocrx_word' id='word_1_680' title='bbox 914 5045 928 5098; x_wconf 87' lang='lat' dir='ltr'><strong>l</strong></span> <span class='ocrx_word' id='word_1_681' title='bbox 970 5063 989 5097; x_wconf 71' lang='grc' dir='ltr'><strong><em>ι</em></strong></span> <span class='ocrx_word' id='word_1_682' title='bbox 1021 5044 1087 5099; x_wconf 80' lang='lat' dir='ltr'><strong>Et</strong></span> <span class='ocrx_word' id='word_1_683' title='bbox 1122 5046 1211 5100; x_wconf 89' lang='lat' dir='ltr'><strong>illa</strong></span> <span class='ocrx_word' id='word_1_684' title='bbox 1235 5047 1462 5125; x_wconf 84' lang='lat' dir='ltr'><strong>quidem</strong></span> <span class='ocrx_word' id='word_1_685' title='bbox 1489 5060 1649 5104; x_wconf 88' lang='lat' dir='ltr'><strong>nocte</strong></span> <span class='ocrx_word' id='word_1_686' title='bbox 1687 5067 1826 5106; x_wconf 85' lang='lat' dir='ltr'><strong>uxor</strong></span> <span class='ocrx_word' id='word_1_687' title='bbox 1854 5053 2084 5122; x_wconf 82' lang='lat' dir='ltr'><strong>impera-</strong></span> 
     </span>
    </p>
   </div>
   <div class='ocr_carea' id='block_1_95' title="bbox 506 5130 2077 5211">
    <p class='ocr_par' dir='ltr' id='par_1_95' title="bbox 506 5130 2077 5211">
     <span class='ocr_line' id='line_1_95' title="bbox 506 5130 2077 5211; baseline 0.01 -28"><span class='ocrx_word' id='word_1_688' title='bbox 506 5130 665 5195; x_wconf 91' lang='lat' dir='ltr'><strong>toris,</strong></span> <span class='ocrx_word' id='word_1_689' title='bbox 697 5134 842 5188; x_wconf 89' lang='lat' dir='ltr'><strong>velut</strong></span> <span class='ocrx_word' id='word_1_690' title='bbox 868 5136 1162 5192; x_wconf 86' lang='lat' dir='ltr'><strong>tortoribus</strong></span> <span class='ocrx_word' id='word_1_691' title='bbox 1178 5137 1398 5204; x_wconf 89' lang='lat' dir='ltr'><strong>tradita,</strong></span> <span class='ocrx_word' id='word_1_692' title='bbox 1419 5142 1725 5207; x_wconf 86' lang='lat' dir='ltr'><strong>cruciatur;</strong></span> <span class='ocrx_word' id='word_1_693' title='bbox 1759 5142 1901 5198; x_wconf 79' lang='lat' dir='ltr'><strong>[ilius</strong></span> <span class='ocrx_word' id='word_1_694' title='bbox 1928 5159 2077 5211; x_wconf 89' lang='lat' dir='ltr'><strong>vero,</strong></span> 
     </span>
    </p>
   </div>
   <div class='ocr_carea' id='block_1_96' title="bbox 502 5220 2080 5305">
    <p class='ocr_par' dir='ltr' id='par_1_96' title="bbox 502 5220 2080 5305">
     <span class='ocr_line' id='line_1_96' title="bbox 502 5220 2080 5305; baseline 0.011 -32"><span class='ocrx_word' id='word_1_695' title='bbox 502 5221 595 5289; x_wconf 87' lang='lat' dir='ltr'><strong>qui</strong></span> <span class='ocrx_word' id='word_1_696' title='bbox 637 5220 719 5278; x_wconf 91' lang='lat' dir='ltr'><strong>eis</strong></span> <span class='ocrx_word' id='word_1_697' title='bbox 768 5235 889 5280; x_wconf 83' lang='lat' dir='ltr'><strong>erat</strong></span> <span class='ocrx_word' id='word_1_698' title='bbox 948 5228 1162 5293; x_wconf 83' lang='lat' dir='ltr'><strong>unicus,</strong></span> <span class='ocrx_word' id='word_1_699' title='bbox 1211 5229 1535 5295; x_wconf 81' lang='lat' dir='ltr'><strong>exstinctus,</strong></span> <span class='ocrx_word' id='word_1_700' title='bbox 1602 5240 1846 5302; x_wconf 86' lang='lat' dir='ltr'><strong>paternae</strong></span> <span class='ocrx_word' id='word_1_701' title='bbox 1887 5234 2080 5305; x_wconf 87' lang='lat' dir='ltr'><strong>impie-</strong></span> 
     </span>
    </p>
   </div>
   <div class='ocr_carea' id='block_1_97' title="bbox 505 5313 2076 5388">
    <p class='ocr_par' dir='ltr' id='par_1_97' title="bbox 505 5313 2076 5388">
     <span class='ocr_line' id='line_1_97' title="bbox 505 5313 2076 5388; baseline 0.009 -24"><span class='ocrx_word' id='word_1_702' title='bbox 505 5313 630 5366; x_wconf 78' lang='lat' dir='ltr'><strong>tatis</strong></span> <span class='ocrx_word' id='word_1_703' title='bbox 651 5313 813 5369; x_wconf 86' lang='lat' dir='ltr'><strong>solvit</strong></span> <span class='ocrx_word' id='word_1_704' title='bbox 837 5317 1100 5388; x_wconf 86' lang='lat' dir='ltr'><strong>supplicia</strong></span> <span class='ocrx_word' id='word_1_705' title='bbox 1131 5335 1145 5371; x_wconf 89' lang='lat'><strong>:</strong></span> <span class='ocrx_word' id='word_1_706' title='bbox 1175 5318 1247 5374; x_wconf 90' lang='lat' dir='ltr'><strong>ita</strong></span> <span class='ocrx_word' id='word_1_707' title='bbox 1297 5328 1357 5374; x_wconf 85' lang='lat' dir='ltr'><strong>ut</strong></span> <span class='ocrx_word' id='word_1_708' title='bbox 1403 5330 1528 5375; x_wconf 90' lang='lat' dir='ltr'><strong>ante</strong></span> <span class='ocrx_word' id='word_1_709' title='bbox 1559 5322 1731 5377; x_wconf 85' lang='lat' dir='ltr'><strong>lucem</strong></span> <span class='ocrx_word' id='word_1_710' title='bbox 1764 5324 1914 5378; x_wconf 90' lang='lat' dir='ltr'><strong>missi</strong></span> <span class='ocrx_word' id='word_1_711' title='bbox 1946 5325 2076 5386; x_wconf 91' lang='lat' dir='ltr'><strong>sint,</strong></span> 
     </span>
    </p>
   </div>
   <div class='ocr_carea' id='block_1_98' title="bbox 506 5403 2079 5481">
    <p class='ocr_par' dir='ltr' id='par_1_98' title="bbox 506 5403 2079 5481">
     <span class='ocr_line' id='line_1_98' title="bbox 506 5403 2079 5481; baseline 0.01 -27"><span class='ocrx_word' id='word_1_712' title='bbox 506 5403 598 5471; x_wconf 87' lang='lat' dir='ltr'><strong>qui</strong></span> <span class='ocrx_word' id='word_1_713' title='bbox 637 5417 895 5476; x_wconf 81' lang='lat' dir='ltr'><strong>rogarent</strong></span> <span class='ocrx_word' id='word_1_714' title='bbox 950 5409 1208 5465; x_wconf 85' lang='lat' dir='ltr'><strong>Basilinm</strong></span> <span class='ocrx_word' id='word_1_715' title='bbox 1272 5419 1328 5466; x_wconf 91' lang='lat' dir='ltr'><strong>ut</strong></span> <span class='ocrx_word' id='word_1_716' title='bbox 1360 5413 1608 5481; x_wconf 89' lang='lat' dir='ltr'><strong>precibus</strong></span> <span class='ocrx_word' id='word_1_717' title='bbox 1635 5415 1749 5468; x_wconf 86' lang='lat' dir='ltr'><strong>suis</strong></span> <span class='ocrx_word' id='word_1_718' title='bbox 1779 5415 2079 5470; x_wconf 87' lang='lat' dir='ltr'><strong>intercede-</strong></span> 
     </span>
    </p>
   </div>
   <div class='ocr_carea' id='block_1_99' title="bbox 505 5500 2077 5576">
    <p class='ocr_par' dir='ltr' id='par_1_99' title="bbox 505 5500 2077 5576">
     <span class='ocr_line' id='line_1_99' title="bbox 505 5500 2077 5576; baseline 0.01 -27"><span class='ocrx_word' id='word_1_719' title='bbox 505 5507 592 5550; x_wconf 90' lang='lat' dir='ltr'><strong>ret</strong></span> <span class='ocrx_word' id='word_1_720' title='bbox 621 5513 720 5564; x_wconf 90' lang='lat' dir='ltr'><strong>pro</strong></span> <span class='ocrx_word' id='word_1_721' title='bbox 750 5500 852 5564; x_wconf 90' lang='lat' dir='ltr'><strong>eis,</strong></span> <span class='ocrx_word' id='word_1_722' title='bbox 879 5516 948 5556; x_wconf 89' lang='lat' dir='ltr'><strong>ne</strong></span> <span class='ocrx_word' id='word_1_723' title='bbox 977 5503 1143 5562; x_wconf 89' lang='lat' dir='ltr'><strong>etiam</strong></span> <span class='ocrx_word' id='word_1_724' title='bbox 1175 5503 1298 5573; x_wconf 86' lang='lat' dir='ltr'><strong>ipsi,</strong></span> <span class='ocrx_word' id='word_1_725' title='bbox 1346 5514 1400 5558; x_wconf 92' lang='lat' dir='ltr'><strong>et</strong></span> <span class='ocrx_word' id='word_1_726' title='bbox 1439 5504 1656 5576; x_wconf 88' lang='lat' dir='ltr'><strong>quidem</strong></span> <span class='ocrx_word' id='word_1_727' title='bbox 1687 5505 1853 5560; x_wconf 90' lang='lat' dir='ltr'><strong>multo</strong></span> <span class='ocrx_word' id='word_1_728' title='bbox 1876 5507 2077 5576; x_wconf 90' lang='lat' dir='ltr'><strong>justius</strong></span> 
     </span>
    </p>
   </div>
   <div class='ocr_carea' id='block_1_100' title="bbox 505 5589 2076 5660">
    <p class='ocr_par' dir='ltr' id='par_1_100' title="bbox 505 5589 2076 5660">
     <span class='ocr_line' id='line_1_100' title="bbox 505 5589 2076 5660; baseline 0.009 -19"><span class='ocrx_word' id='word_1_729' title='bbox 505 5589 817 5646; x_wconf 88' lang='lat' dir='ltr'><strong>interirent.</strong></span> <span class='ocrx_word' id='word_1_730' title='bbox 853 5591 945 5648; x_wconf 90' lang='lat' dir='ltr'><strong>Sic</strong></span> <span class='ocrx_word' id='word_1_731' title='bbox 988 5594 1231 5660; x_wconf 88' lang='lat' dir='ltr'><strong>accidit,</strong></span> <span class='ocrx_word' id='word_1_732' title='bbox 1275 5604 1337 5650; x_wconf 90' lang='lat' dir='ltr'><strong>ut</strong></span> <span class='ocrx_word' id='word_1_733' title='bbox 1369 5611 1492 5650; x_wconf 92' lang='lat' dir='ltr'><strong>cum</strong></span> <span class='ocrx_word' id='word_1_734' title='bbox 1524 5611 1714 5652; x_wconf 88' lang='lat' dir='ltr'><strong>omnes</strong></span> <span class='ocrx_word' id='word_1_735' title='bbox 1767 5596 2076 5655; x_wconf 89' lang='lat' dir='ltr'><strong>Catholicos</strong></span> 
     </span>
    </p>
   </div>
   <div class='ocr_carea' id='block_1_101' title="bbox 501 5680 2070 5758">
    <p class='ocr_par' dir='ltr' id='par_1_101' title="bbox 501 5680 2070 5758">
     <span class='ocr_line' id='line_1_101' title="bbox 501 5680 2070 5758; baseline 0.003 -24"><span class='ocrx_word' id='word_1_736' title='bbox 501 5680 776 5744; x_wconf 76' lang='lat' dir='ltr'><strong>expulerit</strong></span> <span class='ocrx_word' id='word_1_737' title='bbox 821 5683 1056 5750; x_wconf 81' lang='lat' dir='ltr'><strong>Valens,</strong></span> <span class='ocrx_word' id='word_1_738' title='bbox 1091 5684 1323 5742; x_wconf 90' lang='lat' dir='ltr'><strong>Basilius</strong></span> <span class='ocrx_word' id='word_1_739' title='bbox 1367 5701 1540 5758; x_wconf 90' lang='lat' dir='ltr'><strong>usque</strong></span> <span class='ocrx_word' id='word_1_740' title='bbox 1580 5688 1650 5744; x_wconf 82' lang='lat' dir='ltr'><strong>ad</strong></span> <span class='ocrx_word' id='word_1_741' title='bbox 1677 5687 1803 5744; x_wconf 78' lang='lat' dir='ltr'><strong>vita:</strong></span> <span class='ocrx_word' id='word_1_742' title='bbox 1827 5688 2029 5742; x_wconf 79' lang='lat' dir='ltr'><strong>exitum</strong></span> <span class='ocrx_word' id='word_1_743' title='bbox 2055 5729 2070 5754; x_wconf 92' lang='lat'><strong>,</strong></span> 
     </span>
    </p>
   </div>
   <div class='ocr_carea' id='block_1_102' title="bbox 507 5771 2072 5848">
    <p class='ocr_par' dir='ltr' id='par_1_102' title="bbox 507 5771 2072 5848">
     <span class='ocr_line' id='line_1_102' title="bbox 507 5771 2072 5848; baseline 0.004 -19"><span class='ocrx_word' id='word_1_744' title='bbox 507 5771 834 5832; x_wconf 72' lang='lat' dir='ltr'><strong>interuentu</strong></span> <span class='ocrx_word' id='word_1_745' title='bbox 897 5778 1296 5835; x_wconf 83' lang='lat' dir='ltr'><strong>communionis</strong></span> <span class='ocrx_word' id='word_1_746' title='bbox 1330 5792 1707 5848; x_wconf 81' lang='lat' dir='ltr'><strong>sacramento,</strong></span> <span class='ocrx_word' id='word_1_747' title='bbox 1746 5781 1799 5836; x_wconf 88' lang='lat' dir='ltr'><strong>in</strong></span> <span class='ocrx_word' id='word_1_748' title='bbox 1831 5778 2072 5838; x_wconf 82' lang='lat' dir='ltr'><strong>Ecclesia</strong></span> 
     </span>
    </p>
   </div>
   <div class='ocr_carea' id='block_1_103' title="bbox 2189 4583 3765 4662">
    <p class='ocr_par' dir='ltr' id='par_1_103' title="bbox 2189 4583 3765 4662">
     <span class='ocr_line' id='line_1_103' title="bbox 2189 4583 3765 4662; baseline 0.008 -25"><span class='ocrx_word' id='word_1_749' title='bbox 2189 4583 2302 4655; x_wconf 85' lang='lat' dir='ltr'><strong>gni,</strong></span> <span class='ocrx_word' id='word_1_750' title='bbox 2333 4603 2352 4638; x_wconf 77' lang='grc' dir='ltr'><strong>ι</strong></span> <span class='ocrx_word' id='word_1_751' title='bbox 2389 4585 2584 4642; x_wconf 88' lang='lat' dir='ltr'><strong>deinde</strong></span> <span class='ocrx_word' id='word_1_752' title='bbox 2645 4589 3013 4656; x_wconf 67' lang='lat' dir='ltr'><strong>praescribitur</strong></span> <span class='ocrx_word' id='word_1_753' title='bbox 3057 4593 3213 4656; x_wconf 87' lang='lat' dir='ltr'><strong>ordo,</strong></span> <span class='ocrx_word' id='word_1_754' title='bbox 3243 4590 3515 4662; x_wconf 90' lang='lat' dir='ltr'><strong>plerisque</strong></span> <span class='ocrx_word' id='word_1_755' title='bbox 3543 4594 3765 4648; x_wconf 66' lang='lat' dir='ltr'><strong>desum-‘</strong></span> 
     </span>
    </p>
   </div>
   <div class='ocr_carea' id='block_1_104' title="bbox 2184 4676 3759 4751">
    <p class='ocr_par' dir='ltr' id='par_1_104' title="bbox 2184 4676 3759 4751">
     <span class='ocr_line' id='line_1_104' title="bbox 2184 4676 3759 4751; baseline 0.004 -21"><span class='ocrx_word' id='word_1_756' title='bbox 2184 4676 2294 4747; x_wconf 89' lang='lat' dir='ltr'><strong>ptis</strong></span> <span class='ocrx_word' id='word_1_757' title='bbox 2319 4691 2383 4731; x_wconf 89' lang='lat' dir='ltr'><strong>ex</strong></span> <span class='ocrx_word' id='word_1_758' title='bbox 2428 4676 2598 4748; x_wconf 87' lang='lat' dir='ltr'><strong>prima</strong></span> <span class='ocrx_word' id='word_1_759' title='bbox 2626 4677 2867 4734; x_wconf 89' lang='lat' dir='ltr'><strong>Januarii</strong></span> <span class='ocrx_word' id='word_1_760' title='bbox 2897 4699 2912 4735; x_wconf 88' lang='lat'><strong>:</strong></span> <span class='ocrx_word' id='word_1_761' title='bbox 2947 4681 3049 4736; x_wconf 89' lang='lat' dir='ltr'><strong>hac</strong></span> <span class='ocrx_word' id='word_1_762' title='bbox 3075 4683 3220 4736; x_wconf 89' lang='lat' dir='ltr'><strong>enim</strong></span> <span class='ocrx_word' id='word_1_763' title='bbox 3252 4682 3306 4738; x_wconf 90' lang='lat' dir='ltr'><strong>in</strong></span> <span class='ocrx_word' id='word_1_764' title='bbox 3335 4683 3560 4751; x_wconf 88' lang='lat' dir='ltr'><strong>praefato</strong></span> <span class='ocrx_word' id='word_1_765' title='bbox 3590 4684 3759 4740; x_wconf 82' lang='lat' dir='ltr'><strong>[lora-</strong></span> 
     </span>
    </p>
   </div>
   <div class='ocr_carea' id='block_1_105' title="bbox 2198 4766 3759 4845">
    <p class='ocr_par' dir='ltr' id='par_1_105' title="bbox 2198 4766 3759 4845">
     <span class='ocr_line' id='line_1_105' title="bbox 2198 4766 3759 4845; baseline 0.006 -24"><span class='ocrx_word' id='word_1_766' title='bbox 2198 4766 2280 4824; x_wconf 91' lang='lat' dir='ltr'><strong>rio</strong></span> <span class='ocrx_word' id='word_1_767' title='bbox 2313 4769 2485 4824; x_wconf 88' lang='lat' dir='ltr'><strong>sancti</strong></span> <span class='ocrx_word' id='word_1_768' title='bbox 2536 4767 2722 4825; x_wconf 85' lang='lat' dir='ltr'><strong>Basilii</strong></span> <span class='ocrx_word' id='word_1_769' title='bbox 2768 4769 2960 4828; x_wconf 82' lang='lat' dir='ltr'><strong>festum</strong></span> <span class='ocrx_word' id='word_1_770' title='bbox 2995 4773 3248 4839; x_wconf 87' lang='lat' dir='ltr'><strong>habetur,</strong></span> <span class='ocrx_word' id='word_1_771' title='bbox 3291 4775 3608 4832; x_wconf 88' lang='lat' dir='ltr'><strong>solemniter</strong></span> <span class='ocrx_word' id='word_1_772' title='bbox 3635 4793 3759 4845; x_wconf 78' lang='lat' dir='ltr'><strong>per-</strong></span> 
     </span>
    </p>
   </div>
   <div class='ocr_carea' id='block_1_106' title="bbox 2185 4860 3752 4929">
    <p class='ocr_par' dir='ltr' id='par_1_106' title="bbox 2185 4860 3752 4929">
     <span class='ocr_line' id='line_1_106' title="bbox 2185 4860 3752 4929; baseline 0.004 -16"><span class='ocrx_word' id='word_1_773' title='bbox 2185 4860 2473 4929; x_wconf 88' lang='lat' dir='ltr'><strong>agendum,</strong></span> <span class='ocrx_word' id='word_1_774' title='bbox 2504 4861 2664 4915; x_wconf 91' lang='lat' dir='ltr'><strong>simul</strong></span> <span class='ocrx_word' id='word_1_775' title='bbox 2683 4875 2805 4916; x_wconf 90' lang='lat' dir='ltr'><strong>cum</strong></span> <span class='ocrx_word' id='word_1_776' title='bbox 2829 4862 2967 4919; x_wconf 88' lang='lat' dir='ltr'><strong>festo</strong></span> <span class='ocrx_word' id='word_1_777' title='bbox 2993 4863 3450 4921; x_wconf 88' lang='lat' dir='ltr'><strong>Circumcisionis.</strong></span> <span class='ocrx_word' id='word_1_778' title='bbox 3470 4867 3537 4921; x_wconf 87' lang='lat' dir='ltr'><strong>Et</strong></span> <span class='ocrx_word' id='word_1_779' title='bbox 3558 4869 3624 4922; x_wconf 92' lang='lat' dir='ltr'><strong>de</strong></span> <span class='ocrx_word' id='word_1_780' title='bbox 3650 4867 3752 4921; x_wconf 88' lang='lat' dir='ltr'><strong>Ba-</strong></span> 
     </span>
    </p>
   </div>
   <div class='ocr_carea' id='block_1_107' title="bbox 2192 4949 3751 5028">
    <p class='ocr_par' dir='ltr' id='par_1_107' title="bbox 2192 4949 3751 5028">
     <span class='ocr_line' id='line_1_107' title="bbox 2192 4949 3751 5028; baseline 0.006 -24"><span class='ocrx_word' id='word_1_781' title='bbox 2192 4949 2318 5005; x_wconf 89' lang='lat' dir='ltr'><strong>silio</strong></span> <span class='ocrx_word' id='word_1_782' title='bbox 2369 4951 2586 5021; x_wconf 89' lang='lat' dir='ltr'><strong>quidem</strong></span> <span class='ocrx_word' id='word_1_783' title='bbox 2637 4951 2705 5006; x_wconf 91' lang='lat' dir='ltr'><strong>ad</strong></span> <span class='ocrx_word' id='word_1_784' title='bbox 2749 4952 2971 5008; x_wconf 87' lang='lat' dir='ltr'><strong>missam</strong></span> <span class='ocrx_word' id='word_1_785' title='bbox 3009 4954 3115 5011; x_wconf 89' lang='lat' dir='ltr'><strong>hoc</strong></span> <span class='ocrx_word' id='word_1_786' title='bbox 3150 4956 3366 5012; x_wconf 89' lang='lat' dir='ltr'><strong>canitur</strong></span> <span class='ocrx_word' id='word_1_787' title='bbox 3412 4960 3751 5028; x_wconf 82' lang='lat' dir='ltr'><strong>tropariutn:</strong></span> 
     </span>
    </p>
   </div>
   <div class='ocr_carea' id='block_1_108' title="bbox 2187 5040 3753 5118">
    <p class='ocr_par' dir='ltr' id='par_1_108' title="bbox 2187 5040 3753 5118">
     <span class='ocr_line' id='line_1_108' title="bbox 2187 5040 3753 5118; baseline 0.008 -26"><span class='ocrx_word' id='word_1_788' title='bbox 2187 5058 2209 5092; x_wconf 70' lang='grc' dir='ltr'><strong><em>ι</em></strong></span> <span class='ocrx_word' id='word_1_789' title='bbox 2245 5040 2301 5095; x_wconf 85' lang='grc' dir='ltr'><strong>1η</strong></span> <span class='ocrx_word' id='word_1_790' title='bbox 2327 5056 2543 5098; x_wconf 91' lang='lat' dir='ltr'><strong>omnem</strong></span> <span class='ocrx_word' id='word_1_791' title='bbox 2566 5053 2768 5098; x_wconf 90' lang='lat' dir='ltr'><strong>terram</strong></span> <span class='ocrx_word' id='word_1_792' title='bbox 2795 5045 2964 5100; x_wconf 85' lang='lat' dir='ltr'><strong>exivit</strong></span> <span class='ocrx_word' id='word_1_793' title='bbox 2987 5060 3152 5102; x_wconf 89' lang='lat' dir='ltr'><strong>sonus</strong></span> <span class='ocrx_word' id='word_1_794' title='bbox 3185 5055 3333 5112; x_wconf 91' lang='lat' dir='ltr'><strong>tuus,</strong></span> <span class='ocrx_word' id='word_1_795' title='bbox 3373 5058 3430 5103; x_wconf 90' lang='lat' dir='ltr'><strong>ut</strong></span> <span class='ocrx_word' id='word_1_796' title='bbox 3454 5051 3753 5118; x_wconf 89' lang='lat' dir='ltr'><strong>susciperet</strong></span> 
     </span>
    </p>
   </div>
   <div class='ocr_carea' id='block_1_109' title="bbox 2184 5136 3754 5210">
    <p class='ocr_par' dir='ltr' id='par_1_109' title="bbox 2184 5136 3754 5210">
     <span class='ocr_line' id='line_1_109' title="bbox 2184 5136 3754 5210; baseline 0.006 -24"><span class='ocrx_word' id='word_1_797' title='bbox 2184 5147 2492 5189; x_wconf 88' lang='lat' dir='ltr'><strong>sermonem</strong></span> <span class='ocrx_word' id='word_1_798' title='bbox 2537 5143 2686 5188; x_wconf 91' lang='lat' dir='ltr'><strong>tuum</strong></span> <span class='ocrx_word' id='word_1_799' title='bbox 2712 5179 2726 5199; x_wconf 89' lang='lat'><strong>,</strong></span> <span class='ocrx_word' id='word_1_800' title='bbox 2763 5151 2870 5204; x_wconf 93' lang='lat' dir='ltr'><strong>quo</strong></span> <span class='ocrx_word' id='word_1_801' title='bbox 2904 5151 3005 5192; x_wconf 92' lang='lat' dir='ltr'><strong>nos</strong></span> <span class='ocrx_word' id='word_1_802' title='bbox 3051 5136 3232 5191; x_wconf 90' lang='lat' dir='ltr'><strong>divine</strong></span> <span class='ocrx_word' id='word_1_803' title='bbox 3285 5151 3754 5210; x_wconf 85' lang='lat' dir='ltr'><strong>congruenterque</strong></span> 
     </span>
    </p>
   </div>
   <div class='ocr_carea' id='block_1_110' title="bbox 2180 5225 3754 5298">
    <p class='ocr_par' dir='ltr' id='par_1_110' title="bbox 2180 5225 3754 5298">
     <span class='ocr_line' id='line_1_110' title="bbox 2180 5225 3754 5298; baseline 0.004 -19"><span class='ocrx_word' id='word_1_804' title='bbox 2180 5225 2460 5282; x_wconf 85' lang='lat' dir='ltr'><strong>erudivisti</strong></span> <span class='ocrx_word' id='word_1_805' title='bbox 2488 5265 2503 5291; x_wconf 90' lang='lat'><strong>,</strong></span> <span class='ocrx_word' id='word_1_806' title='bbox 2539 5225 2834 5298; x_wconf 77' lang='lat' dir='ltr'><strong>explanatis</strong></span> <span class='ocrx_word' id='word_1_807' title='bbox 2883 5236 3138 5282; x_wconf 90' lang='lat' dir='ltr'><strong>naturam</strong></span> <span class='ocrx_word' id='word_1_808' title='bbox 3193 5243 3378 5282; x_wconf 88' lang='lat' dir='ltr'><strong>rerum</strong></span> <span class='ocrx_word' id='word_1_809' title='bbox 3405 5269 3421 5294; x_wconf 94' lang='lat'><strong>,</strong></span> <span class='ocrx_word' id='word_1_810' title='bbox 3474 5239 3539 5285; x_wconf 74' lang='lat' dir='ltr'><strong>et</strong></span> <span class='ocrx_word' id='word_1_811' title='bbox 3573 5245 3754 5285; x_wconf 87' lang='lat' dir='ltr'><strong>mores</strong></span> 
     </span>
    </p>
   </div>
   <div class='ocr_carea' id='block_1_111' title="bbox 2181 5315 3753 5388">
    <p class='ocr_par' dir='ltr' id='par_1_111' title="bbox 2181 5315 3753 5388">
     <span class='ocr_line' id='line_1_111' title="bbox 2181 5315 3753 5388; baseline 0.002 -15"><span class='ocrx_word' id='word_1_812' title='bbox 2181 5317 2462 5373; x_wconf 87' lang='lat' dir='ltr'><strong>hominum</strong></span> <span class='ocrx_word' id='word_1_813' title='bbox 2522 5331 2821 5374; x_wconf 78' lang='lat' dir='ltr'><strong>exornans.</strong></span> <span class='ocrx_word' id='word_1_814' title='bbox 2881 5315 3082 5388; x_wconf 78' lang='lat' dir='ltr'><strong>Regale</strong></span> <span class='ocrx_word' id='word_1_815' title='bbox 3137 5320 3545 5383; x_wconf 90' lang='lat' dir='ltr'><strong>sacerdotium,</strong></span> <span class='ocrx_word' id='word_1_816' title='bbox 3593 5320 3753 5376; x_wconf 87' lang='lat' dir='ltr'><strong>Pater</strong></span> 
     </span>
    </p>
   </div>
   <div class='ocr_carea' id='block_1_112' title="bbox 2179 5409 3752 5479">
    <p class='ocr_par' dir='ltr' id='par_1_112' title="bbox 2179 5409 3752 5479">
     <span class='ocr_line' id='line_1_112' title="bbox 2179 5409 3752 5479; baseline 0.001 -13"><span class='ocrx_word' id='word_1_817' title='bbox 2179 5419 2392 5475; x_wconf 90' lang='lat' dir='ltr'><strong>sancte,</strong></span> <span class='ocrx_word' id='word_1_818' title='bbox 2426 5409 2700 5465; x_wconf 91' lang='lat' dir='ltr'><strong>intercede</strong></span> <span class='ocrx_word' id='word_1_819' title='bbox 2732 5411 2870 5477; x_wconf 89' lang='lat' dir='ltr'><strong>apud</strong></span> <span class='ocrx_word' id='word_1_820' title='bbox 2892 5410 3167 5464; x_wconf 88' lang='lat' dir='ltr'><strong>Christum</strong></span> <span class='ocrx_word' id='word_1_821' title='bbox 3207 5410 3381 5466; x_wconf 88' lang='lat' dir='ltr'><strong>Deum</strong></span> <span class='ocrx_word' id='word_1_822' title='bbox 3401 5423 3665 5479; x_wconf 83' lang='lat' dir='ltr'><strong>nostrum,</strong></span> <span class='ocrx_word' id='word_1_823' title='bbox 3691 5424 3752 5468; x_wconf 85' lang='lat' dir='ltr'><strong>ut</strong></span> 
     </span>
    </p>
   </div>
   <div class='ocr_carea' id='block_1_113' title="bbox 2176 5503 3750 5576">
    <p class='ocr_par' dir='ltr' id='par_1_113' title="bbox 2176 5503 3750 5576">
     <span class='ocr_line' id='line_1_113' title="bbox 2176 5503 3750 5576; baseline -0.001 -17"><span class='ocrx_word' id='word_1_824' title='bbox 2176 5504 2456 5559; x_wconf 85' lang='lat' dir='ltr'><strong>salventur</strong></span> <span class='ocrx_word' id='word_1_825' title='bbox 2477 5503 2672 5558; x_wconf 88' lang='lat' dir='ltr'><strong>animae</strong></span> <span class='ocrx_word' id='word_1_826' title='bbox 2705 5513 2922 5556; x_wconf 62' lang='lat' dir='ltr'><strong>nostrae.</strong></span> <span class='ocrx_word' id='word_1_827' title='bbox 2955 5520 2975 5553; x_wconf 70' lang='grc' dir='ltr'><strong>ι</strong></span> <span class='ocrx_word' id='word_1_828' title='bbox 3017 5503 3152 5559; x_wconf 82' lang='lat' dir='ltr'><strong>Huic</strong></span> <span class='ocrx_word' id='word_1_829' title='bbox 3178 5505 3515 5576; x_wconf 87' lang='lat' dir='ltr'><strong>subjungitur</strong></span> <span class='ocrx_word' id='word_1_830' title='bbox 3543 5508 3610 5561; x_wconf 86' lang='lat' dir='ltr'><strong>de</strong></span> <span class='ocrx_word' id='word_1_831' title='bbox 3634 5510 3750 5561; x_wconf 80' lang='lat' dir='ltr'><strong>Cir-</strong></span> 
     </span>
    </p>
   </div>
   <div class='ocr_carea' id='block_1_114' title="bbox 2179 5593 3748 5664">
    <p class='ocr_par' dir='ltr' id='par_1_114' title="bbox 2179 5593 3748 5664">
     <span class='ocr_line' id='line_1_114' title="bbox 2179 5593 3748 5664; baseline -0.001 -13"><span class='ocrx_word' id='word_1_832' title='bbox 2179 5596 2511 5651; x_wconf 88' lang='lat' dir='ltr'><strong>cumcisione</strong></span> <span class='ocrx_word' id='word_1_833' title='bbox 2545 5593 2722 5648; x_wconf 88' lang='lat' dir='ltr'><strong>simile</strong></span> <span class='ocrx_word' id='word_1_834' title='bbox 2756 5594 3094 5664; x_wconf 86' lang='lat' dir='ltr'><strong>treparium:</strong></span> <span class='ocrx_word' id='word_1_835' title='bbox 3126 5613 3145 5646; x_wconf 72' lang='grc'><strong>(</strong></span> <span class='ocrx_word' id='word_1_836' title='bbox 3181 5595 3284 5662; x_wconf 88' lang='lat' dir='ltr'><strong>Qui</strong></span> <span class='ocrx_word' id='word_1_837' title='bbox 3308 5598 3464 5652; x_wconf 85' lang='lat' dir='ltr'><strong>sedes</strong></span> <span class='ocrx_word' id='word_1_838' title='bbox 3491 5598 3543 5651; x_wconf 92' lang='lat' dir='ltr'><strong>in</strong></span> <span class='ocrx_word' id='word_1_839' title='bbox 3565 5595 3748 5651; x_wconf 82' lang='lat' dir='ltr'><strong>excel-</strong></span> 
     </span>
    </p>
   </div>
   <div class='ocr_carea' id='block_1_115' title="bbox 2181 5686 3749 5760">
    <p class='ocr_par' dir='ltr' id='par_1_115' title="bbox 2181 5686 3749 5760">
     <span class='ocr_line' id='line_1_115' title="bbox 2181 5686 3749 5760; baseline -0.001 -16"><span class='ocrx_word' id='word_1_840' title='bbox 2181 5690 2256 5744; x_wconf 94' lang='lat' dir='ltr'><strong>sis</strong></span> <span class='ocrx_word' id='word_1_841' title='bbox 2318 5704 2480 5760; x_wconf 90' lang='lat' dir='ltr'><strong>super</strong></span> <span class='ocrx_word' id='word_1_842' title='bbox 2518 5688 2766 5740; x_wconf 90' lang='lat' dir='ltr'><strong>thronum</strong></span> <span class='ocrx_word' id='word_1_843' title='bbox 2825 5686 2998 5740; x_wconf 90' lang='lat' dir='ltr'><strong>instar</strong></span> <span class='ocrx_word' id='word_1_844' title='bbox 3035 5689 3174 5758; x_wconf 87' lang='lat' dir='ltr'><strong>ignis</strong></span> <span class='ocrx_word' id='word_1_845' title='bbox 3226 5688 3586 5760; x_wconf 83' lang='lat' dir='ltr'><strong>splendidum,</strong></span> <span class='ocrx_word' id='word_1_846' title='bbox 3626 5703 3749 5743; x_wconf 86' lang='lat' dir='ltr'><strong>cum</strong></span> 
     </span>
    </p>
   </div>
   <div class='ocr_carea' id='block_1_116' title="bbox 2175 5774 3750 5851">
    <p class='ocr_par' dir='ltr' id='par_1_116' title="bbox 2175 5774 3750 5851">
     <span class='ocr_line' id='line_1_116' title="bbox 2175 5774 3750 5851; baseline -0.003 -14"><span class='ocrx_word' id='word_1_847' title='bbox 2175 5779 2344 5837; x_wconf 78' lang='lat' dir='ltr'><strong>Patre</strong></span> <span class='ocrx_word' id='word_1_848' title='bbox 2373 5791 2575 5836; x_wconf 71' lang='lat' dir='ltr'><strong>aeterno</strong></span> <span class='ocrx_word' id='word_1_849' title='bbox 2599 5787 2652 5834; x_wconf 92' lang='lat' dir='ltr'><strong>et</strong></span> <span class='ocrx_word' id='word_1_850' title='bbox 2691 5774 2875 5832; x_wconf 68' lang='lat' dir='ltr'><strong>divino</strong></span> <span class='ocrx_word' id='word_1_851' title='bbox 2899 5784 2992 5835; x_wconf 87' lang='lat' dir='ltr'><strong>tuo</strong></span> <span class='ocrx_word' id='word_1_852' title='bbox 3017 5775 3250 5849; x_wconf 91' lang='lat' dir='ltr'><strong>Spiritu,</strong></span> <span class='ocrx_word' id='word_1_853' title='bbox 3283 5782 3537 5851; x_wconf 82' lang='lat' dir='ltr'><strong>dignatus</strong></span> <span class='ocrx_word' id='word_1_854' title='bbox 3569 5794 3626 5836; x_wconf 80' lang='lat' dir='ltr'><strong>es</strong></span> <span class='ocrx_word' id='word_1_855' title='bbox 3653 5794 3750 5834; x_wconf 81' lang='lat' dir='ltr'><strong>na-</strong></span> 
     </span>
    </p>
   </div>
  </div>
