4094 6220
1179 299 1540 363 EXCEBPTA
1585 313 1674 367 EX
1716 312 1921 408 Αοτιε
1960 318 2017 373 S.
2060 320 2300 381 BASlLll
2342 328 2858 386 BOLLANDIANIS.

409 406 488 461 sci
518 405 573 460 in
606 415 749 460 terra
782 423 846 463 ex
884 420 1054 465 matre
1103 422 1186 468 tua
1241 418 1437 474 intacta
1471 424 1686 492 Virgine
1714 470 1729 493 ,
1757 440 1811 484 et
1862 405 1972 486 cir-

396 498 625 552 eumcidi
662 513 793 565 puer
817 511 939 554 octo
980 505 1186 558 dierum
1213 527 1227 560 :
1264 509 1517 582 sitgloria
1548 520 1750 581 optimo
1780 524 1961 577 oonsi—

395 587 470 648 lio
502 597 613 657 tuo,
648 589 819 659 gloria
856 593 1212 652 incarnationi
1247 604 1555 673 tuas,3luria
1588 625 1808 665 summa:
1831 628 1959 683 erga

396 694 497 735 nos
528 679 839 736 demissioni
871 693 994 750 tuae,
1022 689 1177 742 unice
1207 691 1479 749 hominum
1509 709 1736 754 amator.
1775 722 1793 754 ι
1827 679 1961 761 Hinc

395 786 582 831 rursus
611 774 676 826 ad
709 772 961 830 Basilium
992 796 1004 830 :
1047 797 1065 830 ‹
1106 780 1186 835 Tu
1223 783 1366 840 basis
1399 787 1717 847 inconcussa
1763 794 1957 853 Eccle-

398 864 515 926 size,
552 865 796 932 praebens
842 871 1052 925 cunctis
1088 875 1402 932 mortalibus
1443 879 1751 938 inviolatum
1808 890 1950 943 refu-

394 956 567 1023 gium,
598 967 797 1033 tuaque
828 960 1158 1019 conﬁrmans
1183 966 1468 1036 dogmata;
1498 974 1620 1029 coeli
1666 977 1839 1032 instar
1877 996 1958 1034 re-

395 1048 699 1114 splendens,
738 1062 925 1105 sancte
955 1050 1140 1112 Basili.
1173 1074 1191 1105 ι
1233 1057 1493 1114 Similiter
1517 1073 1571 1117 et
1602 1067 1831 1131 primum
1863 1084 1957 1124 ve-

396 1138 700 1208 tustiusque.
730 1140 962 1201 ofﬁcium
989 1185 1005 1209 ,
1062 1146 1392 1218 descriptum
1427 1153 1477 1206 in
1528 1154 1746 1211 Menaeis
1769 1197 1784 1222 ,
1837 1159 1955 1218 festi

395 1237 561 1296 atque
594 1232 765 1285 sancti
797 1236 1040 1289 encomia
1076 1238 1301 1305 miscet;
1335 1253 1387 1295 et
1409 1244 1458 1296 in
1479 1248 1714 1314 vesperis
1740 1250 1953 1318 quidem

394 1319 560 1375 habet
627 1329 735 1377 tres
788 1339 978 1378 versus
1032 1328 1347 1396 similares,
1404 1343 1462 1386 ut
1525 1348 1762 1404 vocant;
1822 1355 1956 1409 quo-

393 1427 510 1466 rum
557 1414 763 1483 primus
808 1415 876 1471 de
916 1428 1060 1472 sesto
1110 1422 1399 1474 ascribitur
1435 1422 1695 1495 Byzanti;
1726 1429 1832 1483 duo
1859 1445 1957 1482 au-

393 1509 503 1557 tem
557 1506 620 1560 de
672 1517 861 1562 sancto
914 1509 1170 1565 dicuntur
1217 1528 1337 1568 esse
1387 1516 1571 1571 Basilii
1620 1528 1672 1573 et
1729 1518 1952 1576 Joannis

392 1596 778 1651 monachorum
802 1638 818 1663 ,
855 1614 1081 1668 quorum
1116 1606 1383 1673 posterior
1434 1608 1642 1662 videtur
1691 1627 1811 1666 esse
1846 1613 1950 1665 Da-

394 1698 697 1750 mascenus,
726 1688 863 1742 idem
910 1701 963 1744 et
992 1703 1182 1746 auctor
1203 1698 1426 1750 canonis
1456 1700 1647 1765 prolixi
1676 1702 1739 1753 de
1762 1704 1948 1757 eodem

3351 352 3635 395 εςιιικηι

1996 436 2045 494 Α
2081 438 2157 492 Ex
2194 442 2423 496 metrico
2461 444 2625 497 etiam
2655 444 2955 515 Synaxario
3008 461 3101 500 seu
3146 448 3466 506 Kalendario
3514 453 3634 509 dies

2067 530 2246 585 obitus
2279 533 2393 598 ejus
2423 534 2520 589 hoc
2543 549 2700 589 versu
2740 541 3089 594 annuntiatur
3116 556 3131 591 :

2141 622 2565 701 ’ίανῂνουαρίοιο
2595 626 2769 701 ράνες
2790 630 3069 701 {iacuere
3100 631 3318 701 πρώτῃ.

2145 692 2280 761 Ipsis
2310 698 2569 750 occumbis
2599 692 2753 761 lani,
2784 698 3001 760 Basilte.
3027 692 3303 756 Kaléudis.

2075 782 2224 836 Tunc
2247 785 2407 837 etiam
2431 785 2669 854 ejusdem
2701 787 2893 841 festum
2922 791 3189 859 przecipuo
3210 792 3356 847 cultu
3381 793 3622 849 celebra-

2071 881 2156 924 tur
2192 874 2243 926 in
2265 876 2609 930 sanctissima
2637 894 2826 948 magna
2854 879 3092 934 Ecclesia
3131 883 3627 954 Constantinopoli,

2063 963 2136 1015 uti
2199 964 2396 1032 legitur
2432 967 2483 1018 in
2526 966 2631 1019 ﬁne
2670 966 2833 1036 Elogii
2874 969 3164 1035 historici,
3206 974 3347 1043 quod
3397 975 3498 1030 hoc
3539 976 3627 1029 die

2059 1054 2411 1118 recitandum,
2443 1058 2815 1123 przescribitnr
2859 1059 2908 1110 in
2965 1059 3179 1116 Menaeis
3220 1063 3458 1118 excusis.
3496 1064 3629 1119 Elo-

2058 1147 2204 1213 gium
2230 1145 2329 1199 hoc
2358 1162 2463 1200 non
2489 1159 2637 1201 caret
2664 1150 2891 1204 mendis.
2930 1149 3130 1217 Quare,
3154 1166 3220 1205 eo
3247 1154 3469 1219 omisso,
3491 1156 3626 1209 satis

2057 1237 2229 1293 habeo
2261 1240 2557 1309 producere
2617 1241 2760 1294 aliud
2821 1243 3039 1297 brevius
3065 1280 3081 1305 ,
3123 1241 3215 1296 sed
3247 1247 3513 1300 vetustius
3568 1253 3627 1300 et.

2055 1331 2386 1392 accuratius,
2418 1346 2483 1386 ex
2517 1330 2818 1403 Menologio
2858 1333 3042 1389 Basilii
3077 1336 3442 1405 imperatoris,
3476 1338 3624 1394 circa

2053 1437 2251 1476 annum
2278 1421 2384 1476 984
2412 1425 2718 1493 conscripto
2742 1426 2843 1478 hac
2872 1425 3157 1497 verborum
3186 1427 3358 1480 forma
3388 1445 3402 1482 :

2122 1513 2173 1565 6.
2217 1514 2275 1566 '0
2314 1516 2371 1567 ὲν
2402 1515 2599 1584 Ἀγίοις
2631 1517 2819 1588 Πατὴρ
2845 1518 3003 1587 ἡμῶν
3032 1518 3307 1582 Βασίλειος
3324 1515 3393 1590 ἦν
3414 1519 3505 1572 ἐπὶ
3523 1518 3626 1589 τῆς

2053 1604 2328 1675 βασιλείας
2383 1607 2699 1670 Οὐάλεντος,
2764 1610 2943 1661 ὅντινα
2998 1611 3273 1665 Οὐάλεντα
3304 1612 3372 1668 τὰ
3411 1612 3621 1682 Ἀρείου

2049 1698 2141 1750 τοῦ
2195 1699 2466 1767 αἱρετικοῦ
2500 1700 2796 1770 φρονοῦντα
2834 1704 3355 1773 παρρησιασάμενος
3403 1702 3620 1772 ἧλεγξε,

391 1784 577 1829 sancto
598 1815 615 1841 ,
648 1777 732 1831 cui
775 1780 1007 1850 elogium
1040 1784 1104 1837 de
1139 1784 1245 1839 vita
1278 1786 1637 1857 interponitur
1660 1790 1761 1846 hoc
1791 1793 1950 1848 disti-

2051 1790 2143 1840 καὶ
2168 1788 2351 1841 ἔπεισε
2383 1793 2514 1857 παρ’
2560 1792 2738 1859 ὀλίγον
2785 1793 2883 1858 τὴν
2922 1794 3131 1864 αἵρεσιν
3183 1792 3542 1864 ἀρνήσασθαι,
3570 1794 3620 1846 εί

394 1863 495 1923 rho
523 1880 833 1938 praeeunte:

581 1983 897 2058 qu'msto;
926 1985 1023 2058 eral
1049 1987 1244 2058 θανὼν
1267 1987 1338 2045 ἐν
1368 1992 1580 2058 Κυρίῳ.

457 2050 544 2118 Ζῇ
572 2052 669 2104 καὶ
701 2053 834 2120 παρ’
862 2054 1006 2124 ἡμῖν
1033 2056 1112 2121 ὡς
1133 2059 1339 2111 λαλῶν
1356 2059 1423 2112 ἐκ
1447 2050 1567 2115 ἱῶν
1594 2062 1851 2127 βίϐλων.

464 2140 721 2219 Basilius,
744 2147 899 2219 etiam
940 2160 1194 2219 mortuus,
1228 2148 1444 2204 Domino
1475 2156 1629 2219 vivit;

461 2211 726 2285 Nobisque
754 2217 897 2279 vivit,
934 2217 989 2269 in
1019 2220 1126 2270 suis
1156 2211 1369 2289 loquens
1405 2220 1573 2276 libris.

391 2327 586 2383 Exstat
630 2330 767 2399 apud
811 2330 1190 2386 Combeﬁsium
1247 2336 1421 2390 oratio
1455 2338 1624 2393 sancti
1670 2338 1946 2408 Amphilo-

388 2420 519 2483 cbii,
543 2419 837 2477 lconiensis
868 2422 1127 2493 episcopi,
1150 2424 1200 2477 in
1221 2426 1430 2482 Domini
1453 2429 1944 2499 circumcisionem,

387 2515 438 2563 in
467 2529 571 2579 quo
599 2514 685 2569 ille
709 2515 785 2569 sic
811 2517 873 2568 de
905 2526 1093 2571 sancto
1122 2517 1317 2574 Basilio
1350 2519 1594 2597 loquitur
1631 2541 1644 2577 :
1674 2542 1693 2576 ‹
1730 2524 1826 2579 llic
1846 2526 1946 2580 cir-

384 2608 738 2673 cumcisione,
771 2624 888 2678 qtae
916 2611 973 2664 ﬁt
1002 2612 1053 2668 in
1080 2613 1267 2681 spiritu
1295 2622 1347 2668 et
1376 2615 1557 2669 divino
1600 2617 1944 2684 baptismate,

383 2714 579 2769 magno
631 2700 812 2755 animo
857 2704 1143 2768 praedicata
1172 2743 1188 2767 ,
1232 2707 1516 2774 perspicue
1563 2708 1847 2763 admodum
1896 2711 1942 2764 si

383 2792 508 2856 quis
529 2791 663 2847 alius
695 2790 784 2847 Dei
814 2792 1007 2858 cultor,
1044 2796 1511 2851 circumcisionem
1546 2797 1600 2853 in
1632 2814 1793 2855 carne
1816 2802 1944 2865 sub-

386 2882 573 2936 movit.
606 2881 812 2937 Idcirco
846 2884 1006 2939 etiam
1052 2883 1164 2953 eius
1196 2886 1264 2941 ad
1306 2886 1471 2941 Deum
1503 2903 1534 2942 a
1570 2898 1710 2945 terra
1741 2901 1791 2946 et
1822 2907 1945 2947 cor-

382 2987 514 3042 pore
566 2974 760 3029 solutio
791 2976 1144 3047 migratioque
1167 3018 1182 3042 ,
1216 2994 1325 3032 non
1354 2979 1450 3034 abs
1481 2995 1537 3034 re
1562 3021 1578 3045 ,
1639 2997 1812 3052 neque
1864 2982 1945 3053 (ut

382 3067 502 3133 quis
539 3078 733 3135 prmter
762 3070 1024 3124 rationem
1058 3070 1218 3125 fuerit
1246 3073 1571 3142 suspicatus)
1601 3089 1630 3127 a
1666 3091 1816 3141 casu,
1846 3077 1942 3133 ho-
1968 3110 2011 3170 ε

381 3160 567 3215 dierna
599 3162 685 3216 die
711 3162 1139 3217 cit’cumcisionis
1169 3162 1316 3232 Jesu,
1350 3167 1523 3220 media
1554 3167 1753 3221 divinae
1784 3167 1943 3224 Chri-

382 3252 451 3315 sti
494 3252 759 3306 nativitati
794 3254 1161 3324 baptismoque
1194 3259 1501 3324 concurrit;
1543 3260 1635 3313 sed
1673 3261 1817 3315 velut
1852 3262 1943 3327 qui

387 3341 733 3396 beatissimus
773 3343 876 3406 vir,
917 3343 967 3396 in
996 3344 1191 3399 Christi
1231 3346 1534 3403 nativitatis
1583 3350 1943 3419 baptismique

384 3435 792 3489 renuntiatione
826 3446 878 3488 et
907 3437 1259 3504 exultatione,
1293 3440 1945 3509 spiritualcmicircumci-

383 3526 591 3580 sionem
648 3527 1002 3589 exaltaverit,
1036 3544 1186 3582 sacra
1221 3532 1495 3586 memoriae
1523 3532 1640 3599 ejus
1670 3534 1781 3599 die,
1836 3550 1939 3588 una

385 3628 440 3672 et
475 3615 587 3686 ipse
626 3618 916 3673 resolutius
941 3660 957 3685 ,
988 3621 1052 3673 ad
1104 3621 1378 3675 Christum
1429 3623 1651 3677 exaltari
1687 3626 1884 3678 tneruit
1923 3644 1937 3680 :

380 3708 765 3779 decretumque
791 3710 885 3764 fuit
912 3721 969 3765 ut
997 3727 1093 3779 per
1116 3713 1166 3765 id
1196 3722 1404 3781 tempus
1435 3729 1611 3767 annua
1666 3713 1780 3783 ejus
1827 3731 1937 3769 me-

380 3800 553 3859 moria
586 3799 979 3869 celebritasque
1000 3800 1327 3855 recolerctur
1353 3819 1365 3854 :
1396 3802 1598 3856 idcirco
1621 3804 1941 3858 universalis

379 3907 474 3968 per
494 3907 680 3947 omnes
703 3892 853 3945 orbis
883 3901 1063 3960 partes
1102 3904 1412 3949 sanctorum
1443 3896 1814 3950 universorum
1843 3896 1944 3951 Ec-

382 3983 571 4048 clesia,
611 3983 1016 4045 sanctissimam
1042 3982 1157 4051 ejus
1186 4001 1505 4053 sacramque
1532 3987 1620 4041 die
1651 3988 1750 4041 hac
1779 4000 1942 4055 agens

383 4075 803 4144 gloriﬁcansque
830 4075 1167 4138 memoriam,
1191 4075 1515 4143 gratissimis
1540 4076 1646 4129 Deo
1670 4076 1939 4143 laudibus,

376 4148 485 4218 una
528 4164 799 4219 Christum
825 4205 840 4232 ,
872 4165 963 4234 qui
1010 4166 1276 4233 gloriosus
1323 4177 1409 4221 est
1459 4166 1510 4221 in
1546 4168 1752 4223 sanctis
1776 4171 1889 4225 suis
1920 4212 1938 4240 ,

376 4256 601 4310 canticis
625 4255 859 4311 celebrat
889 4266 942 4310 et
968 4256 1249 4325 gloriﬁcat.
1285 4276 1305 4309 ι

450 4345 504 4401 5.
530 4343 726 4399 Menam
754 4362 970 4416 quoque
988 4345 1227 4402 Venetiis
1250 4349 1655 4419 excusa,prima
1672 4348 1939 4417 Januarii,

2054 1880 2126 1950 μὴ
2168 1880 2551 1950 αἰσχυνόμενον
2590 1883 2750 1935 αὐτὸν
2786 1883 3009 1935 ἔϐλεπεν
3031 1901 3043 1914 ·
3072 1885 3220 1953 ὅμως
3265 1886 3313 1936 εἰ
3341 1884 3439 1955 τὴν
3468 1886 3619 1956 αἴρε-

2050 1987 2132 2027 σιν
2169 1969 2386 2035 τελείως
2417 1974 2516 2024 οὐκ
2568 1974 2858 2044 ἠρνήσατο,
2896 1975 3029 2039 τέως
3084 1976 3177 2028 καὶ
3212 1979 3277 2046 τῇ
3323 1975 3623 2048 Ἐκκλησία

2048 2064 2340 2134 προσῆλθε,
2382 2064 2814 2135 λειτουργοῦντος
2862 2068 2952 2119 τοῦ
3014 2069 3246 2138 μεγάλου
3299 2068 3618 2132 Βασιλείον.

2048 2155 2139 2207 καὶ
2166 2155 2311 2226 δῶρα
2350 2157 2683 2228 προσέφερεν
2704 2176 2716 2187 ·
2748 2154 2816 2229 ἦν
2851 2159 2906 2212 δὲ
2930 2161 2957 2211 ὁ
3004 2161 3174 2230 μέγας
3208 2161 3484 2224 Βασίλεεος
3505 2160 3619 2223 υίὸς

2048 2245 2327 2299 Βασιλείου
2374 2248 2466 2299 τοῦ
2503 2248 2609 2301 ἀπὸ
2642 2249 2738 2303 τοῦ
2789 2250 3010 2315 Πόντον,
3058 2252 3147 2306 καὶ
3192 2251 3485 2323 Ἐμμελίας
3520 2251 3618 2323 τῆς

2045 2339 2152 2391 ἀπὸ
2183 2340 2281 2409 τῆς
2309 2341 2724 2405 Καππαδοκίας,
2774 2344 2921 2408 ὅστις
2954 2347 3010 2397 ἐν
3062 2345 3222 2415 σοφίᾳ
3269 2345 3362 2397 καὶ
3420 2343 3617 2412 γνώσει

2046 2432 2253 2493 πάντας
2308 2431 2400 2482 καὶ
2433 2431 2557 2495 τοὺς
2598 2430 2858 2497 παλαιοὺς
2891 2434 3130 2503 ἐνίκησε,
3159 2432 3537 2504 κατεξαίρετον
3559 2431 3617 2485 δὲ

2043 2520 2292 2573 τοσοῦτον
2316 2522 2527 2589 ἐγένετο
2552 2522 2800 2593 εὐλαϐὴς,
2826 2526 2899 2587 ὼς
2929 2527 3021 2578 καὶ
3047 2526 3334 2596 ἀρχιερεὺς
3364 2524 3615 2593 γενέσθαι

2043 2613 2133 2665 τοῦ
2177 2614 2361 2685 θρόνου
2410 2616 2766 2686 Καισαρείας,
2799 2617 2931 2668 ὅπου
2974 2623 3066 2669 καὶ
3120 2617 3347 2678 ⁸πολλοὺς
3402 2616 3618 2683 ἀγῶνας

2045 2707 2181 2777 ὑπὲρ
2214 2710 2310 2777 τῆς
2337 2709 2615 2779 ὀρθοδόξον
2642 2710 2878 2772 πίστεως
2909 2708 3225 2779 ὑπομείνας,
3263 2712 3353 2761 καὶ
3381 2709 3615 2778 βασιλεῖς

2045 2800 2136 2851 καὶ
2178 2801 2452 2871 ὑπάρχους
2500 2800 2892 2867 καταπλείξας,
2930 2802 3025 2853 καὶ
3064 2801 3170 2853 τῶν
3218 2801 3505 2868 αἱρετικῶν
3545 2798 3613 2852 τὰ

2046 2892 2289 2961 στόματα
2342 2892 2550 2963 φράξας
2603 2896 2715 2956 τοῖς
2749 2893 2959 2960 λόγοις,
3008 2896 3095 2947 καὶ
3158 2892 3336 2961 βιϐλία
3390 2893 3613 2945 πλεῖστα

2044 2981 2517 3053 συγγραψάμενος,
2558 2983 2649 3036 καὶ
2704 2984 2873 3054 μυρία
2911 2984 3160 3053 θαύματα
3218 2983 3612 3054 ἐργασάμενος,

2043 3072 2100 3123 ἐν
2139 3073 2324 3147 εἰρήνῃ
2348 3072 2483 3143 πρὸς
2505 3073 2705 3147 Κύριον
2734 3073 3083 3146 ὲξεδήμησεν.
3132 3090 3149 3124 t
3189 3074 3424 3128 Sanctus
3455 3073 3614 3126 Pater

2048 3172 2234 3215 noster
2259 3161 2486 3216 Basilius
2512 3146 2813 3217 ﬂoruitsub
2851 3163 3090 3217 Valentis
3121 3162 3369 3232 imperio.
3411 3160 3608 3218 Valen-

2049 3263 2153 3306 tem
2182 3268 2329 3316 vero,
2367 3253 2565 3306 Ariana
2600 3254 2789 3308 bmresi
2839 3253 3122 3320 infectum,
3174 3253 3396 3309 liberius
3421 3254 3610 3308 admo-

2047 3345 2224 3399 nendo
2252 3344 2550 3417 redarguit,
2581 3346 2968 3415 persuasitque
3003 3347 3391 3417 propemodum
3438 3346 3613 3401 haere-

2045 3435 2143 3487 sim
2180 3432 2448 3501 abjurare,
2483 3435 2527 3487 si
2567 3450 2671 3489 non
2707 3435 2804 3487 sibi
2849 3436 2899 3488 id
2946 3434 3202 3489 dedecori
3251 3436 3489 3490 futurum
3536 3437 3607 3489 ti—

2045 3525 2273 3579 muisset
2304 3542 2319 3578 :
2348 3524 2595 3592 quamvis
2623 3526 2766 3578 enim
2810 3524 3057 3579 hmrcsim
3107 3526 3261 3595 plene
3302 3542 3406 3580 non
3451 3525 3609 3597 abju-

2047 3617 2291 3680 raverit,
2346 3617 2637 3671 accedebat
2702 3626 2877 3669 tamen
2936 3617 3001 3669 ad
3049 3617 3379 3679 ecclesiam,
3417 3634 3610 3687 magno

2046 3708 2242 3762 Basilio
2275 3724 2386 3763 rem
2432 3709 2663 3762 divinam
2724 3708 2994 3771 faciente,
3035 3720 3088 3763 et
3140 3710 3277 3763 dona
3328 3710 3608 3765 oﬁerebat.

2044 3801 2172 3854 Erat
2206 3816 2333 3854 vero
2357 3814 2584 3870 magnus
2623 3798 2855 3853 Basilius
2891 3799 3035 3854 ﬁlius
3078 3799 3264 3853 Basilii
3294 3800 3528 3865 Pontici,
3555 3811 3609 3856 et

2046 3890 2321 3947 Emmelize
2361 3891 2718 3960 Cappadocis.
2759 3890 2852 3944 Vir
2894 3892 2997 3946 iste
3033 3893 3305 3961 egregius,
3344 3893 3609 3959 sapientia

2042 3991 2097 4035 et
2132 3980 2373 4035 doctrina
2424 3995 2632 4035 coaevos
2683 3996 2833 4051 mque
2886 3997 2949 4036 ac
3017 3982 3270 4052 antiquos
3310 3983 3606 4052 superavit.

2044 4073 2269 4127 Pietatis
2302 4088 2431 4127 vero
2459 4083 2579 4129 erat
2607 4083 2712 4127 tam
2741 4073 2957 4127 eximia}
2982 4115 2997 4141 ,
3029 4084 3089 4128 ut
3118 4075 3170 4128 in
3207 4075 3455 4128 thronum
3501 4075 3611 4143 epi-

2050 4166 2321 4235 scopalem
2359 4165 2619 4219 Caesareae
2645 4174 2866 4220 evectus
2891 4165 2990 4230 sit,
3027 4166 3114 4220 ubi
3140 4176 3203 4240 et
3228 4167 3392 4219 multa
3429 4176 3602 4221 certa-

2044 4258 2186 4312 mina
2218 4271 2315 4325 pro
2343 4257 2643 4310 orthodoxa
2689 4255 2793 4310 ﬁde
2822 4257 3111 4322 sustinuit;
3147 4267 3422 4327 stuporem
3448 4257 3605 4312 simul

2040 4357 2094 4403 et
2125 4360 2383 4403 terrorem
2437 4349 2850 4418 imperatoribus
2900 4359 2953 4403 et
3000 4349 3270 4419 praefectis
3315 4350 3604 4417 incutiens,

374 4446 435 4503 ut
457 4435 568 4507 jam
594 4437 775 4493 dicere
799 4438 937 4507 οινρί
973 4478 990 4503 ,
1016 4438 1247 4494 olIicinm
1281 4442 1452 4495 sancti
1480 4440 1661 4497 Basilii
1686 4444 1938 4498 solemni-

2046 4436 2528 4505 hmreticorumque
2593 4450 2687 4489 ora
2760 4435 2976 4490 dicendi
3045 4438 3093 4490 vi
3159 4438 3418 4493 obturans
3474 4454 3488 4491 :
3542 4452 3606 4491 ac

376 4536 459 4583 ter
505 4527 913 4607 celebrandum,
971 4529 1129 4584 simul
1171 4547 1291 4586 cum
1339 4532 1483 4587 festo
1510 4534 1940 4592 circumcisionis

375 4619 759 4698 praescribunt,
795 4619 1011 4690 hymnis
1033 4622 1195 4675 variis
1219 4624 1558 4694 eanticisque
1586 4627 1651 4679 ad
1675 4625 1934 4682 honorem

376 4710 553 4764 sancti
609 4710 871 4766 intextum
906 4751 922 4777 ,
975 4713 1169 4782 quibus
1193 4716 1490 4775 orthodoxa
1525 4716 1641 4787 ejus
1665 4719 1935 4782 doctrina,

379 4801 675 4868 pastoralis
708 4803 1032 4867 sollicitudo,
1061 4815 1207 4859 casta
1236 4809 1595 4875 conversatio,
1640 4810 1933 4865 miraculo-

374 4905 493 4944 rum
542 4892 717 4962 gratia
754 4892 971 4948 coalitus
1001 4909 1285 4960 concessa,
1318 4895 1623 4955 laudantur.
1653 4898 1932 4969 Exemplo,

378 4982 601 5051 reliquis
627 4984 842 5038 omissis
866 5024 880 5049 ,
910 4984 1018 5039 sint.
1062 4986 1212 5041 hare:
1250 5007 1267 5036 ι
1307 4985 1506 5041 Diﬂ‘usa
1542 4996 1623 5041 est
1657 4989 1831 5059 gratia
1880 4988 1934 5042 in

378 5073 535 5135 labiis
568 5076 701 5143 tuis,
732 5085 919 5132 sancte
958 5075 1141 5141 Pater,
1172 5086 1225 5132 et
1255 5078 1430 5133 iactus
1471 5089 1654 5149 pastor
1679 5080 1936 5135 Ecclesia:

372 5164 859 5231 Christi;docuisti
893 5167 1184 5223 rationales
1226 5183 1354 5223 oves
1404 5170 1624 5223 credere
1665 5170 1715 5222 in
1751 5170 1935 5225 Trini-

373 5265 564 5324 tatem,
625 5258 1139 5321 consubstantialem
1172 5261 1227 5314 in
1261 5275 1365 5314 una
1402 5262 1621 5315 deitate.
1657 5260 1936 5316 Miraculo-

376 5363 497 5403 rum
531 5349 703 5420 gratia
755 5348 968 5414 cmlitus
1009 5359 1302 5406 exornatus
1326 5391 1341 5415 ,
1376 5350 1617 5404 fraudem
1671 5350 1932 5404 idolorum

376 5438 761 5508 prmdicatione
812 5440 1130 5503 confudisti,
1162 5441 1465 5493 antistitum
1519 5441 1789 5510 princeps,
1817 5440 1933 5510 glo-

372 5530 479 5595 ria,
504 5529 782 5597 fulcimen,
815 5532 1125 5585 beatissime
1162 5531 1347 5593 Basili,
1371 5543 1422 5584 et
1444 5531 1660 5585 Patrum
1694 5534 1933 5585 omnium

373 5620 635 5675 doctrina:
664 5623 958 5691 exemplar.
994 5623 1271 5677 Fiduciam
1311 5623 1449 5691 apud
1500 5621 1776 5677 Christum
1839 5636 1934 5675 na-

372 5717 516 5779 ctus,
538 5710 707 5780 ipsum
738 5712 1048 5783 deprecare,
1071 5723 1126 5771 ut
1146 5713 1420 5770 salventur
1444 5715 1633 5769 anima:
1668 5724 1881 5771 nostrae.
1905 5733 1924 5767 ι

2040 4528 2300 4591 tandem,
2338 4543 2458 4581 cum
2493 4528 2691 4581 multos
2736 4526 2901 4582 libros
2953 4530 3296 4598 scripsisset,
3349 4540 3402 4582 ct
3435 4529 3603 4599 pluri~

2044 4634 2131 4674 ma
2166 4627 2438 4690 patrasset
2475 4617 2734 4672 miracula
2768 4656 2783 4682 ,
2812 4617 2864 4670 in
2893 4631 3025 4687 pace
3053 4619 3301 4688 migravit
3332 4618 3397 4673 ad
3428 4618 3606 4672 Domi-

2039 4725 2187 4763 num.
2237 4727 2256 4753 ³

2111 4801 2161 4854 7.
2212 4799 2396 4869 Neque
2423 4799 2591 4853 solum
2628 4798 2680 4852 in
2722 4800 2892 4853 sacris
2930 4799 3240 4854 Grzccorum
3280 4798 3436 4855 fastis
3500 4801 3603 4856 hac

2038 4890 2125 4944 die
2150 4889 2418 4956 ascriptus
2448 4898 2532 4941 est
2589 4896 2808 4942 sanctus
2846 4886 3110 4951 Basilius;
3146 4889 3239 4942 sed
3293 4898 3441 4943 tanta
3475 4888 3600 4944 festi

2044 4979 2382 5043 solemnitas,
2414 4993 2534 5049 qua:
2565 4992 2663 5047 per
2690 4978 2968 5035 Orientem
3024 4981 3195 5049 prima
3240 4978 3482 5035 Januarii
3536 4982 3603 5035 ad

2039 5074 2153 5141 ejus
2181 5072 2584 5127 venerationem
2635 5072 2883 5126 instituta
2917 5081 3038 5135 est,
3072 5074 3414 5127 occasionem
3466 5090 3604 5143 pra:-

2039 5166 2155 5218 hnit
2204 5162 2600 5232 antiquioribus
2637 5163 3031 5233 Martyrologiis
3070 5163 3305 5229 Latinis,
3343 5164 3458 5230 ejus
3494 5178 3603 5218 me-

2042 5257 2269 5310 moriam
2298 5255 2489 5310 saltem
2509 5254 2741 5324 aliquam
2770 5255 2959 5309 eadem
2990 5270 3207 5326 quoque
3234 5254 3321 5309 die
3350 5256 3598 5311 faciendi.

2040 5350 2188 5404 Inter
2219 5361 2315 5401 eos
2338 5345 2480 5399 Beda
2517 5346 2891 5416 supposititius
2935 5347 3130 5411 habet,
3183 5347 3357 5401 sancti
3414 5345 3601 5402 Basilii

2040 5438 2305 5507 episcopi.
2356 5436 2635 5492 Usuardus
2670 5436 3005 5492 Coloniensis
3034 5477 3047 5501 ,
3087 5438 3139 5491 in
3183 5437 3427 5492 Cmsarea
3467 5436 3602 5508 Cap-

2038 5531 2273 5600 padocia:
2338 5528 2599 5598 depositio
2654 5531 2822 5583 sancti
2871 5528 3072 5583 Basilii.
3126 5529 3483 5599 Manrolycus,
3546 5532 3598 5586 in

2037 5623 2280 5676 Cmsarea
2320 5620 2673 5690 Cappadociae
2724 5623 2988 5690 depositio
3031 5622 3202 5675 sancti
3263 5621 3445 5676 Basilii
3486 5624 3601 5691 cpi-

2040 5713 2210 5784 scopl,
2242 5714 2395 5781 cujus
2416 5714 2709 5771 celebritas
2729 5717 2936 5772 decimo
2964 5723 3153 5771 octavo
3182 5715 3447 5771 Kalendas
3471 5713 3600 5770 ,ιυιῆ
