4094 6220
501 356 808 398 CCLXXXVIII

1857 343 2390 400 PROLEGUMLRA.

501 455 837 524 petissimum
866 453 1143 510 recolitur.
1176 453 1292 520 His,
1326 451 1564 523 elogium
1594 462 1650 508 et
1676 468 1875 510 annum
1903 471 2054 510 mer.
2094 475 2142 531 Α
2169 455 2274 511 alia
2325 455 2480 512 utilia
2523 457 2846 528 conscripsit
2872 475 2896 525 ;-
2942 466 2997 514 et
3023 459 3050 524 μ’
3079 475 3242 528 super
3269 462 3437 519 multa
3471 463 3739 521 mirabilia

504 549 572 600 tis
594 561 874 615 perperam
904 545 1264 614 designatum,
1289 547 1492 600 addens
1519 545 1852 600 Flerarium:
1875 566 1893 597 ι
1928 547 2056 612 Qui.

504 637 674 702 inquit
702 674 718 698 ,
747 645 989 704 tempore
1023 633 1264 689 Valentis
1299 636 1647 705 imperatoris
1691 636 1937 692 doctrina
1983 647 2055 691 -ει

505 727 770 793 sapientia
796 727 1043 797 insignis,
1076 727 1437 796 onmibusque
1461 727 1754 782 virtutibus
1788 729 2061 793 fundatus,

501 819 822 873 mirabiliter
852 819 1073 874 effulsit.
1093 818 1398 875 Obiitcirca
1433 835 1633 874 annum
1664 820 1872 876 Domini
1892 820 2016 876 583.
2042 838 2063 873 ι

502 907 806 972 Netkerus,
860 924 890 964 a
924 909 1146 980 reliquis
1192 911 1444 965 omnibus
1487 909 1910 965 diversissimum
1957 910 2073 965 ele-

503 1001 648 1070 gium
687 1009 914 1066 texens,
947 1002 1015 1055 ad
1064 1001 1308 1056 eumdem
1342 1003 1364 1054 l
1400 999 1641 1054 Januarii
1683 1018 1697 1056 :
1736 1020 1754 1052 ι
1800 1001 1856 1054 In
1888 1000 2070 1056 Caesa-

502 1103 620 1152 rea,
653 1089 862 1160 inquit,
894 1090 1178 1160 metropoli
1218 1090 1568 1158 Cappadociae
1596 1129 1611 1152 ,
1649 1090 1912 1160 depositio
1947 1107 2069 1144 san-

501 1181 576 1237 cti
611 1181 796 1238 Basilii
828 1183 1088 1254 episcopi,
1135 1183 1228 1253 qui
1258 1183 1519 1252 Regulam
1563 1181 1796 1240 fratrum
1827 1192 1883 1238 et
1907 1183 2071 1238 multa

2168 564 2288 619 qua:
2340 549 2510 614 fecit,
2554 550 2970 621 chirographum
3017 554 3211 622 perditi
3258 555 3535 622 hominis,
3597 560 3740 628 quod

2170 639 2382 695 diabolo
2435 639 2586 708 fecit,
2641 642 2848 697 orando
2907 643 3148 712 recipere
3201 644 3427 711 meruit;
3480 659 3548 700 ex
3598 649 3736 702 diem

2172 732 2364 786 mortis
2407 746 2518 787 sum
2567 743 2785 802 propter
2830 735 3235 790 conversionem
3265 733 3466 806 Jescph
3517 736 3728 793 Hebraei

2175 822 2412 889 distulit,
2466 831 2524 880 et
2556 826 3012 896 conscriptionem
3045 827 3322 897 cujusdam
3357 829 3573 884 nefandi
3621 844 3737 884 sce—

2167 915 2297 970 leris
2317 917 2479 970 etiam
2511 916 2798 974 defunctus
2825 919 3078 974 abolevit.
3105 940 3124 972 ι
3163 921 3267 976 Sed
3293 923 3482 977 hazcex
3514 923 3750 991 pseude-

2170 1004 2553 1074 Amphilochio
2589 1003 2824 1080 sumpta,
2847 1025 3007 1081 quam
3033 1013 3280 1081 exiguam
3309 1012 3468 1069 ﬁdem
3493 1026 3739 1066 merean-

2167 1108 2276 1162 tur,
2306 1099 2443 1153 infra
2477 1102 2694 1169 patebit.
2765 1143 2791 1162 ._
2860 1143 2874 1158 .
2957 1143 2972 1157 .
3051 1143 3066 1159 .
3143 1143 3159 1157 .
3243 1147 3258 1160 .
3340 1144 3354 1158 .
3437 1141 3455 1159 .
3526 1142 3543 1158 .
3623 1139 3640 1156 .

744 1688 829 1747 De
870 1683 1154 1766 reliquiis
1193 1687 1260 1748 S.
1308 1686 1540 1749 Basilii
1578 1690 1824 1766 Brugas
1871 1687 2290 1750 Flandrorum
2319 1687 2643 1748 translatis
2683 1697 2735 1748 et
2773 1706 2964 1765 usque
3000 1689 3180 1749 hodie
3223 1689 3507 1752 servatis.

608 1944 821 2002 Nemini
898 1962 1003 2001 non
1073 1949 1338 2002 videbitur
1395 1950 1751 2005 admiratione
1805 1949 2142 2019 dignum,B

501 2037 644 2106 quod
668 2039 732 2091 de
763 2045 872 2090 tam
902 2036 1131 2093 celebris
1185 2041 1356 2093 sancti
1413 2041 1657 2110 reliquiis
1680 2042 1770 2095 vix
1805 2041 1910 2095 ulla
1943 2040 2072 2096 reli-

503 2143 589 2181 cta
626 2129 885 2183 memoria
915 2129 1022 2194 sit,
1062 2130 1206 2184 nulla
1241 2132 1451 2199 uspiam
1515 2130 1653 2186 facta
1684 2133 1930 2201 corporis
1964 2133 2072 2188 ele-

504 2219 674 2284 vatio,
717 2220 1071 2274 translatieve
1107 2219 1333 2290 legatur,
1362 2222 1513 2291 cujus
1558 2233 1962 2276 monumentum
1987 2223 2070 2277 vel

506 2311 729 2365 historia
763 2313 828 2366 ad
857 2323 1100 2381 posteros
1124 2314 1420 2367 transierit.
1445 2312 1600 2368 Tanti
1626 2323 1805 2368 tamen
1833 2315 2070 2369 thesauri

503 2411 684 2473 caput,
740 2403 1021 2457 brachium
1073 2413 1129 2458 et
1167 2413 1373 2459 costam
1433 2405 1618 2460 Romae
1660 2407 1845 2460 haberi
1876 2406 2074 2461 asserit

508 2493 841 2548 l‘ancirelius
886 2494 939 2548 in
1002 2493 1352 2563 reliquiarum
1387 2493 1549 2550 Urbis
1579 2493 1839 2555 lndiculo.
1867 2506 2070 2564 partem

507 2602 638 2641 vero
666 2603 772 2641 non
799 2587 1046 2658 exiguam
1073 2603 1100 2641 a
1129 2590 1437 2658 quingentis
1468 2590 1746 2644 minimum
1782 2591 1940 2645 annis
1961 2606 2076 2658 pes-

505 2677 647 2731 sidet
689 2677 1041 2732 celeberrima
1081 2677 1444 2733 Flandrerum
1492 2681 1682 2735 civitas
1713 2681 1905 2750 Bruga:
1931 2723 1946 2747 ,
1983 2682 2071 2734 ubi

503 2768 664 2821 etiam
691 2777 868 2822 exstat
903 2769 1198 2840 antiquitus
1217 2770 1466 2835 ecclesia,
1501 2772 1601 2826 sub
1630 2772 1867 2839 ejusdem
1895 2775 2069 2828 sancti

507 2859 725 2914 nomine
761 2863 958 2915 dicata.
984 2859 1262 2916 Fundator
1289 2862 1389 2916 fuit
1409 2863 1781 2920 Theodericus
1809 2865 2071 2930 Alsatius,

505 2943 860 2999 Flandrorum
920 2963 982 3002 ac
1037 2948 1529 3005 Viromanduerum
1582 2966 1765 3007 comes
1823 2954 1891 3008 ab
1933 2969 2074 3009 atuto

509 3036 644 3090 1128
675 3038 741 3090 ad
781 3037 918 3093 “69
959 3053 974 3091 :
1011 3041 1076 3093 de
1106 3055 1207 3106 qua
1256 3039 1573 3098 fundatione
1623 3042 1814 3113 Brugis
1865 3048 2075 3110 accepi-

505 3145 624 3183 mus
650 3128 884 3200 Philippi
923 3131 1014 3184 ﬁlii
1045 3132 1278 3201 diploma
1304 3173 1318 3195 ,
1360 3134 1541 3188 datum
1569 3151 1711 3190 anno
1740 3136 1911 3204 “87;
1940 3146 1993 3192 et
2043 3155 2072 3192 a

508 3221 745 3276 lioberto
812 3221 876 3276 lll
933 3223 1199 3277 Flandriaa
1257 3225 1457 3278 comite
1509 3236 1874 3296 renovatum,
1929 3244 2073 3284 anno

508 3311 664 3375 1321.
696 3312 797 3366 hoc
829 3322 1016 3369 tenere
1048 3334 1061 3369 :

604 3422 623 3455 ς
661 3402 980 3470 Universis,
1034 3415 1144 3460 tam
1201 3409 1553 3477 praesentibus
1613 3423 1772 3478 quam
1839 3409 2076 3477 futuris,

508 3505 800 3555 praesentes
871 3497 1076 3553 litteras
1139 3500 1514 3570 inspecturis,
1571 3503 1836 3559 Rebertus
1897 3521 2079 3561 eomes

507 3584 774 3641 Flandriaa
799 3592 1052 3656 salutem,
1085 3602 1140 3646 et
1173 3593 1249 3647 rei
1293 3603 1460 3662 gesta:
1505 3611 1731 3651 noscere
1771 3598 2077 3655 veritatem.

506 3679 585 3730 Ad
619 3691 936 3748 perpetuam
975 3684 1050 3737 rei
1103 3687 1421 3740 memoriam
1447 3726 1463 3753 ,
1491 3697 1674 3742 notum
1706 3689 1936 3744 facimus
1957 3690 2080 3744 uni-

509 3771 724 3824 versis:
763 3770 836 3826 Ut
884 3773 1132 3829 instituta
1168 3776 1478 3844 salubriter,
1516 3780 1716 3834 nostris
1771 3790 1826 3835 et
1875 3782 2079 3852 praede-

510 3875 791 3916 cessorum
825 3875 1132 3919 nostrorum
1191 3870 1558 3937 temporibus,
1589 3872 1841 3940 prudenti
1873 3882 1926 3928 et
1953 3889 2080 3943 pro-

508 3954 624 4007 viso
674 3965 996 4026 matureque
1041 3959 1270 4014 consilio
1305 3960 1627 4014 conﬁrmata
1653 3978 1748 4030 per
1777 3963 2079 4031 praedeces-

508 4061 660 4102 sores
699 4058 939 4117 nostros,
966 4060 1114 4105 certa
1143 4053 1374 4121 quadam
1407 4055 1596 4108 notitia
1629 4066 1992 4126 propagentur
2025 4059 2078 4112 in

510 4145 790 4207 posteros;
838 4155 905 4194 ne
954 4155 1208 4209 processu
1243 4147 1502 4211 temporis
1529 4162 1556 4198 a
1594 4157 1932 4214 posterorum
1966 4164 2083 4202 tne-

512 4230 680 4283 moria
711 4269 726 4295 ,
787 4245 883 4300 per
918 4231 1153 4300 ineptam
1187 4235 1476 4291 oblivionis
1514 4237 1798 4306 caliginem
1827 4278 1841 4302 ,
1891 4255 2084 4293 evane-

511 4330 699 4384 scant,
734 4321 1032 4375 litterarum
1083 4323 1254 4378 solent
1285 4326 1495 4382 indiciis
1545 4329 1773 4398 publicis
1803 4333 2076 4384 azternari.

508 4409 620 4467 Nos
649 4411 812 4482 igitur
834 4413 1214 4496 attendentes,
1245 4420 1670 4486 prwdecessores
1705 4430 1946 4486 nostros,
1982 4438 2079 4492 pro

510 4521 729 4560 suarum
765 4519 832 4560 ac
861 4507 1318 4576 praedecessorum
1349 4521 1402 4564 et
1427 4525 1800 4566 successorum
1855 4529 2076 4568 suorum

2243 1968 2262 2000 ι
2304 1948 2373 2003 Ut
2419 1949 2470 2002 in
2510 1947 2838 2016 temporibus
2897 1947 3098 2002 nostris
3142 1946 3386 2001 instituta
3452 1946 3745 2002 salubriter

2171 2052 2225 2096 et
2254 2041 2497 2112 prudenti
2519 2041 2742 2096 consilio
2767 2038 3101 2106 conﬁrmata,
3161 2049 3306 2094 certa
3333 2039 3564 2110 quadam
3593 2042 3731 2093 noti-

2175 2133 2243 2186 tia
2297 2143 2653 2203 propagentur
2683 2132 2734 2186 in
2767 2141 3026 2202 posteros,
3070 2146 3137 2185 ne
3200 2145 3452 2199 processu
3486 2131 3750 2198 temporis

2172 2241 2202 2278 a
2234 2237 2569 2292 posterorum
2605 2224 2860 2278 memoria
2899 2238 2994 2292 per
3023 2224 3255 2291 ineptam
3292 2221 3575 2276 oblivionis
3597 2221 3725 2275 cali-

2172 2317 2346 2384 ginem
2382 2324 2724 2376 evanescant.
2762 2315 3056 2368 litterarum
3105 2313 3278 2379 solent
3329 2313 3541 2368 indiciis
3581 2322 3740 2366 teter-

2173 2408 2311 2461 nari.
2331 2406 2667 2476 Quapropter
2706 2419 2806 2474 ego
2834 2403 3130 2473 Philippus,
3159 2405 3246 2458 Dei
3269 2404 3440 2473 gratia
3471 2401 3734 2457 Flandrite

2173 2513 2374 2565 eomes,
2408 2508 2514 2551 tam
2545 2496 2774 2567 posteris
2808 2511 2968 2566 quam
2990 2495 3364 2566 prmsenlibus,
3395 2503 3576 2548 notum
3610 2508 3733 2548 esse

2174 2589 2337 2654 volo,
2397 2587 2540 2657 quod
2595 2595 2752 2656 pater
2803 2601 2955 2641 meus
3012 2587 3181 2656 digna:
3237 2585 3509 2641 memoria:
3559 2600 3744 2639 comes

2175 2679 2570 2740 Theodericus.
2601 2688 2660 2734 et
2694 2686 2867 2731 mater
2906 2692 3024 2731 mea
3060 2678 3162 2746 piae
3212 2676 3602 2733 recordationis
3647 2691 3741 2730 ce-

2175 2768 2379 2822 mitissa
2415 2767 2604 2822 Sibilla
2632 2807 2647 2832 ,
2685 2766 2868 2821 divina
2923 2767 3276 2835 inspiratione
3319 2766 3598 2834 commoti,
3639 2781 3752 2835 pro

2175 2863 2472 2916 animarum
2512 2876 2730 2915 suarum
2782 2870 2838 2916 et
2867 2876 3084 2915 suorum
3123 2860 3575 2930 praedecessorum
3609 2875 3739 2914 nec-

2175 2971 2279 3010 non
2309 2965 2364 3009 et
2393 2969 2768 3009 successorum
2823 2954 2998 3008 salute
3020 2994 3036 3019 ,
3065 2951 3257 3023 Brugis
3283 2954 3335 3007 in
3366 2953 3620 3017 Castelle,
3675 2954 3740 3010 in.

2174 3048 2378 3102 honore
2418 3045 2510 3100 Dei
2536 3052 2590 3100 et
2636 3045 2807 3100 beatae
2833 3043 3072 3114 Virginis
3094 3043 3302 3111 Mariae,
3328 3052 3382 3100 et
3411 3045 3582 3100 sancti
3628 3044 3731 3096 Ba—

2175 3138 2278 3194 silii
2315 3137 2573 3206 episcopi,
2619 3135 2902 3190 ecclesiam
2937 3150 3002 3189 ex
3053 3134 3270 3204 proprie
3318 3143 3532 3203 sumptu
3580 3133 3742 3186 rediti-

2175 3229 2285 3285 cari
2323 3229 2584 3292 fecerunt,
2609 3238 2664 3281 et
2699 3227 2766 3280 ad
2795 3226 2992 3281 ibidem
3021 3228 3126 3281 Dee
3156 3225 3492 3280 serviendum
3526 3227 3579 3279 in
3613 3239 3743 3294 pre-

2183 3321 2300 3392 pria
2329 3335 2584 3391 persona,
2609 3335 2705 3388 per
2739 3327 2970 3388 quatuor
2998 3317 3325 3388 capellanes,
3351 3317 3611 3372 canonice
3633 3327 3744 3371 sta-

2185 3419 2406 3466 tuerunt
2431 3409 2657 3480 singulis
2688 3409 2872 3464 decem
2905 3408 3071 3463 libras
3103 3409 3155 3462 in
3189 3407 3326 3464 festo
3357 3409 3530 3462 sancti
3566 3407 3746 3462 Marti-

2187 3502 2242 3556 ni
2271 3516 2336 3556 ex
2369 3501 2546 3556 ollicio
2577 3499 2848 3566 Lambini,
2875 3500 3101 3570 singulis
3130 3515 3271 3555 xxvn
3312 3499 3515 3554 solidos
3552 3514 3618 3553 ex
3651 3499 3746 3551 mi-

2182 3593 2410 3648 nisterio
2450 3592 2843 3649 Lamberti.....
2887 3609 2907 3645 ι
2951 3590 3210 3660 Sequitur
3253 3589 3583 3658 singulorum
3615 3589 3749 3641 redi.

2188 3694 2339 3739 tuutn
2395 3693 2649 3738 accurata
2687 3683 3060 3748 enumeratio;
3106 3697 3210 3750 qua
3256 3681 3433 3735 studio
3461 3680 3744 3736 brevitatis

2187 3775 2572 3848 prastermissa,
2601 3775 2678 3828 sic
2707 3775 3053 3830 continuatur
3081 3773 3308 3843 diploma
3337 3791 3350 3827 :

2257 3887 2276 3921 ι
2309 3869 2380 3925 Ut
2407 3879 2585 3922 autem
2606 3867 2719 3920 haec
2749 3867 2930 3920 omnia
2957 3881 3074 3936 quae
3105 3876 3290 3933 postea
3320 3871 3749 3932 supervenerunt-

2189 3961 2274 4014 vcl
2304 3961 2476 4012 adhuc
2501 3967 2936 4027 supercrescent,
2962 3967 3075 4010 rata
3099 3964 3154 4010 et
3187 3954 3492 4010 inconvulsa
3529 3969 3743 4022 perma-

2184 4061 2372 4114 neant,
2405 4051 2705 4103 litterarum
2731 4047 2990 4103 custodite
3024 4045 3497 4108 commiserunt,el
3522 4042 3742 4112 privile-

2183 4143 2254 4212 gii
2290 4143 2370 4197 sui
2403 4140 2697 4195 munimine
2725 4141 3074 4192 ﬁrmaverunt
3101 4155 3115 4192 :
3145 4137 3284 4202 quod
3317 4135 3476 4205 longe
3507 4144 3746 4201 tempore

2181 4242 2301 4302 post
2331 4247 2520 4287 eorum
2562 4232 2859 4295 decessum,
2888 4245 2954 4283 ex
2985 4228 3258 4282 communi
3307 4225 3560 4280 incendio
3619 4225 3744 4277 Bru-

2181 4326 2357 4397 gensi,
2390 4339 2486 4395 per
2508 4323 2771 4377 incuriam
2825 4321 3076 4390 deperiit.
3117 4319 3195 4374 Ne
3225 4329 3405 4373 autem
3444 4319 3544 4372 hoc
3574 4317 3741 4371 infor-

2191 4419 2362 4483 tunio,
2399 4416 2544 4486 quod
2577 4415 2713 4469 bene
2738 4414 2978 4468 fecerant
3019 4427 3202 4466 eorum
3235 4411 3502 4464 amitteret
3527 4408 3750 4477 posteri-

2190 4518 2309 4574 tas,
2340 4505 2600 4576 quidquid
2634 4504 2686 4558 in
2726 4519 2792 4559 eo
2821 4504 3041 4572 dignutn
3086 4502 3346 4556 memoria
3377 4498 3744 4568 conscriptum

511 4599 817 4654 animarum
843 4600 1044 4666 salute,
1077 4600 1271 4670 Brugis
1293 4601 1344 4656 in
1368 4600 1568 4673 Burge,
1596 4603 1646 4657 in
1672 4605 1930 4659 honorem
1961 4604 2077 4671 Dei,
2113 4628 2155 4682 ο
2186 4600 2388 4664 fuerat,
2422 4598 2646 4655 rescribi
2693 4607 2750 4652 et
2787 4593 3098 4650 conﬁrmari
3141 4593 3278 4658 ieci;
3309 4591 3632 4662 subscriptis
3653 4605 3748 4646 eo-

510 4693 683 4745 beatte
710 4689 948 4762 Virginis
978 4690 1160 4748 Maria:
1185 4737 1199 4761 ,
1233 4705 1286 4747 et
1317 4695 1488 4748 sancti
1549 4695 1732 4749 Basilii
1782 4697 2022 4766 episcopi
2057 4737 2071 4760 ,

509 4784 794 4840 ecclesiam
820 4801 885 4841 ex
916 4788 1130 4856 proprio
1161 4795 1374 4854 sumptu
1397 4786 1740 4850 aediﬁcatam,
1773 4789 1839 4842 ad
1869 4789 2065 4843 ibidem

512 4875 623 4928 Deo
647 4890 740 4944 per
764 4885 997 4945 quatuor
1026 4875 1335 4943 capellanes
1363 4874 1495 4928 inibi
1531 4875 1808 4930 institutos
1847 4876 1898 4929 in
1936 4891 2066 4944 pre-

511 4967 626 5036 pria
678 4982 907 5034 persona
939 4967 1372 5032 deserviendum,
1409 4967 1690 5034 iundasse,
1731 4977 1786 5023 et
1811 4968 2074 5023 canonice

513 5059 769 5113 statuisse
811 5074 948 5128 :pre
994 5059 1190 5128 quibus
1236 5059 1544 5130 reditus_et
1601 5059 1704 5113 alia
1743 5059 2064 5113 ordinarunt

515 5151 730 5218 provisa
754 5189 767 5214 ,
805 5158 961 5219 prout
990 5153 1042 5204 in
1069 5150 1266 5205 litteris
1309 5150 1692 5218 infraseriptis,
1721 5150 1897 5220 sigillo
1937 5165 2078 5218 quo-

525 5248 638 5299 iam
692 5245 847 5298 bona:
905 5243 1174 5297 memoriae
1205 5243 1405 5296 domini
1439 5241 1664 5312 Philippi
1695 5283 1709 5307 ,
1739 5242 1865 5296 olim
1907 5241 2068 5296 Flau-

517 5336 658 5394 dria:
693 5334 934 5400 comitis,
977 5333 1387 5404 praedecessoris
1421 5335 1588 5388 nostri
1621 5332 1892 5403 sigillatis,
1925 5347 2087 5400 appa-

521 5429 670 5482 'ebat
692 5425 863 5496 prima
899 5425 1035 5478 facie
1056 5465 1071 5490 ,
1109 5426 1224 5479 lucc
1255 5435 1309 5478 et
1345 5423 1446 5478 alia
1491 5424 1629 5478 inter
1659 5432 1852 5478 caetera
1879 5419 2088 5490 plenius

526 5521 892 5574 :outinentur.
926 5517 1072 5583 Quas
1104 5517 1316 5572 litteras
1343 5533 1445 5572 nos
1475 5517 1707 5572 vidimus
1729 5557 1743 5579 ,
1781 5525 1836 5574 et
1857 5514 2089 5584 diligen-

527 5617 609 5661 ter
640 5607 860 5676 inspici,
887 5621 948 5662 ac
982 5605 1331 5663 collationem
1373 5608 1440 5661 de
1481 5609 1547 5663 iis
1578 5609 1692 5663 ﬁeri
1722 5606 1948 5663 iecimus
2001 5619 2088 5660 so-

528 5701 692 5757 lerter
719 5719 732 5756 :
757 5715 982 5770 quarum
1015 5710 1169 5755 tenor
1198 5701 1319 5754 talis
1339 5709 1456 5755 est:

2187 4706 2305 4746 rum
2343 4690 2434 4762 qui
2470 4687 2838 4744 interfuerunt
2865 4686 3202 4749 nominibus,
3231 4683 3475 4745 Gerardi,
3503 4681 3748 4752 Brugen-

2182 4784 2259 4838 sis
2285 4780 2584 4853 praapositi,
2612 4779 2882 4835 Flandria:
2916 4777 3254 4842 cancellarii;
3286 4775 3544 4846 llugonis,
3594 4773 3748 4828 deca-

2185 4877 2237 4930 ni
2290 4875 2348 4929 S.
2386 4873 2706 4937 Donatiani;
2757 4869 3025 4935 Joannis,
3083 4867 3374 4936 Brugeusis
3427 4865 3745 4930 castellani;

2183 4963 2413 5019 Gilberti
2467 4962 2535 5016 de
2585 4962 2734 5015 Aria.
2762 4960 2954 5013 Actum
2994 4961 3046 5012 in
3080 4957 3269 5022 Maleo,
3310 4970 3452 5010 anno
3479 4955 3745 5010 incarnati

2184 5057 2343 5111 Verbi
2378 5071 2687 5110 ncuxxvn.

2263 5167 2282 5199 ε
2321 5147 2556 5212 Quarum
2585 5146 2886 5200 litterarum
2925 5142 3170 5200 eil'ectum
3203 5157 3300 5198 nos
3325 5141 3616 5207 Rebertus,
3654 5155 3747 5194 cev

2184 5254 2298 5292 mes
2325 5237 2592 5292 Flandriae
2628 5237 2991 5304 supradictus,
3031 5250 3127 5304 pro
3157 5233 3312 5288 nobis
3339 5242 3394 5286 et
3420 5232 3747 5293 successori-

2181 5324 2281 5378 bus
2309 5324 2862 5390 nostris,aucteritate
2894 5332 3078 5376 nostra
3107 5320 3410 5391 principali,
3428 5331 3744 5391 perpetuum

2183 5418 2422 5486 vigorem
2473 5425 2528 5468 et
2585 5414 2796 5470 roboris
2831 5415 3143 5468 ﬁrmitatem
3196 5413 3443 5467 volumus
3476 5413 3743 5466 oblinere.

2184 5508 2242 5563 In
2270 5508 2422 5578 cujus
2441 5506 2533 5561 ‘rei
2568 5505 2935 5561 testimonium
2965 5504 3196 5575 sigillum
3239 5514 3482 5559 nostrum
3513 5519 3748 5574 praesen—

2187 5601 2330 5654 tibus
2360 5605 2444 5652 est
2471 5610 2793 5665 appensum.
2846 5594 3039 5649 Datum
3092 5594 3360 5661 Curtraci,
3395 5594 3749 5662 praesentibus

2191 5691 2448 5760 magiStro
2476 5686 2693 5744 Nicelae
2731 5689 2797 5744 de
2820 5688 2979 5744 Petra
3007 5727 3022 5755 ,
3067 5687 3309 5744 ecclesiae
3341 5687 3516 5742 Beata
3564 5683 3746 5740 Maria:
