4094 6220
1178 315 1536 370 EXCERPTA
1580 312 1667 372 EX
1707 311 1905 376 ACTIS
1944 315 2004 376 S.
2044 318 2290 375 BASlLII
2326 312 2847 378 BOLLANDIANIS.

3367 344 3641 387 εοικκιιι

399 435 690 505 Brugensis
735 437 1061 506 prteposito;
1102 435 1240 507 Mag.
1295 438 1528 494 Henrico
1558 439 1741 507 Brant,
1791 444 1968 514 legum
1997 453 2043 509 Α
2071 444 2355 512 eidemque
2387 442 2710 511 parochiali,
2736 456 2946 498 caeterae
2969 460 3031 499 ex
3061 445 3208 511 Asia,
3249 446 3444 513 Callia,
3471 450 3644 516 Italia,

399 528 725 593 professore,
767 529 1032 583 canonico
1060 527 1428 597 'l‘ornacensi;
1456 532 1595 602 Mag.
1632 532 1966 599 Christiano,

397 620 639 673 ecclesiae
667 620 1072 674 Harlebecensis
1098 622 1419 690 prteposito;
1453 625 1668 680 domino
1694 626 1965 680 Christia-

403 726 472 764 no
496 750 512 775 ,
539 713 683 766 dicto
731 713 950 776 illatam,
983 714 1190 766 decano
1221 716 1380 770 dicite
1406 716 1824 772 Harlehecensis
1874 732 1971 774 ec-

396 805 613 870 clesiae;
648 806 869 861 Simone
893 808 1091 861 Vastun
1115 850 1130 874 ,
1158 808 1423 863 Flandrize
1450 820 1758 878 receptore;
1787 820 1841 865 et
1862 811 1970 864 Bo-

399 897 569 966 gerio,
603 896 815 951 Tomun
849 940 864 964 ,
905 901 1217 953 consiliario
1241 910 1295 953 et
1332 902 1601 955 serviente
1633 911 1851 969 nostro;
1881 904 1969 957 die

397 985 673 1052 Mercurii,
723 999 843 1055 post
870 988 1066 1043 festum
1100 990 1240 1044 beati
1268 989 1416 1044 Petri
1447 993 1514 1046 ad
1546 993 1790 1060 Vincula,
1823 1008 1967 1047 anno

398 1076 612 1133 Domini
640 1078 921 1133 millesimo
945 1082 1322 1136 trecentesimo
1352 1082 1611 1152 vigesimo
1635 1086 1829 1154 primo.
1857 1102 1876 1137 ι
1901 1083 1966 1139 Et

394 1168 557 1225 bullae
582 1170 922 1239 appendebat
976 1171 1196 1227 comitis
1221 1173 1452 1242 sigillum
1484 1175 1539 1229 in
1573 1189 1697 1229 cera
1735 1176 1876 1242 alba,
1910 1186 1966 1230 et

390 1260 505 1330 jam
536 1261 647 1316 fere
679 1261 834 1317 ﬂava.
872 1263 1104 1318 Inferius
1127 1266 1385 1335 scriptum
1418 1275 1572 1322 erat:
1608 1286 1627 1318 ‹
1657 1267 1821 1322 Facta
1853 1268 1965 1322 col-

398 1355 597 1408 latione
624 1356 801 1424 hujus,
830 1371 952 1410 cunt
980 1357 1119 1411 bulla
1158 1369 1436 1414 reservata
1487 1362 1539 1414 in
1574 1363 1776 1416 sacello
1804 1363 1959 1416 Sacri

396 1444 617 1498 Cruoris
651 1441 875 1513 Brngis;
915 1446 1092 1499 inveni
1127 1461 1228 1517 ego
1280 1449 1662 1520 infrascriptus
1688 1452 1959 1519 notarius,

396 1537 588 1606 Brugis
616 1552 830 1607 quoque
859 1538 1121 1604 residens,
1154 1541 1363 1608 copiam
1390 1542 1530 1596 hanc
1562 1558 1682 1597 cum
1719 1543 1807 1596 illa
1832 1559 1961 1598 con-

395 1632 620 1685 cordare
643 1649 655 1683 :
690 1632 829 1700 quod
849 1639 1094 1687 attestor.
1115 1650 1134 1683 ι
1155 1630 1222 1687 Et
1242 1634 1508 1704 signatum
1531 1644 1668 1700 erat,
1693 1654 1712 1687 ς
1744 1636 1957 1707 Spetael

392 1727 637 1780 notarius
676 1725 833 1780 1671.
864 1744 885 1780 ε

2069 534 2365 603 Belgioque
2409 533 2652 588 collectae
2679 574 2694 597 ,
2726 550 2956 604 quarunt
2992 539 3041 590 in
3088 538 3382 607 diplomate
3410 539 3641 612 Philippi

2068 626 2285 681 comitis
2314 624 2544 679 habetur
2570 626 2782 679 notitia.

2141 715 2381 784 Diploma
2415 717 2517 768 hoc
2546 715 2808 768 habemus
2838 723 3238 786 transumptutn
3264 721 3364 773 sub
3391 721 3495 775 ﬁde
3544 736 3642 790 pu-

2068 803 2208 857 blica
2233 804 2442 858 Claudii
2473 804 2707 873 Agretti,
2740 808 3098 872 protonotarii
3130 810 3434 876 apostolici.
3462 810 3643 864 Habe-

2069 910 2187 948 mus
2226 895 2389 947 etiam
2417 894 2563 947 aliud
2610 895 3028 949 instrumentum
3080 901 3450 955 translationis
3505 901 3642 955 alte.

2066 989 2199 1053 rius,
2244 987 2400 1043 facta:
2454 1004 2598 1045 anno
2648 989 2821 1054 H63;
2876 1005 2942 1045 ac
2976 992 3210 1059 denique
3265 994 3638 1050 translationis

2066 1080 2257 1143 tertiae,
2295 1080 2397 1133 hoc
2436 1079 2553 1148 ipso
2587 1096 2691 1148 quo
2719 1081 3079 1149 imprimimus
3119 1097 3261 1136 anno
3306 1084 3444 1139 l697
3490 1085 3643 1140 cele-

2062 1168 2265 1235 bruta};
2296 1171 2511 1241 quando
2543 1172 2595 1224 in
2622 1173 2823 1225 veteris
2865 1186 3042 1241 capsa:
3091 1176 3371 1242 apertione
3396 1178 3509 1231 sola
3551 1178 3643 1231 in-

2062 1272 2220 1313 venta
2250 1273 2505 1314 narratur
2537 1262 2767 1329 reliquia
2793 1265 2965 1318 sancti
3008 1264 3215 1329 Basilii,
3247 1282 3353 1319 una
3378 1282 3500 1321 cum
3536 1269 3631 1323 lit—

2066 1354 2198 1407 teris
2229 1354 2280 1406 in
2310 1368 2639 1423 pergatneno
2669 1370 2790 1408 cum
2834 1370 3029 1425 magno
3054 1356 3233 1424 sigillo
3272 1359 3458 1423 rubro,
3481 1360 3641 1414 exhi-

2062 1445 2223 1498 bente
2277 1444 2504 1514 elligiem
2540 1455 2869 1514 equestrem,
2923 1458 2979 1501 et
3014 1449 3204 1503 sericis
3242 1450 3479 1518 antiquis
3504 1451 3639 1521 liga-

2063 1536 2258 1587 mentis
2286 1536 2582 1604 adjunctis,
2602 1537 2755 1606 cujus
2786 1538 3015 1605 lectura,
3038 1547 3143 1593 tant
3172 1540 3222 1592 in
3254 1541 3432 1609 sigillo
3475 1557 3637 1610 quam

2063 1624 2115 1675 in
2150 1638 2492 1693 ipergameno
2522 1662 2537 1687 ,
2571 1638 2678 1676 non
2708 1625 2881 1691 potuit
2929 1624 3042 1678 fieri
3071 1663 3086 1687 ,
3122 1639 3345 1694 propter
3411 1627 3635 1681 nimiam

2064 1722 2404 1767 vetustatem.
2436 1713 2572 1765 Cum
2606 1727 2799 1781 magno
2826 1713 3069 1782 profecto
3112 1717 3450 1783 posteritatis
3477 1716 3640 1771 detri-

464 1818 608 1873 ιηιθι.
649 1818 1066 1889 Crucesignalos
1110 1822 1399 1891 principes,
1453 1823 1541 1893 qui
1606 1839 1706 1895 pro
1734 1838 1960 1894 recupe_
1990 1801 2033 1857 B
2064 1812 2266 1895 mento,
2292 1818 2362 1857 ex
2408 1803 2503 1895 tali
2532 1803 2761 1870 lectura,
2799 1807 2845 1861 si
2874 1805 2990 1861 fieri
3018 1821 3083 1861 ea
3110 1806 3397 1874 potuisset,
3433 1809 3636 1862 verosi-

388 1910 559 1963 randa
590 1909 759 1965 Terra
816 1921 1003 1967 sancta
1056 1927 1152 1983 per
1186 1914 1453 1970 Minorem
1500 1916 1685 1972 Asiam
1722 1918 1959 1972 victores

392 2003 761 2067 transierunt,
812 2012 867 2058 et
918 2015 1232 2075 recuperata
1270 2008 1428 2063 caesis
1475 2008 1723 2064 barbaris
1755 2009 1955 2077 Nicma,

389 2093 627 2148 Iconium
663 2093 717 2148 in
748 2093 1043 2166 Lycaonia,
1069 2108 1228 2167 atque
1257 2098 1562 2155 Caesaream
1591 2101 1643 2155 in
1669 2101 1957 2171 Cappado-

389 2188 471 2240 cia
493 2188 845 2242 obtinuerunt
884 2205 1027 2244 anno
1050 2206 1259 2251 lxcvtt,
1295 2192 1395 2245 fuit
1432 2192 1705 2249 Robertus
1731 2192 1794 2254 ll.
1824 2192 1955 2248 Hie-

386 2278 807 2349 rosolymitanus
862 2282 985 2336 inde
1034 2283 1241 2347 dictus,
1278 2285 1545 2341 Flandris:
1588 2301 1792 2341 comes.
1821 2286 1955 2341 Huic

389 2370 534 2424 inter
578 2372 814 2437 praedam
851 2373 1022 2439 potuit
1047 2374 1308 2445 obtigisse
1360 2374 1423 2430 S.
1474 2375 1659 2431 Basilii
1711 2392 1950 2447 corpus,

385 2458 527 2529 quod
562 2460 653 2515 ille
682 2462 737 2515 in
777 2461 1087 2518 Flandriam
1125 2467 1352 2533 miserit,
1402 2468 1486 2522 vel
1540 2483 1606 2522 ex
1639 2469 1795 2539 Syria
1830 2478 1953 2538 post

386 2553 658 2607 biennium
692 2568 943 2610 reversus
967 2557 1237 2625 attulerit;
1267 2560 1516 2629 quamvis
1546 2562 1663 2631 ejus
1695 2564 1772 2617 rei
1804 2563 1949 2617 nulla

382 2652 562 2698 exstet
602 2647 881 2701 memoria.
905 2646 1127 2703 Roberti
1180 2650 1322 2705 illius
1347 2668 1411 2706 ex
1447 2668 1634 2709 sorore
1677 2654 1951 2711 Gertrude

383 2746 439 2788 et
469 2735 805 2793 Theodorico
855 2740 1071 2795 Alsatiae
1122 2741 1451 2813 Lantgravio
1501 2758 1664 2814 nupta
1697 2786 1712 2810 ,
1771 2764 1944 2817 nepos

384 2826 487 2879 fuit
516 2828 904 2895 Theudoricus,
938 2843 1293 2900 COgnomento
1322 2835 1581 2901 Alsatius,
1605 2848 1726 2905 post
1754 2839 1811 2893 8.
1840 2838 1949 2893 Ca-

380 2919 482 2971 roli
516 2918 649 2973 Dani
700 2935 883 2975 necem
922 2923 1246 2977 vindicatatn
1279 2936 1334 2979 et
1361 2926 1666 2981 abdicatum
1718 2928 1949 2983 Guiliel-

382 3027 526 3064 mum
554 3010 940 3075 Normannum,
972 3025 1280 3085 assumptus
1331 3017 1385 3069 in
1436 3019 1750 3071 comitatum
1779 3018 1946 3073 Flan-

382 3102 543 3154 driae.
581 3100 679 3155 Hic
718 3104 1160 3170 praanominatam
1217 3107 1391 3161 sancti
1436 3106 1619 3162 Basilii
1662 3110 1944 3164 ecclesiam

378 3189 625 3243 fundavit
674 3191 982 3261 dotavitque
1015 3234 1029 3259 ,
1089 3194 1340 3265 princeps
1375 3197 1496 3267 pius
1524 3237 1540 3262 ,
1572 3209 1627 3253 et
1664 3210 1855 3268 quater
1888 3200 1942 3253 in

379 3297 590 3336 sacram
624 3285 868 3337 militiam
894 3284 1200 3353 profectus;
1232 3290 1374 3343 unde
1402 3289 1576 3357 prima
1608 3292 1725 3344 vice
1757 3306 1942 3345 rever-

378 3382 496 3428 tens
522 3390 663 3429 anno
691 3375 910 3429 circiter
951 3375 1105 3437 1159.
1140 3379 1353 3433 videtur
1383 3381 1672 3434 adduxisse
1720 3396 1941 3436 uxorem

380 3467 661 3534 Sibillam,
714 3466 1181 3539 Hierosolymitani
1248 3472 1391 3541 regis
1443 3469 1692 3527 Fulconis
1742 3473 1942 3540 illiam,

376 3573 499 3611 cum
548 3573 651 3628 qua
706 3562 1017 3627 praedictam
1063 3563 1255 3618 deinde
1299 3564 1585 3618 aediﬁcavit
1620 3566 1931 3631 ecclesiam,

377 3658 673 3718 sanctoque
702 3650 897 3706 Basilio
924 3654 1151 3719 dicavit;
1204 3655 1386 3724 utique
1414 3656 1497 3710 vel
1548 3656 1617 3711 ob
1666 3668 1937 3712 recentem

376 3741 616 3810 aliquam
653 3758 779 3813 erga
812 3744 1060 3799 eumdem
1092 3745 1475 3817 obligationem
1500 3789 1513 3813 ,
1547 3750 1626 3803 vel
1666 3766 1827 3805 causa
1866 3751 1942 3806 fe-

388 3832 497 3886 -icis
521 3849 584 3887 ex
614 3831 770 3904 Syria
801 3836 1025 3902 reditus,
1069 3838 1174 3892 nisi
1205 3822 1418 3907 Opinari
1445 3842 1567 3911 quis
1592 3842 1789 3908 mallet,
1817 3859 1942 3898 san-

374 3925 447 3977 cti
486 3926 642 3981 istius
691 3942 813 3981 ossa
848 3940 973 3982 tunc
1010 3930 1240 3999 primum
1292 3932 1450 3985 allata
1511 3934 1562 3987 in
1622 3934 1938 3990 Flandriam

376 4017 542 4071 fuisse
572 4020 637 4074 ab
670 4020 919 4090 ipsomet.
953 4023 1019 4077 Ut
1054 4032 1110 4078 ut
1139 4034 1241 4090 est,
1269 4022 1415 4080 idem
1441 4039 1621 4081 comes
1649 4030 1939 4082 secundam

375 4110 430 4163 in
462 4108 731 4166 Orientem
772 4113 1168 4184 expeditionem
1194 4118 1431 4185 suscepit
1455 4132 1546 4169 an.
1574 4117 1749 4183 H44;
1789 4118 1939 4171 inde-

374 4216 479 4271 que
503 4218 589 4258 an.
623 4205 765 4259 1150
814 4222 1065 4262 reversus
1093 4207 1299 4276 Brugas
1320 4249 1335 4275 ,
1367 4209 1519 4276 juxta
1551 4208 1824 4279 Meyerum
1881 4211 1937 4265 in

376 4296 676 4352 Annalibus
710 4298 996 4364 Flandriae,
1019 4309 1074 4354 et
1098 4300 1325 4368 septimo
1353 4300 1476 4355 ldus
1504 4302 1724 4369 Aprilis,
1762 4303 1940 4359 incre-

374 4388 525 4442 dibili
554 4389 747 4458 gaudio
804 4405 868 4444 ac
913 4391 1268 4461 gratulatione
1302 4408 1332 4447 a
1362 4392 1611 4449 Flandris
1639 4408 1921 4464 exceptus,

374 4480 658 4535 sacerrimi
716 4485 925 4538 cruoris
982 4484 1187 4539 Christi
1242 4487 1593 4555 portionem,
1652 4489 1705 4541 in
1758 4488 1934 4558 phiala
1970 4501 2013 4555 ι)

374 4571 689 4639 crystallina
745 4573 1106 4643 deportatam,
1138 4590 1239 4648 per
1292 4577 1549 4631 Leonium
1581 4578 1786 4633 Abham
1818 4579 1951 4633 Ber-‘

376 4661 620 4727 tinicum,
654 4662 935 4718 collocavit
970 4666 1020 4719 in
1049 4667 1162 4720 atde
1204 4666 1386 4721 Sancti
1425 4668 1641 4735 Basilii,
1670 4673 1736 4724 ad
1775 4687 1937 4743 quam

372 4766 497 4805 cum
532 4754 720 4823 ingens
756 4757 990 4825 undique
1023 4772 1322 4813 concursus
1355 4760 1634 4830 multaque
1679 4763 1937 4818 miracula

376 4842 588 4909 fierent,
621 4855 783 4915 atque
815 4847 888 4901 ita
910 4848 1108 4917 prioris
1136 4850 1349 4916 patroni
1393 4851 1571 4907 cultus
1620 4867 1684 4907 ac
1712 4868 1940 4908 venera-

376 4936 452 4987 tio
472 4936 876 5002 obscuraretur,
914 4940 1083 4993 visum
1122 4940 1285 4995 fuerit
1317 4942 1438 4996 huic
1470 4945 1819 5010 renovandze,
1846 4961 1939 5000 or-

375 5024 670 5093 nanda‘que
700 5027 900 5094 pariter
927 5027 1225 5097 collegiataa
1264 5037 1318 5082 et
1371 5030 1644 5097 primaria:
1689 5030 1936 5085 ecclesia:

374 5110 790 5178 conducturum,
820 5114 865 5166 si
901 5114 953 5167 in
995 5116 1132 5169 hanc
1166 5114 1588 5172 transferrentur
1617 5121 1791 5175 sancti
1823 5118 1933 5175 Ba-

375 5200 477 5254 silii
501 5215 654 5256 sacra
681 5218 833 5269 ossa;
865 5205 966 5259 nisi
1005 5207 1056 5260 id
1081 5208 1332 5265 malimus
1361 5208 1565 5264 factum
1597 5212 1807 5280 opinari
1837 5229 1936 5283 per

374 5305 845 5362 praememoratum
874 5296 1033 5368 Burgi
1056 5298 1347 5369 Burgensis
1386 5301 1716 5370 incendium,
1772 5305 1935 5378 longo

374 5394 618 5454 tempore
664 5396 787 5456 post
834 5403 1114 5444 excessum
1148 5390 1517 5459 l'undatorum,
1565 5396 1640 5449 uti
1691 5396 1934 5467 loquitur

373 5475 641 5532 Rohertus
684 5479 784 5546 lll;
840 5479 1054 5548 quando
1108 5485 1427 5539 restauratis
1460 5486 1705 5543 ecclesiis
1742 5490 1932 5565 amba-

373 5568 494 5635 bus,
524 5569 783 5638 placuerit
827 5574 906 5629 sic
941 5573 1176 5629 dividere
1207 5575 1462 5644 reliquias
1487 5617 1502 5644 ,
1532 5594 1561 5632 a
1590 5578 1932 5638 Theodorico

372 5660 501 5715 olim
531 5662 799 5732 depositas
830 5665 896 5720 ad
924 5665 983 5720 8.
1013 5665 1223 5733 Basilii,
1260 5676 1319 5720 ut
1344 5666 1503 5737 hujus
1541 5670 1806 5738 ecclesiae,
1839 5684 1928 5728 ut-

370 5762 499 5823 pote
542 5752 796 5812 Palatinze
823 5798 838 5825 ,
892 5758 1152 5814 manserit
1185 5772 1341 5815 sacer
1373 5772 1568 5830 cruor;
1628 5763 1923 5835 collegiate

2060 1894 2263 1949 militer
2293 1894 2647 1950 intellectura:
2679 1910 2869 1950 nomen
2909 1912 2971 1950 ac
3004 1906 3213 1966 tempus
3257 1898 3412 1966 primi
3449 1907 3631 1953 trans-

2059 1985 2249 2041 latoris
2294 2001 2359 2041 ac
2411 1987 2710 2042 donatoris.
2741 1988 3010 2043 Oliverius
3036 1990 3286 2057 Vredius,
3324 1994 3468 2046 inter
3496 1992 3634 2046 Bru-

2060 2093 2253 2149 genses
2293 2077 2457 2148 hujus
2497 2079 2679 2134 saeculi
2714 2080 2956 2135 eruditos
2981 2080 3404 2149 jurisconsultos
3450 2084 3634 2137 notnio

2062 2171 2420 2236 natissimus,
2477 2186 2624 2225 anno
2696 2171 2837 2227 1659
2896 2173 3067 2226 edidit
3134 2173 3309 2242 sigilla
3371 2176 3629 2229 comitum

2056 2262 2325 2317 Flandriae
2351 2302 2366 2326 ,
2408 2263 2605 2332 insigni
2653 2262 3057 2317 Commentario
3086 2263 3373 2318 illustrata.
3410 2265 3626 2320 Primus

2058 2354 2128 2407 ibi
2154 2354 2422 2422 equestris
2447 2354 2690 2408 occurrit
2723 2354 3033 2418 Balduinus,
3053 2352 3340 2409 lnsulanus
3372 2370 3402 2407 a
3431 2357 3629 2425 patria,

2053 2445 2184 2501 Pius
2218 2459 2346 2499 vero
2371 2460 2401 2499 a
2431 2445 2613 2499 divino
2649 2445 2795 2499 cultu
2823 2446 3021 2507 dictus,
3062 2455 3199 2499 teste
3226 2446 3462 2517 Meyero,
3485 2448 3627 2501 etab

2054 2550 2200 2588 anno
2231 2535 2370 2589 1054
2394 2536 2462 2589 ad
2490 2534 2625 2588 1057
2663 2536 2865 2603 potitus
2889 2534 3172 2588 comitatu.
3192 2534 3325 2589 Cum
3364 2536 3469 2590 isto
3491 2536 3634 2591 aliis-

2052 2641 2158 2696 que
2188 2626 2540 2695 sequentibus
2583 2625 2831 2680 conferre
2866 2625 2908 2677 si
2942 2625 3109 2679 libeat
3143 2634 3299 2679 vetus
3335 2626 3498 2690 istud,
3527 2642 3627 2681 cu-

2046 2716 2135 2786 jus
2157 2718 2350 2772 litterae
2380 2727 2735 2782 evanuerunt,
2757 2716 3023 2784 sigillum;
3050 2718 3301 2771 fortassis
3329 2732 3392 2771 ex
3424 2718 3622 2786 majori

2052 2809 2320 2864 minorive
2354 2810 2588 2865 ruditate
2618 2808 2741 2878 equi
2786 2808 3093 2877 equitisque
3124 2849 3139 2873 ,
3184 2809 3325 2863 haud
3357 2812 3626 2867 inverosi~

2050 2902 2194 2956 milis
2218 2900 2540 2955 formabitur
2569 2901 2883 2969 conjectura
2919 2900 2984 2953 de
3019 2900 3187 2966 ipsius
3227 2901 3407 2971 sigilli,
3447 2913 3502 2956 et
3547 2919 3626 2956 re-

2051 3008 2170 3046 rum
2206 2993 2331 3045 hinc
2358 2991 2709 3061 pendentium
2741 2999 2898 3043 tetate
2925 3008 2937 3043 :
2974 3005 3072 3059 ego
3099 3000 3312 3046 transeo
3336 2994 3402 3047 ad
3432 2993 3627 3047 instru-

2051 3096 2286 3139 mentum
2322 3084 2447 3137 anni
2482 3082 2638 3134 “8‘7.
2664 3080 2814 3148 cujus
2840 3082 2928 3136 hic
2948 3093 3028 3136 est
3063 3092 3260 3136 tenor:

2128 3192 2147 3225 ι
2172 3173 2229 3228 In
2266 3174 2483 3227 nomine
2518 3172 2729 3237 Patris,
2774 3181 2829 3226 et
2884 3172 3044 3237 Filii,
3086 3183 3141 3226 et
3171 3157 3407 3243 Spiritus
3429 3174 3620 3230 sancai.

2049 3267 2243 3320 Amen.
2299 3268 2454 3319 Anno
2503 3265 2570 3317 ab
2618 3262 2995 3319 lncarnatione
3062 3266 3272 3318 Domini
3337 3267 3623 3322 millesimo

2050 3357 2347 3411 centesimo
2394 3355 2764 3420 octnagesimo
2796 3364 2976 3420 sexto,
3008 3370 3099 3407 vttt
3138 3354 3405 3411 Kalendas
3453 3356 3620 3422 Junii,

2050 3449 2102 3501 in
2127 3448 2353 3502 ecclesia
2384 3446 2531 3500 Beati
2567 3445 2853 3499 Donatiani
2883 3444 3101 3515 Bt'ugis,
3125 3458 3309 3515 aperta
3342 3459 3469 3502 sunt
3497 3459 3622 3505 octo

2049 3541 2275 3605 scrinia,
2309 3539 2360 3593 in
2392 3539 2589 3607 quibus
2620 3537 2850 3591 iuventte
2878 3547 3003 3592 sunt
3027 3538 3268 3607 reliquiae
3302 3549 3616 3594 sanctorum

2048 3628 2482 3697 quamplurima},
2516 3641 2615 3695 per
2653 3642 2872 3679 manum
2918 3626 3146 3695 Philippi
3178 3625 3525 3682 Flandrensis
3564 3640 3619 3684 et

2053 3716 2501 3782 Veromandensis
2538 3716 2754 3770 comilis
2779 3755 2794 3776 ,
2850 3716 2945 3769 lilii
2979 3704 3302 3771 Thcodorici
3363 3719 3613 3781 comitis,

2047 3819 2309 3879 praesente
2334 3803 2610 3863 Florentio
2656 3804 2950 3861 llollandiae
3004 3807 3222 3873 comite,
3254 3818 3309 3863 et
3368 3806 3611 3863 Gerardo

2047 3916 2245 3959 nostrae
2277 3904 2519 3959 ecclesia;
2542 3902 2867 3972 praaposiLo;
2899 3902 3025 3955 item
3061 3899 3327 3965 Gerardo,
3360 3900 3613 3955 lnsulano

2045 3999 2368 4069 praeposito;
2404 4006 2457 4051 et
2485 3998 2695 4050 caeteris
2743 3994 3115 4049 confratribus
3144 3995 3347 4049 nostris
3388 3993 3615 4065 aliisque

2045 4087 2474 4155 quamplunibus.
2530 4083 2588 4139 in
2640 4099 2747 4138 uno
2794 4085 2976 4146 itaque
3015 4084 3253 4149 scrinio,
3291 4083 3435 4152 quod
3486 4098 3615 4140 san-

2045 4178 2117 4229 cti
2176 4172 2360 4229 Basilii
2431 4174 2648 4239 dicitur,
2706 4172 2940 4228 inventa:
2992 4182 3117 4227 sunt
3172 4174 3456 4243 reliquim,
3497 4189 3617 4242 qua:

2043 4266 2362 4335 subscripta:
2381 4275 2529 4333 sunt,
2559 4268 2737 4321 veraci
2775 4266 3084 4321 testimonio
3114 4266 3418 4321 litterarum
3444 4266 3615 4337 iupo-

2043 4360 2179 4413 sitae.

2050 4469 2068 4500 ι
2106 4448 2369 4515 Reliquiae
2392 4448 2449 4504 S.
2477 4448 2658 4502 Basilii
2685 4465 2699 4513 ;
2733 4448 2941 4502 scilicet
2964 4463 3110 4502 ossa.

2044 4540 2109 4593 lt.
2144 4538 2201 4593 S.
2233 4538 2459 4603 Nicolai,
2488 4554 2551 4593 os
2579 4540 2646 4593 de
2675 4540 2852 4608 capite
2876 4537 3012 4606 ejus.

2043 4631 2114 4690 Β.
2141 4630 2195 4685 8.
2224 4632 2473 4687 Andreae.
2993 4632 3057 4684 lt.
3092 4631 3149 4685 8.
3184 4632 3423 4702 Georgii.

2043 4723 2109 4778 Β.
2138 4726 2195 4777 8.
2222 4718 2473 4778 Firmini.
2986 4722 3050 4775 Β.
3084 4723 3141 4776 8.
3179 4722 3416 4777 Martini.

2042 4818 2118 4871 De
2144 4816 2311 4871 linteo
2342 4816 2576 4882 Domini,
2613 4814 2752 4870 unde
2774 4815 2939 4885 pedes
2971 4814 3339 4884 apostolorum
3366 4817 3418 4868 in
3453 4829 3609 4872 cinna

2112 4907 2287 4961 tersit.

2042 5020 2115 5074 De
2138 5029 2328 5089 petra,
2362 5018 2452 5072 ubi
2484 5016 2735 5073 Christus
2786 5019 2889 5072 fuit
2920 5059 2933 5084 ,
2977 5018 3193 5089 quando
3227 5019 3494 5091 jejunavit
3547 5038 3612 5077 xi.

2111 5113 2319 5166 diebus.

2039 5205 2107 5259 ﬂ.
2146 5205 2202 5258 S.
2233 5205 2597 5276 Radegundis.

2039 5320 2115 5371 De
2146 5318 2202 5373 S.
2230 5318 2457 5384 Silvino,
2479 5327 2629 5373 costa
2665 5334 2789 5381 una,
2818 5320 2971 5382 dens,
3002 5329 3058 5374 et
3083 5320 3283 5391 digitus
3303 5334 3467 5378 unus.

2038 5410 2105 5464 Β.
2140 5414 2196 5464 S.
2226 5410 2550 5469 Sebastiani,
2590 5410 2657 5466 de
2695 5422 2841 5467 costa
2865 5413 3006 5482 ejus.

2037 5501 2095 5556 S.
2131 5500 2297 5566 Petri,
2984 5502 3042 5558 8.
3070 5503 3271 5561 Mariae.

2037 5594 2097 5647 8.
2138 5592 2381 5657 Joannis,
2976 5596 3035 5652 8,
3067 5595 3308 5653 Vedasti.

2038 5684 2112 5738 De
2147 5685 2206 5739 8.
2236 5684 2519 5755 Folquino,
2546 5697 2695 5741 costa
2726 5704 2854 5751 una,
2891 5700 2943 5743 et
2969 5691 3172 5759 digitus
3206 5705 3367 5745 unus.

2038 5772 2105 5829 Β.
2130 5772 2186 5829 8.
2211 5773 2378 5846 Petri,
2407 5776 2458 5833 S.
2503 5776 2747 5850 Joannis,
2782 5780 2838 5836 S.
2873 5781 3109 5840 Vedasti.
