4094 6220
496 349 631 391 τηις

498 448 567 501 Ii.
602 449 662 503 8.
690 447 920 503 Cosma.

496 538 575 593 De
605 549 753 592 veste
784 536 1177 592 Innocentium.

496 628 575 682 De
593 628 655 683 -S.
693 628 993 682 Theodoro.

495 719 573 771 De
595 718 756 771 barba
791 716 848 770 S.
879 716 1129 770 Amandi.

494 808 563 861 Β.
595 807 651 861 8.
685 806 854 870 Pauli,
881 806 942 861 S.
975 807 1227 876 Remigii,
1261 806 1320 861 S.
1350 805 1515 859 Petri.

496 899 571 952 De
593 906 772 953 monte
802 899 1085 953 Calvarize.
1440 899 1514 951 De
1557 914 1795 966 pra-sepe
1832 899 2059 952 Domini.

491 989 570 1043 De
586 990 811 1044 brachio
835 991 893 1045 S.
923 989 1177 1060 Odulphi.
1439 992 1508 1045 Β.
1535 992 1785 1062 Sytttuttis
1805 1002 1859 1045 ct
1886 991 2059 1046 ludat.

490 1079 554 1133 8.
579 1079 954 1135 Bartbolomaai
980 1082 1231 1150 apostoli.

490 1165 553 1224 8.
592 1170 816 1239 Agnetis
844 1171 1091 1241 virginis.
1430 1169 1490 1224 8.
1522 1170 1699 1239 Eligii.

488 1260 567 1313 De
591 1260 840 1315 columna
863 1301 878 1324 ,
910 1262 1000 1315 ubi
1036 1260 1138 1315 fuit
1172 1262 1427 1316 Dominus
1458 1264 1779 1329 lingelluttlst

492 1356 570 1410 De
605 1356 831 1420 concha,
862 1354 1005 1409 unde
1031 1354 1160 1408 lavit
1188 1354 1354 1423 pedes
1387 1353 1778 1421 apostolorum.

490 1448 559 1501 Β.
595 1449 652 1503 8.
685 1447 890 1510 Mariae,
922 1447 979 1500 8.
1011 1445 1175 1510 Petri,
1210 1444 1270 1501 S.
1300 1445 1473 1500 Pauli.

488 1541 558 1595 R.
595 1539 653 1596 8.
679 1539 950 1610 Gregorii,
977 1539 1036 1593 S.
1070 1538 1353 1601 Germani,
1397 1539 1456 1593 S.
1485 1538 1774 1607 Simplicii.

446 1692 457 1699 _
486 1634 547 1689 8.
583 1634 833 1688 Andreae.
1436 1630 1494 1685 8.
1528 1631 1792 1687 Remacli.

484 1724 553 1778 Β.
587 1723 648 1778 8.
676 1721 825 1777 J0me
848 1722 1141 1791 prophetae.

482 1816 552 1872 Β.
581 1816 640 1871 8.
668 1815 899 1871 Caecilia
937 1815 1163 1883 digitus.

482 1911 560 1965 De
585 1911 729 1979 ligno
767 1907 1004 1963 Domini.

482 2000 551 2056 Β.
593 2001 653 2054 8.
681 1999 908 2053 Bertini.
1431 1997 1490 2050 S.
1522 1996 1841 2050 Audomarl.

481 2092 543 2145 8.
584 2089 964 2144 Scholasticae.
1430 2086 1489 2142 8.
1518 2086 1703 2141 Felicii
1744 2100 1915 2156 papaz.

480 2182 559 2237 De
577 2181 699 2237 oleo
722 2180 865 2250 quod
895 2179 1171 2235 benedixit
1194 2178 1254 2235 8.
1293 2178 1643 2234 Benedictus.

479 2274 559 2329 De
585 2282 758 2342 petra,
789 2287 952 2341 super
984 2287 1091 2340 qua
1117 2271 1384 2327 Dominus
1413 2272 1589 2326 stetit.

480 2369 551 2423 Β.
586 2368 644 2424 8.
674 2367 844 2429 Pauli,
873 2367 927 2422 S.
964 2365 1175 2438 Cyriaci
1205 2376 1532 2438 martyrum.

482 2458 543 2513 8.
573 2458 839 2527 Hippolyti
870 2467 1029 2511 mart.
1431 2455 1490 2509 8.
1517 2456 1817 2525 Gengulpbi
1846 2466 2007 2510 mart.

481 2552 541 2605 8.
576 2551 847 2604 Pancratii
882 2557 1042 2602 mart.
1431 2548 1488 2603 S.
1525 2548 1742 2603 Sabina:
1771 2548 1911 2619 virg.

481 2643 541 2697 8.
569 2642 826 2711 Odulphi.
1431 2642 1491 2696 8.
1524 2639 1807 2711 Gerulphi.

480 2734 539 2788 8.
573 2734 807 2788 Maximi.
1429 2731 1489 2787 8.
1526 2732 1795 2798 Quintini.

481 2825 543 2881 8.
572 2828 828 2881 Macltuti.
1430 2826 1489 2881 S.
1513 2824 1804 2895 ldebergw.

480 2923 539 2977 8.
576 2920 812 2973 Martini.
1434 2918 1493 2969 8.
1517 2916 1785 2987 Gregorii.

478 3015 555 3066 De
588 3027 825 3082 praesepe
857 3009 1088 3065 Domini.

482 3104 557 3157 De
591 3104 739 3170 virga
777 3101 976 3153 Aaron.

477 3192 546 3245 lt.
586 3192 643 3245 S.
668 3190 853 3245 Jacobi
889 3188 1141 3258 apostoli.

480 3285 540 3338 8.
575 3281 869 3338 Marcellini
909 3291 964 3335 et
988 3281 1047 3335 8.
1084 3279 1410 3344 Geminiani,

480 3378 556 3428 De
581 3375 790 3445 capillis
816 3374 875 3428 S.
911 3372 1313 3441 Cltristophori.

482 3467 559 3520 De
593 3465 805 3533 capillis
827 3464 1195 3534 apostolorum
1232 3463 1382 3517 Petri
1418 3473 1471 3518 et
1499 3462 1675 3517 Pauli.

482 3557 585 3613 SS.
618 3557 853 3612 Matthiae
880 3566 933 3609 et
962 3555 1211 3610 Andreae.

482 3652 542 3705 8.
568 3650 793 3706 Joannis
825 3649 1189 3720 evangelistm.

480 3743 770 3797 Bracltium
799 3742 859 3796 8.
893 3742 1193 3795 Severiani.

570 3835 697 3891 Haec
744 3846 925 3888 autem
969 3833 1249 3904 Philippus
1305 3832 1483 3902 sigillo
1522 3849 1621 3887 suo
1675 3833 1873 3888 muniri
1915 3849 2054 3902 pra:-

479 3926 644 3995 cepit.

550 4018 597 4068 A
627 4028 777 4087 tergo
814 4016 1134 4081 inscriptum
1180 4023 1298 4068 erat
1330 4013 1519 4067 eodem
1547 4012 1866 4068 charactere
1901 4015 2058 4069 Run-

480 4122 621 4170 Quua
644 4125 659 4161 :
679 4118 731 4161 et
760 4107 996 4161 additum
1018 4105 1306 4159 recentiori
1334 4118 1515 4164 manu,
1545 4101 1821 4159 Visus”;
1846 4105 1997 4160 H86.
2029 4126 2047 4158 ι

481 4196 624 4262 Quid
669 4207 849 4250 autem
895 4202 1099 4263 septem
1151 4194 1273 4246 aliis
1303 4194 1526 4248 scriniis
1571 4196 1936 4261 contineatur,
1970 4198 2053 4249 Vel

482 4287 611 4355 quid
642 4288 707 4342 iis
741 4298 929 4356 postea
965 4286 1167 4341 factum
1193 4286 1288 4352 sit,
1338 4285 1706 4356 Brugensibus
1727 4290 2051 4344 examinan-

480 4380 609 4433 dum
636 4379 900 4447 relinquo.

1440 444 1497 499 8.
1525 444 1828 514 Peregrini.

1437 628 1510 681 De
1546 628 1690 696 ligno
1718 627 1951 681 Domini.

1432 1812 1490 1867 8.
1524 1813 1754 1869 Βθτιιιω.

1427 3647 1494 3701 Β.
1521 3647 1581 3701 8.
1610 3647 1929 3703 Felicitatis.

1863 328 2389 387 PROLECOMENA.

2096 452 2144 509 Α
2172 446 2352 500 Patris
2384 454 2436 499 et
2467 444 2667 500 domini
2693 443 2882 510 nostri,
2908 443 3107 497 domini
3128 442 3205 497 Pii
3234 442 3412 497 divina
3443 441 3739 497 Proridenh

2170 538 2241 590 tia
2297 550 2445 605 papa:
2497 533 2540 588 ll
2602 551 2743 589 anno
2778 535 2983 604 quinto,
3023 534 3075 588 in
3124 536 3224 588 hac
3265 534 3493 588 ecclesia
3542 532 3727 587 Sancti

2170 624 2450 679 Donatiani
2511 623 2844 696 Brugensis,
2894 624 3171 681 scalfaudo
3223 625 3361 679 bene
3398 634 3735 693 carpentato,

2164 726 2291 769 ante
2315 714 2540 781 doxale;
2573 725 2630 769 et
2664 726 3026 770 sacrosancta:
3056 715 3299 785 reliquias
3328 713 3554 770 inferius
3581 716 3723 769 desis

2164 815 2363 875 gnatae,
2402 822 2572 874 nuper
2621 822 2687 860 ex
2712 808 2941 876 quadam
2978 815 3188 861 vetusta
3222 821 3405 875 capsa,
3436 807 3489 859 in
3513 821 3617 873 qua
3640 806 3733 859 diu

2164 896 2231 949 ab
2266 904 2443 957 antea,
2482 896 2733 951 videlicet
2766 898 2831 950 de
2862 912 3003 951 anno
3034 896 3244 950 Domini
3297 897 3462 961 1186,
3494 912 3585 950 vm
3609 894 3729 950 Kal.

2162 986 2350 1054 Junii,
2395 988 2648 1059 Philippo
2695 988 2963 1043 Flandria:
2988 1000 3044 1042 et
3078 988 3471 1043 Veromaudua:
3509 990 3731 1054 comite,

2163 1079 2483 1134 Theoderici
2551 1082 2765 1135 comitis
2824 1080 3089 1134 Fiandria:
3145 1080 3252 1135 lilio
3294 1090 3424 1134 tunc
3474 1090 3735 1148 regnante

2161 1181 2475 1226 reverenter
2519 1174 2844 1227 exstiterant
2873 1173 3150 1226 collocatae
3179 1212 3195 1237 ,
3231 1187 3259 1225 a
3304 1187 3434 1226 casu
3461 1172 3731 1240 disrupta,

2161 1276 2418 1319 extracta:
2454 1263 2674 1319 fuerunt
2721 1282 2817 1335 per
2849 1267 3205 1319 reverendum
3255 1266 3308 1319 in
3338 1264 3561 1320 Christo
3620 1261 3726 1318 Pa-

2164 1364 2342 1422 trem,
2402 1356 2468 1410 D.
2515 1357 2862 1411 Guiliclmum
2904 1355 3163 1421 Vasoris,
3224 1373 3395 1412 sacrae
3444 1354 3726 1425 theologia:

2160 1449 2543 1517 professorem,
2579 1451 2645 1504 de
2682 1450 2875 1504 ordine
2904 1448 3330 1503 Pratdicatorum
3359 1483 3375 1513 ,
3411 1448 3727 1516 episeOpum

2160 1540 2558 1609 Sareptanum;
2598 1542 2662 1595 ad
2696 1541 2802 1594 hoc
2829 1556 2858 1594 a
2891 1540 3189 1594 reverendo
3224 1540 3278 1593 in
3308 1539 3526 1594 Christo
3564 1537 3729 1593 Patre

2158 1642 2213 1684 et
2238 1631 2495 1697 Domino,
2526 1634 2587 1686 D.
2632 1632 2920 1687 Guilielmo
2958 1632 3212 1701 episeopo
3244 1631 3574 1685 Tornaeensi
3618 1629 3723 1686 loci

2158 1722 2488 1787 diuscesano,
2521 1724 2755 1793 speciale
2781 1723 3088 1776 mandatum
3132 1722 3391 1787 habente,
3424 1721 3725 1790 translatae,

2086 1800 2132 1856 Β
2160 1827 2214 1869 et
2244 1815 2296 1869 in
2323 1830 2462 1870 novo
2495 1816 2717 1878 feretro,
2751 1815 2808 1869 S.
2834 1813 3015 1869 Basilii
3058 1815 3354 1879 attitulato,
3390 1816 3441 1869 in
3468 1815 3724 1871 illustris-

2159 1910 2419 1961 simorum
2447 1907 2747 1977 principum
2782 1909 3147 1975 dominorum,
3196 1907 3427 1979 Philippi
3481 1908 3725 1979 Burgun-

2156 1998 2278 2064 diaa,
2312 1999 2693 2068 Lotharingiae,
2729 2000 3054 2065 Brabantite,
3091 2012 3145 2055 et
3184 1999 3509 2070 Limburgiae
3532 2002 3720 2066 ducis;

2156 2104 2221 2144 ac
2251 2089 2542 2156 Flandriaa,
2570 2092 2831 2154 Arthesii,
2864 2091 3200 2160 Burgundim,
3236 2092 3484 2159 Palatini,
3511 2091 3730 2147 “annos

2156 2182 2278 2246 nite,
2318 2181 2633 2248 llollandiae,
2669 2194 2725 2237 et
2747 2183 3034 2246 Zelandiae,
3083 2198 3149 2238 ac
3182 2184 3437 2240 Namurci
3483 2185 3721 2253 comitis,

2156 2272 2418 2343 Sacrique
2470 2271 2687 2342 Imperii
2739 2274 3102 2341 marebionis;
3151 2276 3461 2345 dominique
3492 2276 3722 2347 Frigiae,

2155 2362 2460 2419 Salinarum
2489 2376 2543 2420 et
2570 2365 2868 2420 Mechlinize
2902 2385 2915 2419 :
2942 2367 3123 2421 Caroli
3175 2368 3391 2422 comitis
3422 2368 3710 2435 Carolesii,

2155 2470 2221 2510 ac
2269 2457 2335 2511 de
2391 2456 2695 2512 Castrolino
2735 2468 2791 2511 et
2841 2459 2909 2511 de
2942 2452 3211 2512 Bethunia
3271 2459 3513 2525 domini;
3551 2460 3722 2529 ipsius

2154 2541 2356 2597 domini
2393 2541 2627 2613 Philippi
2681 2544 2776 2597 lilii
2825 2544 3050 2613 legitimi
3079 2556 3134 2601 et
3176 2546 3407 2602 haeredis
3437 2564 3450 2600 :
3487 2562 3588 2603 nec
3615 2563 3722 2602 non

2153 2632 2374 2688 Joannis
2419 2632 2573 2689 ducis
2631 2634 2942 2702 Clevensis;
2982 2639 3372 2707 reverendique
3409 2638 3461 2692 in
3504 2639 3723 2694 Christo

2153 2723 2331 2779 Patris
2386 2725 2581 2781 domini
2630 2724 2811 2781 Caroli
2859 2727 2926 2781 de
2970 2727 3240 2783 Borbonio
3268 2770 3282 2793 ,
3317 2730 3716 2800 archiepiscOpi

2155 2813 2550 2885 Lugdunensis,
2585 2817 2835 2885 primatis
2866 2817 3146 2884 Franciaa;
3192 2819 3451 2875 Ludovici
3501 2822 3717 2877 comitis

2154 2903 2214 2959 8.
2253 2905 2439 2970 Pauli,
2493 2907 2827 2977 illustrisque
2871 2910 3103 2965 domina:
3126 2911 3349 2979 Agnetis
3377 2910 3721 2983 Burgundiat,

2166 2996 2396 3051 dueissae
2423 2998 2726 3065 Borboniaa,
2771 3014 2834 3052 ac
2866 3000 3095 3070 Adolphi
3128 3002 3404 3059 Clevensis
3428 3005 3628 3059 domini
3654 3006 3723 3060 de

2156 3086 2468 3155 Ravestain,
2490 3090 2615 3143 dicti
2643 3090 2703 3143 Ι).
2737 3090 2887 3144 ducis
2920 3091 3193 3147 Clevensis
3222 3092 3441 3160 fratris;
3476 3110 3541 3149 ac
3561 3097 3722 3149 etiam

2082 3158 2124 3213 θ’
2158 3181 2579 3234 reverentiorunt
2616 3182 3120 3252 venerabiliumque
3154 3185 3207 3239 in
3260 3185 3476 3240 Christo
3503 3185 3723 3239 Patrum

2156 3270 2497 3322 dominorum
2527 3268 2746 3323 Thom-.e
2772 3272 3119 3336 Assanensis,
3148 3274 3200 3327 in
3235 3276 3480 3342 partibus
3517 3276 3722 3341 Angliae

2153 3361 2415 3428 episc0pi,
2440 3360 2506 3414 de
2538 3359 2728 3415 ordine
2760 3358 3218 3430 Prardicalorum;
3250 3364 3456 3419 l‘tteolai
3508 3366 3723 3421 abbatis

2155 3452 2222 3504 de
2267 3449 2568 3516 Eeckhout,
2622 3451 2942 3521 Brugensis;
2980 3465 3035 3509 et
3084 3456 3309 3511 Roberti
3347 3456 3721 3520 Watiniensis,

2158 3543 2367 3598 ordinis
2404 3542 2463 3598 S.
2488 3543 2814 3615 Augustini;
2872 3563 3079 3603 necnon
3115 3546 3316 3604 Nieasii
3347 3551 3413 3604 de
3444 3548 3635 3616 Puteo,
3657 3551 3726 3605 de

2165 3628 2471 3699 Bethunia;
2501 3632 2725 3688 Joannis
2752 3637 2817 3689 de
2857 3636 3112 3708 Vassaya,
3154 3639 3533 3708 Sonegiensis;
3567 3638 3729 3695 Joan-

2158 3725 2245 3778 nis
2286 3724 2557 3779 Vincentii
2587 3766 2602 3789 ,
2634 3727 2999 3793 Casletensis;
3035 3741 3088 3782 et
3138 3730 3316 3784 Caroli
3365 3732 3432 3786 de
3480 3732 3717 3800 Campis,

2155 3817 2524 3873 'l‘horaltensis
2564 3821 2910 3875 ecclesiarum
2947 3823 3350 3890 collegiatarum
3412 3826 3725 3895 prtepositoa

2156 3928 2310 3976 rum;
2339 3928 2402 3966 ac
2428 3912 2655 3969 Rnlandi
2689 3916 2975 3985 scriptoris
3014 3919 3225 3985 decani,
3255 3931 3309 3973 et
3335 3922 3574 3976 omnium
3608 3920 3723 3976 fere

2154 4002 2496 4057 dominorum
2524 4043 2540 4068 ,
2580 4005 2736 4073 hujus
2774 4007 3014 4061 ecclesiae
3043 4007 3224 4064 Sancti
3263 4010 3539 4065 Donatiani
3594 4016 3723 4066 tunc

2159 4095 2545 4148 canonicorum
2575 4096 2911 4167 aliorumque
2932 4099 3177 4154 vivorum
3205 4101 3718 4165 ecclesiasticarum,

2154 4194 2208 4239 et
2232 4188 2407 4255 populi
2444 4188 2808 4244 multitudinis
2837 4193 3145 4259 praesentia,
3186 4203 3497 4249 reverenter
3533 4203 3590 4248 et
3628 4195 3722 4249 de-

2152 4288 2277 4333 vote
2300 4280 2589 4333 recondita:
2616 4290 2671 4334 et
2706 4281 2948 4336 reclusas.
2997 4300 3017 4334 ι

2224 4368 2435 4423 Exhinc
2464 4371 2712 4440 sequitur
2742 4373 2933 4427 eadem
2971 4376 3305 4430 enumeratio
3346 4377 3720 4447 reliquiarum,

556 4470 631 4526 De
676 4470 782 4523 alia
809 4470 1160 4539 reliquiarmn
1211 4474 1386 4528 sancti
1415 4470 1601 4527 Basilii
1632 4472 1966 4538 visitatione,
1998 4483 2052 4526 et
2081 4503 2127 4558 Β
2154 4461 2296 4514 “una
2346 4461 2527 4516 add“?!
2568 4474 2661 4516 θυι
2702 4463 2938 4533 ἀοιηῐηει·
2989 4467 3070 4521 ΑΟ
3111 4467 3343 4536 Primum
3375 4472 3722 4524 ιιοῐιιίηδηιυι·

481 4563 819 4633 depositione
856 4561 910 4616 in
964 4565 1298 4619 ornatiorem
1335 4579 1551 4634 eapsam
1576 4606 1591 4631 ,
1650 4574 1878 4619 testatur
1907 4565 2049 4633 regi-

482 4666 655 4711 strum
717 4654 973 4709 Actorum
1045 4656 1426 4724 eapitularium
1502 4658 1740 4725 prazl‘ata:
1808 4656 2055 4710 ecclesia:

484 4747 671 4804 Sancti
701 4746 984 4801 Donatiani
1018 4746 1312 4818 Brngensis
1335 4790 1351 4814 ,
1386 4760 1633 4804 natatum
1678 4749 1719 4805 F
1777 4748 1903 4802 folio
1927 4748 2054 4811 246,

483 4852 604 4905 pag.
651 4852 809 4892 versa
859 4837 917 4892 5i
964 4852 979 4889 :
1022 4837 1176 4906 cujus
1225 4841 1329 4895 hoc
1382 4851 1463 4894 est
1499 4850 1810 4895 extractum
1840 4860 1853 4894 :
1883 4860 1901 4892 ‹
1959 4839 2057 4893 Die

485 4944 622 4984 xvut
656 4930 859 4985 mensis
882 4931 1103 4997 Aprilis,
1135 4947 1276 4985 anno
1301 4931 1443 4986 1465
1479 4935 1814 5002 supradicto,
1837 4933 2056 4988 concluu

484 5035 605 5101 sum
639 5020 740 5075 fuit
771 5038 867 5090 per
918 5024 1168 5077 dominos
1194 5025 1530 5093 capitulum,
1586 5036 1857 5095 quatenus
1891 5026 2059 5080 domi-

486 5127 588 5167 nus
639 5111 1012 5183 sull'ragaueus
1052 5114 1119 5167 lt.
1160 5114 1220 5168 D.
1252 5115 1489 5185 episcopi
1539 5115 1799 5179 Tornaci,
1835 5125 2055 5184 accepta

484 5201 704 5257 licentia
761 5203 829 5257 ab
883 5206 1070 5258 eodem
1129 5206 1347 5259 domino
1392 5209 1680 5272 episcopo,
1739 5206 2053 5269 transferat,

484 5310 646 5365 quam
668 5295 870 5349 rectius
894 5295 1107 5358 melius,
1145 5310 1330 5349 sacras
1366 5297 1621 5364 reliquias
1650 5296 1821 5351 sancti
1847 5296 2054 5360 Basilii,

483 5395 542 5441 et
578 5385 711 5440 alias
733 5385 785 5438 in
817 5387 984 5439 veteri
1023 5401 1185 5455 capsa
1220 5388 1545 5442 exsistentcs
1574 5428 1588 5450 ,
1617 5398 1671 5441 et
1700 5404 1797 5443 eas
1833 5398 2057 5455 reponat

484 5475 539 5531 in
562 5492 702 5531 novo
730 5476 953 5541 feretro,
971 5493 1035 5531 ex
1059 5493 1191 5531 auro
1211 5486 1265 5530 et
1290 5491 1516 5547 argento
1542 5478 1611 5532 ob
1632 5482 1733 5535 hoc
1763 5481 2054 5534 fabricato.

485 5568 616 5634 Quae
641 5569 854 5637 quidem
892 5570 1171 5623 translatio
1227 5571 1366 5623 facta
1403 5572 1503 5623 fuit
1539 5586 1681 5625 anno
1707 5573 1773 5627 ab
1796 5574 2053 5626 incarna-

485 5664 630 5714 tione
687 5660 898 5714 Domini
930 5663 1090 5728 1465,
1135 5663 1430 5718 indictione
1475 5680 1552 5727 tu,
1585 5667 1785 5720 mensis
1814 5664 1938 5718 Maii
1968 5667 2057 5720 die

487 5764 615 5806 vero
646 5751 963 5827 penultima,
1001 5754 1346 5823 pontiﬁcatus
1389 5757 1719 5814 sanctissimi
1749 5758 1801 5815 in
1830 5756 2053 5813 Christo

2152 4568 2275 4607 ossa
2305 4553 2538 4622 plurima
2579 4552 2637 4608 S.
2663 4553 2850 4611 Basilii
2881 4575 2893 4611 :
2923 4559 3118 4627 quibus
3156 4569 3340 4629 postea
3370 4561 3507 4613 nihil
3529 4561 3718 4615 deces-

2153 4646 2309 4709 sisse,
2334 4644 2438 4698 alio
2458 4644 2598 4699 forte
2623 4647 2965 4715 translatum,
3003 4664 3108 4705 non
3140 4652 3312 4706 ausim
3352 4665 3670 4706 asseverare
3702 4670 3716 4703 :

2152 4752 2276 4792 cum
2338 4737 2392 4790 in
2444 4738 2632 4792 ultima
2688 4740 3039 4797 translatione
3072 4758 3178 4797 non
3232 4745 3521 4797 admodum
3553 4745 3720 4798 multa

2152 4839 2275 4880 ossa
2312 4836 2520 4895 reperta
2544 4828 2684 4893 sint;
2712 4830 2841 4883 nihil
2872 4841 3050 4886 autem
3070 4844 3386 4887 casterarum
3415 4833 3503 4887 hic
3530 4848 3723 4889 rursus

2155 4920 2551 4973 nominatarum
2607 4922 2988 4991 reliquiarum;
3030 4924 3494 4994 specilicationem
3535 4933 3717 4979 autem

2156 5012 2346 5065 harum
2405 5015 2649 5082 sequitur
2695 5016 3100 5071 nomenelatura
3147 5019 3572 5085 canonicorum,
3622 5013 3713 5087 qvi

2157 5104 2494 5160 translationi
2534 5106 2661 5162 huic
2684 5108 2990 5175 adfuerunt,
3032 5111 3321 5168 videlicet:

2764 5201 3082 5273 Presbyteri.

2226 5289 2460 5349 Joannes
2492 5293 2802 5364 Mynheere,

2226 5387 2410 5441 Victor
2444 5389 2507 5441 de
2538 5389 2954 5458 Swavenaerde,

2225 5478 2453 5535 Jaeohus
2476 5482 2642 5547 Maes,

2226 5570 2472 5641 {Egidius
2510 5574 2852 5645 Beversluys,

2229 5662 2509 5733 Philippus
2535 5665 2736 5736 Syron,

2228 5756 2517 5815 Balduinus
2555 5756 2739 5829 Spoel,
