4094 6220
1087 320 1463 386 mem”
1500 312 1595 387 sx
1632 328 1835 386 ACTIS
1874 329 1931 386 s.
1971 327 2218 385 essunt
2256 328 2775 386 BOLLANDlANlS.

382 438 738 503 Burcbardus
752 434 1067 515 ’Kedet‘ltin,

391 539 648 595 Nlcolaus
666 538 1020 595 'Brudimont.

937 630 1282 685 Subdiaconi.

391 720 631 778 Jacobus
653 722 717 775 de
739 720 979 791 Campis,

397 812 663 868 Ricardus
690 813 757 868 de
783 812 1027 883 Capella,

398 904 664 959 Henricus
688 907 754 961 de
778 904 956 971 Miret,

391 997 636 1052 Joannes
666 996 940 1052 Damiens.

968 1090 1234 1164 Acol‘ytlu'.

378 1196 383 1201 '
399 1181 629 1237 Carolus
661 1181 881 1247 Soillot,

379 1271 633 1329 Joannes
657 1275 723 1327 de
742 1271 973 1344 Feraye,

384 1365 725 1421 'Et-Jacobus
762 1368 829 1419 de
852 1366 1192 1435 Purgatorio.

792 1459 1001 1512 Notarii
1031 1468 1148 1513 vero
1179 1458 1413 1527 fuerunt,

383 1538 637 1604 ‘Joanues
648 1548 924 1616 'Flaming,

395 1639 636 1695 'Jacnbus
665 1637 910 1693 Juvenis.

400 1727 587 1783 Tertia
643 1714 921 1781 translatio
972 1727 1319 1798 reliquiarum
1378 1732 1548 1787 sancti
1580 1732 1768 1788 Basilii
1837 1734 1892 1789 in

326 1833 528 1874 novam
553 1819 744 1873 iterum
769 1834 1007 1889 capsam,
1032 1836 1260 1891 eamque
1288 1834 1626 1894 argenteam,
1670 1836 1891 1896 peracta

324 1919 415 1963 est
439 1909 541 1964 bac
556 1919 748 1964 nostra
772 1919 948 1976 aetate,
974 1925 1115 1968 anno
1136 1912 1343 1968 scilicet
1362 1914 1495 1967 1687
1523 1932 1537 1981 ;
1574 1916 1895 1971 celebritate

333 2015 514 2057 autem
560 2004 773 2071 majori,
810 2003 857 2058 si
905 2003 1220 2073 dignitatem
1249 2020 1602 2075 personarum
1628 2009 1893 2078 excipias,

333 2109 451 2163 qua:
510 2095 779 2164 prioribus
849 2095 1235 2152 interfuerunt.
1290 2097 1505 2152 Etenim
1562 2101 1900 2156 caeremonias

333 2200 520 2242 omnes
551 2188 803 2242 adhibitae
852 2199 1175 2258 sunt,»qu:e
1228 2190 1623 2245 solemnitatem
1669 2192 1900 2247 reddere

333 2288 582 2346 p0terant
610 2281 996 2349 augustiorem,
1023 2280 1448 2351 exquisitissima
1480 2284 1687 2339 musica
1719 2284 1892 2338 inter-

334 2370 566 2424 cinente.
608 2368 915 2426 Orationem
939 2369 1186 2427 Latinam
1218 2374 1407 2429 habuit
1435 2374 1499 2431 R.
1525 2377 1592 2431 Α.
1618 2377 1681 2430 D.
1708 2377 1899 2432 Petrus

336 2462 500 2526 Maes,
565 2463 802 2535 ejusdem
856 2465 1186 2522 cathedralis
1243 2467 1488 2523 ecclesiae
1559 2470 1896 2534 canonieus;

335 2555 622 2623 Belgicam,
692 2557 758 2611 ad
796 2555 1094 2613 confertam
1140 2559 1322 2627 populi
1368 2560 1714 2626 concionem,
1758 2561 1897 2615 dixit

316 2646 393 2701 ηρ.
425 2646 658 2703 Jacobus
692 2648 847 2715 Mols,
900 2651 1175 2705 societatis
1221 2650 1347 2705 Jesu
1398 2650 1781 2705 celeberrimus
1815 2653 1897 2706 sui

335 2739 593 2809 temporis
643 2750 847 2794 orator.
893 2740 1127 2810 Reliqua
1177 2742 1270 2796 tibi
1298 2742 1445 2798 dabit
1496 2745 1668 2813 ipsum
1698 2785 1713 2806 ,
1754 2747 1895 2815 quod

310 2846 393 2883 ‘ea
425 2846 590 2899 super
644 2844 703 2883 re
739 2830 1047 2887 confectum
1074 2842 1178 2899 est,
1224 2833 1500 2901 publicum
1548 2835 1896 2891 illustrissimi

333 2920 535 2975 domini
584 2920 857 2989 episcopi,
911 2920 1166 2990 reliquias
1226 2921 1636 2988 transferentis,
1695 2925 1899 2979 instru-

312 3019 594 3065 “mentum.
610 3033 619 3042 '

333 3153 653 3194 HUIIBERTUS
705 3156 1021 3196 ῦυιιιιεωίυε
1047 3182 1061 3202 .

406 3224 604 3265 CRATIA
628 3226 910 3265 EPISCOI’US
948 3226 1232 3265 BBUGENSIS
1251 3252 1265 3275 ,
1293 3227 1597 3268 PERPETUL‘S
1619 3229 1682 3268 AC
1708 3230 1891 3268 H£RE-

398 3295 653 3335 DITABIUS
711 3296 987 3334 FLANDBIE
1040 3297 1466 3349 CANCELLARIUS,
1538 3298 1709 3338 REGIE
1778 3300 1890 3339 SUB

400 3365 691 3404 MAJESTATI
722 3369 755 3404 Δ
780 3367 1020 3406 CONCILIO
1066 3368 1291 3418 STATUS,
1317 3364 1426 3408 etc.

418 3481 437 3514 ε
464 3461 743 3518 Universis
779 3474 835 3517 et
858 3464 1085 3532 singulis
1115 3475 1407 3534 prazsentes
1437 3466 1645 3521 litteras
1676 3467 1893 3532 visuris,

332 3568 429 3608 seu
460 3554 563 3623 legi
602 3556 865 3609 audituris
886 3595 903 3620 ,
930 3556 1155 3610 salutem
1189 3558 1241 3610 in
1278 3556 1523 3612 Domino.
1562 3557 1896 3613 Promotioni

316 3646 515 3701 ‘cultus
574 3658 885 3702 sanctorum
952 3649 1194 3705 studiose
1248 3665 1463 3720 semper
1524 3652 1897 3718 intendimus,

334 3739 571 3793 scientes
610 3739 775 3793 Deum
816 3739 1238 3807 omnipotentem
1271 3741 1329 3793 in
1360 3740 1562 3793 sanctis
1588 3741 1699 3794 suis
1728 3740 1898 3795 hono-

334 3840 538 3895 ratum,
567 3840 876 3885 sanctorum
917 3831 1153 3887 cultores
1171 3830 1241 3886 ad
1268 3840 1576 3887 sanctorum
1607 3832 1661 3885 in
1692 3842 1897 3886 aeterna

323 3922 669 3976 beatitudine
706 3922 1021 3976 societatem
1056 3922 1365 3993 disponere,
1387 3932 1443 3978 et
1474 3924 1747 3979 efﬁcacius
1769 3939 1894 3993 per-

336 4013 550 4068 ducere.
597 4012 730 4067 Cum
777 4013 960 4081 itaque
984 4028 1175 4082 nuper,
1207 4029 1273 4069 ex
1299 4014 1500 4084 pietate
1529 4025 1583 4070 et
1638 4018 1893 4072 muniﬁca

335 4104 658 4160 liberalitate
686 4106 967 4162 reverendi
990 4109 1137 4162 adm.
1170 4107 1373 4162 domini
1400 4107 1624 4176 Eugenii
1648 4109 1714 4164 de
1735 4107 1894 4178 Vicq,

336 4198 529 4253 decani
558 4200 799 4256 ecclesiae
843 4200 1172 4258 cathedralis
1229 4198 1413 4255 Sancti
1462 4200 1775 4266 Donatiani,
1804 4202 1901 4255 ab-

336 4290 515 4345 soluto
564 4305 724 4359 opere
782 4293 906 4348 novi
968 4292 1153 4348 feretri
1207 4305 1485 4346 sacrarum
1539 4292 1895 4360 reliquiarqu

329 4381 505 4436 sancti
553 4380 737 4437 Basilii
788 4383 964 4455 Magni
992 4385 1294 4449 ,Czesareat
1322 4384 1375 4438 in
1406 4382 1749 4453 Cappadocia
1801 4398 1894 4437 ar-

1924 456 1964 510 Δ

1925 1793 1967 1847 Β

1128 3157 1211 3195 om
1259 3158 1325 3195 ετ
1366 3159 1703 3198 APOSTOLICE
1744 3138 1961 3199 semsC

3400 347 3554 392 (εχει

1992 453 2232 521 Augusto
2257 450 2576 519 imperante,
2601 461 2655 504 et
2690 459 2946 520 regnante
2969 449 3163 506 Carolo
3187 453 3426 507 secundo
3466 452 3561 506 lli-

2000 542 2311 611 spaniarum
2356 557 2482 610 rege
2506 581 2522 604 ,
2554 541 2821 597 Flandrite
2874 544 3077 599 comite
3101 583 3117 608 ,
3177 546 3563 599 accesserimus

1994 633 2361 701 Supradictam
2421 632 2705 686 ecclesiam
2785 633 3189 699 cathedralem,
3257 634 3564 699 ibidemque

1994 720 2392 790 pontificalibus
2416 720 2607 786 induti,
2641 735 2762 773 cum
2795 719 3053 776 ministris
3078 731 3133 777 et
3163 722 3386 787 lumine,
3432 736 3564 789 prae-

1995 821 2153 866 sente
2182 813 2329 866 clero
2360 827 2423 866 ac
2455 811 2949 867 honorabilioribus
2978 814 3109 868 viris
3134 813 3275 868 infra
3308 815 3561 868 nomina-

1998 905 2088 969 tis,
2112 912 2167 957 et
2190 902 2718 974 frequenti‘populo,
2758 914 2884 957 ante
2911 918 3185 958 summum
3218 903 3387 959 altare
3409 904 3563 956 chori

1995 996 2234 1062 ejusdem
2285 994 2551 1059 ecclesiae,
2600 995 2890 1049 decantata
2934 994 3085 1062 prius
3125 998 3364 1065 hymno.
3435 992 3562 1047 Veni

1995 1098 2197 1140 creator
2223 1084 2489 1155 Spiritus,
2532 1098 2654 1139 cum
2675 1082 2900 1139 collecta
2949 1082 3232 1151 ejusdem,
3279 1095 3562 1154 postquam

1996 1191 2108 1229 rev.
2137 1176 2276 1228 adut.
2311 1174 2563 1228 dominus
2588 1174 2848 1236 decanus,
2884 1170 2994 1225 alia
3026 1186 3155 1225 voce
3177 1212 3193 1239 ,
3224 1174 3439 1227 nomine
3460 1187 3563 1227 Sno

1995 1278 2050 1321 et
2078 1266 2299 1336 capituli
2327 1267 2657 1334 exposuerit,
2691 1280 2752 1319 ac
2790 1280 2888 1319 nos
2931 1264 3131 1319 iterum
3189 1265 3463 1335 rogaverit
3506 1277 3565 1317 ut

1995 1356 2339 1424 dignaremur
2368 1356 2620 1424 reliquias
2643 1356 2927 1424 praedictas
2962 1356 3136 1409 sancti
3178 1354 3359 1409 Basilii
3388 1365 3563 1409 trans-

1995 1448 2135 1500 ferre
2169 1448 2233 1499 de
2287 1447 2505 1515 antiquo
2557 1448 2613 1501 in
2669 1461 2864 1500 novum
2911 1448 3203 1512 feretrum;
3245 1447 3565 1517 jusserimus

1996 1540 2063 1591 ad
2091 1553 2186 1591 nos
2217 1536 2398 1591 afferri
2430 1537 2707 1606 antiquam
2742 1552 2960 1606 capsam
2989 1553 3079 1592 seu
3110 1538 3363 1592 feretrum
3388 1537 3564 1591 dicta—

1995 1644 2112 1682 rum
2163 1628 2508 1696 reliquiarum
2551 1630 2720 1683 sancti
2759 1628 2977 1694 Basilii,
3007 1640 3134 1683 ante
3166 1640 3408 1683 nostrum
3462 1629 3559 1683 ad-

1996 1732 2213 1775 ventum
2255 1724 2306 1774 in
2355 1736 2542 1774 mensa
2591 1735 2622 1774 a
2672 1721 2843 1775 latere
2878 1722 3145 1792 evangelii
3202 1724 3558 1790 expositum:

1997 1812 2139 1879 quod
2166 1812 2363 1879 praavia
2394 1810 2636 1879 diligenti
2678 1811 2989 1866 visitatione
3036 1812 3338 1881 reperimus
3384 1812 3565 1869 debite

1998 1902 2297 1957 occlusum.
2334 1903 2641 1972 Apertoque
2667 1906 2733 1957 de
2760 1907 3012 1959 mandato
3038 1916 3225 1959 nostro
3253 1906 3396 1960 dicto
3425 1917 3565 1959 θηιιοο

1999 2008 2105 2063 quo
2134 1995 2353 2060 feretro,
2383 2004 2597 2064 reperta
2622 1996 2724 2050 fuit
2748 1998 2800 2050 in
2819 2012 2883 2051 eo
2906 1996 3127 2066 parvula
3149 1996 3339 2052 cistula
3363 1998 3565 2069 lignea,

1999 2087 2164 2140 rubro
2188 2086 2425 2163 depicta,
2459 2087 2688 2142 vinculis
2715 2088 2907 2141 ferreis
2930 2090 3066 2143 bene
3093 2087 3308 2142 occlusa
3333 2106 3349 2155 ;
3383 2089 3435 2142 in
3457 2104 3562 2159 qua

1999 2175 2295 2242 reperimus
2337 2177 2441 2228 tria
2470 2190 2839 2244 ossa,«nempe
2870 2189 3120 2247 magnam
3154 2188 3362 2246 partem
3387 2180 3555 2246 spinae

2000 2265 2167 2326 dorsi,
2198 2266 2283 2319 cui
2307 2263 2460 2319 allisa
2490 2276 2573 2321 est
2608 2266 2864 2320 schedula
2916 2281 3267 2335 pergameua,
3299 2270 3353 2322 in
3381 2269 3565 2323 verbis

1999 2356 2300 2419 continens,
2333 2356 2608 2419 RELIQUIE
2647 2373 2833 2413 SANCTI
2865 2357 3067 2412 BASILII
3109 2372 3512 2414 ARCHIEPISCOPI
3544 2374 3565 2422 ;

1998 2457 2052 2505 et
2073 2450 2179 2504 duo
2207 2450 2337 2514 alia,
2369 2450 2531 2504 simul
2561 2451 2796 2506 involuta
2820 2451 3164 2521 gossypio,et
3186 2452 3418 2506 obducta
3444 2452 3569 2505 albo

1999 2539 2173 2594 serico
2202 2539 2563 2605 Damasceno,
2592 2556 2716 2595 cum
2746 2542 2946 2595 litteris
2968 2542 3022 2594 in
3057 2556 3408 2611 pergameno,
3433 2558 3558 2598 cum

2003 2642 2197 2698 magno
2236 2628 2413 2698 sigillo
2439 2630 2625 2695 rubro,
2648 2630 2939 2684 exhibente
2966 2628 3196 2697 eﬂig‘iem
3226 2641 3563 2697 equestrem,

1998 2731 2051 2775 et
2082 2720 2273 2775 sericis
2317 2722 2556 2791 antiquis
2608 2721 2916 2790 ligamentis
2944 2720 3249 2787 adjunctis:
3284 2722 3440 2787 cujus
3472 2724 3549 2778 le-

1999 2823 2174 2881 ctura,
2198 2823 2306 2868 tam
2329 2814 2381 2868 in
2409 2814 2587 2883 sigillo
2617 2828 2779 2883 quam
2810 2813 2861 2867 in
2882 2830 3226 2883 pergameno,
3256 2830 3359 2882 non
3389 2816 3567 2883 potuit

2000 2904 2135 2968 fieri,
2182 2914 2400 2974 propter
2430 2905 2648 2959 nimiam
2696 2913 3037 2959 vetustatem.
3101 2906 3359 2974 Dictaque
3409 2920 3566 2969 ossa,

1999 2997 2340 3065 disc00perta
2364 3007 2420 3050 et
2452 2997 2663 3066 integre
2693 2998 3191 3060 iuventa,omnibus
3213 2996 3568 3065 prresentibus

2000 3089 2300 3141 veneranda
2329 3088 2676 3156 exposuimus
2702 3094 2757 3141 et
2779 3088 3120 3142 exhibuimus
3154 3103 3168 3140 :
3196 3100 3258 3139 ac
3285 3084 3568 3155 przedictas

2001 3177 2299 3247 reliquias,
2347 3178 2401 3231 in
2449 3178 2715 3248 corporali
2768 3178 2875 3232 alio
2903 3178 3103 3232 mundo
3141 3176 3566 3243 simuljunctas,

1999 3269 2249 3322 decenter
2271 3270 2518 3324 manibus
2540 3273 2739 3327 nostris
2782 3272 3127 3335 involvimus,
3165 3282 3220 3326 et
3244 3271 3296 3325 in
3324 3284 3563 3340 praesen-

2003 3359 2075 3413 tia
2102 3372 2285 3415 nostra
2309 3362 2364 3414 in
2385 3364 2573 3417 eodem
2604 3362 2873 3432 corporali
2902 3364 3089 3418 consui
3119 3363 3435 3418 curavimus
3457 3362 3565 3425 filis

2000 3474 2234 3540 byssinis
2265 3488 2279 3525 :
2308 3475 2374 3528 ad
2404 3489 2541 3544 quas
2564 3472 2787 3529 eosdem
2837 3476 3164 3530 reverendos
3188 3476 3474 3530 admodum
3500 3491 3564 3530 ae

2000 3567 2336 3620 venerabiles
2384 3566 2631 3621 dominos
2679 3566 2746 3622 de
2793 3567 2939 3620 clero
2994 3566 3234 3634 ejusdem
3277 3568 3562 3634 ecclesiae,

1999 3656 2241 3725 aliosque
2290 3654 2645 3710 notabiliores
2672 3664 2991 3723 praesentes,
3023 3665 3129 3709 tam
3168 3655 3565 3712 ecclesiasticos

1998 3762 2160 3817 quam
2190 3746 2498 3811 saeculares,
2531 3748 2597 3800 ad
2628 3745 2869 3801 osculum
2903 3755 3028 3800 ante
3063 3761 3332 3801 summum
3393 3735 3566 3796 altare

2000 3837 2236 3907 praedicti
2276 3838 2425 3892 chori
2453 3852 2548 3907 per
2574 3837 2816 3892 ordinem
2841 3838 3179 3892 admisimus.
3208 3832 3561 3889 Postmodnm

1998 3942 2185 3983 omnes
2210 3928 2422 3984 easdem
2458 3930 2716 3999 reliquias
2747 3966 2763 3993 ,
2813 3929 2958 3983 dicto
2996 3926 3262 3996 corporali
3304 3924 3563 3987 inclusas,

2001 4020 2053 4072 in
2089 4034 2231 4075 novo
2266 4021 2444 4075 serico
2469 4020 2703 4074 czeruleo
2731 4019 2834 4074 Illis
2866 4020 3059 4073 sericis
3097 4017 3334 4085 ejusdem
3366 4015 3565 4069 coloris

1999 4111 2343 4166 involvimus.
2402 4110 2643 4181 Denique
2679 4111 2819 4164 idem
2864 4111 3205 4165 involucrum
3248 4106 3564 4162 inclusimus

1997 4219 2149 4260 nova:
2173 4204 2397 4265 cistula,
2432 4206 2499 4256 ab
2522 4213 2672 4259 extra
2712 4201 2916 4256 alfabre
2956 4202 3201 4269 depictas,
3231 4210 3285 4253 et
3314 4212 3565 4267 superruo

2001 4297 2272 4365 inscripta:
2321 4295 2500 4350 rubro
2540 4295 2761 4349 colore:
2795 4294 3075 4356 Rauenna:
3119 4306 3309 4347 δικαίη
3354 4290 3561 4345 Βιδιιη

2000 4387 2195 4451 Macra,
2220 4402 2545 4443 mansura;
2572 4401 2669 4441 xnt
2720 4385 2861 4440 Jun"
2901 4386 3071 4447 l687;
3106 4393 3162 4438 et
3192 4383 3259 4437 ab
3289 4383 3428 4437 intra
3474 4394 3565 4435 co-

327 4466 662 4544 ehiepiscopi
699 4483 754 4529 et
808 4476 1163 4543 confessoris,
1215 4476 1500 4547 singularis
1554 4475 1790 4544 patroni,
1859 4492 1888 4529 a
1927 4471 1971 4526 D
1998 4489 2199 4549 opertae
2231 4480 2411 4533 satino
2439 4478 2671 4534 caeruleo
2702 4479 2885 4547 (quam
2911 4475 3277 4545 prteviejuxta
3304 4473 3560 4541 praescri-

331 4566 515 4621 multis
557 4576 702 4622 retro
740 4567 951 4623 saeculis
1000 4569 1053 4622 in
1082 4570 1269 4623 eadem
1318 4567 1546 4623 ecclesia
1596 4567 1895 4622 cathedrali

326 4669 773 4726 asservatarum,
830 4671 884 4714 et
946 4664 1048 4729 pia:
1098 4660 1435 4715 venerationi
1493 4659 1892 4725 exbibitarum;

328 4751 474 4805 adm.
508 4751 786 4805 reverendi
838 4761 891 4807 et
945 4751 1278 4807 venerabiles
1323 4751 1568 4817 domini,
1603 4751 1895 4821 praedictus

329 4844 568 4897 decanos
604 4855 657 4898 et
692 4844 982 4911 capitulum
1013 4843 1251 4914 ejusdem
1278 4842 1546 4906 ecclesiae,
1580 4842 1895 4896 desideran-

330 4946 416 4988 tes
454 4950 551 5006 pro
597 4949 754 5005 posse
795 4936 1051 4991 mandare
1105 4936 1438 4991 exsecutioni
1487 4935 1893 4992 translationem

331 5026 714 5094 praedictarum
756 5036 1069 5082 sanctarum
1130 5026 1483 5090 reliquiarum
1512 5060 1529 5093 ι
1565 5041 1632 5081 ex
1662 5026 1889 5096 antiquo

333 5116 389 5168 in
413 5116 739 5170 antedictum
770 5131 966 5171 novum
998 5116 1255 5172 feretrum
1274 5156 1291 5181 ,
1318 5132 1416 5173 nos
1443 5117 1620 5172 debita
1645 5132 1765 5172 cum
1808 5118 1895 5172 in-

332 5208 527 5261 stantia
574 5208 946 5275 requisierint,
983 5207 1036 5262 id
1067 5207 1181 5262 lieri
1217 5224 1338 5263 cum
1382 5208 1819 5265 solemnitatibus
1842 5219 1898 5264 et

332 5299 671 5354 caeremoniis
694 5299 1015 5369 opportunis
1037 5299 1104 5352 ad
1136 5298 1237 5352 hoc
1266 5299 1561 5367 requisitis.

408 5404 428 5438 ι
469 5388 606 5442 Hinc
656 5399 738 5444 est
763 5392 903 5458 quod
957 5404 1053 5443 nos
1090 5403 1152 5442 ea
1189 5388 1255 5441 de
1282 5402 1479 5451 causa,
1508 5401 1651 5441 anno
1684 5385 1895 5441 Domini

332 5477 622 5534 millesimo
648 5482 1044 5550 sexcentesimo
1087 5488 1251 5547 atque
1279 5478 1611 5548 octogesimo
1637 5479 1893 5548 septimo,

331 5571 535 5631 mensis
558 5570 700 5625 Junii
736 5572 823 5627 die
864 5586 960 5626 xm
994 5613 1008 5635 ,
1061 5570 1233 5641 pridie
1272 5570 1395 5624 festi
1446 5569 1686 5640 ejusdem
1717 5571 1894 5625 sancti

325 5660 535 5726 Basilii,
566 5665 785 5718 sedente
825 5663 877 5717 in
906 5664 1159 5718 cathedra
1190 5661 1361 5718 sancti
1391 5660 1537 5715 Petri
1584 5658 1769 5715 Romae
1800 5659 1892 5715 ln-

329 5755 580 5810 nocentio
622 5769 759 5811 naua
800 5755 920 5812 eius
972 5752 1206 5811 nominis
1256 5751 1579 5819 undecimo,
1616 5748 1891 5817 Leopoldo

2002 4578 2150 4639 ptum
2210 4567 2546 4623 Pontificalis
2597 4569 2846 4632 Romani,
2870 4582 2992 4621 cum
3022 4565 3278 4635 praedicto
3309 4577 3449 4617 novo
3480 4562 3562 4617 fe-

1998 4674 2147 4719 retro
2180 4661 2370 4730 majori
2402 4671 2678 4732 argenteo,
2712 4656 3106 4727 benediximus)
3127 4670 3231 4710 una
3274 4669 3398 4710 cum
3420 4668 3559 4723 pra-

1998 4756 2242 4811 sentibus
2298 4755 2498 4810 nostris
2552 4750 2771 4813 litteris,
2811 4750 3070 4818 praedicto
3124 4755 3436 4817 pervetusto
3481 4745 3561 4799 illi

1997 4858 2322 4916 pergameno
2346 4843 2639 4906 transfixis,
2677 4844 2817 4896 inter
2851 4844 2988 4894 duas
3022 4838 3277 4894 culcitras
3297 4851 3363 4891 ex
3384 4836 3564 4892 salino

1998 4938 2227 4991 caeruleo
2261 4937 2328 4990 ab
2368 4944 2597 5004 utraque
2625 4945 2779 5002 parte
2808 4934 3002 4997 factas,
3052 4947 3117 4986 ac
3152 4932 3304 5001 copia
3326 4946 3422 5000 per
3461 4947 3561 4987 nos

1998 5027 2363 5081 autbenticata
2394 5036 2447 5080 et
2481 5025 2720 5096 sigillata
2764 5024 3045 5094 cujusdam
3077 5024 3373 5078 testimonii
3428 5024 3559 5078 anni

2000 5116 2267 5172 millesimi
2294 5114 2573 5170 centesimi
2594 5114 2909 5183 octogesimi
2941 5112 3082 5167 sexti
3106 5126 3202 5167 vm
3224 5110 3343 5166 Kal.
3380 5110 3557 5179 Junii;

1998 5223 2102 5277 qua
2135 5216 2304 5276 patet,
2336 5221 2433 5276 per
2464 5205 2769 5275 Philippum
2792 5245 2808 5271 ,
2842 5204 3011 5257 lilium
3043 5201 3366 5259 Theudorici
3392 5206 3565 5258 comic

1999 5308 2107 5354 tem
2151 5297 2443 5361 Flandrim,
2499 5298 2550 5352 in
2584 5297 2867 5366 praesentia
2894 5294 3152 5349 Florentii
3178 5294 3395 5348 comitis
3428 5292 3560 5346 Hol-

1998 5387 2211 5452 landiae,
2248 5385 2477 5442 Gerardi
2524 5386 2794 5455 praepositi
2854 5382 3040 5439 Sancti
3095 5384 3397 5446 Donatiani,
3432 5381 3558 5437 item

1997 5478 2222 5534 Gerardi
2249 5478 2518 5547 praepositi
2550 5476 2804 5542 insulani,
2829 5486 2885 5530 et
2910 5474 3099 5543 reliqui
3148 5473 3281 5527 cleri
3313 5472 3559 5528 ecclesias

1998 5569 2183 5625 Sancti
2219 5566 2524 5634 Donatiani,
2552 5568 2839 5636 praedictas
2886 5564 3140 5634 reliquias
3169 5563 3342 5617 sancti
3370 5559 3556 5615 Basilii

1997 5661 2174 5731 Magni
2202 5700 2217 5725 ,
2264 5658 2510 5729 aliasque
2540 5661 2849 5729 complures
2884 5659 3051 5714 fuisse
3092 5657 3336 5713 visitatas
3362 5654 3562 5712 debitis

1997 5753 2336 5809 caeremoniis
2365 5791 2380 5818 ,
2431 5760 2486 5809 et
2512 5752 2692 5819 sigillo
2747 5750 2988 5821 ejusdem
3027 5748 3243 5811 comitis
3282 5744 3328 5805 Β
3333 5746 3568 5815 lautitiae,
