4094 6220
527 323 703 366 tCICll

1900 303 2438 366 PROLEGOMENA.

533 429 809 497 adjuncto,
840 424 1087 495 apposito
1146 425 1434 482 antedictm
1471 439 1624 483 novae
1669 428 1876 484 cistula:
1925 431 2103 503 sigillo
2133 449 2176 502 Α
2207 427 2594 500 llooghslrale,
2632 427 2836 498 comite
2873 427 2938 481 de
2972 423 3323 497 liencbourg,
3357 441 3386 480 a
3414 428 3648 485 consilio
3679 435 3780 490 mi-

533 531 740 583 nustro,
773 518 838 572 ab
872 529 1102 585 utroque
1135 517 1307 574 latere
1334 518 1388 572 in
1422 533 1546 574 cera
1581 520 1768 576 rubra.

609 629 627 663 ι
667 611 797 666 Acta
836 607 1063 664 fuerunt
1092 609 1206 665 haec
1231 609 1284 663 in
1313 609 1484 665 choro
1508 624 1648 682 saepe
1666 612 1824 667 dictae
1859 613 2104 668 ecclesiae

533 703 855 760 cathedralis
886 702 1068 757 Sancti
1111 701 1392 757 Donatiaui
1421 703 1610 774 Brugis
1635 743 1650 767 ,
1675 720 1842 768 anno,
1891 720 2102 768 mense.

533 804 588 851 et
617 796 725 860 die,
753 794 948 863 quibus
970 809 1156 863 supra,
1185 797 1541 864 praesentibus
1577 796 1629 848 iu
1659 797 1845 850 eadem
1879 797 2102 851 solemni

535 887 885 941 translatione
917 885 1203 940 admodum
1236 888 1548 943 reverendis
1603 898 1659 942 et
1702 891 2106 947 venerabilibus

533 977 786 1043 dominis,
809 977 1062 1031 videlicet
1092 977 1258 1032 nobili
1297 979 1519 1033 domino
1554 979 1796 1049 Eugenio
1831 983 1895 1034 de
1938 981 2094 1051 Vicq,

529 1071 581 1125 J.
640 1069 702 1126 U.
740 1070 801 1126 [ι.
842 1070 1108 1138 przedictae
1163 1070 1408 1138 ecclesia
1467 1073 1699 1138 decano;
1761 1073 1826 1127 D.
1881 1073 2095 1130 Joanne

532 1160 799 1227 l’inckel,
855 1161 913 1216 8.
959 1159 1025 1217 Τ.
1060 1160 1123 1216 L.
1175 1161 1599 1228 archidiacono;
1655 1163 1720 1218 D.
1775 1164 1978 1220 Jacobo
2038 1167 2105 1221 de

530 1254 696 1319 Crits,
750 1263 1007 1316 cantore;
1042 1253 1104 1307 Ι).
1128 1251 1340 1309 Joanne
1387 1253 1456 1308 de
1495 1255 1693 1326 Blissy,
1731 1255 1790 1312 S.
1819 1257 1880 1311 T.
1920 1258 1983 1310 Ι..
2015 1274 2106 1311 ar-

531 1345 980 1417 cbipresbytero;
1032 1344 1095 1399 D.
1134 1343 1347 1400 Joanne
1397 1347 1693 1402 Francisco
1746 1352 1812 1405 de
1869 1351 2106 1404 Baillen-

531 1445 710 1498 court,
739 1434 789 1490 J.
831 1437 892 1490 ν.
927 1435 987 1490 L.
1028 1437 1194 1490 nobili
1230 1436 1291 1489 D.
1316 1437 1527 1492 Joanne
1553 1455 1652 1492 vau
1689 1441 1916 1505 Volden,
1953 1441 2002 1495 J.
2035 1440 2100 1494 V.

534 1527 600 1581 L.
639 1528 702 1582 D.
727 1527 1021 1582 Francisco
1046 1543 1148 1582 van
1181 1527 1353 1584 Torre
1373 1569 1388 1592 ,
1421 1529 1483 1582 D.
1519 1529 1742 1585 Claudio
1767 1534 1972 1601 Agretti
2004 1574 2019 1598 ,
2049 1532 2099 1585 J.

532 1619 599 1675 ν.
632 1619 694 1673 D.
721 1620 882 1674 nobili
914 1618 975 1672 D.
1015 1619 1252 1675 Roberto
1275 1620 1587 1676 Alexandro
1649 1624 1716 1677 de
1771 1625 2004 1696 llaynin,
2047 1626 2099 1680 J.

534 1709 602 1765 U.
632 1711 694 1764 D.
721 1709 947 1766 Alberto
979 1710 1290 1782 Claysman,
1321 1711 1370 1765 J.
1411 1711 1474 1768 U.
1504 1712 1565 1767 L.
1601 1716 1766 1768 nobili
1813 1716 1873 1770 ι).
1907 1717 2103 1772 Carolo

2208 522 2357 578 litari
2413 536 2526 576 sua:
2581 519 2884 590 majestatis
2932 529 2988 574 et
3040 521 3528 590 superintendente
3577 525 3786 582 militia:

2206 612 2501 684 provinciae.
2530 609 2839 677 Flaudrim;
2867 612 3030 666 nobili
3060 613 3119 666 Ι).
3151 612 3498 668 Ferdinaudo
3528 615 3784 686 Augusti-

2208 721 2278 760 no
2298 705 2365 759 de
2407 704 2560 773 Vicq,
2610 708 2871 772 t0parcba
2907 706 2972 758 de
3002 701 3289 758 Meulevclt
3323 715 3375 758 ct
3420 706 3777 773 Desinarreis,

2208 795 2447 850 civitatis
2496 795 2790 865 Brugensis
2847 795 3075 849 sculteto
3105 813 3118 849 :
3154 794 3322 848 nobili
3364 795 3428 849 D.
3486 794 3782 853 Francisco
3846 811 3848 813 ’

2209 888 2354 943 bans
2385 928 2400 953 ,
2433 886 2718 958 Toparcha
2771 888 2835 942 de
2888 885 3343 942 Meetkerckhove
3367 922 3384 952 ,
3419 888 3774 959 Brugensiuin

2209 981 2631 1052 burgimagistro
2659 980 2945 1048 primario;
2995 979 3159 1035 nobili
3188 981 3248 1035 Ι).
3266 981 3498 1036 Claudio
3515 984 3579 1036 de
3600 982 3779 1047 Caute,

2207 1072 2561 1141 Brugensium
2601 1071 3020 1140 burgimagistro
3047 1071 3399 1134 secundario;
3431 1072 3595 1127 nobili
3625 1072 3781 1128 Chri-

2207 1165 2466 1233 stophoro
2497 1179 2602 1218 van
2638 1164 2864 1230 Volden,
2899 1164 3099 1232 primo
3122 1163 3484 1233 Brugensium
3530 1165 3781 1234 graphia-

2207 1255 2324 1321 rio;
2361 1257 2528 1310 nobili
2585 1255 2883 1310 Pbiliberto
2946 1273 3046 1311 van
3099 1255 3341 1322 Volden,
3403 1259 3660 1325 toparcha
3713 1261 3780 1312 de

2205 1349 2489 1420 Creugert,
2529 1350 3048 1406 Franconatensium
3077 1352 3307 1407 consule
3352 1354 3643 1420 primario;
3676 1369 3775 1408 no-

2206 1443 2300 1498 bili
2329 1445 2388 1497 υ.
2419 1442 2644 1498 Nicolao
2669 1441 2904 1498 d’Heere
2925 1483 2939 1507 ,
2971 1444 3492 1499 Franconatcnsium
3518 1447 3775 1513 consule;

2205 1536 2610 1592 consultissima
2645 1537 2862 1592 domino
2889 1536 3091 1592 Jacobo
3131 1540 3198 1592 de
3228 1539 3579 1608 Steenberge,
3608 1538 3778 1593 Fraus

2205 1630 2584 1684 conatensium
2636 1629 2945 1700 graphiario
2991 1629 3291 1699 primario;
3353 1631 3777 1699 generosissimo

2203 1721 2324 1774 viro
2357 1722 2421 1777 D.
2451 1722 2742 1776 Ambrosio
2771 1722 2837 1777 de
2877 1721 3210 1790 Praecipiano
3256 1723 3454 1778 comite
3485 1724 3552 1778 de
3612 1724 3770 1795 Soyc,

535 1801 734 1867 Triest,
760 1800 810 1856 J.
836 1800 899 1856 U.
937 1802 996 1855 ιι,
1037 1803 1096 1854 D.
1134 1803 1368 1858 llenrico
1391 1803 1685 1868 Mortcl,D.
1711 1804 1918 1860 Joanne
1947 1809 2100 1878 Bapt.
2135 1814 2176 1869 B
2209 1815 2369 1882 regiae
2419 1828 2530 1869 sua:
2576 1815 2848 1884 majestati
2891 1830 2917 1868 a
2953 1816 3198 1870 consiliis
3240 1818 3445 1871 bellicis
3487 1826 3540 1870 et
3570 1818 3776 1872 militias

531 1889 770 1955 Besmte,
799 1891 848 1946 J.
892 1891 953 1946 U.
981 1893 1042 1945 L.
1079 1893 1138 1945 D.
1177 1894 1401 1948 Nicolao
1433 1893 1691 1963 Rosignul
1713 1936 1728 1958 ,
1761 1896 1823 1949 D.
1859 1897 2104 1966 Gaspare

530 1982 730 2048 Gelson
761 2022 776 2049 ,
825 1985 884 2037 D.
917 1983 1207 2039 Theodoro
1237 1985 1454 2050 Beuoit,
1492 1987 1656 2041 nobili
1695 1989 1754 2041 D.
1794 1990 2104 2045 Alexandro

528 2089 633 2126 vati
672 2072 897 2136 Voldeu,
933 2072 981 2126 J.
1013 2073 1071 2125 V.
1104 2074 1163 2127 Ι..
1195 2073 1254 2125 D.
1287 2074 1482 2128 Carolo
1518 2075 1708 2129 Alexio
1761 2079 1826 2130 de
1867 2077 2104 2132 Bailleu-

529 2173 707 2229 court,
743 2163 790 2218 J.
831 2165 890 2218 ν.
927 2165 1076 2224 ιλιι).
1103 2165 1311 2219 Joanne
1345 2165 1504 2234 Bapt.
1553 2170 1760 2222 vandcn
1801 2168 2100 2239 Bogaerde,

530 2258 593 2311 Ι).
623 2256 896 2312 Ludovico
927 2257 1190 2322 Collaert,
1248 2259 1308 2312 D.
1339 2259 1498 2314 Petro
1530 2259 1696 2327 Mnes,
1721 2261 1771 2316 J.
1813 2262 1876 2316 V.
1904 2262 1969 2317 L.
2003 2280 2100 2319 no-

528 2348 624 2402 bili
655 2347 718 2401 D.
741 2347 1032 2404 Guilielmo
1055 2349 1292 2419 Josepho
1327 2351 1590 2408 Alverado
1617 2369 1651 2424 y
1680 2353 2098 2419 Braccamonte,

530 2441 696 2494 nobili
727 2442 790 2494 D.
821 2439 1025 2495 Jacobo
1063 2440 1355 2496 Francisco
1380 2443 1449 2499 de
1473 2445 1715 2510 Aranda,
1743 2445 1793 2499 J.
1829 2444 1893 2500 ν.
1933 2446 1991 2500 L.
2036 2449 2097 2502 D.

529 2530 690 2586 Petro
720 2531 1000 2597 Stalpacrt
1029 2549 1045 2595 ;
1076 2532 1355 2586 canonicis
1375 2573 1389 2597 ,
1423 2535 1757 2604 presbyteris
1786 2553 1848 2590 ac
1890 2539 2100 2607 reliquo

527 2624 772 2691 ejusdem
836 2624 994 2678 chori
1037 2623 1286 2689 clerico;
1335 2639 1540 2680 necnon
1591 2628 1734 2682 adm.
1791 2633 2102 2686 reverendis

531 2725 586 2769 et
615 2715 1015 2771 venerabilibus
1049 2716 1304 2781 dominis,
1340 2716 1448 2771 DD.
1506 2718 1725 2773 Placido
1753 2719 2098 2787 Ockerhout,

526 2813 582 2858 et
611 2803 842 2858 Martino
878 2803 1044 2870 Colle,
1081 2803 1138 2860 S.
1170 2805 1406 2861 Andreae
1449 2815 1506 2861 et
1549 2806 1878 2864 Dunensium
1912 2826 2100 2881 respe-

527 2894 669 2949 ctive
709 2895 1032 2960 abbatibus;
1084 2895 1143 2948 D.
1204 2894 1414 2954 Judoco
1444 2898 1621 2953 Ranst
1646 2897 1697 2954 J.
1737 2899 1798 2954 γ.
1829 2899 1892 2954 L.
1923 2911 1978 2956 et
2000 2902 2098 2956 de-

525 2999 666 3039 cano
722 2985 967 3040 ecclesiae
1023 2987 1358 3044 cathedralis
1413 2989 1473 3044 S.
1532 2989 1768 3047 Bavonis
1807 2991 2095 3060 Gandavi;

2207 1905 2494 1973 praelecto;
2543 1908 2968 1977 generosissimo
2994 1908 3113 1961 viro
3147 1908 3208 1962 D.
3241 1909 3464 1962 Alherto
3505 1910 3571 1964 de
3601 1909 3778 1964 Mero-

2205 1995 2273 2050 de
2300 2035 2314 2058 ,
2343 1999 2544 2052 comite
2584 1999 2650 2053 de
2693 1999 2904 2053 Wattou
2939 2009 2995 2052 et
3031 1997 3208 2053 Thian
3234 2039 3250 2062 ,
3289 2000 3506 2054 tribuno
3549 2000 3776 2070 legionis

2207 2090 2473 2157 pedestris
2496 2089 2734 2160 praesidii
2769 2091 3088 2160 Brugensis,
3109 2092 3274 2147 nobili
3299 2091 3502 2147 Jacobo
3526 2093 3772 2149 chroo-

2206 2175 2467 2239 ucndale,
2503 2178 2618 2233 vice
2674 2178 2874 2231 comite
2913 2181 2979 2232 de
3014 2179 3287 2249 Vlieringe
3313 2221 3330 2246 ,
3395 2182 3650 2250 toparcba
3709 2184 3775 2236 de

2203 2267 2534 2332 Breethaut;
2592 2271 2761 2324 nobili
2810 2271 2874 2326 Ι).
2930 2271 3181 2342 Philippo
3212 2274 3436 2328 Alberto
3491 2274 3559 2328 de
3600 2274 3769 2342 Vicq,

2205 2359 2409 2413 harone
2442 2362 2507 2414 de
2538 2361 2813 2431 Cumtigh,
2849 2364 3110 2432 t0parcha
3141 2363 3211 2419 de
3239 2363 3612 2435 Visseunacq;
3667 2382 3768 2420 no-

2204 2449 2296 2502 bili
2322 2450 2382 2502 D.
2427 2449 2638 2505 Joanne
2682 2451 2906 2517 Cat-illo,
2945 2455 3204 2525 topamba
3236 2457 3301 2511 de
3331 2457 3771 2527 Cauwerbourg;

2205 2540 2370 2593 nobili
2408 2542 2467 2594 Ι).
2505 2543 2696 2598 Carole
2747 2544 2950 2611 Gillon,
3004 2549 3261 2616 toparcha
3307 2550 3372 2602 de
3424 2547 3768 2618 Snellegein;

2203 2644 2258 2686 et
2305 2632 2359 2686 in
2396 2637 2682 2702 praesentia
2722 2637 3078 2705 plurimorum
3137 2643 3555 2695 reverendnrum
3605 2652 3771 2714 atque

2203 2723 2600 2780 honorabilium
2655 2729 2938 2798 utriusque
2974 2731 3184 2786 ordinis
3214 2733 3478 2788 virorum.
3535 2731 3592 2786 ln
3638 2748 3772 2803 quo-

2204 2828 2322 2868 rum
2375 2817 2618 2872 omnium
2659 2821 2818 2876 [idem
2873 2837 2939 2878 ac
2996 2825 3364 2880 testimonium
3414 2826 3512 2880 has
3564 2825 3774 2881 litteras

2201 2906 2417 2974 propria
2461 2923 2622 2962 manu
2669 2911 3040 2981 signavimus,
3093 2931 3300 2972 necnon
3349 2916 3540 2986 majori
3576 2924 3761 2971 nostro

2201 2998 2374 3066 sigillo
2404 3039 2420 3063 ,
2449 3013 2502 3055 et
2537 3006 2819 3058 secretarii
2856 3007 3030 3061 nostri
3065 3011 3350 3078 signatura
3374 3047 3392 3076 ,
3445 3008 3774 3064 communiri

529 3077 841 3130 reverendis
892 3078 1135 3145 patribus
1195 3079 1391 3134 Carolo
1453 3079 1738 3137 Claesmau
1799 3093 1854 3138 et
1898 3082 2098 3139 Jacobo
2136 3151 2162 3157 Α
2195 3087 2479 3157 jussimus.

525 3166 683 3231 Mals,
721 3167 1056 3237 presbyteris
1089 3170 1382 3226 Societatis
1405 3171 1556 3229 Jesu.

594 3257 961 3313 Praesentibus
1017 3262 1182 3316 etiam
1241 3272 1335 3318 aut
1384 3263 1628 3320 invitatis
1690 3267 2096 3335 praenobilibus,

525 3349 808 3418 generosis
845 3366 907 3405 ac
937 3351 1342 3410 honorabilibus
1393 3356 1524 3410 viris
1555 3357 1663 3411 DD.
1694 3358 2095 3416 excellentissi-

525 3456 614 3492 mo
656 3441 876 3498 domino
928 3443 1192 3513 l'rocOpio
1221 3445 1285 3500 de
1321 3442 1529 3514 Lalein,
1568 3461 1636 3504 ex
1671 3450 1963 3506 comitibus
2023 3453 2089 3508 de

2829 3186 2891 3242 ll.
2925 3189 2990 3244 ϐ.
3022 3205 3303 3248 εριεεορυε
3337 3207 3643 3250 BBUGENSIS.
3675 3211 3696 3244 ι

2209 3269 2350 3324 Infra
2383 3311 2399 3338 ,
2459 3273 2525 3326 de
2576 3280 2827 3330 mandato
2869 3281 3212 3336 illustrissimi
3265 3301 3327 3338 ac
3360 3285 3772 3340 revercndissimi

2686 3347 2797 3404 Diti
2827 3353 3049 3420 episwpi
3069 3355 3299 3423 prcefati.

2346 3454 2713 3513 Brouclnnans
2739 3471 2996 3515 secretar.
3031 3462 3186 3519 1687.

1124 3785 1270 3874 DE
1346 3738 1625 3876 VITA
1697 3788 1790 3876 s.
1869 3788 2304 3878 BASILII
2380 3791 3171 3922 APOCRYPHA,

979 3978 1054 4039 Et
1094 3986 1312 4043 sancto
1369 3981 1808 4063 Amphilochio
1872 3985 2175 4066 episcopo
2233 3988 2545 4052 Iconiensi
2597 4009 2932 4072 perperam
2991 3993 3316 4074 imputata.

591 4289 1056 4355 Quemadmodum
1127 4308 1288 4349 nemo
1346 4297 1550 4352 curavit
1607 4301 1779 4354 sancti
1836 4301 2085 4371 Gregorii
2121 4309 2321 4375 Dputa
2380 4310 2436 4365 S.
2486 4311 2777 4368 Notkerum
2825 4315 2878 4369 in
2934 4331 3029 4370 suo
3091 4317 3510 4392 Martyrologio,
3547 4333 3606 4380 ut
3651 4327 3764 4390 dixi

519 4377 847 4434 Nazianzeni
877 4380 1054 4436 Vitam
1089 4384 1349 4450 scribere,
1385 4397 1496 4441 tum
1536 4405 1657 4443 cum
1693 4395 1868 4448 adhuc
1899 4410 2086 4453 recens

515 4480 662 4524 esset
681 4479 922 4526 actorum
958 4472 1075 4542 ejus
1096 4478 1387 4542 memoria;
1430 4479 1524 4532 sed
1553 4482 1759 4548 primus
1791 4483 2086 4556 Gregorius

514 4562 736 4628 quidam
785 4563 1071 4633 presbyter
1097 4567 1298 4622 saeculo
1327 4569 1545 4625 circiter
1571 4586 1605 4626 ι
1633 4572 1684 4627 id
1716 4589 1852 4644 opus
1881 4592 2090 4633 assum-

516 4653 640 4722 psit,
680 4661 791 4708 tam
843 4653 1156 4722 infeliciter,
1189 4667 1248 4712 ut
1298 4659 1418 4731 ejus
1469 4663 1695 4733 scriptio
1748 4667 1966 4738 indigna
2015 4672 2090 4728 sit

513 4745 629 4798 visa
655 4759 776 4814 quas
803 4747 946 4818 apud
999 4761 1101 4804 nos
1133 4751 1508 4820 recuderetur,
1543 4757 1622 4811 sic
1657 4772 1834 4829 neque
1865 4775 2087 4822 sanctus

511 4832 746 4891 Basilius
799 4838 1120 4906 scriptorem
1182 4842 1360 4897 aetatis
1400 4846 1719 4917 propinqua:
1773 4859 1828 4904 et
1878 4852 2086 4911 idoneae

513 4926 755 4982 scientiae
786 4931 1023 5000 reperit;
1067 4934 1267 4988 saeculo
1297 4943 1478 4991 autem
1511 4953 1607 4992 vm
1659 4941 1744 4996 vel
1779 4958 1856 5010 ix,
1886 4946 2086 5013 prodiit

513 5015 729 5088 aliquis,
760 5021 848 5075 vel
869 5021 978 5078 ﬁcti
1015 5027 1252 5083 nominis
1284 5029 1721 5098 Amphilochius,
1773 5050 1940 5091 ausus
1985 5039 2086 5092 ali-

511 5109 641 5177 quid
671 5120 778 5165 tam
803 5113 966 5183 digno
991 5127 1312 5185 argumento
1341 5134 1532 5190 parum
1573 5125 1906 5180 conveniens
1945 5144 1959 5181 :
1994 5129 2081 5182 cui

513 5209 692 5256 tamen
715 5207 1007 5273 postremis
1036 5207 1122 5263 his
1161 5210 1376 5267 saeculis
1405 5227 1659 5283 magnam
1700 5218 2080 5274 auctoritatem

509 5293 741 5347 contulit
799 5296 857 5348 S.
917 5298 1374 5368 Amphilochius,
1439 5302 1738 5360 lcouieusis
1793 5308 2082 5377 episcopus

509 5382 721 5453 ipsique
749 5394 938 5442 sancto
967 5387 1448 5459 familiarissimus,
1475 5394 1689 5451 facilius
1717 5399 1954 5453 creditus
1983 5401 2080 5454 Ba-

511 5474 618 5528 silii
643 5477 812 5532 vitam
840 5480 1146 5550 scripsisse,
1175 5485 1300 5552 quia
1332 5484 1492 5556 hujus
1508 5491 1812 5542 eucomium
1837 5489 2077 5559 aliquod,

507 5567 650 5634 quod
673 5582 834 5637 supra
875 5573 1032 5627 nobis
1065 5572 1280 5646 Prologi
1312 5577 1433 5632 loco
1479 5579 1581 5634 fuit
1609 5618 1625 5645 ,
1663 5580 1952 5649 reliquisse
1983 5577 2108 5653 po?

503 5660 664 5713 steris
690 5661 991 5728 sciebatur;
1015 5668 1162 5720 omni
1188 5667 1328 5722 haud
1356 5669 1517 5724 dubie
1540 5673 1644 5724 lide
1671 5673 2073 5742 dignissimum.

505 5749 724 5819 Decepit
770 5767 832 5807 ea
875 5770 960 5810 res
991 5756 1278 5828 plerosque
1311 5762 1579 5831 sequioris
1609 5765 1708 5819 aevi
1758 5766 2072 5838 scriptores,

2193 4401 2401 4456 Comm.
2456 4419 2538 4472 pr.
2576 4423 2628 4458 η.
2671 4407 2733 4470 7;
2793 4408 3133 4475 Sigebertum
3184 4412 3628 4470 Gemblacensem
3655 4459 3670 4481 ,
3709 4420 3763 4473 in

2192 4493 2447 4564 Catalogo
2474 4498 2762 4553 illustrium
2794 4503 3145 4570 scriptorum;
3183 4503 3402 4560 Petrum
3442 4511 3756 4578 episcopum

2191 4586 2523 4656 Equilinum,
2569 4589 2622 4643 in
2652 4587 2906 4660 Catalogo
2937 4605 3265 4659 sanctorum,
3292 4596 3384 4651 lib.
3417 4613 3477 4663 tt,
3513 4615 3631 4668 cap.
3657 4600 3760 4662 28;

2189 4673 2533 4730 Vincentium
2576 4676 3057 4745 Bellovacencem,
3105 4683 3159 4737 in
3220 4683 3441 4753 Speculo
3480 4690 3757 4753 historico,

2188 4765 2283 4822 lib.
2312 4785 2420 4833 xw,
2447 4786 2568 4838 cap.
2593 4771 2680 4834 78,
2713 4772 2782 4826 79
2817 4784 2871 4827 et
2899 4774 3000 4839 80;
3033 4775 3088 4828 S.
3133 4777 3486 4846 Antoninum,
3512 4792 3668 4852 parte
3695 4801 3756 4846 tt,

2190 4859 2272 4913 tit.
2312 4861 2364 4924 9,
2395 4863 2576 4931 cap.5,
2614 4863 2641 4935 §
2669 4863 2735 4932 8;
2774 4865 2985 4920 Sixtum
3018 4869 3443 4933 Senensem,lih.
3476 4889 3526 4928 tv
3554 4873 3756 4928 Biblio-

2189 4951 2352 5005 theca:
2407 4965 2602 5009 sanctae
2630 4995 2645 5020 ,
2677 4972 2866 5013 omnes
2897 4974 2926 5012 a
2956 4960 3241 5018 Rosweido
3277 4964 3472 5019 citatos
3506 4969 3570 5019 ad
3605 4965 3758 5022 Vitas

2186 5041 2407 5097 Patrum
2466 5060 2586 5116 pag.
2628 5047 2765 5116 l62;
2809 5050 3062 5108 omnibus
3093 5063 3271 5109 autem
3307 5057 3515 5125 praeivit
3553 5057 3750 5120 Ursus.

2186 5133 2245 5187 S.
2285 5134 2352 5191 ll.
2385 5135 2446 5189 E.
2481 5138 2861 5205 subdiaconus,
2893 5141 3031 5197 Vitas
3070 5143 3215 5200 illius
3260 5146 3527 5217 interpres
3555 5155 3754 5203 saeculo

2183 5240 2259 5291 ιι,
2293 5237 2348 5280 ιιι
2377 5243 2502 5282 mox
2534 5230 2766 5285 dicetur.

2253 5317 2308 5369 2.
2338 5317 2458 5372 Istis
2485 5327 2663 5374 tamen
2695 5323 2947 5377 omnibus
2971 5325 3183 5380 cautior
3213 5325 3500 5394 Baronius,
3535 5329 3619 5383 eli]
3643 5347 3744 5382 ire-

2183 5417 2370 5463 scente
2400 5408 2657 5477 paulatim
2686 5413 2906 5469 critices
2937 5417 3234 5486 majoribus
3256 5421 3512 5490 neglectae
3537 5423 3742 5485 studio,

2181 5499 2236 5553 in
2276 5499 2527 5555 N0tisvad
2561 5501 2859 5558 Romanum
2907 5504 3345 5580 Martyrologium
3377 5553 3392 5575 ,
3427 5529 3463 5567 ιι
3502 5510 3746 5568 Januatii

2180 5591 2307 5644 ait:
2349 5611 2369 5643 ι
2428 5592 2621 5648 Exstat
2675 5597 3037 5666 Amphilochii
3095 5607 3310 5658 nomine
3365 5607 3564 5673 scripta
3623 5607 3741 5660 νὴ.

2178 5677 2385 5746 Basilii,
2417 5695 2538 5751 quae
2562 5696 2760 5750 tamen,
2793 5701 2856 5740 ex
2896 5689 3306 5757 prudentiorum
3338 5695 3580 5747 omnium
3617 5712 3745 5748 sen-

2182 5773 2344 5828 tentia
2375 5812 2390 5838 ,
2425 5758 2645 5833 alterius
2675 5779 2972 5851 cujuspiam
3023 5781 3203 5852 potius
3253 5800 3414 5856 quam
3465 5787 3747 5860 Amphilo-
