4076 6226
416 339 603 382 εςςοιν

417 447 575 515 ginea
597 436 803 491 viscera
832 430 886 485 in
911 422 1208 483 convallem
1237 417 1395 489 hujus
1428 412 1612 469 mundi

419 497 483 594 ac
535 535 830 590 humanum
879 536 1067 594 genus,
1121 515 1263 587 quod
1310 513 1436 568 olim
1488 505 1828 565 aemulatoris
1864 497 1986 553 dolo

422 632 706 698 deceptum
753 591 948 679 fuerat,
983 619 1251 669 coaeterno
1288 604 1400 659 Deo
1435 599 1584 657 Patri
1636 591 1992 651 reconciliare

424 683 683 789 cupiens,
712 701 1241 775 incontemplabilem
1280 698 1461 767 ignem
1514 689 1691 748 sancti
1747 683 1988 756 Spiritus

424 776 852 865 misericorditer
899 793 1147 852 accendit
1196 808 1211 844 :
1274 789 1340 844 de
1386 798 1493 856 quo
1553 780 1810 836 nimirum
1866 776 1994 841 igne

423 900 679 974 primitus
703 893 861 951 valde
914 884 1231 958 conﬂagrati
1292 887 1421 937 sunt
1464 873 1639 933 sancti
1686 868 1990 942 prophetae,

423 960 546 1067 post
577 992 698 1048 illos
755 984 931 1045 sancti
980 976 1206 1051 apostoli
1235 1014 1252 1040 ,
1294 980 1590 1042 martyres,
1619 960 1994 1021 confessores,

424 1053 686 1154 virgines,
703 1088 758 1135 et
777 1088 964 1134 omnes
982 1070 1266 1138 utriusque
1286 1077 1448 1120 sexus
1475 1057 1682 1121 sancti,
1711 1053 1802 1124 qui
1826 1064 1996 1119 usque

427 1178 495 1231 ad
511 1143 743 1227 "metam
773 1165 977 1231 carnis,
1007 1175 1105 1234 pro
1128 1159 1244 1229 ejus
1274 1150 1583 1211 dilectionis
1610 1147 1805 1202 ardore
1828 1185 1843 1210 ,
1873 1143 1996 1213 ipso

428 1267 587 1329 duce,
619 1260 850 1316 viriliter
876 1254 1202 1312 dimicarunt
1230 1267 1243 1303 :
1278 1248 1344 1303 de
1364 1244 1562 1313 quibus
1604 1237 1857 1296 nimirum
1890 1248 1993 1304 ag-

428 1356 667 1414 minibus
704 1349 904 1410 sanctis
936 1344 1168 1402 Basilius
1205 1338 1416 1395 exstitit
1445 1343 1705 1395 sanctus,
1758 1328 1849 1399 qui
1880 1326 1997 1382 sine

430 1447 693 1503 effusione
742 1438 1023 1510 sanguinis
1070 1442 1277 1503 martyr
1297 1428 1522 1484 effectus
1558 1434 1661 1481 est.
1696 1420 1864 1488 Cujus
1911 1417 1998 1471 vi-

433 1548 545 1593 tam
593 1544 648 1592 et
684 1531 945 1604 praeclara
979 1524 1238 1582 miracula
1267 1562 1284 1588 ,
1317 1518 1465 1587 cogis
1500 1531 1585 1571 me
1615 1513 1848 1575 Ursum,
1878 1524 1998 1564 om-

432 1630 583 1686 nium
603 1626 1037 1683 Christianorum
1061 1618 1311 1674 ultimum
1363 1612 1717 1679 infimumque
1748 1603 2002 1661 sacerdo-

432 1733 567 1787 tem,
601 1734 635 1773 ο
660 1714 885 1788 Gregori
906 1709 1231 1775 clarissime,
1262 1707 1404 1762 filius
1429 1715 1591 1773 atque
1617 1713 1800 1768 nepos,
1830 1695 2002 1750 frater

432 1824 766 1884 patruusque
796 1808 989 1863 ducum
1028 1821 1043 1858 :
1073 1818 1173 1858 nec
1202 1816 1308 1856 non
1356 1807 1411 1854 et
1439 1797 1540 1851 loci
1577 1801 1823 1849 servator
1854 1785 1998 1842 Nea-

432 1877 639 1976 poleos,
670 1877 776 1973 quo
809 1902 875 1955 de
903 1896 1085 1954 Attica
1111 1896 1164 1950 in
1207 1892 1459 1948 Latinam
1492 1888 1727 1956 linguam
1762 1877 2003 1936 transfe~

435 2011 553 2051 ram
579 2036 594 2062 ,
623 1969 757 2049 et-in
787 1989 993 2061 gremio
1018 1996 1217 2044 sancta:
1241 1982 1430 2039 matris
1473 1975 1729 2034 Ecclesia:
1753 1971 1897 2027 fideli
1924 1969 2005 2023 fa-

437 2090 585 2144 mine
609 2086 946 2155 consignem.

513 2180 568 2235 6.
606 2197 625 2231 r
662 2177 772 2234 Nos
809 2190 938 2231 vero
972 2168 1454 2229 animadvertimus
1484 2170 1722 2217 nostram
1747 2155 2002 2212 inertiam

438 2282 494 2330 et
520 2271 688 2327 multo
707 2269 878 2339 magis
905 2275 1248 2337 peccatorum
1283 2259 1516 2329 pondere
1551 2253 1865 2313 titubamus,
1927 2260 2014 2302 ne

427 2364 542 2426 ,sub
593 2371 744 2416 tanto
793 2374 959 2414 onere
986 2353 1429 2416 succumbamus;
1466 2356 1521 2403 et
1566 2356 1675 2403 tam
1705 2352 1900 2401 sancto
1958 2347 2014 2396 et

450 2436 754 2509 admirabili
787 2449 903 2505 viro
932 2447 1100 2517 magis
1124 2442 1407 2499 ridiculum
1437 2428 1599 2510 quam
1629 2437 1849 2492 laudem
1885 2446 2010 2504 pro-

451 2556 734 2617 ponamus.
769 2541 876 2598 Sed
915 2548 993 2607 tu,
1026 2538 1353 2600 clarissime,
1387 2548 1510 2590 cum
1566 2545 1664 2586 nos
1711 2528 2013 2585 renitentes

452 2636 790 2703 multumque
847 2637 1210 2701 repugnantes
1243 2624 1513 2694 conspicis
1535 2663 1552 2690 ,
1606 2622 1687 2676 ais
1712 2661 1728 2686 ,
1756 2619 1882 2691 quia
1910 2617 2016 2672 Do—

448 2728 631 2782 minus
660 2726 727 2780 ab
760 2723 918 2779 initio
956 2734 1063 2774 non
1092 2733 1214 2775 cum
1252 2713 1608 2787 philosophis,
1641 2725 1741 2766 nec
1772 2705 2017 2763 rhetori-

447 2818 551 2874 bus
575 2814 923 2887 tragicisque,
960 2825 1061 2867 nec
1089 2824 1209 2866 cum
1240 2805 1479 2879 physicis
1513 2803 1865 2867 locutionem,
1923 2796 2020 2853 sed

451 2925 573 2967 cum
606 2906 855 2963 ruricolis
886 2920 951 2960 ac
977 2903 1344 2974 piscatoribus
1398 2908 1454 2955 et
1500 2896 1686 2954 idiotis
1713 2893 2017 2950 orationem

452 3000 682 3063 habuit;
728 3005 786 3052 et
810 2994 980 3051 multo
1019 2992 1192 3062 magis
1222 2989 1515 3061 puritatem
1544 2985 1765 3056 spiritus
1794 2995 2022 3053 prospe-

454 3101 567 3148 ctat
591 3130 608 3154 ,
659 3102 824 3160 quam
857 3083 1268 3141 dialecticorum
1300 3080 1687 3146 rhetorumque
1716 3071 2020 3130 teudiculas

452 3199 522 3238 ac
552 3182 833 3253 phalerata
868 3183 1193 3233 commenta.
1226 3172 1337 3228 Nos
1357 3184 1486 3227 vero
1510 3169 1602 3225 ubi
1622 3177 1862 3224 vestrum
1886 3164 2022 3222 affe—

460 3287 610 3331 ctum
677 3267 1139 3328 consideravimus
1165 3306 1181 3332 ,
1243 3264 1461 3320 tandem
1486 3301 1504 3329 ,
1544 3260 1718 3330 magis
1769 3258 1821 3313 vi
1861 3272 2025 3329 quam

458 3376 649 3439 sponte
670 3363 932 3437 inclinati,
951 3358 1292 3432 perreximus
1319 3356 1389 3413 ad
1416 3354 1691 3412 dominum
1720 3351 2024 3418 Nicolaum,

465 3457 747 3530 prmsulem
809 3454 1198 3527 peritissimum
1223 3451 1537 3508 Graecorum
1592 3456 1755 3517 atque
1788 3443 2028 3515 philoso-

475 3552 644 3621 phum
673 3588 690 3613 ,
737 3557 794 3603 et
864 3547 1157 3603 secundum
1205 3552 1445 3599 vestrum
1505 3551 1686 3597 votum
1735 3537 1802 3592 de
1845 3535 2034 3592 Graeca

466 3644 521 3697 in
560 3641 809 3697 Latinam
862 3640 1102 3711 linguam
1140 3635 1397 3704 fideliter,
1452 3632 1595 3704 quod
1649 3628 2029 3700 injunxeratis,

469 3734 861 3790 transtulimus.
915 3730 1210 3786 Humiliter
1242 3742 1373 3799 ergo
1422 3726 1636 3781 veniam
1675 3737 1706 3777 a
1737 3718 2032 3776 lectoribus

468 3825 807 3896 postulamus
825 3862 842 3890 ,
883 3831 944 3878 ut
971 3820 1231 3892 quidquid
1255 3819 1493 3888 ineptum
1534 3813 1842 3870 invenerint
1870 3824 2033 3880 saga—

465 3919 584 3973 cius
613 3916 918 3985 corrigant,
941 3921 997 3967 et
1022 3913 1302 3983 ignoscant
1328 3908 1475 3965 aetati
1506 3903 1701 3977 puerili
1750 3901 2027 3970 fragilita—

466 4008 617 4076 tique
642 4010 913 4074 humanae,
941 4014 995 4059 et
1023 4003 1193 4074 magis
1217 3999 1561 4062 obedientiaz,
1594 4010 1757 4066 quam
1789 3994 2030 4049 audacize

467 4096 787 4152 temeritatis
820 4094 1116 4150 ascribant.
1157 4092 1408 4147 Attamen
1446 4089 1493 4143 si
1511 4088 1632 4156 quis
1651 4084 1867 4154 garrula
1900 4098 2030 4138 voce

469 4188 525 4241 in
562 4185 937 4242 clamationem
972 4181 1306 4255 proruperit,
1343 4178 1543 4235 indicet
1573 4179 1725 4248 prius
1757 4176 1874 4245 ipse
1928 4188 2031 4228 no.

471 4280 554 4334 Lis
581 4320 595 4342 ,
621 4278 741 4349 quis
772 4290 1029 4348 unquam,
1050 4274 1150 4331 fuit
1202 4273 1338 4330 tanti
1370 4270 1569 4343 ingenii
1614 4312 1630 4338 ,
1667 4277 1722 4325 et
1750 4267 1871 4323 auis
1919 4275 2029 4321 tam

1776 283 2313 346 PROLEGOMENA.

1661 404 1978 465 descendit:
2018 403 2062 459 Α
2092 399 2271 469 amplo
2303 395 2501 450 famine
2534 401 2861 462 praepotens,
2896 392 2990 440 aut
3012 392 3119 438 tam
3153 378 3375 451 profusa
3406 376 3667 433 facundus

2095 489 2443 561 loquacitate,
2477 491 2538 540 ut
2568 495 2874 541 sermonem
2903 477 3112 533 valeret
3141 473 3371 528 reddere
3425 470 3665 526 sermoni

2096 584 2259 655 (sicut
2292 596 2414 647 nos,
2447 594 2554 635 non
2590 584 2804 646 sponte,
2828 571 2922 628 sed
2949 566 3103 625 inviti
3146 562 3418 634 fecimus),
3459 571 3517 617 et
3560 577 3667 617 non

2095 690 2284 732 omnes
2312 675 2455 729 vires
2485 667 2854 743 grammaticae
2894 662 3031 718 artis
3071 658 3363 715 suil‘ocaret
3397 673 3412 710 :
3453 654 3671 724 quando

2096 779 2153 824 et
2179 768 2279 839 ipsi
2318 765 2410 838 qui
2446 774 2601 837 gesta
2638 769 2951 817 sanctorum
2983 752 3455 820 conscripserunt,
3493 747 3670 818 magis

2096 876 2292 917 sensus
2316 874 2478 930 quam
2515 856 2676 912 verba
2707 854 2976 921 scripsere
2995 890 3011 917 ,
3046 845 3205 903 sicuti
3236 843 3473 913 majores
3498 841 3670 895 nostri

2098 952 2365 1009 referunt.
2395 948 2610 1004 interea
2643 947 2841 1004 obnixe
2862 952 3195 1013 quaesumus,
3230 944 3289 990 ut
3314 934 3473 989 fidem
3509 931 3672 986 dictis

2100 1045 2423 1110 adhibeatis,
2459 1058 2555 1113 per
2586 1040 2767 1096 omnia
2801 1036 3108 1099 credentes,
3126 1014 3265 1100 ~quia
3294 1024 3563 1081 veraciter
3593 1032 3675 1075 ta-

2100 1141 2206 1196 lem
2246 1140 2394 1196 illam
2437 1135 2839 1197 transtulimus,
2870 1127 3085 1200 qualem
3111 1124 3261 1180 illam
3300 1120 3557 1188 scriptam
3604 1114 3673 1169 ab

2101 1231 2481 1304 Amphilochio
2512 1226 2739 1299 praesule
2762 1219 3055 1284 lconiensi,
3086 1215 3178 1286 qui
3207 1224 3414 1281 magnav
3437 1204 3673 1262 auctori-

2103 1329 2229 1382 tatis
2261 1334 2364 1391 est,
2396 1325 2448 1379 in
2475 1322 2790 1379 Graecorum
2819 1310 3144 1370 commentis
3186 1302 3510 1362 invenimus.
3541 1297 3671 1353 Cre—

2104 1421 2233 1475 dere
2255 1432 2383 1472 vero
2408 1430 2473 1470 ne
2506 1411 2791 1468 dubitetis,
2815 1405 2939 1476 quia
2966 1402 3020 1457 in
3054 1400 3145 1454 illa
3167 1392 3453 1452 invenietis
3483 1388 3675 1444 animae

2103 1510 2412 1571 ferculum,
2464 1514 2516 1561 et
2563 1503 2773 1574 galeam
2834 1498 3223 1569 clypeumque,
3279 1494 3440 1557 quem
3493 1490 3678 1534 vestro

2104 1604 2249 1661 hosti
2280 1572 2594 1672 opponatis,
2653 1604 2707 1648 et
2758 1591 2847 1647 illo
2873 1588 3122 1648 devicto,
3162 1591 3434 1637 summum
3475 1572 3677 1641 Regem

2108 1698 2248 1754 facie
2271 1697 2338 1751 ad
2363 1694 2555 1748 faciem
2578 1687 2839 1752 videatis;
2865 1679 3153 1751 adiuvante
3174 1674 3363 1751 utique
3394 1669 3534 1739 ipso,
3551 1663 3637 1721 cui
3656 1678 3674 1715 :

2108 1876 2331 1932 Arcibus
2362 1874 2418 1927 in
2447 1869 2664 1927 summis
2700 1881 2806 1918 una
2829 1870 2902 1915 est
2941 1873 3058 1913 cum
3104 1854 3261 1932 Patre
3286 1856 3537 1919 potestas;

2110 1948 2222 2003 Par
2249 1922 2515 2016 splendor,
2555 1935 2844 2016 communis
2865 1945 3031 2016 iapex,
3054 1922 3246 2009 sociale
3269 1932 3536 1978 cacumen,

2109 1997 2543 2087 Equitisltanor,
2580 2010 2742 2063 virtus
2777 1997 2984 2058 cadent.
3023 1999 3133 2051 sine
3174 2003 3403 2087 tenipore
3442 1997 3676 2054 regnum;

2434 2084 2442 2087 ’
2520 2083 2530 2087 ‘
2572 2080 2583 2087 ⁵
2863 2082 2872 2087 -
3046 2067 3155 2087 ἠρ-ρ
3231 2078 3255 2087 .-
3286 2060 3396 2087 ,ι-ἓι.
3447 2069 3653 2087 ρηηυηνε

2110 2063 2327 2157 Semper
2361 2063 2697 2147 principium,
2734 2082 2998 2143 sceptrum
3029 2067 3176 2157 jnge,
3225 2063 3397 2157 gloria
3444 2069 3678 2157 002801⁵2,

2416 2154 2424 2157 “
2489 2152 2538 2157 ’“’
2857 2146 2867 2155 ⁸
3036 2156 3057 2157 η
3096 2155 3115 2157 ᾼ
3151 2149 3281 2157 Am-..
3313 2143 3459 2157 Anu...
3542 2138 3621 2157 ...ο

2112 2127 2587 2228 ᾖαᾶἕδῖαενδὶηιὶιῆ,
2616 2127 2707 2220 per
2729 2127 2904 2200 omnia
2925 2127 3118 2196 εαξιῇιᾶ
3148 2127 3678 2189 swculorumAmen.

2184 2338 2237 2391 7.
2267 2335 2542 2391 Hactenus
2576 2329 2752 2385 Ursus
2781 2322 3147 2381 subdiaconus
3176 2332 3191 2372 :
3231 2312 3386 2384 cujus
3413 2309 3684 2376 interpre--

2119 2427 2375 2482 tationem
2430 2435 2621 2491 parum
2658 2423 2905 2472 exactam
2960 2425 3085 2467 esse
3144 2405 3389 2476 queritur
3414 2398 3683 2456 Competi—

2118 2520 2251 2581 sius,
2293 2487 2481 2569 nescio
2509 2526 2577 2564 an
2610 2508 2870 2563 dicendus
2927 2504 3043 2573 ipse
3081 2505 3306 2554 exactus
3328 2492 3541 2562 'magis.
3571 2487 3685 2544 0b-

2118 2606 2348 2665 scuriori
2380 2611 2526 2660 certe
2557 2608 2614 2655 ut
2641 2597 2932 2667 plurimum
2966 2589 3153 2661 phrasi
3192 2586 3366 2642 utitur
3407 2601 3421 2638 :
3457 2589 3686 2635 contex-

2118 2710 2232 2756 tum
2263 2709 2441 2752 tamen
2480 2691 2797 2761 ampliorem
2834 2683 3081 2757 prafert;
3106 2679 3233 2750 quia
3274 2678 3418 2732 hunc
3445 2671 3527 2727 vel
3550 2670 3687 2724 inte-

2110 2806 2274 2864 grum
2313 2788 2512 2846 Ursum
2544 2800 2654 2841 non
2685 2779 2892 2843 habuit,
2919 2775 3003 2831 vel
3030 2773 3273 2844 quaedam
3309 2767 3488 2822 minus
3519 2759 3689 2816 credi-

2121 2883 2251 2940 bilia
2308 2870 2926 2951 sponte'practermisit.
2985 2865 3189 2921 Novam
3241 2873 3342 2930 ego
3386 2853 3691 2910 versionem

2124 2977 2331 3040 darem,
2361 2972 2407 3028 si
2439 2983 2559 3026 eam
2596 2974 2784 3022 auctor
2811 2967 3133 3017 mereretur.
3160 2952 3333 3018 Nunc,
3364 2963 3488 3004 cum
3512 2952 3695 3001 osten-

2127 3067 2257 3122 dere
2287 3063 2446 3120 velim
2468 3102 2485 3129 ,
2513 3072 2635 3116 esse
2665 3056 2844 3112 Vitam
2896 3049 3124 3107 omnino
3173 3040 3537 3115 apocrypham
3563 3075 3578 3101 ,
3637 3042 3694 3087 et

2127 3154 2512 3215 Combeﬁsium
2567 3165 2686 3207 eam
2769 3158 3036 3205 excusare
3087 3140 3356 3197 volentem
3406 3133 3692 3195 refutare;

2129 3263 2341 3321 aequum
2391 3255 2479 3302 est
2531 3253 2594 3300 ut
2643 3256 2843 3298 novam
2891 3239 3061 3308 ipsius
3105 3232 3412 3289 versionem
3455 3237 3694 3295 sequar,

2131 3318 2338 3398 omisso
2362 3349 2540 3393 tamen
2576 3344 2725 3391 textu
2758 3331 2948 3388 Graeco
2977 3343 2993 3382 :
3024 3327 3141 3398 qui,
3186 3325 3312 3381 dum
3346 3318 3485 3389 apud
3522 3318 3696 3386 ipsum

2134 3431 2484 3490 columnatim
2527 3428 2827 3497 impressus
2874 3421 2980 3491 legi
3010 3424 3187 3489 potest
3220 3454 3236 3481 ,
3286 3411 3482 3482 exiguo
3521 3406 3700 3461 fructu

2136 3531 2361 3595 augeret
2388 3519 2584 3576 molem
2609 3515 2812 3587 operis.
2846 3511 2903 3568 Si
2930 3524 3141 3582 quaeras
3162 3520 3259 3562 cur
3289 3502 3557 3571 scriptura
3591 3504 3697 3551 tam

2133 3614 2436 3687 apocrypha
2452 3625 2559 3667 non
2591 3614 2971 3664 contemnatur
3000 3617 3065 3657 ac
3086 3595 3531 3670 praetermittatur
3559 3599 3697 3654 tota,

2134 3680 2279 3765 sicut
2295 3680 2655 3776 praetermissa
2672 3705 2757 3754 est
2780 3696 2901 3753 Vita
2924 3690 3270 3754 Nazianzeni,
3298 3687 3364 3742 de
3384 3699 3488 3755 qua
3510 3680 3702 3754 praefa-

2137 3808 2224 3855 tus
2246 3811 2387 3862 sum,
2405 3805 2622 3849 causam
2638 3786 3038 3857 esseintelligas
3055 3782 3284 3853 plurium
3303 3791 3486 3833 rerum
3507 3787 3703 3829 narra-

2138 3889 2313 3943 tiones
2336 3923 2353 3951 ,
2385 3881 2587 3954 passim
2619 3895 2687 3934 ex
2715 3878 2820 3933 hac
2866 3876 2987 3931 Vita
3034 3872 3338 3941 descriptas
3369 3869 3436 3923 ab
3467 3863 3704 3921 auctori-

2138 3978 2411 4047 bus,quas
2442 3970 2741 4030 examinari
2770 3967 3099 4031 distinctius,
3123 3962 3457 4030 solidiusque
3476 3955 3703 4013 refutari

2137 4079 2268 4143 puto
2308 4068 2388 4125 rei
2419 4065 2699 4122 litterariae
2747 4061 3019 4116 interesse
3052 4075 3065 4111 :
3093 4062 3421 4126 quapmpter
3474 4050 3705 4104 adnota-

2141 4163 2314 4217 tiones
2338 4158 2502 4214 etiam
2532 4164 2588 4212 et
2639 4166 2883 4211 censurae
2932 4147 3255 4220 prolixiores
3281 4151 3483 4209 erunt,
3540 4150 3704 4208 quam

2142 4255 2279 4310 alias
2303 4260 2602 4308 mereretur
2635 4248 2782 4305 fictio
2803 4255 2912 4301 tam
2939 4239 3245 4314 palpabilis.

1541 4667 1828 4762 VlTA
1895 4659 2613 4756 APOCRYPHA

1164 4862 1455 4932 lnterprcte
1486 4860 1553 4915 R.
1585 4859 1646 4914 P.
1677 4857 1972 4914 Francisco
1993 4852 2320 4912 Combefisio
2345 4849 2554 4908 ordinis
2578 4848 3029 4904 Praedicatorum.

1074 5170 1459 5230 PROLOGUS.

548 5268 887 5335 Charissimi,
919 5282 1025 5322 non
1054 5256 1156 5320 fuﬂ.
1182 5267 1465 5327 absonum,
1503 5271 1558 5317 ut
1585 5260 1769 5317 devoti
1824 5257 1917 5312 [ilii
1952 5273 2046 5314 su-

480 5383 575 5438 per
603 5375 829 5438 paterno
866 5361 1011 5415 obitu
1042 5359 1532 5422 contristarentur;
1590 5367 1755 5422 utque
1781 5350 1837 5423 iu
1852 5361 1963 5405 stas
1993 5352 2041 5406 ei

479 5458 746 5532 lacrymas
777 5454 1131 5524 indulgerent,
1167 5450 1518 5521 quod‘omnes
1546 5446 1625 5501 Ill
1661 5447 1928 5501 hactenus
1956 5443 2046 5500 ol—

558 5660 628 5732 (l)
658 5656 1154 5732 Quandiu,_qumso,
1189 5652 1398 5732 duravit
1430 5650 1515 5705 hic
1542 5647 1764 5704 luctus?
1807 5645 1861 5700 Si
1911 5642 2035 5732 ,γεω

483 5716 704 5786 lucc'ab
722 5716 1094 5795 Amphilochio
1124 5716 1321 5792 scripta
1366 5732 1488 5788 eSt,
1524 5728 1797 5790 oporteret
1848 5716 2035 5772 saltem

2083 5174 2129 5229 D
2158 5165 2341 5221 ficiose
2392 5166 2626 5236 egimus.
2658 5163 2949 5219 Enimvero
2986 5172 3270 5233 postquam
3323 5162 3500 5219 luctus
3531 5162 3717 5234 caligi-

2160 5273 2303 5321 nem,
2331 5258 2471 5312 sicut
2496 5259 2755 5326 scriptum
2788 5265 2892 5324 est,
2942 5256 3301 5312 excussimus.
3324 5263 3380 5310 et
3409 5255 3475 5309 ad
3515 5265 3720 5325 gratam

2158 5346 2631 5416 supplicationem,
2689 5346 3065 5400 universorum
3131 5345 3380 5410 Domino,
3428 5360 3558 5399 vero
3610 5344 3718 5398 Deo

2161 5447 2347 5494 nostro
2378 5436 2596 5493 Christo
2629 5436 3043 5506 rependendam,
3076 5437 3297 5507 paribus
3350 5435 3541 5492 studiis
3564 5434 3715 5490 exci-

2163 5653 2259 5720 per
2290 5637 2577 5720 triennium
2609 5636 2831 5691 durasse
2845 5654 2867 5716 _;
2904 5635 3102 5720 scripta
3133 5634 3329 5703 quippe
3361 5644 3444 5687 est
3481 5642 3601 5712 post
3645 5629 3698 5686 fu

2162 5706 2380 5766 nebrcm
2412 5710 2708 5763 orationem
2732 5749 2745 5773 ,
2777 5707 2925 5775 cujus
2953 5706 3088 5760 infra
3116 5715 3304 5760 auctor
3345 5706 3613 5769 meminit,
3647 5707 3700 5756 di
