4076 6226
793 268 1160 326 EXCERPTA
1198 253 1291 322 EX
1333 265 1535 322 ACTIS
1587 265 1643 322 S.
1685 263 1928 320 BASlLll
1965 260 2720 316 BOLLANDIANIS.——-VITA
2760 260 3189 318 APOCRYPHA.

3443 277 3608 318 CCXCV

372 387 468 443 tati
499 401 719 454 sumus;
750 401 928 458 operae
955 387 1186 454 pretium
1223 386 1496 448 duximus,
1531 395 1641 438 tum
1675 383 1938 436 illustrem
1970 385 2017 442 Α
2045 377 2411 448 expugnavit;
2446 377 2535 446 qui
2577 375 3014 444 ,Christianorum
3062 392 3251 432 sanam
3289 375 3444 433 ﬁdem
3473 377 3614 432 dilu-

371 479 562 541 vitam,
587 485 698 530 tum
723 491 848 531 vera
876 491 1178 547 magnaque
1204 478 1435 545 pastoris
1465 475 1634 529 nostri
1665 483 1721 527 et
1755 474 1940 526 docto—

376 568 453 621 ris
472 566 655 620 Basilii
685 565 944 619 miracula
977 565 995 636 (
1029 575 1089 618 ut
1120 579 1187 618 ne
1210 565 1418 618 diutino
1445 573 1617 616 tractu
1669 562 1933 630 temporis

378 654 663 725 profundae
692 653 950 708 oblivioni
988 654 1124 708 tradi
1157 669 1217 708 ea
1250 655 1545 723 contingat)
1579 654 1780 722 scripto
1815 667 1946 705 cou-

377 748 610 816 signare.
635 729 772 800 Cum
805 745 948 798 enim
972 752 1083 800 tres
1118 745 1477 799 sacratissimi
1506 743 1782 811 divinique
1807 743 1942 805 viri,

377 835 672 905 Gregorius
710 834 811 904 (2),
849 835 1063 904 inquam
1087 875 1102 899 ,
1143 834 1414 903 theologia
1454 834 1674 898 clarus;
1701 834 1946 901 alterque

377 933 434 978 et
467 925 582 993 ipse
637 923 957 994 Gregorius,
1013 927 1162 979 urbis
1211 923 1561 994 Nyssteorum
1623 925 1946 979 decantatus

377 1017 802 1088 episcopus(5);
836 1031 933 1072 nec
966 1033 1073 1073 non
1134 1020 1303 1073 eremi
1350 1018 1638 1086 praefectus
1695 1020 1945 1073 beatissi-

377 1123 498 1162 mus
521 1107 756 1178 Ephrem
778 1147 792 1172 ,
817 1108 1034 1178 aliique,
1066 1108 1185 1164 aliis
1214 1110 1440 1178 aliisque
1469 1111 1793 1180 epitapbicis
1829 1126 1948 1164 scr-

377 1199 627 1252 monibus
657 1199 793 1254 tanti
817 1188 918 1254 viri
951 1204 1271 1257 memoriam
1310 1201 1738 1264 illustraverint;
1768 1203 1940 1256 visum

377 1297 461 1343 est
489 1299 541 1344 et
577 1290 729 1357 mihi,
760 1298 1013 1360 tanquam
1043 1292 1309 1356 abortivo,
1337 1302 1394 1346 ut
1423 1308 1544 1347 cum
1571 1292 1829 1359 Apostolo
1870 1293 1946 1345 lo-

376 1378 626 1449 quar(a),
659 1380 747 1434 ubi
777 1396 890 1449 pra:
923 1381 1172 1437 manibus
1196 1384 1549 1452 accepissem,
1581 1397 1701 1451 qua:
1731 1383 1945 1452 utrique

378 1468 453 1521 illi
528 1471 702 1540 magni
768 1473 871 1526 viri
948 1475 1259 1529 narratione
1332 1476 1548 1528 fuerant
1626 1477 1943 1544 prosecuti,

379 1560 626 1629 supplere
682 1577 802 1631 qua:
851 1565 1119 1619 deessent.
1169 1566 1418 1620 Debitum
1479 1569 1942 1636 repraesentanda,

378 1668 476 1722 pro
503 1655 680 1708 devoti
720 1655 813 1710 ﬁlii
844 1658 1082 1724 ratione;
1110 1669 1163 1713 et
1191 1659 1336 1713 velut
1364 1660 1480 1728 qui,
1509 1668 1566 1712 ut
1591 1661 1942 1724 existimatis,

2049 471 2168 526 cide
2194 469 2476 525 stabilivit.
2514 469 2628 522 Dux
2655 468 2746 522 ille
2774 469 3136 539 princepsque
3176 468 3614 538 sapientissimus

2045 562 2221 633 gentis
2251 569 2472 627 sanctae,
2498 571 2683 629 pastor
2713 560 3062 628 acceptabilis
3093 560 3271 630 populi
3303 601 3317 622 ,
3349 559 3611 615 Ecclesiae

2047 655 2226 724 regale
2265 655 2625 710 sacerdotium
2659 695 2674 716 ,
2733 655 2934 709 Christi
2969 656 3149 709 ovium
3203 656 3387 709 varius
3427 656 3569 711 aries
3596 699 3610 719 ,

2047 746 2240 800 divina:
2283 745 2406 801 ﬁdei
2442 745 2697 814 magister
2741 745 3001 814 inclytus;
3059 749 3266 816 magnis
3299 756 3352 801 et
3383 747 3533 801 vivus
3562 757 3618 800 et

2048 847 2168 906 post
2199 838 2403 892 obitum
2453 838 2733 891 miraculis
2776 837 2994 903 clarus;
3031 849 3150 907 post
3179 840 3502 904 conscitam,
3557 848 3618 890 ut

2047 928 2250 980 dictum
2282 937 2388 991 est,
2419 925 2634 982 Juliauo
2667 926 2778 980 Deo
2805 925 2992 981 odibili
3014 965 3028 990 ,
3054 927 3172 995 ejus
3199 929 3451 996 precibus
3479 942 3619 980 mor-

2050 1026 2192 1084 tem;
2225 1019 2318 1085 illi,
2350 1019 2594 1088 inquam,
2625 1018 2714 1087 qui
2747 1033 2915 1072 cornu
2958 1019 3010 1071 in
3042 1018 3206 1072 altum
3248 1019 3537 1083 extulerat,
3565 1026 3619 1070 et

2050 1109 2310 1163 adversus
2359 1108 2535 1163 Deum
2564 1111 2777 1164 locutus
2827 1109 3002 1162 fuerat
3055 1110 3430 1178 iniquitatem;
3463 1113 3618 1176 cujus

2051 1197 2128 1266 (7)
2160 1213 2291 1252 avus
2325 1197 2537 1264 Valens,
2576 1200 2795 1270 indigne
2817 1215 3111 1270 purpuram
3136 1201 3467 1268 imperialem
3498 1217 3620 1256 sus-

2049 1288 2211 1353 cepit,
2245 1289 2673 1358 Arianorumque
2698 1305 2866 1358 pravo
2900 1290 3158 1359 'dogmati
3193 1301 3453 1360 patronus
3484 1291 3614 1353 fuit,

2051 1379 2117 1432 ad
2143 1379 2403 1434 illustrem
2439 1391 2679 1436 nostram
2702 1379 3099 1435 Czesareensem
3130 1383 3488 1451 metropolim,
3514 1401 3618 1437 una

2049 1485 2170 1524 cum
2219 1481 2436 1539 pastore
2482 1459 2670 1528 urbem
2720 1474 3080 1529 subversurus
3110 1474 3277 1528 venit.
3309 1472 3380 1528 Ut
3438 1485 3618 1530 autem

2050 1578 2137 1617 res
2158 1573 2306 1632 gesta
2341 1567 2432 1628 sit,
2464 1572 2520 1618 et
2554 1579 2716 1634 quam
2741 1567 2811 1621 ob
2837 1581 3077 1632 causam,
3106 1581 3211 1621 non
3267 1575 3350 1621 est
3377 1581 3618 1637 praesen-

2052 1655 2122 1710 tis
2181 1655 2434 1723 temporis
2485 1670 2726 1712 narrare.
2766 1657 2872 1712 Sed
2922 1659 2988 1712 ad
3041 1658 3374 1728 propositum
3424 1660 3618 1713 redea-

379 1747 447 1801 ab
475 1746 628 1802 initio
660 1758 980 1816 assectatus,
1015 1762 1328 1806 accuratam
1391 1753 1638 1806 notitiam
1672 1752 1747 1823 (4)
1789 1769 1944 1807 acce-
1979 1731 2021 1786 Β
2053 1762 2191 1812 mHS,
2224 1747 2340 1817 eius
2368 1745 2435 1804 ab
2471 1757 2624 1804 utero
2650 1749 2716 1805 ad
2757 1750 2917 1805 ﬁnem
2958 1766 3128 1820 usque
3180 1751 3406 1806 virtutes
3435 1765 3622 1821 prose-

380 1838 573 1906 perim.
603 1839 759 1894 Novit
780 1843 950 1905 enim,
969 1843 1115 1896 novit
1142 1843 1302 1897 etiam
1332 1845 1503 1898 nubes
1531 1843 1696 1899 solem
1721 1853 1902 1913 tegere
1928 1861 1944 1912 ;

379 1930 644 2001 longaque
673 1934 916 2002 corporis
949 1935 1219 1990 successio
1246 1935 1342 2006 (5),
1373 1938 1546 1992 bonas
1574 1936 1733 1991 facile
1764 1951 1949 1990 narra—

381 2020 576 2087 tiones,
601 2023 859 2080 oblivioni
897 2027 1206 2081 tradiderit.

450 2111 604 2180 Quod
636 2115 800 2185 igitur
825 2132 1050 2188 magnus
1096 2119 1184 2172 ille
1237 2119 1548 2190 mundoque
1581 2136 1745 2188 quam
1799 2121 1946 2176 cele-

379 2201 494 2258 bris
520 2203 772 2271 Basilius,
793 2206 950 2262 Pater
981 2217 1187 2274 noster,
1207 2211 1400 2264 absens
1416 2222 1581 2280 esset,
1610 2212 1944 2281 sapientissi-

379 2309 502 2350 mus
532 2295 618 2350 ille
649 2297 911 2368 pontifex,
944 2300 1032 2354 ille
1062 2302 1366 2356 caelestium
1404 2304 1667 2358 virtutum
1716 2306 1942 2372 sodalis,

379 2385 557 2441 clarus
586 2403 836 2445 sermone
863 2393 1350 2462 peuetrabilisque,
1386 2396 1643 2462 magister
1667 2396 1947 2463 Ecclesim,

377 2477 547 2532 solida
577 2490 840 2535 rectorum
865 2483 1173 2551 dogmatum
1205 2486 1478 2552 columna,
1511 2488 1555 2541 is
1581 2485 1680 2558 (6),
1701 2489 1948 2558 inquam,

378 2572 468 2639 qui
495 2573 771 2640 sapienter
814 2574 1092 2629 hominum
1145 2593 1322 2632 mores
1351 2580 1604 2644 instituit,
1637 2581 1727 2648 qui
1765 2595 1946 2634 rerum

379 2672 626 2717 naturam
655 2665 993 2721 enucleatius
1015 2669 1346 2738 explanavit,
1382 2670 1470 2738 qui
1509 2669 1941 2725 inferrsissimum

378 2753 657 2810 Trinitatis
679 2753 945 2810 Julianum
975 2761 1291 2818 Apostatam
1337 2762 1448 2815 sitis
1508 2760 1765 2829 precibus
1819 2775 1949 2830 pro-

377 2847 599 2909 stravit;
624 2846 713 2916 qui
750 2847 982 2902 Valentis
1018 2864 1078 2902 os
1105 2850 1479 2918 blasphemum
1508 2851 1815 2912 obstruxit;
1852 2850 1944 2917 Qui

377 2936 694 2991 Arianorum
714 2954 930 3008 pravam
954 2940 1249 2994 doctrinam
1275 2943 1628 3010 lueresimque
1656 2943 1945 3011 perspicue

2053 1839 2248 1893 cuturi.

2676 1953 2903 2010 CAPUT
2952 1954 2991 2008 l.

2146 2045 2510 2100 Adolescentia
2534 2046 2727 2100 Basilii
2764 2056 2812 2099 et
2843 2048 3021 2099 studia
3055 2046 3292 2102 Athenis.
3322 2045 3524 2101 Eubuli

2528 2117 2818 2185 vliilosOphi
2847 2117 3134 2170 conversio.

2123 2210 2353 2265 Basilius
2399 2207 2544 2263 solus
2578 2209 2629 2261 in
2676 2218 2839 2271 terra,
2873 2205 3064 2275 :equali
3094 2205 3294 2260 claruit
3332 2215 3444 2260 tum
3488 2207 3620 2269 vita,

2049 2316 2358 2359 sermonum
2391 2308 2588 2354 ornatu
2619 2297 3034 2366 eruditioneque
3066 2297 3285 2363 decora,
3348 2305 3460 2349 tum
3509 2310 3622 2350 ser-

2052 2411 2211 2451 mone
2242 2409 2304 2448 ac
2330 2394 2378 2446 vi
2404 2391 2656 2455 dicendi,
2689 2392 3044 2457 doctrinaque
3073 2390 3239 2442 vitam
3279 2387 3626 2442 exbilarante

2053 2486 2316 2557 sapientia
2355 2485 2538 2538 divina
2572 2500 2586 2535 :
2615 2482 2707 2551 qui
2745 2479 2965 2536 Christo
2999 2480 3211 2534 dederit
3262 2480 3469 2544 omnia,
3502 2481 3624 2534 ani—

2057 2591 2234 2638 niam,
2270 2588 2466 2643 corpus
2498 2617 2512 2638 ,
2549 2587 2854 2626 sermonem
2883 2611 2898 2636 ,
2936 2586 3167 2635 manus;
3198 2580 3421 2640 propter
3482 2574 3625 2641 quod

2054 2666 2216 2719 etiam
2249 2678 2490 2718 errorem
2544 2659 2821 2732 gentilium
2847 2701 2861 2725 ,
2891 2661 3036 2715 velut
3087 2645 3410 2715 aranearum
3465 2663 3622 2728 telas,

2056 2753 2304 2822 disrupit.
2336 2751 2435 2806 Hic
2468 2762 2671 2819 septem
2718 2766 2983 2805 annorum
3037 2751 3232 2814 factus,
3273 2751 3470 2807 litteris
3522 2755 3623 2807 im-

2056 2848 2298 2903 buendus
2354 2863 2382 2900 a
2448 2845 2765 2914 parentibus
2808 2844 3036 2898 traditur
3093 2844 3192 2914 (8).
3251 2844 3385 2898 Cum
3435 2855 3617 2899 autem

2054 2938 2421 3010 quinquennio
2453 2952 2674 3007 operam
2704 2938 2961 2992 doctrina:
3013 2938 3260 3006 artisque.
3312 2938 3622 3008 praeceptio-

379 3104 521 3170 c_tam
547 3110 576 3148 a
603 3095 944 3170 Nazianzeno
975 3113 989 3152 :
1032 3100 1174 3154 illam
1197 3112 1374 3156 autem
1410 3103 1530 3170 ipso
1557 3119 1660 3157 non
1691 3120 1768 3158 n.-.
1828 3116 1936 3157 ter-
1967 3108 2010 3164 c
2046 3103 2256 3158 .ocbius
2292 3099 2730 3170 Nazianzeniﬂde
2760 3097 2960 3152 Basilio
2992 3099 3284 3170 scribentis
3305 3139 3321 3161 ,
3355 3099 3510 3154 intuli
3532 3116 3624 3154 su-

381 3166 455 3238 tio
491 3180 520 3238 a
558 3179 730 3238 morte
775 3167 965 3238 Basilii
1014 3187 1154 3224 anno
1212 3166 1594 3238 pronuntiavit.
1629 3173 1768 3237 Quin
1803 3174 1932 3237 imo,

377 3235 424 3289 si
463 3237 529 3289 ab
576 3236 948 3303 Amphilochio
977 3243 1174 3306 scripta
1210 3235 1322 3296 haec
1369 3241 1487 3297 Vita
1515 3255 1627 3311 est,
1662 3235 1931 3310 scriptam

381 3319 502 3383 esse
529 3315 739 3383 oportet
792 3318 910 3383 post
946 3312 1115 3383 aliam
1162 3327 1314 3364 suam
1338 3315 1662 3376 orationem,
1692 3329 1852 3383 quam
1881 3315 1933 3366 in

380 3375 517 3451 festo
549 3375 990 3451 Circumcisionis
1025 3381 1230 3434 Domini
1273 3385 1570 3451 eodemque
1599 3375 1767 3436 sancti
1796 3383 1940 3436 Basi-

378 3445 458 3504 lii,
483 3445 547 3522 de
573 3448 768 3522 eodem
812 3451 1182 3503 sacratissimo
1215 3454 1468 3520 mysterio
1483 3445 1792 3522 eodemque
1817 3467 1945 3506 san-

379 3526 469 3568 cto
501 3516 715 3595 habuit;
757 3516 810 3569 in
843 3533 963 3595 qua
1017 3535 1136 3572 cum
1173 3516 1471 3595 pra-telaras
1503 3516 1944 3577 Basilii'virtutes

381 3590 811 3661 perstriurisset,
843 3590 1276 3661 itaprosequitur
1313 3609 1326 3645 :
1353 3609 1372 3643 α
1403 3592 1546 3656 Haec,
1571 3595 1812 3661 inquam,
1835 3607 1946 3644 om-

381 3654 469 3706 nia
505 3655 673 3708 sacris
702 3658 864 3708 divini
898 3654 1142 3727 Gregorii
1175 3654 1762 3716 serinonibus‘aliu'ndc
1789 3661 1938 3715 arbi-

385 3733 499 3801 trpr
548 3729 930 3803 ac_sap_ien_ter
963 3731 1155 3782 tradita
1181 3748 1194 3796 ;
1219 3747 1797 3803 supervacaneumque
1820 3733 1938 3784 exi-

381 3793 853 3865 stimavijongiori
887 3799 936 3850 in
979 3793 1383 3865 praesentiarum
1421 3804 1666 3856 oratione
1705 3793 1941 3854 dissere-

385 3877 463 3915 re.
522 3881 572 3940 r_
603 3862 744 3926 Cur,’
769 3862 990 3940 amabo,
1016 3869 1057 3921 si
1093 3871 1263 3922 Vitam
1298 3871 1475 3924 Basilii
1506 3871 1938 3940 Amphilochius,

385 3933 703 4010 ante_hanc
757 3937 1053 4010 orationem
1117 3941 1391 4000 habitam.
1449 3933 1760 4010 scripserit;
1817 3933 1938 3994 cum

386 4003 710 4074 n'ientionem
758 4004 1100 4074 Gregorianze
1164 4013 1426 4064 orationis
1492 4003 1756 4071 faceret,
1788 4012 1934 4062 nullo

384 4072 551 4148 verbo
575 4074 795 4148 addidit,
813 4072 1113 4144 Sta—quoque
1143 4083 1206 4133 de
1242 4081 1419 4134 Basilii
1442 4082 1594 4135 Actis
1627 4081 1930 4148 scripsisse,

385 4142 527 4219 quod
591 4143 836 4219 maxime
854 4142 1176 4219 conveniens
1213 4161 1266 4203 et
1297 4162 1652 4219 opportunum
1709 4142 1933 4219 témpori

385 4212 721 4280 orationique
753 4215 1082 4290 videbatur:
1125 4212 1415 4274 Dicendum
1467 4223 1646 4290 itaque
1684 4224 1787 4274 erit
1823 4212 1934 4272 ’ωι-

387 4289 588 4359 ctoretn
618 4294 784 4359 ,__p_ost
820 4284 1012 4359 festum
1047 4288 1485 4344 Circumcisionis
1517 4284 1574 4345 ei
1622 4291 1940 4359 pronuntia-

2045 3189 2142 3241 pra
2171 3213 2185 3236 ,
2221 3184 2348 3226 ante
2403 3173 2548 3225 hunc
2607 3169 2754 3223 illum
2807 3169 3094 3238 scripsisse
3121 3211 3135 3236 ,
3167 3186 3232 3224 ex
3271 3185 3382 3240 quo
3413 3170 3618 3241 reliqua

2047 3254 2346 3312 sequuntur
2375 3241 2629 3312 absurda.

2120 3307 2197 3384 (‘5)
2231 3309 2664 3384 Videturhicde
2701 3307 2808 3384 vita
2862 3307 3045 3384 functo
3075 3308 3456 3384 loquiauctor,
3491 3325 3618 3365 cum

2052 3378 2230 3440 tamen
2258 3397 2415 3436 verus
2435 3378 2849 3450 Amphilochius
2868 3379 3054 3450 paucis
3078 3380 3352 3435 mensibus
3375 3380 3623 3450 Nysseno

2051 3453 2447 3524 supervixerit;
2506 3451 2647 3524 quod
2706 3449 2750 3501 si
2802 3448 2889 3501 hic
2939 3448 3140 3524 ultimis
3184 3450 3310 3524 vita:
3338 3448 3621 3524 mensibus

2051 3519 2352 3590 scripserit,
2382 3519 2652 3590 oportebit
2681 3532 2803 3569 eum
2854 3519 3260 3590 quatuordecim
3293 3521 3451 3574 annis
3501 3531 3624 3586 post.

2052 3589 2237 3650 Basilii
2268 3602 2494 3644 mortem
2532 3589 2840 3657 scripsisse,
2877 3590 3018 3655 quod
3056 3589 3193 3642 male
3227 3590 3467 3643 cohaeret
3494 3606 3617 3644 cum

2054 3660 2590 3734 praefatipnisiuitio.

2121 3735 2198 3804 (4)
2255 3731 2506 3804 Potuitne
2566 3727 2737 3804 magis
2787 3735 3092 3804 accuratam
3133 3727 3332 3780 habere
3368 3729 3618 3804 notitiam

2050 3796 2715 3874 pseudo-timpliilocliius,
2745 3811 2906 3864 quam
2936 3797 3306 3874 Nazianzenus
3341 3807 3438 3874 aut
3480 3797 3622 3868 Nys-

2051 3867 2250 3928 senus?
2290 3867 2540 3923 Potuitne
2571 3867 2944 3922 Nazianzenus
2968 3867 3168 3936 aliquid
3201 3867 3468 3936 gravioris
3507 3867 3621 3921 mo-

2053 3939 2573 4016 I‘nenti_pra:terire?
2690 4015 2694 4016 γ
3368 4006 3380 4016 .
3478 4006 3491 4016 .

2115 4013 2195 4082 (5)
2223 4012 2472 4082 Pomitne
2504 4009 2656 4082 longa
2685 4015 3131 4082 temporumcsse
3149 4009 3442 4082 successio,
3467 4009 3624 4082 inter

2042 4071 2303 4136 Basilium
2333 4089 2385 4132 et
2420 4071 2878 4144 Amphilochium,
2916 4077 3003 4142 qui
3038 4078 3198 4128 co:cvi
3228 4075 3488 4129 fuerunt?

2117 4155 2191 4222 (6)
2243 4152 2369 4222 Haec
2399 4159 2455 4202 et
2480 4163 2626 4222 _qu_ze
2682 4157 3010 4222 sequuntur,
3039 4148 3288 4222 videntur
3325 4162 3518 4215 magna
3553 4161 3617 4199 ex

2045 4216 2201 4293 parte
2243 4238 2273 4293 β
2303 4218 2859 4293 illemeisdesumpta,
2893 4216 2978 4293 vel
3001 4218 3251 4293 li_:isciii_tle
3274 4227 3426 4269 aucta
3471 4226 3619 4293 sunt.

2118 4293 2192 4363 (7)
2229 4291 2415 4363 Greece
2442 4284 3121 4363 ()Dﬁlqiéu'IOD‘tip‘J-GEEOQ.
3180 4285 3350 4363 Ursus
3391 4288 3623 4363 'subdia-

389 4359 512 4429 tuni_
534 4351 709 4429 Basilii
730 4357 1054 4422 eucomium,
1089 4360 1154 4411 ad
1187 4360 1345 4428 hujus
1377 4362 1552 4415 Vitam
1594 4349 1939 4429 prolixiorem
1972 4349 2017 4403 Ῑ)
2049 4349 2241 4422 contis,
2276 4361 2483 4429 primus
2518 4349 2902 4429 Auipliiloclni
2935 4356 3377 4429 interpresultmc
3410 4357 3617 4417 omisit,

389 4421 727 4502 scribendam
767 4421 1098 4502 accessisse,
1155 4421 1381 4497 ideoque
1431 4431 1549 4500 ejus
1595 4421 1928 4502 intentionem

389 4505 493 4565 pou
521 4493 744 4565 fecisse.
778 4496 846 4546 At
902 4511 966 4548 eo
1006 4511 1130 4551 casu
1181 4493 1477 4565 Oportebit'
1504 4503 1703 4554 luctum
1747 4499 1938 4552 Basilii

388 4558 666 4638 funebrem
695 4600 712 4624 ,
749 4579 776 4638 ξι
824 4580 929 4630 quo
955 4558 1251 4622 desumitur
1276 4573 1554 4624 exordium
1587 4611 1602 4636 ,
1629 4587 1725 4636 per
1778 4571 1939 4638 quin-

387 4631 677 4707 quennium
712 4633 950 4707 durasse
980 4653 993 4688 :
1030 4641 1170 4706 quod
1219 4643 1550 4707 paradoxum
1588 4631 1695 4693 est.
1750 4631 1816 4692 Et
1847 4639 1940 4707 qui

389 4703 620 4781 potuita
654 4701 742 4754 tali
797 4706 939 4757 luctu
995 4701 1152 4781 verus
1181 4701 1588 4777 Amphilochius
1633 4701 1935 4762 orationem

390 4770 658 4848 exordiri,
702 4781 952 4840 tanquam
982 4847 985 4848 ν
1015 4776 1065 4828 in
1119 4793 1238 4830 eam
1279 4770 1446 4848 usque
1493 4781 1632 4833 diem
1673 4781 1935 4844 durante;

391 4841 720 4919 cumuuulto
757 4855 880 4919 ante
906 4882 937 4919 ,_
977 4847 1028 4897 in
1077 4848 1323 4919 oratione
1363 4841 1442 4903 'de
1491 4841 1936 4912 Circumcisione,

390 4912 542 4974 quasi
570 4912 744 4964 omnis
773 4913 970 4987 doloris
1009 4918 1237 4981 oblitus,
1269 4919 1380 4972 haec
1414 4922 1534 4973 laeta
1565 4919 1724 4972 verba
1755 4920 1932 4987 palam

392 4991 703 5058 risu-rpa-sset
732 4999 744 5033 :
785 5001 803 5032 ι
832 4983 940 5038 Nos
969 4987 1181 5058 interim
1215 4990 1377 5041 divini
1419 4990 1591 5042 Patris
1623 4983 1939 5042 iiieiii'oriain

393 5046 1204 5126 hodie'honoremuscanticis,
1249 5058 1615 5126 divinitusque
1660 5059 1939 5126 inspiratis

396 5114 642 5198 laudibus
677 5123 920 5198 magistri
961 5114 1202 5181 virtutes
1239 5130 1505 5198 condigno
1530 5114 1943 5197 'proseq'uamur

437 5185 607 5267 lapsu.
642 5207 662 5240 ι
697 5185 1047 5267 Ηὶὖομαᾳιιθ
1077 5207 1246 5265 patet,
1273 5185 1565 5253 exordium.
1587 5199 1686 5252 hoc
1717 5185 1944 5267 Amphi-

412 5258 566 5329 ocbio
586 5261 772 5329 inepte
800 5258 1048 5320 afﬁctiim.

465 5325 546 5404 (‘3)
583 5325 821 5404 Excusat
850 5348 911 5386 se
951 5333 1324 5392 Nazianzenus
1367 5338 1522 5393 initio
1563 5337 1822 5393 orationis
1851 5336 1946 5404 20,

391 5397 534 5477 quod
572 5416 590 5448 ι
624 5401 790 5477 multo
813 5405 1040 5477 “serius
1069 5421 1228 5474 quam
1264 5419 1470 5477 tempus
1497 5411 1832 5476 postulabat,
1881 5397 1947 5462 ac

393 5469 748 5549 post_mti_ltos
776 5471 930 5536 alios,
956 5476 1046 5542 qui
1077 5469 1164 5531 res
1195 5469 1386 5533 Basilii
1417 5469 1671 5544 pri-vatim
1705 5469 1944 5547 publice-

395 5536 768 5619 que-laudibus
789 5536 1066 5619 ornaruut,
1102 5565 1121 5598 ι
1156 5551 1222 5602 ad
1251 5564 1372 5603 eum
1407 5536 1732 5619 laudandum
1757 5562 1942 5602 acces-

393 5610 544 5659 seﬂt.
573 5610 705 5674 Quia
740 5625 864 5665 vero
898 5616 997 5668 hoc
1037 5616 1151 5672 loco
1182 5621 1506 5674 mentionem
1553 5617 1679 5674 facit
1710 5619 1938 5688 Amphi-

475 5720 545 5792 (a)
581 5723 595 5775 Ι
629 5722 749 5777 Cor.
780 5741 870 5790 xv,
905 5726 954 5782 8.

2056 4435 2140 4487 vel
2172 4425 2296 4500 quia
2335 4429 2509 4500 minus
2539 4425 2903 4500 intellexit,ve_l
2932 4425 3433 4500 quia__iiiaiiife_stttm
3459 4441 3624 4500 agno-

2055 4505 2135 4556 vit
2157 4495 2418 4557 errorem.
2469 4497 2631 4550 Avum
2663 4498 2821 4547 vertit
2856 4495 3230 4547 Combelisius.
3266 4495 3458 4547 Verum
3480 4495 3622 4555 θεῖος

2057 4571 2373 4626 avunculum
2420 4568 2595 4635 potius
2657 4563 2739 4617 vel
2791 4575 3038 4635 patruum
3081 4565 3366 4632 signiﬁcat.
3424 4565 3625 4616 Deinde

2058 4642 2196 4696 idem
2225 4634 2578 4692 Combeﬁsius
2596 4634 2943 4702 conjectando
2975 4634 3304 4701 interrogat,
3337 4647 3402 4684 an
3429 4644 3622 4686 natura

2061 4713 2183 4765 talis
2231 4710 2415 4770 fuerit,
2442 4705 2632 4759 saltem
2662 4718 2730 4756 ex
2774 4702 2990 4755 matre?
3017 4701 3083 4752 At
3111 4717 3210 4768 ego
3237 4703 3440 4770 pariter
3469 4704 3625 4754 dubi-

2061 4783 2222 4834 tando
2251 4781 2520 4844 interrogo
2540 4814 2554 4838 ,
2583 4789 2688 4843 qua
2718 4772 2930 4844 ratione
2965 4771 3220 4844 Basilina,
3248 4771 3458 4844 AJuliani
3505 4788 3623 4823 ma-

2061 4860 2163 4917 ter,
2191 4849 2294 4901 lilia
2325 4840 2802 4917 aut_s'oror:_l‘uerit
2833 4840 3096 4917 Valentis,
3123 4851 3178 4893 ut
3209 4842 3486 4917 l‘iicsensu
3516 4845 3626 4917 sal-

2061 4910 2167 4973 tem
2208 4919 2386 4986 aliquo
2414 4915 2554 4976 θεῖος
2588 4913 2692 4966 dici
2735 4913 2925 4986 possit.
2960 4910 3624 4986 Sed__confugit__C_ombe-

2060 4990 2213 5043 ﬁsius
2237 4979 2540 5042 adsensum
2572 4979 2995 5050 metaphoricum
3019 5018 3034 5042 ,
3066 4979 3321 5048 dicitque,
3348 4979 3621 5032 Valentem

2060 5059 2256 5114 Juliani
2285 5055 2610 5110 avunculum
2642 5063 2734 5104 aut
2766 5066 2926 5102 avum
2955 5051 3168 5112 vocari,
3206 5067 3309 5102 non
3341 5051 3464 5118 quia
3498 5066 3622 5102 eum

2063 5128 2338 5182 afﬁnitatis
2375 5136 2465 5178 aut
2491 5121 2972 5189 consanguinitatis
2997 5123 3163 5186 gradu
3186 5160 3200 5182 ,
3241 5121 3331 5173 sed
3361 5122 3482 5187 quia
3510 5137 3623 5170 ma—

2062 5198 2178 5252 litia
2218 5209 2269 5252 et
2301 5200 2352 5250 in
2384 5195 2724 5248 Christianos
2747 5192 2948 5243 szevitia
2973 5189 3265 5256 praecessit.
3295 5190 3490 5243 Verum
3516 5205 3621 5256 quo

2063 5269 2308 5335 exemplo
2340 5263 2732 5335 monstrabitur
2765 5261 2886 5335 talis
2937 5261 3254 5335 metaphora
3283 5260 3334 5311 in
3369 5275 3467 5335 usu
3508 5275 3621 5335 Aun-

2064 5331 2235 5407 quam
2257 5336 2453 5390 fuisse?
2488 5335 2597 5402 Ego
2640 5331 2892 5407 existimo
2945 5331 3212 5382 inscitiam
3264 5331 3625 5398 pseudo-Am-

2063 5399 2317 5478 philocliii
2357 5408 2484 5478 hinc
2504 5399 2655 5471 argui
2689 5399 3000 5478 manifeste:
3580 5473 3583 5475 _

2138 5478 2216 5549 (8)
2262 5469 2615 5549 Quibusnam
2670 5484 2796 5522 vero
2868 5469 3094 5549 traditus
3150 5481 3246 5549 est_
3285 5485 3319 5549 εὶ
3380 5473 3622 5549 parenti-

2064 5540 2208 5604 bus?
2262 5540 2376 5599 Non
2431 5545 2564 5608 alios
2618 5543 3051 5608 praaceptoresiu
3101 5540 3329 5608 pueritia
3353 5551 3408 5593 et
3443 5540 3624 5593 adole-

2066 5617 2273 5675 scentia
2310 5604 2541 5671 Basilius
2569 5604 2755 5667 habuit.
2782 5604 2941 5678 quam
2989 5604 3241 5679 parentes
3275 5625 3437 5675 suos;
3475 5622 3532 5664 ut
3557 5625 3624 5662 ex
