4076 6226
419 393 648 437 CCXCVII!

1781 380 2308 440 PROLEGOMENA.

425 514 645 555 ccccuv
674 499 740 554 ad
788 513 959 569 usque
1005 514 1225 571 regnum
1276 500 1455 557 Saulis
1483 542 1498 567 ,
1530 520 1623 573 ψη
1668 506 1871 576 primus
1912 506 1987 560 illi
2017 484 2184 574 Α’ρυί
2214 513 2318 558 est.
2350 501 2488 569 Quid
2536 500 2696 570 igitur
2725 494 3100 567 evangelista?
3133 492 3200 547 In
3242 489 3496 560 principio
3542 495 3654 543 erat

422 588 621 658 populo
654 603 748 642 rex
773 596 989 644 creatus
1019 599 1134 658 est;
1162 591 1419 660 sub~quo,
1442 608 1585 647 anno
1636 595 1809 664 primo
1836 596 1984 664 regni

422 678 615 747 ipsius,
651 692 878 747 magnus
906 678 1073 732 David
1106 688 1268 734 natus
1295 689 1398 735 est.
1435 680 1696 737 Similiter
1720 681 1789 737 ab
1813 684 1987 738 Abra-

424 769 551 820 ham
598 783 769 837 usque
824 769 890 822 ad
946 769 1203 825 Davidem
1254 773 1629 840 generationes
1688 789 1803 840 xxv,
1860 775 1987 830 anni

422 873 613 913 nxxrv.
645 858 691 912 A
724 859 925 915 Davide
958 868 1139 915 autem
1164 877 1337 930 usque
1365 862 1432 917 ad
1460 864 1987 935 transmigrationem

422 947 733 1018 Babylonis,
784 950 1163 1018 generationes
1205 967 1318 1017 11v,
1346 954 1471 1007 anni
1513 968 1625 1007 tux.
1659 956 1705 1009 A
1735 958 1991 1012 transmi-

421 1041 668 1106 gratione
713 1054 841 1094 vero
895 1039 1192 1111 Babylonis
1247 1059 1416 1113 usque
1451 1045 1518 1099 ad
1571 1044 1814 1114 Darium,
1863 1048 1988 1103 anni

422 1144 553 1183 xxv.
586 1132 632 1183 A
680 1144 849 1200 regno
872 1140 1062 1188 autem
1092 1134 1238 1188 Darii
1274 1138 1444 1205 usque
1483 1137 1552 1191 ad
1582 1134 1765 1192 Jesum
1818 1137 1990 1193 ﬁlium

423 1218 671 1288 Josedec,
703 1224 827 1277 anni
868 1240 1016 1278 xmx.
1050 1228 1092 1279 A
1143 1225 1267 1281 .lesu
1322 1226 1432 1281 lilio
1464 1226 1693 1284 Josedec
1724 1244 1894 1300 usque
1924 1231 1991 1286 ad

422 1309 625 1376 Jesum,
668 1313 760 1382 qui
786 1314 984 1371 dicitur
1016 1316 1281 1382 Christus,
1316 1319 1444 1372 anni
1470 1334 1799 1387 ccccxxxrv;
1831 1323 1993 1378 simul

426 1411 610 1457 autem
661 1408 1022 1473 computando
1044 1446 1060 1470 ,
1096 1408 1389 1463 secundum
1426 1409 1620 1466 seriem
1669 1421 1991 1482 temporum,

428 1492 735 1551 invenimus
783 1495 851 1551 ab
894 1497 1110 1553 homine
1137 1500 1371 1568 primum
1415 1501 1668 1571 formato,
1699 1519 1871 1576 usque
1926 1509 1993 1562 ad

427 1582 727 1650 Christum,
756 1600 926 1640 annos
953 1603 1284 1646 IMMIMMLX.

505 1692 525 1724 ε
570 1671 824 1747 Nascitur
875 1677 1059 1746 itaque
1111 1679 1371 1738 Dominus
1403 1682 1561 1740 Iesus
1618 1683 1871 1742 Christus
1926 1701 1994 1742 ex

430 1762 576 1817 tribu
603 1763 761 1832 Juda,
793 1780 861 1822 ex
900 1768 1110 1825 semine
1152 1770 1341 1840 David,
1379 1776 1521 1844 quod
1544 1785 1753 1846 spectat
1788 1778 1852 1832 ad
1877 1793 1997 1834 car-

2100 595 2329 651 Verbum
2375 592 2455 665 (α)
2490 611 2503 647 :
2546 592 2671 661 quia
2730 589 2864 643 nihil
2901 586 3043 641 aliud
3074 592 3212 650 erat,
3246 592 3442 653 praeter
3480 576 3654 650 ipsum

2088 688 2181 758 qui
2225 695 2309 742 est
2361 700 2430 740 ex
2467 682 2646 746 Patre,
2678 679 2770 751 qui
2800 692 3016 749 semper
3054 684 3172 740 est,
3205 674 3410 729 habens
3436 679 3657 727 coaeter-

2088 794 2219 835 num
2279 775 2538 846 Spiritum
2595 779 2866 828 sanctum.
2900 771 3031 824 Erat
3083 769 3140 823 in
3177 765 3462 837 principio.
3515 761 3657 829 Quid

2090 871 2220 926 mihi
2239 880 2565 924 annumeras
2590 862 2827 920 saecula!
2850 863 2981 918 Erat
3006 861 3119 929 ipse
3143 859 3200 913 in
3220 854 3515 927 principio:
3532 859 3658 908 sunt

2089 960 2272 1015 omnia
2304 966 2427 1028 post
2465 957 2640 1026 ipsum
2672 993 2689 1018 ,
2730 952 2994 1022 siquidem
3027 960 3083 1006 et
3117 951 3296 1005 omnia
3332 961 3430 1017 per
3459 946 3655 1015 ipsum.

2092 1047 2160 1103 In
2188 1048 2449 1117 principio
2471 1058 2583 1100 erat
2618 1043 2861 1097 Verbum.
2891 1041 3042 1106 Erat,
3070 1055 3242 1110 neque
3260 1036 3658 1109 proferebatur.

2091 1138 2330 1195 Verbum
2383 1147 2540 1201 erat,
2595 1150 2695 1190 nec
2753 1132 2977 1205 syllabis
3028 1130 3474 1199 componebatur.
3530 1126 3660 1180 Erat

2095 1230 2334 1286 Verbum
2370 1228 2523 1292 illud,
2552 1241 2650 1282 nec
2687 1224 2790 1279 fuit
2823 1224 3021 1293 linguae
3067 1220 3283 1275 fluxus:
3318 1218 3466 1274 solus
3494 1216 3660 1271 Filius

2091 1320 2507 1390 unigenitusque
2543 1327 2598 1373 et
2627 1315 2830 1370 veritas
2859 1328 2889 1368 a
2924 1312 3104 1376 Patre,
3137 1310 3289 1366 nulla
3317 1307 3662 1378 corruptione

2093 1412 2328 1482 genitus.
2364 1406 2827 1476 Quemadmodum
2860 1404 3084 1460 verbum
3104 1411 3348 1457 nostrum
3372 1408 3427 1456 et
3457 1414 3658 1463 sermo,

2095 1504 2149 1556 in
2197 1502 2373 1556 lucem
2404 1497 2610 1569 profert
2643 1497 2820 1551 latens
2845 1495 3013 1548 animi
3035 1492 3321 1547 consilium
3341 1530 3357 1555 ,
3386 1493 3458 1543 ita
3488 1499 3542 1543 et
3569 1489 3658 1543 Dei

2092 1592 2262 1648 Filius
2284 1590 2555 1646 occultum
2580 1589 2634 1644 in
2658 1587 2821 1641 Patre
2845 1583 3210 1639 manifestavit
3248 1581 3364 1637 orbi
3395 1589 3659 1634 terrarum

2095 1691 2465 1754 praeaeternum
2496 1689 2924 1736 sacramentum.
2952 1674 3414 1744 Quemadmodum
3440 1673 3660 1727 verbum

2096 1775 2416 1845 procedens,
2448 1789 2549 1829 nec
2579 1773 2846 1828 dicentem
2876 1770 3078 1825 nudum
3112 1766 3387 1836 relinquit,
3417 1775 3473 1820 et
3499 1764 3667 1833 replet

430 1867 574 1919 nem,
604 1854 705 1909 sub
730 1854 895 1910 ﬁnem
924 1857 1135 1914 dierum
1181 1861 1654 1931 sesquimillesimo
1681 1880 1846 1932 anno,
1866 1882 1993 1922 xxxv
2025 1870 2069 1925 Β
2098 1863 2406 1919 audientem
2443 1860 2546 1931 (sic
2583 1860 2727 1916 enim
2765 1859 2878 1913 adit
2906 1858 3240 1921 audientem,
3268 1864 3327 1908 ut
3355 1870 3460 1909 non
3493 1855 3665 1908 disce-

426 1946 652 2017 Augusti
684 1946 1052 2017 imperatoris,
1081 1965 1267 2007 mense
1324 1954 1628 2018 Decembri,
1687 1972 1795 2011 xxv
1830 1957 1997 2027 ipsius

427 2038 538 2109 (’23)
569 2038 884 2099 lndictionis
925 2058 956 2096 ι
1009 2043 1097 2099 die
1127 2056 1304 2099 sexta.
1334 2047 1379 2099 A
1411 2045 1615 2102 Christi
1654 2062 1821 2118 porro
1855 2051 1998 2107 natio

428 2131 618 2199 vitate,
653 2147 825 2203 usque
857 2135 925 2190 ad
959 2133 1376 2192 Constantinum
1405 2138 1654 2208 Magnum
1706 2139 2000 2210 imperatu-

428 2236 540 2277 rem
560 2230 615 2278 et
632 2222 809 2279 virum
841 2224 1178 2296 religiosum,
1210 2227 1429 2283 fuerunt
1475 2229 1604 2284 anni
1633 2244 1812 2285 ccux.
1862 2231 1997 2287 Cum

427 2327 554 2383 ergo
578 2312 765 2397 Judzea
792 2328 924 2386 gens
950 2326 1108 2383 tanto
1162 2327 1404 2387 tempore
1436 2319 1508 2375 sit
1540 2321 1836 2392 antiquior,
1863 2338 1998 2392 quos

430 2405 587 2460 modo
635 2420 743 2465 non
786 2408 1005 2465 erubuit
1028 2409 1200 2474 Plato,
1239 2411 1471 2481 primum
1510 2421 1565 2469 et
1592 2415 1885 2470 secundum
1914 2415 1998 2471 di-

429 2496 630 2552 luvium
678 2500 978 2558 enarrans?
1030 2499 1314 2569 Quondam
1356 2518 1518 2574 porro
1571 2513 1762 2561 natura
1789 2516 1996 2574 nostra,

429 2589 684 2645 universo
717 2590 924 2660 totique
950 2591 1027 2646 illi
1064 2594 1493 2651 accensebatur:
1521 2612 1742 2654 eramus
1771 2599 1918 2654 enim
1942 2608 1997 2654 et

431 2680 556 2752 ipsi,
598 2680 651 2735 in
680 2682 1029 2738 rationalium
1053 2685 1235 2740 ovium
1266 2689 1583 2744 centenario
1600 2689 1995 2760 comprehensi.

429 2769 717 2842 Postquam
750 2787 879 2831 vero
922 2790 1027 2830 una
1060 2774 1151 2830 illa
1181 2778 1297 2832 ovis
1320 2819 1336 2845 ,
1376 2789 1570 2834 natura
1601 2791 1785 2837 nostra
1812 2821 1828 2848 ,
1880 2797 1998 2838 ser-

427 2860 603 2927 pentis
634 2859 853 2931 fraude,
913 2864 1124 2920 ccelesti
1175 2869 1411 2922 statione
1453 2868 1673 2939 depulsa
1711 2882 1830 2938 est,
1890 2887 1999 2927 non

427 2952 655 3021 amplius
682 2954 823 3010 idem
856 2954 949 3010 ille
991 2971 1252 3012 numerus
1280 2958 1333 3011 in
1365 2974 1532 3029 grege
1559 2975 1665 3015 non
1695 2963 1998 3017 errantium

429 3058 795 3121 memoratur,_
812 3047 905 3101 sed
924 3048 1271 3102 nominantur
1289 3050 1577 3119 nonaginta
1606 3066 1817 3106 novem.
1843 3052 2002 3109 Venit

429 3137 590 3207 igitur
604 3136 873 3202 Christus,
897 3136 1066 3194 Filius
1088 3138 1183 3195 Dei
1202 3140 1337 3206 vivi,
1356 3155 1600 3211 quaerere
1615 3152 1669 3198 et
1688 3144 1895 3198 salvum
1918 3145 2001 3199 fa-

2098 1958 2193 2012 dat
2247 1971 2279 2010 a
2328 1951 2618 2026 discente),
2661 1952 2735 2007 ita
2765 1961 2822 2006 et
2850 1949 2966 2005 Divi
2998 1949 3256 2010 Verbum,
3284 1945 3428 2016 quod
3476 1955 3561 2001 est
3611 1948 3662 1999 in

2096 2047 2257 2103 Patre
2309 2045 2379 2103 ob
2411 2055 2621 2099 natura:
2647 2041 3114 2104 communionem,
3162 2039 3429 2108 nobisque
3459 2039 3664 2092 unitum

2096 2149 2316 2210 propter
2341 2137 2527 2209 gratia:
2543 2135 2873 2207 largitatem,
2899 2133 3166 2189 exsistens
3197 2133 3359 2196 Deus,
3383 2132 3527 2200 quod
3546 2146 3667 2201 spe-

2096 2238 2210 2286 ctat
2254 2229 2323 2285 ad
2378 2239 2665 2296 naturam;
2717 2226 2954 2282 Verbum
2999 2235 3177 2281 autem
3208 2223 3562 2294 appellatione
3612 2233 3667 2278 ct

2098 2316 2440 2387 cognomine.

2174 2424 2193 2458 ε
2232 2405 2695 2473 Quemadmodum
2725 2405 2870 2460 enim
2900 2402 3296 2467 Joannes,cum
3315 2411 3507 2457 natura
3527 2411 3669 2456 esset

2098 2496 2262 2552 homo
2295 2535 2311 2561 ,
2370 2497 2581 2551 ratione
2629 2505 2809 2551 tamen
2841 2493 3241 2567 praedicationis
3273 2508 3378 2548 vox
3430 2493 3668 2547 clamans

2099 2597 2327 2644 vocatus
2351 2597 2436 2641 est
2475 2586 2581 2657 (b);
2606 2587 2680 2641 ita
2708 2600 2764 2642 et
2801 2586 2895 2642 Dei
2926 2584 3122 2649 Filius,
3153 2584 3297 2640 Deus
3317 2585 3382 2639 de
3412 2582 3543 2646 Deo,
3572 2598 3668 2652 ap-

2100 2679 2333 2749 pellatus
2394 2692 2479 2734 est
2508 2678 2746 2735 Verbum
2775 2718 2792 2744 ,
2826 2690 3049 2748 propter
3081 2678 3304 2732 liberam
3348 2691 3380 2731 a
3434 2675 3669 2731 ﬂuxione

2101 2771 2540 2843 generationem.
2583 2770 2648 2829 In
2692 2772 2949 2841 principio
2975 2780 3085 2826 erat
3117 2769 3362 2833 Verbum,
3395 2768 3670 2838 haudqua-

2104 2878 2267 2933 quam
2313 2879 2445 2920 vero
2484 2862 2718 2919 Verbum
2755 2877 2863 2919 non
2907 2863 3231 2918 subsistens.
3263 2860 3442 2915 Verba
3480 2860 3595 2914 alia'
3615 2869 3671 2913 et

2103 2969 2386 3010 sermones
2409 2954 2541 3019 Dei,
2571 2964 2839 3024 pracepta
2863 2962 2986 3008 sunt
3019 2961 3074 3008 et
3096 2952 3508 3024 iustificationes
3536 2967 3554 3017 ;
3613 2961 3671 3005 at

2103 3048 2413 3116 unigenitus
2441 3046 2612 3101 Filius
2639 3061 2818 3101 sermo
2835 3054 2940 3108 est,
2974 3060 3078 3100 non
3103 3043 3328 3116 syllabis
3347 3046 3667 3098 verborum-

2101 3153 2208 3207 que
2231 3153 2364 3194 sono
2396 3137 2776 3208 pronuntiatus
2808 3177 2824 3202 ,
2867 3139 2959 3190 sed
2985 3151 3164 3191 sermo
3201 3146 3255 3189 et
3274 3136 3516 3199 verbum,
3542 3149 3667 3188 ver-

428 3225 707 3294 cerequod
727 3226 965 3294 perierat
993 3244 1007 3280 :
1043 3235 1208 3295 utque
1231 3242 1411 3282 rerum
1442 3242 1547 3282 non
1570 3230 1988 3285 consistentiuna
2022 3236 2067 3297 c
2101 3229 2294 3285 borum
2330 3229 2506 3284 fontes
2534 3228 2806 3299 largiens;
2835 3227 3288 3297 quemadmodum
3319 3226 3431 3280 ait:
3463 3224 3519 3279 Si
3543 3225 3665 3295 quis

428 3314 663 3378 vanitate
715 3315 982 3383 perditum
1034 3314 1305 3371 hominem
1363 3317 1603 3372 humeris
1661 3319 1995 3389 impositum,

433 3406 824 3469 exsistentibus
857 3406 1017 3469 rebus
1046 3407 1298 3478 verisque
1348 3410 1680 3479 postliminio
1730 3413 1995 3480 redderet,

427 3511 538 3564 quo
573 3510 788 3549 rursum
811 3495 1120 3553 Dominicus
1147 3513 1405 3555 numerus
1432 3515 1568 3555 unus
1596 3499 1766 3555 fieret.
1792 3500 1997 3558 Idcirco

427 3586 708 3657 Evangelii
756 3589 990 3658 scriptor
1033 3591 1294 3655 Joannes,
1319 3601 1605 3660 paternam
1637 3593 1993 3663 piscationem

426 3681 718 3750 omniaque
752 3690 932 3739 creata
990 3682 1342 3752 relinquens,
1397 3699 1577 3739 aerem
1634 3684 1763 3738 item
1807 3686 2000 3745 transi-

427 3770 567 3835 liens
595 3811 611 3835 ,
642 3786 742 3827 nec
785 3772 954 3831 solem
988 3782 1236 3831 moratus
1283 3789 1384 3829 nec
1417 3775 1637 3843 lunam;
1700 3777 1997 3832 celsissima

427 3878 560 3926 vero
587 3863 711 3919 cteli
741 3878 1025 3934 superans,
1080 3874 1436 3937 temporaque
1470 3877 1887 3939 praetergressus
1913 3880 1998 3927 est

428 3961 483 4005 et
514 3952 742 4018 saecula;
798 3946 890 4007 sed
937 3961 994 4008 et
1048 3952 1297 4023 Moyses.
1331 3954 1598 4024 principio
1624 3954 1716 4011 illo
1745 3954 1945 4010 omisso
1978 3973 1992 4010 :

430 4056 536 4105 non
580 4042 723 4094 enim
780 4041 936 4106 dixit,
973 4042 1026 4095 in
1059 4043 1324 4112 principio
1356 4042 1528 4111 fecit,
1562 4051 1621 4097 ut
1658 4044 1748 4113 qui
1780 4058 1884 4098 non
1917 4044 2000 4098 in-

430 4130 582 4187 duxit
607 4141 954 4196 creaturam;
994 4132 1090 4186 sed
1142 4143 1443 4187 creatorem
1503 4134 1867 4201 annuntiavit.
1896 4133 1997 4190 Ubi

431 4222 577 4287 enim
602 4231 686 4277 est
710 4229 993 4287 creatura,
1029 4222 1296 4292 quispiam
1327 4222 1492 4287 fecit;
1532 4223 1622 4280 ubi
1676 4239 1805 4278 vero
1837 4240 2000 4295 gene-

434 4311 575 4375 ratio
606 4320 745 4380 erat,
777 4328 843 4381 ex
875 4327 940 4368 eo
968 4314 1064 4385 qui
1102 4323 1202 4369 est.
1237 4314 1338 4381 Qui
1362 4315 1505 4369 enim
1529 4325 1632 4380 est,
1664 4330 1785 4371 eum
1818 4317 2004 4386 genuit

2103 3322 2257 3376 audit
2281 3336 2559 3377 sermones
2602 3335 2773 3384 meos,
2804 3321 2967 3374 habet
2993 3320 3156 3375 vitam
3190 3327 3471 3373 mternam.
3533 3317 3668 3372 Cum

2101 3409 2337 3465 Joannes
2367 3411 2532 3474 dicat,
2564 3408 2632 3463 In
2659 3410 2951 3478 principio;
2986 3409 3345 3471 Paulusvero,
3369 3407 3675 3463 Secundum

2102 3515 2335 3563 carnem,
2361 3499 2450 3568 qui
2483 3509 2557 3552 est
2580 3499 2941 3566 super‘omnia
2991 3497 3131 3552 Deus
3161 3498 3263 3568 (c);
3303 3497 3494 3552 Petrus
3538 3513 3671 3566 quo.-

2102 3603 2209 3657 que
2241 3610 2255 3646 :
2285 3589 2362 3645 Tu
2394 3607 2446 3645 es
2468 3590 2710 3645 Christus
2740 3589 2913 3644 Filius
2946 3590 3040 3644 Dei
3056 3590 3157 3643 vivi
3183 3590 3292 3661 (d);
3322 3589 3487 3644 David
3506 3605 3665 3644 vero:

2108 3682 2189 3738 Tu
2218 3694 2395 3737 autem
2428 3685 2564 3738 idem
2587 3684 2696 3753 ipse
2723 3700 2799 3749 es,
2830 3695 2878 3738 et
2903 3683 3030 3736 αηηὶ
3058 3683 3138 3736 tui
3169 3699 3272 3736 non
3300 3684 3539 3751 deﬁcient
3559 3682 3664 3754 (e);

2102 3783 2157 3831 et
2203 3775 2318 3844 ipse
2349 3775 2611 3831 Dominus
2648 3794 2663 3837 :
2704 3775 2819 3845 Ego
2851 3792 2967 3829 sum
2997 3775 3090 3828 lus:
3120 3778 3324 3843 mundi,
3347 3787 3402 3831 et
3446 3776 3665 3839 veritas,

2103 3876 2158 3921 et
2185 3868 2382 3922 ostium
2413 3867 2558 3937 regni
2582 3867 2842 3922 caelorum
2885 3867 2976 3937 (ι).
3006 3866 3062 3921 Si
3094 3882 3224 3937 ergo
3253 3876 3337 3922 est
3356 3868 3484 3938 quid
3510 3882 3664 3921 crea-

2105 3964 2243 4018 tum,
2294 3957 2565 4024 quomodo
2591 3963 2674 4009 est
2715 3963 2905 4009 auctor
2945 3964 2999 4008 et
3025 3965 3238 4010 creator
3260 3967 3560 4025 temporum
3614 3963 3669 4009 et

2108 4046 2475 4101 saeculorum?
2503 4045 2693 4101 Omnia
2735 4061 2827 4114 per
2857 4047 3027 4115 ipsum
3059 4047 3200 4115 facta
3243 4057 3361 4101 sunt
3393 4047 3489 4117 (g).
3534 4045 3668 4099 Nam

2110 4146 2264 4191 sexta
2294 4137 2381 4191 die
2433 4136 2643 4190 creavit
2680 4135 2978 4202 hominem,
3021 4151 3128 4205 qua
3157 4137 3321 4190 etiam
3355 4135 3485 4191 fecit
3531 4150 3667 4205 qua-

2109 4228 2369 4297 drupedia
2398 4238 2452 4283 et
2473 4227 2720 4297 reptilia;
2748 4230 2933 4298 quinta
2956 4238 3134 4282 autem
3171 4228 3410 4283 volatilia
3436 4228 3581 4291 caeli,
3614 4236 3671 4282 et

2096 4319 2283 4386 pisces
2311 4317 2509 4383 maris;
2538 4325 2756 4387 quarta,
2788 4316 2956 4372 solem
2974 4326 3029 4372 et
3056 4316 3266 4383 lunam;
3304 4318 3669 4386 tertia,aquas

504 4491 619 4563 (25)
669 4490 726 4546 ln
777 4490 922 4563 hunc
973 4490 1152 4546 locum
1200 4492 1273 4546 ita
1310 4500 1711 4559 commentatur
1740 4492 2010 4550 Combeli-
2041 4497 2086 4551 D
2116 4495 2334 4560 cimam,
2368 4501 2520 4563 utiex
2545 4492 2894 4551 Genebrardo
2915 4502 2969 4548 et
2998 4492 3119 4547 aliis
3143 4494 3367 4563 quisque
3398 4492 3555 4548 facile
3575 4507 3668 4563 co-

434 4565 551 4619 sius
579 4562 606 4617 :’
635 4580 653 4613 ι
689 4562 993 4616 Absurdius
1044 4571 1150 4625 est,
1182 4577 1342 4632 quam
1387 4572 1444 4616 ut
1470 4563 1593 4631 quis
1626 4563 1892 4616 tantillum
1925 4579 2012 4618 sa-

431 4636 586 4701 piens
616 4634 684 4688 de
712 4632 1164 4688 Constantiniana
1198 4635 1298 4687 hoc
1327 4632 1625 4686 Indictione
1649 4635 1888 4700 potuerit
1920 4649 2011 4690 ac-

432 4703 802 4772 cipereaquia
855 4701 997 4756 hanc
1045 4701 1245 4759 Christi
1300 4702 1558 4756 nativitas
1604 4704 1883 4770 praecessit
1918 4719 2012 4763 ccc

432 4774 654 4837 circiter
683 4772 842 4826 annis
882 4790 897 4826 :
936 4788 999 4827 ac
1034 4786 1211 4838 neque
1235 4772 1303 4826 de
1333 4772 1476 4836 aliis,
1506 4772 1550 4826 si
1587 4786 1707 4840 quae
1754 4772 1836 4828 vel
1871 4779 2011 4831 veri-

434 4853 543 4897 tate
585 4852 908 4897 asseruntur
944 4842 1030 4913 vel
1062 4841 1469 4913 conﬁnguntur,
1505 4854 1629 4913 puta
1676 4845 2007 4913 Attgustana,

432 4915 760 4977 Antoniana,
803 4921 909 4965 etc.
942 4911 1315 4979 Perspicacius
1345 4925 1471 4980 ergo
1514 4911 1784 4975 intuenti,
1823 4911 2007 4971 statim

433 4983 737 5038 occurrerit
786 4982 1013 5036 lndictio
1042 4980 1304 5045 Judaica,
1334 4996 1493 5050 quam
1530 4981 1631 5035 sibi
1664 4992 1872 5045 auctor,
1925 4984 2007 5038 in-

434 5062 559 5122 star
573 5052 1060 5122 Constantiniante,
1088 5052 1365 5122 conlingat
1390 5060 1741 5122 etgnumeret,
1766 5068 1796 5104 a
1828 5056 2006 5119 perfe-

434 5136 523 5175 cta
551 5121 874 5176 liberatione
903 5120 1214 5175 Judaaorum
1259 5120 1303 5191 a;
1318 5120 1582 5191 servitute
1614 5120 1953 5177 Macedonica
1985 5142 2000 5191 ;

435 5192 708 5260 quomodo
751 5191 1139 5246 Constantinus
1172 5198 1226 5244 et
1276 5190 1467 5260 Patres
1501 5188 1724 5258 Nicami,
1753 5188 2007 5247 numera-

436 5259 544 5314 tam
576 5260 1384 5316 volueruntConstantinianam
1421 5259 1563 5313 illam
1586 5300 1599 5322 ,
1648 5275 1677 5312 a
1734 5261 2003 5317 vindicata

440 5330 753 5396 Christiana
814 5330 1073 5400 religione
1131 5339 1186 5400 et
1246 5331 1533 5400 exstincto
1562 5329 1882 5384 Maxentio:
1924 5333 2005 5386 sic

437 5406 582 5456 enim
616 5398 1107 5460 invenietur'natus
1139 5399 1398 5459 Dominus
1422 5399 1488 5455 ad
1516 5398 1868 5459 lndictionem
1904 5402 2000 5458 de-

531 5572 582 5644 a)
614 5572 775 5644 Joan.
803 5591 844 5641 ι,
877 5586 933 5639 1.

531 5642 583 5725 ὁ)
610 5642 777 5725 hiare.
807 5663 847 5708 I,
873 5647 936 5725 5..

510 5715 580 5783 (ε)
620 5715 776 5768 Rom.
803 5730 878 5779 tx,
906 5716 959 5769 5.

508 5789 585 5861 ut)
619 5781 810 5843 Matth.
843 5800 952 5850 με,
988 5787 1066 5846 ιθ.

2119 4566 2385 4631 gnoverit.
2436 4562 2648 4627 Ubique
2676 4564 3080 4632 Amphilochius
3113 4565 3245 4616 scite
3289 4562 3494 4616 alludit.
3535 4580 3554 4614 ι
3591 4562 3666 4616 ita

2115 4633 2489 4689 Combelisius.
2536 4633 2750 4696 Verum,
2804 4648 2925 4685 cum
2969 4632 3162 4686 eruditi
3194 4633 3437 4700 plerique
3474 4646 3669 4686 conve-

2114 4705 2288 4768 niant,
2335 4703 2587 4771 exiguum
2617 4713 2709 4756 aut
2734 4702 2934 4755 nullum
2970 4714 3099 4757 ante
3121 4702 3460 4757 Constantini
3489 4700 3668 4771 Magni

2119 4782 2359 4841 tempora
2390 4773 2742 4826 lndictionum
2773 4789 2923 4826 usum
2950 4772 3133 4837 fuisse,
3177 4772 3360 4826 nescio
3385 4772 3524 4826 unde
3550 4772 3666 4824 Ma-

2114 4840 2427 4907 cedonicam
2462 4843 2810 4896 lndictionem
2831 4882 2845 4906 ,
2878 4852 2971 4894 aut
2995 4841 3271 4907 Judaicam
3315 4840 3668 4897 Combelisius

2114 4914 2384 4980 acceperit
2410 4914 2433 4966 ?
2471 4913 2626 4966 Certe
2654 4910 2891 4966 Basilius
2916 4909 3417 4979 ct'Amphilochius,
3451 4912 3496 4965 si
3521 4909 3668 4965 lndi-

2113 4982 2348 5036 ctionem
2410 4982 2670 5050 aliquam,
2714 4985 2857 5036 inter
2903 4983 3319 5050 computandum
3345 5021 3360 5044 ,
3390 4982 3668 5035 nominare

2111 5051 2448 5122 voluissent;
2481 5066 2586 5104 non
2626 5051 2786 5113 aliam
2837 5051 3231 5115 nominassent,
3259 5061 3454 5119 praeter
3481 5051 3667 5120 vulga-

2112 5136 2224 5173 rem
2271 5130 2325 5175 et
2371 5119 2870 5175 Constantinianam
2904 5161 2917 5183 ,
2957 5136 3120 5190 quam
3160 5123 3328 5176 solam
3381 5119 3663 5174 noverant.

2110 5190 2362 5245 Errorem
2400 5192 2584 5258 itaque
2628 5192 2967 5249 ascribamus
2987 5192 3286 5247 oscitantim
3317 5192 3668 5259 pseudo-Am-

2110 5261 2391 5328 philochii,
2428 5261 2561 5317 nihil
2604 5261 2744 5314 inter
2776 5262 2955 5331 priora
2985 5272 3040 5314 et
3076 5276 3170 5314 sua
3203 5273 3441 5328 tempora
3472 5261 3670 5314 discer-

2108 5332 2320 5393 nentis;
2351 5341 2408 5383 ut
2436 5331 2640 5400 reliqua
2673 5332 2832 5401 huius
2877 5331 3239 5401 chronologize
3271 5332 3502 5388 absurda
3526 5344 3666 5400 pra:-

2112 5410 2402 5455 tcreamus.

2186 5576 2255 5647 (e)
2285 5575 2423 5647 Psal.
2451 5592 2524 5640 cr,
2548 5575 2639 5630 ‘28.

2181 5643 2250 5716 (ι’)
2278 5646 2433 5716 .loan.
2464 5663 2583 5708 vm,
2628 5644 2728 5715 12;,
2754 5661 2862 5712 xw,
2890 5643 2954 5710 6;
2985 5662 3035 5714 x,
3062 5645 3116 5701 9.

2179 5714 2249 5789 (9)
2280 5714 2434 5775 Joau.
2467 5733 2502 5785 ι,
2532 5717 2585 5774 ’5.
