4076 6226
872 402 1244 459 EXCERPTA
1285 401 1375 455 EX
1416 400 1617 457 ACTIS
1651 402 1707 457 S.
1729 399 1972 462 BASILII
2012 394 2783 454 BOLLANDIAMS.——VITA.
2814 374 3235 449 APOCRYPHA‘

3488 408 3673 449 CCXCIX

444 517 649 585 divisit,
688 518 922 589 fecitque
946 527 1004 573 ut
1026 520 1178 575 arida
1204 526 1525 590 appareret;
1553 519 1809 587 secunda,
1842 518 2009 572 hocce
2035 523 2085 581 Α
2110 513 2323 580 είΥιιόὶι,
2354 525 2516 584 teque
2569 514 2638 567 ab
2663 524 2847 566 errore
2888 510 3117 581 plurium
3150 509 3374 565 deorum
3412 508 3464 562 in
3489 509 3675 577 cogni-

443 609 869 675 ﬁrmamentum,
902 612 1047 679 quod
1082 611 1244 680 capiti
1280 610 1690 680 supereminet,
1726 607 2003 675 condidit;

448 702 621 771 prima
646 700 897 769 denique,
923 702 1120 756 emtum
1142 711 1198 756 et
1228 711 1424 755 terram
1450 701 1667 755 deduxit
1686 700 1739 753 in
1763 708 2006 753 naturam

442 808 622 846 rerutn
649 808 663 857 ;
701 792 828 847 fecit
875 794 1051 849 lucem
1078 834 1094 859 ,
1124 795 1267 848 diem
1298 793 1516 857 statuit,
1548 793 1757 846 initium
1805 802 2009 859 tempo-

445 899 565 936 rum
616 883 879 939 deﬁnivit.
914 885 972 939 Si
1020 885 1186 954 igitur
1220 892 1603 948 estcreatura,
1655 882 1731 936 illi
1786 881 2009 949 assigna

444 984 653 1044 tempus
680 994 695 1043 ;
727 985 891 1045 atque
914 977 989 1031 ita
1010 977 1199 1032 eodem
1223 990 1342 1030 cum
1362 974 1559 1029 creatis
1583 973 1779 1028 habeto
1798 971 2005 1027 ordine.

446 1066 578 1120 Nam
607 1068 750 1136 quod
782 1068 898 1122 sine
926 1077 1167 1138 tempore
1192 1075 1318 1133 est,
1359 1068 1656 1120 increatum
1695 1071 1815 1128 est;
1865 1061 2009 1131 quod

440 1172 569 1212 vero
592 1169 672 1212 est
693 1160 894 1228 absque
924 1160 1207 1230 principio,
1224 1169 1481 1213 aeternum
1507 1166 1591 1211 est
1619 1173 1635 1210 :
1664 1154 1809 1209 solus
1828 1160 2007 1205 autem

443 1246 584 1302 Deus
607 1256 690 1302 est
713 1259 972 1315 aeternus,
999 1238 1196 1304 deitate
1231 1247 1575 1317 inseparabili
1604 1247 1656 1301 in
1691 1245 1861 1299 tribus
1884 1241 2006 1297 sub-

443 1336 709 1393 sistentiis
739 1359 751 1395 :
784 1351 911 1395 sunt
948 1355 1077 1411 ergo
1106 1341 1208 1395 tria
1230 1351 1439 1404 sancta,
1466 1340 1568 1393 tria
1602 1336 1763 1393 simul
1794 1342 2003 1397 sancta,

445 1432 545 1484 tria
588 1441 789 1485 aeterna
822 1470 839 1497 ,
874 1434 974 1486 tria
1004 1440 1274 1487 comterna
1301 1473 1318 1498 ,
1353 1432 1453 1486 tria
1498 1424 2004 1488 eonsubstantialia,

441 1520 543 1573 tria
572 1518 807 1575 eﬂieaeia
831 1559 848 1586 ,
878 1522 976 1574 tria
1006 1521 1372 1586 subsistentia,
1402 1520 1507 1575 sibi
1540 1520 1770 1573 invicem
1798 1512 2009 1569 coexsi-

439 1610 659 1664 stentia.
696 1610 937 1665 Vocatur
981 1610 1096 1666 hmc
1123 1611 1362 1665 Trinitas
1396 1618 1617 1674 sancta;
1657 1622 1764 1661 una
1797 1607 2010 1660 harmo-

440 1702 551 1766 nia,
588 1716 695 1756 una
721 1703 917 1767 deitas,
944 1702 1182 1768 eiusdem
1205 1702 1476 1767 essentiae,
1506 1701 1746 1769 ejusdem
1774 1696 2007 1761 virtutis,

438 1793 684 1862 ejusdem
727 1793 1044 1847 substantia:
1094 1807 1157 1846 ae
1210 1800 1418 1846 natura:
1449 1809 1464 1845 :
1490 1789 1683 1844 similis
1707 1801 1773 1842 ex
1804 1783 2006 1851 simili,

445 1856 704 1952 aequalem
731 1884 908 1940 Patris
956 1893 1010 1940 et
1039 1884 1161 1939 Filii
1203 1891 1258 1938 et
1286 1883 1523 1953 Spiritus
1560 1882 1736 1936 sancti
1776 1878 2007 1948 gratiam
2037 1856 2082 1912 Β

440 1975 670 2042 faciens,
698 1991 861 2030 unam
910 1975 1299 2040 substantiam,
1328 1990 1491 2028 unam
1521 1974 1798 2038 deitatem,
1844 1983 2006 2024 unam

440 2067 864 2121 dominationem
897 2108 913 2133 ,
944 2082 1107 2121 unam
1133 2065 1488 2132 voluntatem,
1541 2078 1710 2118 unum
1754 2075 2007 2132 regnum,

439 2171 599 2209 unam
642 2156 961 2221 Ecclesiam,
995 2170 1156 2210 unam
1188 2154 1370 2220 ﬁdem,
1399 2169 1564 2209 unum
1599 2153 1887 2223 baptisma.
1913 2150 2009 2206 Est

439 2247 528 2301 hic
557 2247 694 2301 Deus
725 2248 1101 2302 universorum
1130 2264 1145 2301 :
1174 2246 1261 2301 bie
1293 2245 1495 2300 Christi
1520 2243 1704 2311 Pater,
1736 2244 1825 2298 hic
1850 2242 2008 2297 Jesus

439 2338 688 2393 Christus
723 2354 902 2394 :unus
942 2339 1032 2393 ille
1074 2339 1139 2393 de
1192 2346 1381 2393 sancta
1417 2336 1682 2391 Trinitate
1715 2354 1729 2390 :
1777 2335 1869 2389 hic
1920 2334 2008 2389 ille

438 2426 529 2495 qui
566 2428 840 2481 descendit
870 2436 924 2481 et
951 2427 1195 2483 ascendit
1226 2467 1244 2495 ,
1291 2428 1495 2499 quique
1523 2427 1776 2483 considet
1831 2426 2006 2495 Patri,

439 2532 539 2572 nec
575 2529 856 2588 separatur
890 2535 920 2573 a
942 2520 1124 2574 nobis.

512 2627 532 2662 ε
566 2608 616 2664 is
671 2610 883 2665 animos
921 2621 1136 2667 nostros
1166 2612 1476 2668 custodiens
1502 2652 1517 2677 ,
1548 2627 1699 2683 spem
1759 2618 2003 2667 nostram

439 2701 814 2757 inconcussam
846 2704 1085 2757 servavit
1136 2713 1191 2758 et
1250 2704 1638 2770 immortalem,
1671 2704 1942 2773 simulque
1975 2718 2005 2758 a

441 2794 670 2849 mortuis
700 2794 936 2863 peccatis
972 2796 1036 2847 ad
1074 2796 1351 2851 caelestem
1392 2798 1563 2864 ipsius
1604 2796 1832 2867 gloriam
1860 2796 2006 2850 leva-

441 2888 546 2953 vit,
574 2886 931 2955 dignatusque
960 2885 1061 2939 fuit
1089 2926 1105 2952 ,
1135 2896 1195 2940 ut
1224 2887 1276 2940 in
1308 2888 1539 2943 nubibus
1565 2927 1580 2953 ,
1615 2888 1669 2942 in
1721 2903 2004 2943 occursum

437 2981 555 3049 ejus
584 2979 857 3047 rapiamur
903 2979 954 3032 itt
1014 2993 1229 3044 aerem;
1269 2988 1567 3047 nostraque
1616 2980 1831 3035 nomina
1868 2980 2007 3033 libro

438 3074 563 3126 vita:
592 3072 879 3141 ascripsit;
908 3072 1159 3139 prmstitit
1184 3086 1331 3137 vero,
1366 3081 1424 3124 ut
1455 3071 1508 3124 in
1540 3086 1661 3126 eum
1694 3073 2002 3134 credamus,

437 3165 527 3233 qui
562 3180 591 3217 a
625 3166 853 3218 mortuis
879 3165 1151 3228 surrexit,
1192 3164 1365 3232 ipsum
1415 3173 1593 3218 autem
1626 3165 1693 3220 de
1729 3165 1883 3218 caelis
1910 3179 2005 3218 ex-
2029 3205 2059 3235 ,ε

436 3266 761 3325 Spectemus,
796 3258 884 3325 qui
924 3271 1137 3310 sursum
1172 3271 1294 3310 cum
1331 3255 1493 3309 Patre
1525 3265 1609 3309 est
1632 3295 1647 3321 ,
1684 3263 1739 3308 et
1775 3256 1863 3309 hic
1919 3262 2004 3307 est

438 3350 717 3402 nobiscum
751 3387 766 3411 ,
799 3347 891 3416 qui
932 3349 1191 3418 cujusque
1240 3348 1506 3401 actionem
1561 3358 1616 3402 et
1655 3347 1778 3401 ﬁdei
1839 3348 2004 3401 robur

435 3441 597 3495 videt.
658 3440 764 3496 Nec
792 3441 931 3495 enim
963 3480 978 3504 ,
1040 3441 1165 3509 quia
1199 3442 1349 3495 abest
1383 3454 1549 3494 carne
1574 3481 1590 3505 ,
1638 3439 1840 3494 idcirco
1894 3455 2001 3495 non

437 3544 757 3601 praesentem
802 3533 1197 3587 existimaveris
1227 3548 1240 3595 ;
1285 3533 1437 3586 adest
1471 3532 1615 3586 enim
1652 3533 1861 3587 medius
1891 3533 2000 3602 spi-

439 3625 565 3687 ritu,
596 3626 821 3679 audiens
850 3640 969 3693 quae
1004 3626 1068 3679 de
1091 3625 1207 3691 ipso
1236 3624 1398 3678 verba
1421 3623 1788 3692 proferuntur,
1815 3626 2002 3679 videns

446 3725 564 3768 tuos
598 3716 762 3768 animi
796 3729 1008 3780 sensus,
1049 3725 1208 3782 atque
1238 3713 1401 3767 corda
1429 3723 1484 3767 et
1514 3729 1672 3768 renes
1706 3724 1954 3769 scrutatis
1985 3732 1997 3767 :

437 3806 527 3871 qui
565 3806 729 3859 etiam
762 3806 920 3859 modo
948 3813 1230 3874 promptus
1266 3814 1367 3872 est,
1402 3815 1457 3859 ut
1486 3815 1537 3859 et
1568 3822 1665 3861 nos
1707 3819 2002 3875 omnesque

438 3898 703 3962 homines,
734 3899 823 3966 qui
850 3907 1166 3952 erraverunt
1194 3906 1248 3951 et
1296 3898 1589 3965 puenitent,
1623 3898 1787 3953 Patri
1812 3898 2004 3955 oﬁ'et‘at

441 4006 535 4059 per
580 4005 795 4044 sacrum
854 3990 1163 4058 baptisma,
1216 3989 1468 4056 dicatque
1528 4006 1542 4042 :
1603 3990 1741 4045 Ecce
1796 4006 1894 4061 ego
1949 4001 2003 4046 et

440 4083 610 4149 pueri,
640 4097 774 4151 quos
820 4082 951 4134 mihi
1004 4081 1146 4135 Deus
1179 4080 1328 4135 dedit
1349 4122 1364 4147 ,
1393 4081 1478 4135 cui
1508 4080 1675 4151 gloria
1701 4083 1754 4136 in
1783 4084 1999 4137 saecula.

440 4175 627 4227 Amen.

512 4284 530 4316 ι
566 4264 642 4318 Ειι
681 4264 773 4317 tibi
828 4264 980 4317 trado
1013 4263 1169 4317 ﬁdem
1204 4303 1220 4328 ,
1278 4277 1439 4331 quam
1473 4262 1758 4317 ediderunt
1790 4274 1843 4318 et
1896 4278 2001 4318 una

437 4372 565 4411 voce
611 4356 840 4412 confessi
874 4365 996 4411 sunt
1025 4356 1195 4410 sancti
1250 4355 1458 4419 Patres,
1489 4358 1577 4424 qui
1609 4355 1841 4411 Nicmam
1876 4373 2004 4411 con-

436 4462 719 4504 venerunt.
769 4470 785 4501 ι
822 4450 1060 4503 Eubulus
1092 4460 1269 4502 autem
1301 4448 1473 4502 dixit:
1507 4467 1524 4498 ‹
1564 4446 1607 4501 Ο
1638 4447 1819 4513 Basili,
1842 4450 2005 4504 coele-

436 4544 535 4599 stis
591 4545 802 4607 doctor,
853 4542 1151 4597 Trinitatis'
1198 4551 1581 4610 propugnator,
1637 4541 1753 4610 pari
1809 4541 2078 4628 roboreD

434 4653 642 4708 prreco;
681 4653 775 4706 per
803 4644 856 4690 te
889 4638 1047 4690 credo
1074 4638 1124 4690 in
1160 4651 1322 4689 unum
1348 4634 1514 4688 Deum
1554 4636 1999 4703 omnipotentem,

435 4740 490 4783 et
524 4745 641 4799 qua:
686 4737 1023 4797 sequuntur;
1072 4738 1325 4797 exspecto
1363 4729 1811 4782 resurrectionem
1855 4744 1998 4783 mor-

434 4829 682 4881 tuorum,
748 4829 801 4871 et
852 4820 1017 4871 vitam
1065 4818 1276 4871 venturi
1330 4818 1531 4871 saaculi.
1578 4819 1771 4871 Amen.
1822 4818 1998 4888 Opere

433 4924 613 4969 autem
651 4914 745 4967 tibi
779 4914 1002 4966 ostendo
1040 4912 1196 4963 ﬁdem
1228 4953 1242 4977 ,
1304 4927 1422 4979 qua:
1446 4919 1532 4964 est
1578 4911 1628 4963 in
1664 4926 1749 4963 me
1779 4929 1792 4964 :
1828 4914 2001 4966 omni-

432 5007 641 5073 busque
695 5004 829 5057 meis
897 5003 1239 5057 facultatibus
1286 5003 1337 5055 in
1391 5003 1643 5055 manibus
1678 5003 1783 5056 tuis
1833 5003 1995 5067 datis,

430 5096 652 5151 residuo
681 5095 802 5147 vita:
820 5109 952 5147 meae
978 5101 1238 5163 tempore,
1271 5095 1315 5148 si
1345 5094 1598 5163 placitum
1628 5092 1681 5146 in
1709 5103 1997 5161 conspectu

434 5188 527 5242 Dei
559 5187 719 5240 fuerit
748 5228 762 5253 ,
805 5194 978 5240 tecum
1014 5201 1127 5248 ero,
1162 5194 1411 5255 suscepta
1472 5186 1881 5254 regeneratione
1934 5202 2000 5239 ex

436 5297 574 5350 aqua
604 5292 657 5335 et
679 5278 882 5348 Spiritu
904 5286 1110 5331 saneto.
1147 5295 1164 5327 ι
1188 5278 1470 5331 Aitautem
1490 5275 1719 5330 Basilius
1750 5294 1761 5328 :
1788 5294 1805 5326 ι
1831 5275 2002 5331 Bene-

434 5374 610 5427 dictus
663 5372 921 5427 Dominus
974 5369 1112 5423 Deus
1143 5380 1346 5435 noster,
1384 5370 1578 5424 amodo
1615 5378 1671 5423 et
1723 5384 1889 5437 usque
1944 5369 1997 5423 in

435 5463 686 5517 sarculum
711 5502 725 5526 ,
754 5456 1039 5519 oEubule,
1072 5458 1164 5527 qui
1206 5458 1384 5512 lumen
1436 5472 1621 5512 verum
1665 5459 1831 5512 menti
1896 5466 1999 5511 tuae

508 5640 620 5713 (ξ’-ὧ)
642 5642 898 5697 Libanius
922 5640 1119 5713 impius
1152 5638 1524 5713 idololatra,_e_t
1547 5654 1717 5708 usque
1743 5639 1807 5713 ad
1840 5639 1998 5713 ﬁnem

440 5711 559 5763 vita:
598 5709 841 5778 pertinax
884 5715 936 5767 in
966 5709 1061 5765 sua
1103 5711 1400 5777 impietate,
1427 5709 1470 5761 si
1499 5711 1687 5777 jurare
1721 5709 1996 5773 voluisset,

437 5798 540 5831 non
571 5799 664 5848 per
684 5784 918 5835 divinam
948 5780 1370 5841 Providentiam,
1410 5780 1499 5832 sed
1525 5794 1617 5844 per
1641 5778 1849 5837 Jovem,
1872 5778 1997 5831 For-

440 5858 620 5905 tunam
652 5893 665 5909 .
710 5864 798 5907 aut
850 5852 1127 5924 gentilium
1180 5849 1401 5906 deorum
1454 5849 1681 5918 aliquem
1735 5848 1991 5914 iurasset.

2112 608 2312 661 tionem
2343 602 2732 660 misericordiae
2757 617 2868 655 sure
2910 602 3211 656 transtulit.
3232 600 3311 653 Ex
3337 616 3444 670 quo
3472 610 3673 665 autem,

2111 712 2168 755 ut
2188 699 2390 762 dixisti,
2416 712 2624 751 mecum
2656 708 2774 747 esse
2806 693 2887 747 vis
2909 732 2923 757 ,
2957 694 3235 748 ostendam
3263 691 3361 745 tibi
3409 688 3677 760 quomodo

2112 794 2271 848 saluti
2305 802 2502 846 nostra:
2532 789 2933 859 provideamus,
2966 802 2995 839 a
3050 784 3230 840 saeculi
3259 784 3418 851 hujus
3450 782 3675 837 vinculis

2112 883 2287 938 liberi.
2330 882 2710 938 Venundemus
2749 880 2932 946 itaque
2962 886 3142 931 nostra
3180 875 3382 940 omnia,
3414 883 3469 928 et
3494 873 3675 928 confe-

2112 987 2295 1028 ramus
2329 972 2381 1025 in
2417 984 2613 1041 egenos
2646 987 2660 1024 :
2699 970 2885 1039 sicque
2932 971 3143 1023 demum
3168 968 3235 1022 ad
3266 976 3506 1021 sanctam
3538 966 3674 1020 civi-

2113 1072 2278 1118 tatem
2305 1071 2613 1133 pergentes,
2642 1060 2879 1129 factique
2912 1059 3011 1128 ipsi
3040 1058 3371 1127 inspectores
3391 1057 3676 1111 miraculo-

2111 1169 2234 1209 rum
2258 1168 2377 1223 quae
2409 1153 2515 1207 illic
2546 1154 2820 1216 visuntur,
2852 1164 3248 1217 consequemur
3270 1150 3515 1204 ﬁduciam
3536 1150 3673 1217 apud

2111 1244 2303 1298 Deum.
2343 1263 2362 1296 ›
2398 1244 2529 1298 Cum
2563 1242 2640 1296 sic
2661 1257 2788 1310 ergo
2816 1243 2976 1295 ambo
3004 1254 3090 1295 res
3109 1254 3233 1294 suas
3256 1239 3343 1308 pie
3372 1238 3675 1294 distribuis-

2111 1342 2252 1397 sent,
2282 1332 2501 1399 solaque
2541 1347 2605 1386 ex
2635 1332 2714 1385 eis
2744 1330 3051 1383 indumenta
3098 1329 3367 1397 baptismo
3416 1338 3675 1397 opportu-

2113 1438 2183 1478 na
2209 1423 2490 1485 emissent,
2523 1421 2947 1489 Hierosolymam
2996 1418 3224 1487 profecti
3256 1425 3401 1482 sunt,
3446 1431 3674 1471 convcr-

2112 1521 2284 1569 tentes
2330 1514 2396 1567 ad
2442 1514 2723 1568 Dominum
2767 1512 2991 1565 multam
3038 1509 3315 1580 gentilium
3376 1508 3675 1563 multitudi-

2110 1622 2255 1662 nem.
2288 1624 2308 1656 ι

2743 1712 2967 1769 CAPUT
2992 1713 3057 1767 ll.

2184 1808 2469 1877 Susceptus
2494 1808 2785 1876 baptismua
2812 1846 2826 1868 ,
2853 1807 3190 1877 diaconatus,
3230 1803 3556 1877 episcopatus
3585 1818 3603 1855 :

2410 1874 2623 1931 Juliani
2653 1892 2813 1941 mors,
2843 1875 3046 1929 Libanii
3077 1874 3365 1929 conversio.

2176 1993 2311 2049 Cum
2335 2001 2514 2048 autem
2550 1990 2891 2046 Antiochiam
2924 1988 3315 2059 pervenissent,
3339 1987 3676 2043 diverterunt

2107 2083 2174 2140 ad
2200 2082 2471 2139 stabulum
2516 2082 2806 2151 quoddam.
2840 2079 3010 2133 Filius
3049 2092 3210 2147 porro
3235 2077 3537 2145 stabularii,
3564 2093 3664 2132 no-

2105 2177 2253 2232 mine
2300 2175 2645 2241 Pbiloxenus,
2683 2173 2736 2227 in
2785 2171 2950 2226 multa
2998 2170 3266 2225 anxietate
3310 2185 3420 2239 prae
3466 2168 3676 2224 foribus

2107 2267 2351 2323 sedebat.
2382 2265 2511 2320 Erat
2558 2273 2740 2319 autem
2766 2263 2857 2318 hic
2894 2261 3184 2332 discipulus
3227 2261 3438 2315 Libanii
3495 2260 3676 2330 sophi-

2106 2368 2224 2423 stre,
2249 2374 2279 2412 a
2302 2373 2409 2428 quo
2436 2370 2625 2411 versus
2654 2354 2873 2409 Homeri
2901 2352 3146 2407 oratione
3173 2351 3345 2407 soluta
3373 2352 3675 2405 reddendos

2106 2458 2390 2519 acceperat
2420 2463 2629 2518 :eoque
2663 2447 2716 2500 in
2752 2444 2919 2499 multa
2949 2444 3281 2499 constitutus
3309 2441 3599 2497 alllictione
3619 2451 3674 2495 et

2106 2542 2319 2598 consilii
2359 2540 2550 2609 inops,
2576 2538 2752 2593 tristis
2784 2536 3023 2591 dolebat.
3061 2534 3344 2590 Contuitus
3374 2549 3500 2589 eum
3522 2531 3677 2587 Basi-

2106 2633 2231 2701 lius,
2259 2634 2334 2687 ait
2364 2631 2430 2686 ad
2462 2632 2637 2701 ipsum
2671 2648 2685 2684 :
2724 2649 2743 2682 ι
2780 2630 2889 2685 Cur
2933 2630 3013 2684 sic
3053 2640 3284 2685 moestus
3326 2645 3420 2695 es,
3447 2644 3480 2684 o
3521 2632 3675 2699 juve-

2105 2724 2233 2778 nis?
2271 2742 2289 2776 ι
2316 2724 2384 2776 At
2422 2721 2511 2776 ille
2542 2738 2599 2775 ε(
2626 2721 2755 2787 Quae
2774 2720 2905 2775 mihi
2931 2720 3158 2784 utilitas,
3192 2721 3239 2775 si
3268 2722 3459 2775 dixero
3482 2719 3615 2774 tibi?
3648 2739 3668 2772 ι

2108 2813 2351 2868 Instante
2368 2823 2544 2867 autem
2581 2811 2800 2876 Basilio,
2820 2822 2874 2865 et
2926 2812 3043 2866 fore
3082 2812 3430 2879 promittente
3463 2810 3674 2880 utquid

2105 2906 2417 2973 prodesset,
2474 2904 2612 2958 dixit
2644 2902 2761 2966 ille,
2790 2911 2900 2957 tum
2929 2904 3248 2970 sephistatn,
3292 2910 3402 2954 tum
3438 2916 3668 2967 versus;

2107 2998 2355 3067 quodque
2384 3010 2447 3051 ea
2484 3010 2649 3049 causa
2692 2994 2873 3049 animo
2914 2996 3105 3047 anxius
3140 3003 3301 3047 esset.
3343 2992 3412 3045 At
3435 2991 3673 3047 Basilius

2107 3089 2339 3157 acceptis
2356 3088 2623 3151 versibus,
2649 3102 2833 3141 eorum
2858 3088 3021 3155 cmpit
3046 3085 3448 3138 translationem
3469 3084 3670 3136 dicere.

2108 3180 2339 3249 Stupens
2370 3194 2499 3234 vero
2527 3178 2739 3249 juvenis
2765 3216 2778 3242 ,
2813 3184 2866 3230 et
2895 3192 3056 3245 quam
3094 3175 3329 3228 maxime
3372 3173 3548 3235 laetus,
3580 3188 3669 3226 ro-

2107 3270 2266 3340 gabat
2295 3277 2354 3321 ut
2404 3270 2519 3322 haec
2548 3268 2753 3337 scripto
2807 3276 3100 3335 exponeret
3130 3283 3143 3319 :
3175 3267 3220 3318 is
3262 3280 3422 3333 porro
3451 3264 3675 3318 solutio-

2106 3376 2228 3415 nem
2274 3358 2469 3427 triplici
2506 3359 2758 3413 versione
2781 3358 3019 3426 scripsit.
3052 3357 3195 3410 Puer
3221 3366 3397 3411 autetn
3436 3356 3674 3424 suscepit

2105 3468 2296 3508 versus
2321 3451 2562 3521 gaudens
2589 3491 2602 3515 ,
2637 3462 2971 3519 pergensque
3009 3447 3241 3501 diluculo
3278 3449 3341 3500 ad
3366 3447 3670 3513 Libanium,

2109 3544 2272 3599 tradit
2318 3543 2366 3596 ei
2400 3557 2658 3596 versuum
2700 3540 3132 3594 translationem.
3168 3538 3463 3608 Accipiens
3492 3549 3671 3595 autem

2105 3635 2399 3699 Libanius,
2430 3646 2485 3688 et
2535 3648 2700 3700 super
2751 3632 3107 3685 translatione
3143 3630 3518 3684 vehementius
3578 3632 3673 3684 ad-

2104 3728 2332 3791 mirans,
2366 3726 2543 3779 dixit:
2577 3744 2594 3775 t
2634 3725 2737 3778 Per
2761 3723 2853 3776 Dei
2895 3722 3009 3794 (9.4)
3051 3722 3469 3790 providentiam,
3497 3722 3673 3797 nullus

2106 3817 2203 3870 αξνὶ
2242 3815 2399 3884 hujus
2453 3813 2751 3881 sapientum
2788 3811 2894 3865 tale
2923 3813 3051 3881 quid
3081 3819 3258 3879 potest
3288 3809 3669 3879 interpretari;

2105 3909 2248 3964 unde
2294 3923 2424 3978 ergo
2481 3908 2672 3960 horum
2726 3918 2895 3958 novus
2952 3902 3199 3957 artifex?
3255 3921 3275 3953 ›
3334 3902 3424 3955 Ait
3487 3902 3671 3956 adole-

2105 4015 2261 4056 scens
2287 4014 2297 4047 :
2334 4018 2351 4049 ι
2389 3998 2710 4063 Peregrinus
2736 3996 2975 4064 quidam,
3004 3997 3224 4049 veniens
3254 3993 3369 4048 heri
3403 3994 3469 4047 ad
3494 3994 3672 4064 hospi-

2106 4091 2258 4153 tium,
2295 4104 2481 4143 eorum
2532 4088 2663 4142 mihi
2721 4088 3042 4144 solutionem
3091 4086 3489 4157 promptissime
3542 4103 3674 4143 enu-

2106 4182 2321 4238 creavit.
2366 4201 2385 4233 ›

2176 4274 2321 4329 Nihil
2354 4288 2479 4344 ergo
2502 4282 2787 4328 cunctatus
2814 4272 3091 4341 Libanius,
3113 4289 3273 4329 cursu
3296 4274 3360 4328 ad
3380 4274 3670 4341 hospitium

2106 4366 2255 4421 venit
2298 4385 2309 4419 :
2360 4380 2591 4433 eumque
2634 4363 2889 4419 Basiliam
2933 4380 3057 4419 cum
3115 4366 3321 4421 Eubulo
3345 4367 3568 4421 vidisset
3619 4374 3675 4419 et

2108 4458 2446 4527 agnovisset,
2478 4457 2623 4510 velut
2655 4465 2827 4509 tactus
2851 4458 2917 4510 de
2938 4457 3077 4511 coelo
3111 4472 3209 4526 pro
3258 4458 3531 4525 insperato
3578 4456 3675 4510 ad-

2107 4558 2270 4604 ventu
2303 4546 2477 4601 factus
2524 4554 2625 4600 est.
2679 4546 3056 4616 Rogavitergo
3089 4557 3147 4600 ut
3198 4548 3250 4600 in
3280 4547 3494 4600 domum
3520 4561 3671 4599 suam

2110 4641 2472 4703 diverterent;
2512 4652 2575 4691 ae
2608 4638 2715 4691 voti
2744 4653 2981 4707 compos,
3012 4638 3203 4692 orabat
3251 4647 3307 4690 ut
3340 4638 3498 4692 etiam
3522 4637 3672 4691 cibos

2109 4733 2353 4788 conditos
2393 4739 2447 4785 et
2479 4730 2815 4785 delicatiores
2860 4738 3132 4785 sumerent
3164 4753 3174 4786 :
3211 4739 3267 4783 at
3305 4729 3378 4783 illi
3415 4742 3553 4796 pane
3614 4737 3669 4781 et

2109 4839 2245 4891 aqua
2270 4822 2477 4878 modice
2505 4821 2706 4887 satiati,
2739 4837 2835 4889 pro
2860 4836 2955 4875 sua
2992 4822 3079 4874 illa
3124 4831 3177 4875 et
3206 4821 3345 4891 apud
3381 4835 3475 4874 eos
3520 4819 3669 4873 obti-

2108 4925 2270 4969 nente
2298 4911 2710 4976 consuetudine,
2765 4912 2967 4981 gratias
3001 4920 3223 4980 egerunt
3256 4912 3365 4965 Deo
3399 4912 3675 4965 universo-

2108 5022 2225 5060 rum
2252 5016 2305 5059 et
2331 5005 2599 5061 bonorum
2631 5003 2893 5072 largitori.
2941 5004 3193 5057 Actutum
3224 5018 3353 5073 ergo
3385 5005 3547 5073 coepit
3574 5001 3662 5055 Li-

2110 5096 2305 5150 banius
2337 5110 2459 5149 eum
2495 5096 2601 5149 illis
2632 5094 2927 5162 disputare,
2958 5102 3012 5146 et
3041 5094 3313 5147 rhetorum
3348 5108 3516 5163 nugas
3534 5108 3673 5161 prte-

2112 5189 2379 5242 tendere:
2416 5198 2471 5239 at
2524 5186 2599 5240 illi
2652 5193 3047 5254 preposuerunt
3078 5198 3379 5238 sermonem
3432 5184 3498 5237 de
3542 5183 3668 5237 ﬁde.

2108 5280 2366 5335 Libanius
2397 5288 2575 5333 autem
2599 5277 2743 5331 dicta
2772 5276 3079 5345 percipiens
3099 5284 3458 5346 gustansque;
3481 5291 3500 5324 ‹
3527 5272 3671 5328 Non-

2107 5371 2253 5434 dum,
2305 5370 2521 5438 inquit,
2568 5378 2651 5422 est
2696 5376 2907 5435 tempus
2948 5366 3107 5435 hujus
3161 5365 3409 5435 negotii:
3447 5364 3674 5433 jubente

2090 5470 2286 5516 autem
2323 5460 2687 5526 Providentia,
2740 5475 2845 5515 non
2874 5468 2959 5514 est
2988 5460 3081 5529 qui
3116 5458 3351 5513 resistat.
3407 5456 3511 5512 Sed
3546 5458 3671 5527 quia

2116 5642 2306 5698 Exstat
2336 5644 2455 5711 ejus
2501 5646 2677 5699 oratio
2707 5644 2773 5698 de
2802 5643 2913 5697 vita
2938 5656 3032 5697 sua
3054 5683 3067 5704 ,
3100 5643 3152 5695 in
3187 5656 3292 5710 qua
3323 5639 3452 5694 nihil
3479 5639 3671 5711 divinae

2110 5710 2482 5779 Providentiae,
2520 5716 2611 5768 sed
2642 5715 2821 5768 omnia
2862 5730 2979 5782 quae
3028 5712 3129 5769 sibi
3181 5721 3494 5775 evenerant,
3530 5710 3669 5765 maia

2107 5794 2162 5837 et
2196 5784 2356 5847 bona,
2392 5783 2639 5840 Fortuna:
2670 5785 2929 5839 attribuit.
