4076 6226
409 410 497 454 π

1763 383 2290 445 PROLECOMENA.

416 512 705 579 plurimum
736 507 869 562 mihi
901 504 1169 575 profuisti,
1200 521 1235 562 ο
1265 506 1451 574 Basili,
1481 523 1548 564 ne
1567 508 1729 563 etiam
1756 509 1978 577 juvenes
2005 513 2053 568 Α
2087 505 2274 567 sisset,
2302 498 2454 556 bnmi
2481 513 2542 554 se
2568 496 2774 565 iactat;
2807 502 2862 552 et
2904 509 3026 553 cum
3049 494 3308 567 lacrymis
3334 503 3389 552 et
3416 496 3651 556 clamore

408 605 502 674 qui
544 601 684 673 apud
719 615 806 655 me
832 599 1135 655 educantur
1175 598 1374 669 alloqui
1422 613 1662 656 recuses.
1711 616 1729 651 ι
1773 599 1822 654 ls
1849 614 1978 653 vero

412 696 556 750 nulla
609 706 801 757 mora,
842 698 1196 761 congregatos
1250 691 1371 747 illos
1425 693 1608 748 docuit
1644 691 1761 763 (25)
1785 692 1979 745 mentis

409 787 731 843 munditiam
759 785 1115 856 corporisque
1137 785 1450 855 apathiam;
1485 786 1731 842 decoram
1759 786 1978 840 habitus

402 880 878 952 compositionem,
929 879 1203 933 incessum
1253 879 1462 946 lenem,
1494 893 1682 933 vocem
1707 888 1977 946 tempera-

406 983 541 1038 tam,
574 971 754 1027 cibum
778 980 832 1026 et
865 980 1053 1041 potum
1088 971 1294 1040 absque
1316 969 1758 1040 perturbatione;
1793 982 1975 1024 coram

402 1061 711 1120 senioribus
736 1061 1036 1127 silentium,
1058 1075 1239 1116 coram
1265 1060 1682 1129 sapientioribus
1697 1061 1974 1130 auditum;

407 1171 536 1226 erga
562 1153 868 1224 superiores
889 1151 1272 1216 obedientiam,
1295 1164 1422 1222 erga
1452 1150 1687 1219 aequales
1708 1151 1977 1207 minores-

407 1262 512 1315 que
543 1246 868 1302 cbaritatem
909 1259 1013 1298 non
1078 1242 1382 1297 simulatam
1410 1257 1425 1307 ;
1459 1255 1490 1296 a
1521 1242 1674 1298 vanis
1702 1251 1755 1296 et
1783 1256 1977 1297 carna-

406 1338 550 1393 libus
595 1336 1045 1407 negotiorumque
1095 1332 1534 1388 facessendorum
1568 1333 1828 1388 studiosis
1852 1332 1977 1388 abs-

407 1431 581 1496 trahi;
627 1442 794 1499 pauca
821 1427 987 1498 loqui,
1015 1427 1184 1480 multa
1207 1440 1339 1480 vero
1374 1424 1647 1494 cogitare;
1712 1438 1820 1479 non
1855 1436 1977 1479 esse

407 1521 728 1576 audaciores
758 1533 1040 1581 sermone,
1074 1531 1180 1570 non
1210 1514 1548 1584 loquaciores
1574 1534 1589 1584 ;
1620 1531 1723 1570 non
1766 1530 1885 1572 esse
1908 1517 1974 1569 ad

411 1615 576 1667 risum
611 1611 912 1680 praecipites
937 1649 951 1671 ,
1010 1610 1211 1679 pudore
1254 1608 1565 1672 ltoncstari;
1603 1623 1707 1663 non
1743 1604 1975 1678 colloqui

409 1699 689 1767 impudicis
720 1697 1068 1762 mulieribus;
1123 1710 1244 1750 esse
1275 1695 1395 1748 visu
1423 1694 1679 1762 vultuque
1709 1693 1971 1758 demisso,

409 1793 589 1846 animo
634 1798 813 1844 autem
845 1803 1059 1845 sursum
1092 1798 1309 1852 erecto;
1361 1788 1548 1857 fugere
1581 1784 1972 1841 contradictio-

408 1899 526 1947 nes,
551 1898 657 1937 tton
685 1881 933 1951 persequi
957 1881 1279 1951 dignitatem
1306 1877 1579 1948 magistri,
1604 1875 1757 1931 nihili
1793 1875 1973 1930 facere

405 1974 547 2042 quod
575 1984 765 2028 omnes
795 1970 1030 2024 habeant
1058 1968 1275 2032 honori,
1320 1981 1418 2021 nec
1455 1965 1801 2038 proficientes
1825 1974 1972 2033 qute-e

404 2079 528 2120 rere
576 2062 868 2118 humanam
928 2060 1146 2117 laudem
1202 2077 1217 2113 :
1272 2059 1419 2129 quod
1461 2056 1505 2113 si
1563 2057 1687 2125 quis
1733 2064 1971 2110 vestrum

401 2155 523 2209 aliis
577 2154 743 2209 etiam
814 2154 1077 2224 prodesse
1126 2160 1351 2221 potest,
1397 2165 1428 2204 a
1502 2148 1617 2204 Deo
1668 2147 1972 2203 mercedem

401 2254 686 2317 exspectet
725 2255 781 2299 et
812 2254 1135 2300 aeternorum
1177 2244 1438 2297 bonorum
1507 2239 1969 2302 vicissitudinem,

402 2340 459 2394 in
530 2336 749 2393 Christo
809 2335 938 2392 Jesu
1017 2334 1245 2389 Domino
1316 2341 1527 2390 nostro.
1603 2328 1675 2387 iis
1740 2329 1975 2386 Basilius

403 2431 469 2483 ad
502 2427 718 2484 Libanii
773 2425 1069 2496 discipulos
1129 2424 1335 2489 dictis,
1383 2424 1744 2491 omnibusque
1791 2417 1973 2476 admi-

404 2518 603 2576 rationi
659 2518 874 2573 ltabitus
905 2555 922 2582 ,
965 2528 1071 2571 una
1112 2531 1234 2571 cum
1263 2515 1470 2571 Eubulo
1517 2521 1839 2570 prosecutus
1889 2523 1975 2568 est

404 2609 528 2664 iter.
768 2610 771 2615 ’

473 2698 607 2755 Cum
649 2698 831 2767 itaque
856 2696 1287 2768 Hierosolymam
1306 2698 1698 2766 pervenissent,
1728 2708 1974 2750 omnem-

403 2802 509 2859 que
544 2788 721 2843 locum
747 2804 963 2844 sacrum
1004 2788 1108 2844 fide
1136 2794 1193 2841 et
1220 2787 1492 2842 desiderio
1526 2787 1972 2857 perlustrassent,

404 2891 453 2933 et
486 2880 538 2932 in
586 2880 666 2932 eis
720 2879 884 2933 Deum
920 2880 1010 2947 qui
1064 2886 1148 2933 est
1191 2893 1354 2946 super
1384 2879 1563 2932 omnia
1610 2879 1970 2943 adorassent;

408 2965 678 3021 manifesti
731 2977 858 3021 sunt
904 2968 1158 3036 episcopo
1184 2967 1445 3032 civitatis,
1472 2967 1689 3022 nomine
1717 2966 1973 3024 Maximo.

407 3058 546 3115 lluic
601 3072 729 3111 vero
786 3058 1139 3122 accedentes,
1178 3059 1587 3126 postulaverunt
1629 3067 1689 3113 ut
1736 3058 1972 3112 divinam

406 3148 864 3221 regenerationem
904 3149 959 3203 in
997 3148 1239 3204 Jordane
1274 3148 1439 3205 ﬂuvio
1481 3150 1671 3205 liceret
1696 3152 1971 3221 consequi.

405 3239 505 3295 Eos
528 3239 613 3293 vir
639 3239 732 3293 ille
749 3250 970 3295 sanctus
996 3239 1085 3294 ubi
1112 3238 1300 3309 plenos
1327 3238 1431 3294 fide
1479 3239 1706 3296 vidisset
1730 3281 1748 3308 ,
1780 3226 1967 3310 implet

406 3345 639 3400 Ipsorum
664 3331 1003 3400 petitionem,
1067 3331 1339 3400 sociisque
1365 3330 1613 3387 fidelibus
1642 3332 1798 3399 viris,
1823 3335 1969 3391 venit

406 3423 472 3478 sd
510 3419 818 3477 Iordanem.
859 3422 994 3477 Cum
1034 3438 1162 3479 vero
1198 3422 1434 3478 Basilius
1484 3424 1552 3479 ad
1582 3422 1755 3494 ripam
1785 3440 1973 3482 acces-

478 3599 590 3672 ('25)
624 3600 773 3665 Haec,
800 3611 854 3657 et
883 3615 1001 3670 quae
1021 3610 1352 3672 sequuntur,
1373 3600 1577 3670 Optima
1604 3611 1752 3672 sunt,
1777 3617 1841 3660 ac
1865 3602 1973 3657 Ba-

408 3671 530 3728 silio
559 3671 719 3743 digna
744 3688 761 3726 :
789 3675 891 3743 sed
906 3671 1257 3743 parum’apte
1275 3680 1648 3740 preponuntur
1679 3671 1970 3743 juvenibus

407 3741 662 3813 ethnicis,
681 3742 927 3810 quamvis
958 3741 1293 3812 philosophis
1323 3760 1337 3794 :
1368 3755 1493 3795 nam
1515 3755 1583 3796 ex
1621 3756 1808 3797 eorum
1830 3741 1973 3813 prin-

412 3810 585 3882 cipiis
605 3814 718 3867 erui
760 3828 865 3866 non
897 3821 1142 3882 possunt.

483 3880 598 3950 (26)
627 3883 832 3946 Quaerit
878 3879 1261 3945 Combefisius,
1311 3896 1410 3935 cur
1464 3879 1718 3948 Basilius,
1776 3881 1867 3950 pie
1917 3896 1981 3936 ac

415 3959 600 4004 sancte
629 3951 892 4006 educatus
916 3968 945 4005 a
973 3952 1288 4019 parentibus
1322 3961 1376 4005 et
1416 3953 1539 4003 avia
1566 3951 1829 4016 Macrina,
1857 3960 1979 4005 tan—

416 4020 505 4072 diu
540 4020 866 4089 baptismum
915 4020 1185 4091 distulerit
1216 4034 1231 4074 :
1272 4029 1380 4091 tutu
1403 4030 1789 4091 congruentes
1818 4036 1985 4091 quas-

419 4092 541 4141 dam
597 4087 833 4144 rationes
873 4087 1049 4159 allert,
1079 4091 1148 4144 ob
1198 4104 1332 4159 quas
1364 4089 1416 4143 id
1466 4087 1582 4143 fieri
1610 4087 1861 4157 potuerit.
1919 4090 1987 4146 Et

420 4172 611 4213 revera
645 4159 952 4227 grandioris
990 4158 1170 4228 forsan
1216 4158 1391 4213 ietatis
1416 4168 1555 4221 erat,
1583 4159 1987 4228 cuntibaptiza-

421 4237 614 4303 tu_s_est
644 4229 782 4303 :‘sed
811 4242 917 4303 non
956 4228 1010 4283 in
1038 4227 1290 4303 lordane.
1324 4228 1436 4303 Ego
1457 4230 1601 4282 enim
1633 4229 1696 4303 in_
1722 4227 1981 4303 ViteBa.

418 4299 550 4363 silii,
575 4300 751 4368 capite
782 4296 977 4367 primo,
1010 4308 1064 4353 et
1086 4296 1303 4368 quarto,
1337 4296 1699 4368 ip‘siufsgsancti
1734 4299 1980 4353 testimo-

423 4370 512 4421 nio
538 4366 749 4439 ostendi
780 4366 794 4431 ,
821 4382 944 4439 eum
996 4366 1115 4422 non
1149 4367 1442 4439 ablaxiuto
1481 4366 1978 4439 Hierosolymorum

419 4439 672 4507 episcopo
702 4436 1032 4504 baptizatum
1086 4439 1137 4491 in
1167 4436 1419 4501 Jordane,
1452 4438 1546 4491 sed
1576 4438 1626 4490 in
1658 4436 1829 4506 patria
1880 4454 1977 4492 sua

419 4508 679 4563 Caesareae
706 4524 734 4561 a
779 4508 967 4562 Dianio
990 4552 1003 4571 ,
1062 4509 1219 4567 istius
1269 4508 1418 4562 urbis
1451 4507 1724 4575 episcopo,
1750 4517 1847 4562 aut
1873 4507 1980 4561 sal-

422 4558 681 4632 itaita;
708 4558 1418 4648 satrapa}.nauseam
1453 4558 1978 4648 haesitantis-
2017 4558 2059 4612 ο

358 4700 363 4705 .
421 4664 524 4716 que
587 4650 914 4718 baptismum
948 4648 1126 4702 Basilii
1164 4648 1701 4718 Hierosolytnitanum
1725 4689 1740 4710 ,
1771 4663 1977 4701 tneruttt

419 4734 538 4773 esse
566 4719 1156 4788 pseudo-Atttphilochii
1196 4730 1580 4771 commentum.
1606 4718 1673 4776 Et
1696 4727 1978 4786 propterea

421 4790 644 4869 minime
667 4803 891 4869 necesse
909 4800 991 4843 est
1016 4788 1152 4869 aliis.
1176 4789 1333 4859 hujus
1360 4788 1613 4858 baptismi
1646 4788 1981 4859 explicandis

421 4860 844 4912 circumstantiis
882 4860 1176 4914 immorari.

495 4928 611 5001 (27)
640 4929 797 4984 Hunc
826 4929 998 5001 locum
1026 4931 1094 4982 ita
1130 4930 1512 5001 interpretatus
1541 4936 1625 4982 est
1648 4926 1981 5001 Ursussub-

422 4998 681 5055 diaconus
711 5001 851 5066 apud
897 4998 1300 5068 Rosvveydum-z
1325 5016 1344 5048 ι
1377 4999 1442 5051 Et
1478 5000 1686 5067 rogavit
1719 4998 1978 5053 Basilium

423 5069 518 5122 Dei
548 5069 820 5131 sacerdos,
855 5080 971 5133 post
999 5071 1298 5137 orationem
1332 5083 1550 5123 sumere
1587 5070 1763 5124 cibum
1791 5087 1806 5122 :
1838 5070 1980 5137 quod

421 5154 471 5195 et
510 5137 658 5206 fecit,
689 5140 871 5193 dicens
893 5158 905 5193 :
929 5139 1148 5192 Domine
1183 5136 1308 5192 Jesu
1335 5137 1567 5201 Christe,
1599 5137 1744 5192 Deus
1773 5149 1980 5204 noster,

422 5210 495 5262 ita
527 5212 691 5265 credo
722 5211 1047 5277 evangelica:
1082 5208 1193 5261 voci
1233 5217 1333 5260 tua:
1363 5218 1417 5261 et
1447 5223 1604 5277 spero
1643 5208 1697 5262 in
1727 5208 1976 5277 benigni-

423 5288 533 5333 tate
554 5289 667 5344 tua,
684 5289 743 5334 ut
765 5279 1094 5331 manducans
1117 5287 1171 5331 et
1198 5277 1384 5333 bibens
1408 5279 1611 5330 vincant
1642 5278 1979 5333 resistentem

425 5351 580 5405 nobis
613 5348 904 5415 diabolum,
932 5348 1308 5415 cooperatione
1333 5348 1565 5416 Spiritus
1604 5348 1777 5401 sancti
1814 5347 1909 5401 tui.
1955 5365 1975 5397 ι

422 5416 615 5476 Nescio
636 5435 768 5490 ego,
794 5419 881 5472 tibi
904 5418 966 5490 in
996 5418 1286 5490 Evangelia
1312 5418 1681 5490 _scriptum_sit
1704 5456 1721 5481 ,
1754 5418 1978 5490 mando:

424 5490 601 5544 cando
638 5487 693 5544 et
723 5488 954 5543 bibendo
982 5488 1123 5542 vinci
1150 5487 1457 5553 diabolum;
1510 5488 1603 5541 sed
1647 5490 1806 5549 bene,
1839 5487 1980 5554 quod
2014 5492 2017 5493 ⁷

425 5572 594 5628 genus
624 5559 841 5628 aliquod
897 5558 1280 5628 daemoniorum
1306 5574 1427 5628 non
1478 5558 1750 5628 ejiciatur,
1791 5557 1890 5628 nisi
1927 5558 1980 5611 in

425 5627 668 5682 oratione
716 5626 769 5683 et
802 5627 1026 5696 jejunio.
1084 5626 1257 5697 Credo
1302 5627 1483 5697 itaque
1509 5626 1710 5683 dicere
1751 5627 1984 5682 voluisse

429 5695 1176 5766 pseudo-Amphilocltium,
1231 5695 1493 5765 frugalem
1546 5700 1790 5766 corporis
1844 5699 1983 5751 refe—

424 5768 660 5822 ctionem
708 5783 837 5836 non
893 5771 1082 5820 obesse
1125 5766 1518 5822 conlidentibus
1573 5770 1626 5821 in
1659 5768 1849 5831 Deum,
1874 5782 1982 5836 quo

424 5834 885 5895 tninusdiabolum
906 5836 1117 5892 vincere
1136 5837 1362 5906 possint,
1431 5838 1606 5909 gratia
1655 5834 1976 5911 Spiritus—5.

2082 596 2267 652 valido
2297 594 2509 665 signum
2545 591 2648 647 sibi
2683 590 2807 646 ﬁdei
2836 589 3064 645 revelari
3089 589 3346 659 poscebat
3375 608 3392 645 :
3421 606 3651 662 moxque

2083 702 2206 743 cum
2244 695 2482 743 tremore
2513 696 2740 753 surgens
2772 686 2954 737 vestes
2976 681 3148 747 exuit,
3164 695 3228 736 ac
3250 697 3371 738 cum
3392 684 3471 737 eis
3493 685 3651 752 plane

2082 778 2310 847 deponit
2335 786 2574 841 veterem
2609 773 2905 829 hominem.
2936 771 3030 826 Sic
3053 773 3266 827 demunt
3319 774 3649 830 descendens

2082 871 2143 926 in
2172 884 2367 939 aquam
2400 908 2416 934 ,
2450 867 2777 937 precabatur
2808 879 2825 918 :
2856 873 2911 919 et
2936 865 3201 919 accedens
3231 865 3486 919 sacerdos
3525 879 3646 920 eum

2082 961 2379 1031 baptizavit
2427 959 2559 1030 (26).
2599 958 2665 1011 Et
2699 971 2827 1011 ecce
2850 955 3032 1025 fulgur
3076 956 3215 1025 ignis
3240 950 3503 1026 praefulsit
3545 957 3643 1024 eis,

2082 1068 2413 1128 egressaque
2443 1067 2510 1108 ex
2542 1066 2610 1108 eo
2639 1051 2889 1107 columba
2919 1050 2973 1104 in
3025 1047 3314 1104 Iordanem
3343 1048 3643 1113 descendit,

2080 1163 2146 1203 ac
2193 1145 2409 1201 turbata
2439 1160 2579 1215 aqua
2608 1144 2661 1198 in
2689 1142 2887 1198 caelum
2923 1141 3155 1195 avolavit
3184 1158 3198 1194 :
3226 1141 3318 1210 qui
3344 1155 3474 1195 vero
3497 1149 3646 1194 asta-

2077 1239 2211 1294 bant
2234 1246 2474 1293 tremore
2497 1235 2758 1303 correpti,
2789 1235 2955 1289 Deum
2984 1231 3442 1303 glorificaverunt.
3480 1230 3647 1286 Porro

2079 1327 2336 1389 Basilius,
2367 1336 2623 1396 suscepto
2657 1325 3013 1392 baptismate,
3043 1323 3109 1379 de
3133 1338 3270 1394 aqua
3307 1323 3493 1391 exivit,
3526 1337 3645 1378 om-

2078 1434 2287 1490 ttesque
2338 1419 2403 1475 ad
2464 1432 2654 1490 preces
2703 1418 2952 1473 hortatus
3002 1424 3104 1471 est.
3134 1416 3425 1471 Admirans
3467 1426 3644 1471 autem

2085 1508 2355 1567 Maximus
2384 1509 2569 1566 Basilii
2595 1508 2775 1576 fidem,
2805 1509 3169 1580 precibusque
3195 1523 3358 1578 super
3390 1522 3514 1562 eum
3567 1508 3648 1561 fu-

2076 1601 2172 1667 sis,
2196 1599 2619 1656 resurrectionis
2641 1597 2842 1657 Christi
2868 1599 3106 1654 vestibus
3134 1598 3324 1653 induit.
3340 1586 3649 1668 'Baptizavit

2077 1701 2257 1747 autem
2315 1698 2371 1746 et
2416 1689 2679 1746 Eubulum
2708 1728 2723 1755 ,
2773 1690 3096 1761 tiugensque
3144 1704 3302 1743 sacro
3348 1698 3642 1762 unguento,

2077 1783 2299 1838 tradidit
2339 1783 2610 1837 vivificam
2671 1782 3129 1837 communionem.
3180 1780 3413 1850 Rogavit
3466 1791 3645 1837 autem

2006 1854 2048 1917 Β
2081 1870 2312 1930 Basilius
2342 1872 2435 1929 Dei
2464 1873 2824 1938 sacerdotem,
2858 1881 2918 1927 ut
2942 1882 3268 1944 apprecante
3296 1873 3436 1942 ipso,
3467 1872 3644 1926 cilmm

2072 1966 2175 2023 sibi
2208 1964 2396 2022 liceret
2423 1980 2640 2021 sumere
2671 1982 2686 2021 :
2720 1962 2862 2035 quod
2906 1971 2963 2020 et
3024 1963 3279 2022 obtinuit.
3320 1961 3457 2018 Tum
3496 1963 3647 2020 Basi—

2072 2056 2177 2112 lius
2205 2075 2220 2110 :
2266 2075 2286 2111 ι
2320 2055 2448 2115 Jesu
2477 2054 2691 2111 ChriSte
2722 2056 2863 2111 Deus
2898 2058 3104 2120 noster,
3128 2055 3292 2110 credo
3319 2055 3645 2124 evangelicae

2074 2148 2193 2203 voci
2221 2159 2344 2213 tuac,
2376 2158 2431 2203 et
2450 2160 2611 2218 Spero
2644 2147 2698 2202 in
2732 2154 2819 2203 tua
2845 2146 3091 2202 bonitate
3114 2145 3645 2220 ('27),manducando

2071 2248 2127 2293 et
2154 2239 2394 2295 bibendo
2423 2239 2690 2294 victurum
2722 2252 2809 2294 me
2845 2239 3222 2294 adversantem
3275 2240 3431 2296 nobis
3456 2240 3644 2296 diabo-

2075 2330 2187 2386 lum
2219 2328 2422 2386 auxilio
2459 2330 2696 2402 Spiritus
2747 2331 2941 2387 sancti.
2981 2350 3002 2385 ι
3035 2326 3268 2401 Stupens
3316 2342 3495 2389 autem
3548 2333 3643 2389 Dei

2072 2423 2328 2480 sacerdos
2373 2437 2536 2493 super
2587 2422 2692 2478 fide
2728 2423 2845 2493 ejus
2874 2465 2890 2491 ,
2923 2437 3174 2479 reversus
3231 2431 3311 2478 est
3353 2439 3476 2479 cum
3530 2419 3659 2481 illis’

2074 2516 2127 2571 in
2183 2525 2431 2571 sanctam
2486 2514 2785 2571 civitatem.
2838 2515 3054 2570 Annum
3108 2530 3233 2569 vero
3280 2515 3356 2571 ibi
3409 2531 3646 2569 commo-

2075 2611 2225 2661 ratus
2279 2614 2400 2659 cum
2450 2603 2701 2671 Eubulo,
2733 2605 3008 2659 communi
3063 2604 3294 2660 consilio
3354 2606 3505 2660 venit
3533 2605 3643 2659 An-

2076 2697 2357 2753 tiochiam.
2397 2694 2567 2753 Porro
2612 2696 2846 2752 Basilius
2876 2712 2905 2751 a
2944 2695 3159 2751 Meletio
3208 2694 3348 2767 (28),
3404 2697 3643 2767 ejusdem

2080 2789 2232 2845 urbis
2262 2789 2550 2859 episcopo‘,
2586 2787 2654 2842 ad
2686 2789 2898 2844 diaconi
2946 2788 3193 2844 ordinem
3253 2799 3551 2858 promotus,
3585 2789 3648 2843 li-

2075 2880 2345 2949 brumque
2382 2879 2497 2951 (29)
2529 2879 2949 2936 Proverbiorum
2981 2879 3389 2952 interpretatus,
3411 2881 3649 2936 admira-

2078 2972 2211 3028 tioni
2241 2971 2362 3026 fuit.

2148 3062 2265 3117 Non
2304 3062 2479 3117 multo
2505 3070 2626 3133 post
2650 3059 2927 3130 profectus
2971 3069 3056 3117 est
3079 3102 3095 3126 ,
3126 3076 3228 3116 una
3257 3077 3377 3116 cum
3410 3061 3644 3131 Eubulo,

2078 3154 2130 3209 in
2163 3153 2539 3224 Cappadocum
2564 3153 2895 3222 provinciam
2920 3168 2936 3218 ;
2988 3168 3224 3223 cumque
3245 3154 3649 3214 Caesareensemt

2078 3247 2267 3301 urbem
2298 3255 2480 3300 essent
2508 3245 2801 3315 ingressuri
2832 3285 2849 3313 ,
2885 3245 2938 3298 in
2987 3245 3197 3300 visione
3226 3246 3400 3302 noctis
3432 3246 3644 3301 revela-

2076 3345 2191 3392 tum
2226 3344 2313 3391 est
2343 3335 2586 3403 ejusdem
2623 3344 2750 3390 tunc
2781 3336 2931 3391 urbis
2960 3336 3217 3405 episcopo
3245 3334 3358 3407 (30)
3379 3379 3394 3404 ,
3421 3336 3650 3392 Leontio

2087 3427 2305 3482 nomine
2331 3466 2347 3492 ,
2384 3428 2576 3482 horum
2619 3428 2919 3494 adventus;
2963 3429 3215 3498 quodque
3251 3429 3485 3486 Basilius
3525 3430 3647 3501 ejus

2154 3602 2268 3676 (28)
2326 3603 2881 3676 Basiliumdunquam
2910 3605 3213 3676 diaconum
3271 3607 3436 3664 fuisse
3484 3622 3645 3675 negat

2079 3672 2454 3748 llermantius,
2478 3675 2547 3748 ob
2573 3672 2844 3748 silentium
2873 3675 3199 3748 Nazianzeni
3224 3696 3239 3745 ;
3276 3681 3366 3748 qui
3403 3689 3528 3733 ante
3556 3672 3646 3733 sa-

2083 3745 2406 3809 cerdotium,
2442 3744 2611 3797 solum
2662 3746 2906 3799 ordinem
2959 3755 3015 3800 et
3060 3744 3542 3803 ollicium'lectoris
3592 3752 3645 3804 ei

2085 3813 2358 3876 attribuit,
2412 3814 2571 3882 idque
2616 3813 2670 3868 in
2718 3812 2959 3869 Ecclesia
2990 3815 3342 3873 Caesareensi.
3370 3818 3643 3874 Utautem

2084 3884 2392 3937 verosimile
2422 3899 2529 3937 non
2585 3894 2667 3937 est
2686 3922 2700 3942 ,
2730 3894 2973 3937 sanctum
3004 3898 3190 3939 contra
3223 3901 3455 3942 canones
3481 3928 3497 3953 ,
3555 3898 3649 3944 aut

2087 3954 2370 4008 trattsiisse
2401 3955 2470 4008 ab
2522 3968 2625 4007 una
2654 3953 2894 4007 Ecclesia
2927 3955 2992 4008 ad
3018 3955 3219 4022 aliam,
3274 3968 3368 4011 aut
3409 3961 3477 4012 ab
3528 3958 3639 4013 alio

2086 4022 2783 4096 quam_proprio_episeopo
2810 4024 3147 4096 ordinatum,
3182 4026 3255 4079 ita
3311 4042 3524 4096 quoque
3551 4040 3636 4082 est

2089 4091 2405 4162 incredibile
2437 4108 2465 4145 a
2496 4091 2991 4162 Meletio’episcopo
3014 4091 3351 4149 Antiocheno
3398 4091 3637 4151 creatum

2092 4158 2269 4233 fuisse
2292 4162 2576 4233 diacomtnt
2614 4180 2627 4216 :
2657 4158 2902 4233 quamvis
2925 4158 2982 4217 id
3015 4164 3297 4233 scripserit
3318 4166 3566 4221 Socrates
3585 4177 3639 4221 et

2089 4229 2456 4305 iiiicephorus;
2493 4231 2580 4285 hic
2607 4229 2823 4305 quidem
2855 4233 2996 4305 illius
3012 4229 3343 4305 auctoritate
3364 4238 3640 4305 deceptus,

2089 4298 2177 4372 ille
2203 4298 2382 4354 autem
2416 4298 2730 4372 synottyinia
2765 4301 2990 4359 alterius
3010 4301 3222 4372 Basilii,
3242 4316 3429 4362 sancto
3447 4298 3643 4361 Joanni

2086 4368 2475 4439 Chrysostomo
2500 4368 2798 4439 familiaris.

2157 4438 2267 4512 (29)
2294 4440 2509 4512 Librum
2540 4438 2953 4512 Proverbiorum
2994 4441 3381 4512 interpretatus
3402 4455 3506 4510 est,
3534 4460 3641 4500 non

2085 4508 2384 4584 Antiochia:
2426 4510 2821 4584 diaconus,__sed
2849 4511 3109 4584 Cresarem
3141 4508 3420 4584 presbyter
3450 4508 3642 4571 factus.

2158 4580 2280 4654 (Sili
2301 4580 2404 4635 Pro
2438 4578 2663 4635 Leontio
2698 4580 2865 4654 Ursus
2911 4583 3048 4654 apud
3089 4578 3443 4654 Bosweydutn
3487 4585 3649 4640 habet

2085 4649 2417 4719 Eusebium:
2458 4664 2640 4704 verum
2673 4667 2769 4719 pro
2820 4649 3074 4716 Eusebio,
3099 4649 3379 4707 Leontium
3415 4654 3648 4711 restituit

2084 4718 2440 4776 Contbeﬂsius
2465 4761 2480 4783 ,
2515 4729 2568 4774 et
2601 4720 2652 4773 in
2678 4718 2845 4775 hunc
2876 4721 3048 4775 locum
3103 4725 3175 4775 ita
3204 4735 3596 4779 commentatur
3627 4743 3642 4779 :

2088 4806 2111 4861 ᾳ
2144 4788 2435 4861 Leontium
2451 4791 2786 4844 restituimns
2818 4806 2881 4845 ex
2903 4792 3096 4860 duplici
3122 4792 3287 4861 Regio
3317 4795 3501 4849 codice
3525 4810 3645 4847 tua-

2076 4859 2214 4929 joris
2238 4870 2293 4914 et
2318 4860 2439 4913 fidei
2471 4871 2524 4913 et
2547 4861 2914 4929 antiquitatis;
2947 4859 3045 4915 nec
3073 4862 3179 4916 ulla
3204 4859 3437 4918 veritate
3466 4864 3647 4919 consi-

2082 4929 2196 5009 stit,
2219 4931 2361 4997 quod
2380 4945 2501 5009 cunt
2523 4931 2799 5009 impressis
2827 4931 3057 4985 habebat
3082 4932 3218 4986 alter
3239 4934 3446 5009 code}:
3480 4936 3645 5009 Euse-

2082 4999 2228 5053 bium
2264 5015 2278 5052 :
2306 5018 2348 5069 _s
2376 5008 2501 5053 ante
2528 4999 2681 5068 cujus
2700 4999 3065 5069 episcopatum
3105 5010 3322 5056 constat
3351 5002 3516 5059 fuisse
3540 5004 3642 5057 Ba-

2082 5069 2262 5122 siliutn
2290 5067 2568 5132 Caesareae,
2599 5067 2657 5123 et
2680 5067 2834 5125 valde
2865 5067 3085 5133 tiotum;
3122 5082 3180 5125 ut
3203 5073 3367 5126 etiam
3395 5075 3644 5128 diverso-

2084 5153 2198 5191 rutn
2228 5139 2421 5192 studiis
2453 5139 2525 5193 sit
2557 5155 2654 5207 pro
2700 5156 2766 5196 eo
2800 5140 2940 5195 inter
2968 5141 3156 5196 ambos
3185 5151 3469 5208 certatum,
3501 5146 3643 5199 mul-

2086 5209 2283 5277 tisque,
2319 5223 2383 5262 ac
2412 5210 2679 5276 praecipue
2732 5210 3013 5266 monachis
3041 5249 3057 5273 ,
3087 5212 3154 5266 ad
3178 5226 3298 5266 eam
3325 5215 3507 5268 sedem
3552 5216 3644 5268 de-

2083 5279 2432 5353 poscentibns
2476 5277 2731 5353 Basilium
2757 5320 2774 5347 ,
2817 5288 2973 5353 cum
3001 5281 3054 5353 vi
3097 5281 3330 5351 quadam
3391 5282 3640 5353 p0pulari

2081 5348 2261 5422 eidem
2318 5348 2438 5422 fuit
2477 5348 2762 5422 praefectus
2816 5348 3128 5422 Eusebius,
3154 5361 3214 5404 ut
3256 5366 3343 5407 res
3389 5348 3528 5422 pene
3589 5354 3643 5407 in

2083 5418 2321 5491 schisma
2354 5418 2581 5491 abierit,
2626 5419 2958 5491 vixquegipsi
2989 5420 3373 5491 suffragatores
3395 5418 3644 5491 episcopi

2083 5498 2256 5542 ratam
2285 5489 2574 5544 habuerint
2600 5489 2752 5544 suam
2794 5489 2941 5547 illam
2988 5489 3308 5546 electionem
3339 5502 3395 5548 et
3423 5489 3645 5546 ordina-

2084 5557 2285 5612 tionem
2320 5575 2335 5630 ς
2371 5574 2435 5614 ac
2461 5575 2567 5615 uno
2592 5561 2869 5614 annitente
2909 5569 3062 5630 patre
3089 5560 3370 5630 Gregorio,
3398 5561 3636 5630 Nazian-

2082 5643 2218 5682 zeno
2246 5629 2517 5701 episcopo,
2545 5643 2689 5701 aegre
2730 5623 3017 5701 admodum
3068 5623 3367 5701 obtinuerit
3398 5623 3639 5701 :de'qua

2082 5714 2142 5751 re
2180 5700 2361 5752 multis
2409 5698 2524 5768 ipse
2560 5698 2617 5753 in
2655 5698 2873 5754 Basilio.
2921 5698 3091 5754 Porro
3138 5700 3238 5755 fuit
3264 5701 3520 5757 Leontius
3551 5698 3643 5757 ille

2081 5768 2167 5841 vi_r
2209 5769 2544 5841 clarissimus
2571 5769 2693 5841 ._de
2718 5783 2829 5838 quo
2866 5769 3303 5841 Martyrologium
3338 5771 3638 5828 Romanum

2086 5837 2153 5896 15
2174 5837 2441 5915 _.lanuaril
2471 5853 2487 5896 :
2521 5856 2542 5893 t
2577 5837 2839 5898 Caesareae
2869 5841 2924 5899 in
2956 5837 3292 5913 Cappadocia
3321 5841 3379 5900 S.
3428 5841 3643 5901 Leontii
