4076 6226
824 396 1193 455 EXCERPTA
1234 398 1330 454 EX
1364 398 1575 455 ACTIS
1600 399 1659 453 S.
1688 397 1935 459 BASILII
1970 393 2737 454 BOLLANDIANIS.—VITA
2767 391 3202 450 APOCRYPHA.

3521 412 3636 452 CCCI

406 530 689 576 successor
716 516 928 570 futurus
957 513 1239 580 esset.Qui
1261 514 1676 587 expergefactus
1698 530 1730 570 a
1753 528 1968 577 somno,
2000 519 2046 575 Α
2075 521 2209 583 gunt
2259 510 2517 565 Basilium
2545 508 2611 563 ad
2641 506 3004 579 episcopalem
3050 507 3319 562 thronum.
3349 503 3641 559 Ordinatus

399 612 609 680 accepit
654 608 954 680 principem
1010 609 1362 663 sacerdotalis
1415 607 1747 673 ministerii,
1803 622 1970 676 quos-

399 705 629 772 damque
660 701 779 769 pios
810 700 875 754 de
913 696 1092 764 clero;
1119 707 1175 769 et
1205 699 1355 754 misit
1389 699 1454 753 ad
1490 697 1807 753 orientalem
1847 711 1973 765 por-

404 806 513 848 tam
541 792 717 859 urbis,
753 792 940 849 dicens
971 793 1051 849 eis
1083 792 1373 846 visionem.
1394 790 1525 846 Cum
1556 805 1687 859 ergo
1715 790 1974 845 abiissent

401 889 469 942 ad
520 896 733 957 portam
764 925 781 951 ,
830 892 1191 942 occurrerunt
1239 883 1687 951 ingredientibus,
1718 883 1974 951 visosque

401 986 738 1047 agnoverunt
770 993 785 1033 :
817 986 871 1030 at
897 976 974 1030 illi
1006 986 1266 1046 rogarunt
1297 975 1487 1031 deduci
1536 976 1603 1029 ad
1638 974 1970 1044 episcopum.

410 1071 688 1140 lngressos
717 1077 897 1123 autem
930 1068 1053 1123 illos
1088 1082 1209 1121 cum
1270 1067 1571 1136 aspexisset
1599 1066 1974 1122 sanctissimus

401 1159 703 1227 episcopus,
734 1173 800 1213 ex
835 1156 1060 1212 visionis
1088 1155 1441 1211 similitudine
1462 1155 1516 1209 in
1566 1163 1844 1224 stuporem
1876 1168 1971 1208 ae-

402 1260 511 1314 tus,
546 1250 655 1303 Deo
686 1249 890 1320 gratias
921 1248 1070 1317 egit;
1119 1247 1476 1318 quaesivitque
1530 1248 1670 1302 unde
1703 1246 1971 1310 venirent,

401 1349 458 1392 et
492 1354 598 1409 quo
630 1339 795 1402 irent,
829 1353 893 1393 ac
930 1338 1149 1407 quinam
1186 1346 1530 1393 vocarentur.
1565 1336 1698 1391 Cum
1730 1351 1859 1391 vero
1892 1338 1975 1390 di-

401 1429 640 1495 dicisset,
672 1428 835 1498 jussit
862 1427 1126 1483 ministris
1178 1436 1236 1480 ut
1265 1442 1499 1496 congrua
1527 1427 1607 1481 eis
1631 1425 1698 1479 ad
1731 1423 1973 1494 requiem

402 1517 706 1586 praeberent
745 1535 759 1573 :
791 1516 827 1570 ii
879 1525 1063 1570 autem
1091 1517 1157 1570 ad
1208 1515 1418 1582 insigne
1450 1516 1695 1570 adductis
1722 1528 1976 1570 caenacu—

401 1608 510 1660 lum
542 1646 558 1672 ,
599 1606 858 1676 quidquid
910 1606 1157 1663 fovendis
1190 1613 1310 1659 erat
1333 1644 1347 1667 ,
1379 1603 1744 1673 protulerunt.
1803 1602 1976 1660 Porro

400 1701 485 1751 vir
504 1708 749 1764 sanctus,
774 1698 1055 1753 accersitis
1086 1697 1274 1752 eadem
1312 1697 1444 1750 hora
1478 1693 1609 1749 cleri
1650 1704 1705 1749 et
1738 1693 1976 1750 civitatis

403 1790 753 1857 primoribus,
785 1789 1063 1845 enarravit
1092 1788 1222 1853 illis,
1248 1803 1368 1857 quae
1395 1787 1494 1842 sibi
1526 1802 1555 1841 a
1602 1787 1709 1841 Deo
1733 1788 1967 1842 revelata

402 1888 606 1935 essent.
639 1880 679 1934 li
736 1895 863 1935 vero
909 1896 1013 1933 una
1049 1878 1115 1933 ad
1146 1894 1268 1933 eum
1305 1894 1437 1932 voce
1480 1895 1494 1932 :

404 1972 658 2041 congruit
694 1971 907 2026 munda.-
934 1980 1040 2025 tuae
1079 1971 1204 2024 vita:
1230 2010 1245 2034 ,
1283 1979 1342 2023 ut
1369 1970 1549 2024 divino
1589 1968 1745 2025 nobis
1766 1970 1975 2025 calculo

405 2061 762 2125 revelaretur,
794 2062 916 2131 quis
945 2069 1064 2130 post
1094 2072 1146 2115 te
1174 2060 1537 2130 pontificalem
1585 2059 1835 2114 thronum
1886 2075 1977 2114 or-

406 2162 633 2208 naturus
685 2161 867 2208 esset:
901 2153 1043 2208 unde
1104 2153 1237 2207 nihil
1268 2161 1509 2206 moratus
1533 2190 1550 2217 ,
1580 2151 1666 2207 fac
1711 2153 1853 2221 quod
1894 2154 1977 2207 lu.

408 2243 523 2299 bet.
580 2262 600 2295 ›
649 2244 835 2299 Atille
874 2244 1138 2300 advocato
1169 2242 1369 2299 Basilio
1412 2256 1517 2297 una
1569 2260 1691 2299 cum
1723 2244 1930 2299 Eubulo
1956 2284 1972 2311 ,

408 2335 575 2404 cmpit
607 2337 837 2390 scrutari
881 2351 1003 2391 cum
1058 2338 1138 2391 eis
1205 2336 1513 2406 Scripturas
1537 2352 1720 2393 sacras
1759 2355 1775 2393 :
1812 2340 1977 2392 mira-

419 2436 610 2495 tusque
644 2426 698 2481 in
732 2428 861 2498 ipsis
898 2430 1148 2498 reposita:
1203 2430 1478 2499 sapientia:
1508 2431 1751 2501 pelagus,
1804 2431 1977 2485 bonos

404 2524 708 2584 parastatas
735 2532 800 2572 ac
829 2518 1104 2584 adjutores
1131 2520 1339 2575 habuit.
1373 2520 1505 2575 Cum
1528 2521 1638 2590 (5|)
1667 2520 1847 2590 itaque
1873 2534 1977 2575 non

408 2608 578 2663 multo
602 2620 741 2678 post,
774 2611 1060 2679 episcopus
1088 2611 1373 2681 migrasset
1423 2627 1454 2666 e
1494 2613 1629 2677 vita,
1677 2614 1773 2682 qui
1811 2626 1977 2684 syno-

408 2699 539 2757 dum
568 2701 799 2769 agebaot
825 2702 1089 2773 episcopi,
1146 2713 1341 2758 avente
1374 2704 1580 2759 Spiritu
1614 2712 1808 2760 sancto
1882 2703 1981 2760 eli-

417 2967 436 2999 (
466 2947 723 3016 episcopi,
754 2948 844 3016 qni
879 2947 978 3001 sub
1010 2946 1217 3003 Licinio
1240 2948 1496 3001 adversus
1525 2948 1773 3017 gentiles,
1807 2958 1863 3003 et
1882 2949 1981 3004 sub

416 3018 794 3073 rConstantino
806 3018 1060 3071 adversus
1078 3019 1307 3072 Arianos
1328 3018 1615 3085 plurimum
1633 3019 1944 3075 decertavit.
1958 3037 1978 3071 ι

414 3086 742 3155 Snbscripsit
770 3088 1001 3141 concilio
1030 3090 1349 3158 Ancyrano,
1400 3102 1463 3141 ac
1488 3087 1717 3142 subinde
1741 3088 1982 3146 Nicano.

413 3159 590 3213 Potuit
620 3158 701 3210 vir
753 3168 975 3211 sanctus
1028 3160 1311 3224 grandaeva
1356 3165 1516 3212 aatate
1543 3198 1558 3222 ,
1607 3172 1702 3213 ceu
1728 3159 1779 3212 in
1809 3160 1985 3214 subsi-

416 3229 559 3282 dium
588 3226 850 3281 adversus
882 3225 1134 3291 Arianos,
1166 3227 1492 3282 destinatum
1535 3229 1986 3297 designatumque

416 3297 625 3352 caelesti
659 3298 883 3351 oraculo
927 3312 1346 3362 successorem,
1401 3298 1676 3365 suscipere
1723 3298 1984 3353 Basilium

418 3370 727 3422 diaconum.
761 3367 897 3432 Quid
933 3369 1076 3421 enim
1107 3368 1311 3421 oraculi
1337 3368 1480 3422 illius
1508 3369 1721 3421 veritati
1753 3370 1985 3434 decedit,

416 3440 560 3507 quod
596 3453 698 3492 non
731 3439 1009 3505 proximus
1033 3440 1399 3503 successerit;
1432 3452 1635 3507 suaque
1663 3440 1841 3506 potius
1874 3454 1988 3493 nio-

419 3507 589 3563 destia
626 3547 641 3572 ,
700 3524 858 3577 quam
888 3508 1043 3577 malis
1075 3508 1272 3562 civium
1327 3524 1547 3562 suorum
1582 3509 1774 3562 studiis
1819 3509 1988 3563 semel

422 3576 741 3646 iterumque,
783 3588 891 3631 tum
922 3576 1404 3647 llermogeni,_tum
1444 3577 1675 3633 Eusebio
1710 3579 1991 3647 posthabi-

423 3657 529 3712 tus,
561 3645 652 3700 vix
710 3648 922 3701 tandem
980 3645 1172 3700 tertius
1202 3662 1230 3700 a
1278 3645 1506 3703 Leontio
1533 3645 1789 3702 thronum
1839 3649 1988 3702 illum

426 3718 1021 3772 conscenderit
1079 3716 1306 3771 Videtur
1377 3732 1507 3785 ergo
1576 3716 1989 3787 Amphilochius

426 3788 663 3842 voluisse
697 3800 897 3849 tacere.
929 3802 1063 3856 quos
1091 3788 1369 3841 oraculum
1402 3787 1695 3853 tacuisset;
1729 3803 1793 3842 ac
1844 3789 1993 3841 velut

424 3868 733 3913 sanctorum
781 3858 1155 3927 episcoporum
1194 3858 1390 3911 seriem
1451 3868 1656 3919 texere,
1687 3859 1992 3927 suppressis

426 3926 692 3981 nonnullis
722 3926 1111 3996 aliquantultnn
1168 3927 1469 3991 invidiosis,
1501 3942 1621 3997 quae
1653 3926 1816 3981 etiam
1864 3929 1982 3997 ipso

427 3997 572 4051 velut
592 4000 853 4063 prommio
879 3997 1307 4061 subindicasset;
1336 3998 1388 4050 in
1412 3998 1500 4050 illa
1521 3997 1701 4051 Basilii
1726 3998 1991 4056 absentia.

428 4081 548 4133 quae
582 4067 787 4121 Valenti
821 4078 875 4121 et
911 4067 1127 4120 Arianis
1156 4068 1365 4122 animos
1396 4067 1708 4131 addidisset,
1734 4080 1995 4136 spemque

428 4139 732 4206 evertendae
779 4152 899 4190 cum
962 4136 1215 4204 episcopo
1264 4139 1481 4206 (nempe
1532 4136 1766 4192 Eusebio
1818 4139 1996 4191 minus

435 4222 589 4273 aaquo
617 4205 841 4269 Basilio,
864 4207 933 4259 ob
966 4206 1095 4259 illud
1131 4208 1184 4259 in
1209 4205 1380 4275 ipsum
1417 4205 1731 4275 propensius
1757 4209 1994 4261 studium

431 4278 650 4344 civium)
697 4278 849 4329 urbis
873 4276 1131 4331 Caesarea:
1163 4294 1179 4329 :
1212 4293 1373 4338 quam
1413 4277 1771 4345 Amphilochii
1799 4287 1853 4330 et
1870 4291 1995 4330 ors-

430 4346 535 4399 culi
569 4345 983 4414 profunditatem
1012 4362 1119 4400 non
1149 4357 1435 4414 penetrans
1462 4346 1746 4413 imperitus
1768 4347 1995 4412 aliquis,

2074 616 2202 656 vero
2230 641 2244 665 ,
2276 599 2678 670 sapientissima
2740 598 2834 654 Dei
2886 597 3219 668 providentia
3245 635 3261 661 ,
3307 593 3641 665 gubernabat

2071 691 2390 747 Ecclesiam.

2149 784 2279 838 Post
2300 783 2518 852 aliquod
2552 796 2684 835 vero
2718 790 2931 850 tempus
2955 781 3246 850 postulavit
3270 795 3298 835 a
3331 780 3476 845 Deo,
3532 794 3642 851 quo

2072 875 2177 930 sibi
2203 875 2429 944 gratiam
2448 882 2503 927 et
2529 872 2853 942 sapientiam
2876 883 2929 927 et
2952 873 3280 929 intellectum
3300 872 3642 939 concederet,

2075 976 2133 1021 ut
2195 966 2308 1021 suis
2344 966 2457 1035 ipse
2492 965 2675 1021 verbis
2704 1007 2721 1032 ,
2778 965 3121 1020 incruentum
3173 966 3280 1019 Deo
3314 964 3643 1021 sacrificium

2074 1053 2333 1118 oﬂ‘erret;
2362 1064 2526 1123 utque
2571 1054 2624 1109 in
2680 1054 2852 1122 ipsum
2886 1052 3119 1123 Spiritus
3165 1054 3337 1107 sancti
3383 1054 3646 1107 adventus

2073 1145 2253 1200 fieret.
2287 1146 2417 1200 Post
2445 1160 2540 1199 sex
2562 1152 2740 1199 autem
2767 1144 2901 1207 dies,
2934 1144 3080 1198 velut
3109 1144 3164 1198 in
3193 1144 3387 1199 mentis
3420 1158 3646 1198 excessu

2079 1236 2314 1307 Spiritus
2342 1238 2515 1291 sancti
2570 1236 2860 1306 praesentia
2893 1236 3067 1290 factus
3089 1275 3105 1299 ,
3147 1236 3235 1289 ubi
3267 1237 3485 1290 advenit
3530 1236 3645 1289 dies

2075 1329 2303 1397 septima
2340 1368 2355 1393 ,
2408 1328 2474 1383 ad
2527 1328 2685 1382 horas
2745 1328 2855 1397 (ὄῖ)
2891 1327 3131 1397 singulas
3175 1327 3288 1382 Deo
3334 1327 3648 1381 ministrare

2076 1422 2283 1491 cmpit,
2336 1422 2426 1475 diu
2493 1431 2767 1489 noctuque
2827 1420 3115 1475 defunctus
3167 1434 3389 1490 precum
3448 1417 3645 1473 ollicio.

2076 1514 2277 1571 Astans
2324 1514 2469 1568 enim
2514 1513 2773 1569 Dominus
2811 1515 2863 1568 in
2911 1513 3118 1567 visione
3173 1528 3295 1567 cum
3352 1509 3646 1578 apostolis,

2077 1620 2218 1674 pane
2249 1613 2304 1659 et
2330 1607 2456 1659 vino
2505 1605 2556 1659 in
2591 1620 2749 1661 sacro
2804 1605 2961 1659 altari
3019 1604 3312 1674 propositis
3338 1646 3352 1670 ,
3388 1601 3647 1657 Basilium

2077 1698 2335 1753 excitavit
2387 1696 2577 1751 dicens
2622 1708 2638 1749 :
2690 1716 2709 1749 ι
2769 1697 3079 1751 Secundum
3132 1696 3446 1765 petitionem
3502 1702 3647 1747 tuam

2082 1789 2353 1859 repleatur
2402 1804 2463 1843 os
2515 1799 2662 1843 tuum
2712 1789 2871 1843 laude
2898 1828 2913 1854 ,
2954 1797 3013 1843 ut
3053 1788 3159 1843 tuis
3189 1788 3303 1856 ipse
3330 1785 3512 1840 verbis
3568 1784 3653 1837 in-

1542 1894 1561 1929 ¢
1600 1878 1739 1933 Vere
1768 1887 1823 1933 et
1878 1879 1981 1934 hoc
2010 1883 2053 1940 Β
2084 1889 2369 1934 cruentum
2402 1878 2731 1933 sacrificium
2756 1879 2952 1934 offeras
2983 1880 3119 1951 (55).
3158 1898 3175 1931 ι
3206 1882 3276 1932 At
3314 1879 3401 1932 ille
3428 1892 3532 1931 non
3570 1875 3651 1928 fe-

2082 1986 2209 2026 rens
2239 1970 2411 2025 oculis
2446 1971 2731 2034 visionem,
2763 1972 3003 2026 surrexit
3042 1971 3464 2035 tremebundus;
3492 1982 3651 2023 acce-

2082 2064 2323 2133 densque
2373 2062 2439 2117 ad
2477 2076 2691 2117 sacrum
2728 2064 2900 2118 altare
2926 2105 2941 2129 ,
2973 2064 3140 2133 cmpit
3194 2063 3375 2118 dicere
3400 2103 3415 2126 ,
3467 2064 3541 2116 ita
3598 2063 3651 2117 in

2083 2156 2270 2210 charta
2300 2156 2542 2211 scribens
2571 2171 2587 2210 :
2614 2155 2900 2222 Repleatur
2936 2172 2994 2209 os
3020 2171 3191 2209 meum
3226 2154 3404 2218 laude,
3442 2164 3497 2207 ut
3524 2171 3654 2207 can--

2081 2258 2186 2301 tem
2212 2248 2435 2318 gloriam
2470 2259 2638 2314 tuam,
2666 2248 2890 2303 Domine
2920 2249 3059 2302 Deus
3085 2258 3261 2302 noster
3289 2249 3387 2316 (a),
3426 2248 3513 2316 qui
3560 2262 3658 2300 nos

2084 2338 2281 2391 creasti
2317 2346 2371 2392 et
2392 2338 2593 2393 duxisti
2619 2339 2684 2392 ad
2719 2339 2859 2393 hanc
2887 2337 3090 2401 vitam;
3135 2351 3199 2390 ac
3228 2336 3464 2406 reliquas
3488 2350 3656 2389 sacra:

2084 2426 2316 2497 liturgiae
2357 2443 2567 2498 preces.
2600 2429 2729 2484 Post
2772 2444 2995 2499 precum
3027 2442 3154 2483 vero
3205 2426 3363 2481 linem
3427 2425 3657 2479 elevavit

2084 2536 2302 2591 panem,
2336 2520 2547 2577 intense
2574 2536 2758 2585 orans,
2790 2530 2845 2575 et
2866 2520 3081 2575 dicens:
3113 2538 3131 2571 ι
3164 2516 3659 2580 Attende,Domine

2088 2609 2217 2666 Jesu
2240 2610 2478 2677 Christe,
2507 2611 2648 2665 Deus
2674 2619 2879 2673 noster,
2904 2610 2971 2663 de
2998 2618 3186 2663 sancto
3209 2607 3514 2661 habitacnlo
3545 2616 3656 2670 tuo,

2086 2712 2140 2760 et
2166 2704 2289 2760 veni
2344 2704 2411 2759 ad
2459 2703 2909 2759 sanctllicandum
2942 2717 3065 2767 nos,
3118 2701 3209 2769 qui
3267 2714 3479 2754 sursum
3535 2713 3656 2751 cum

2089 2965 2211 3024 post
2235 2954 2516 3011 Leontium
2547 2956 2949 3010 successionem
2980 2972 2993 3010 :
3029 2954 3081 3009 in
3112 2968 3215 3023 qua
3240 2958 3507 3024 repertam
3556 2948 3659 3003 dif-

2094 3021 2383 3079 ficultatem
2416 3026 2680 3079 sublatam
2717 3026 2805 3079 ille
2836 3025 3083 3085 credidit,
3114 3021 3425 3077 vaticinium
3455 3021 3523 3075 de
3553 3036 3659 3073 me-

2092 3094 2237 3149 diata
2280 3095 2454 3151 solum
2515 3095 2942 3163 interpretando.
2989 3093 3188 3149 Verum
3244 3108 3366 3163 cum
3423 3091 3661 3163 ineptum

2093 3166 2408 3223 existimet.
2456 3161 2773 3220 vaticinium
2838 3166 2981 3219 istud
3016 3163 3233 3218 attribui
3283 3161 3535 3224 Eusebio,
3596 3174 3663 3213 eo

2094 3237 2235 3310 quod
2265 3236 2353 3291 hic
2395 3234 2796 3310 Basiliutn,_cui
2848 3236 2939 3310 vix
2973 3236 3022 3289 in
3077 3231 3366 3302 episcopali
3396 3231 3663 3310 electione

2094 3304 2349 3376 prtelatus
2391 3305 2607 3376 fuerat,
2646 3307 2856 3359 dicatur
2910 3307 3272 3376 interrogasse
3308 3304 3665 3376 quo_non_1i_ne

2094 3369 2415 3439 vocaretur;
2467 3375 2520 3427 id
2554 3385 2612 3427 ut
2640 3391 2826 3429 revera
2872 3369 3165 3429 absurdum
3204 3381 3287 3425 est
3325 3372 3375 3423 in
3408 3369 3664 3433 Eusebio,

2096 3444 2230 3499 nihil
2264 3438 2441 3499 minus
2463 3445 2750 3513 displicere
2773 3446 2929 3499 debet
2959 3446 3011 3497 in
3059 3442 3286 3496 Leontio
3308 3440 3440 3513 ;7qui
3464 3438 3661 3493 simili-

2100 3522 2177 3583 ter
2208 3529 2237 3567 a
2274 3512 2885 3583 pseudo-Atnphilochio
2939 3513 3301 3567 introducitur
3330 3512 3667 3583 interrogans

2096 3578 2354 3639 Basiliam
2379 3584 2444 3637 de
2481 3578 2696 3638 nomine
2734 3598 2895 3652 quem
2950 3593 3075 3636 ante
3122 3596 3322 3652 paucos
3379 3594 3549 3633 annos
3583 3578 3664 3629 vi-

2099 3657 2229 3706 dere
2258 3662 2313 3708 et
2343 3652 2529 3706 audire
2564 3651 2856 3717 debuisset,
2888 3652 3125 3722 quotidie
3149 3651 3457 3722 Scripturas
3481 3662 3667 3702 sacras

2098 3723 2293 3793 populo
2328 3723 2728 3792 praelegentem.
2758 3719 3108 3785 Cum—enim,
3145 3729 3283 3793 teste
3305 3719 3664 3793 Nazianzeno,

2098 3789 2517 3863 Basilius—longo—
2544 3801 2783 3861 tempore
2816 3799 2941 3863 ante
2973 3790 3335 3863 sacerdotium
3366 3789 3419 3842 in
3447 3801 3670 3842 munere

2100 3864 2319 3917 lectoris
2356 3860 2521 3917 libr'os
2548 3860 2734 3917 sacros
2764 3861 2957 3931 populo
2996 3860 3299 3930 praelegerit
3322 3898 3337 3924 ,
3381 3873 3549 3931 nemo
3584 3872 3670 3909 ne-

2101 3934 2248 4004 gabit
2279 3933 2329 3986 id
2361 3947 2573 4004 quoque
2593 3928 2940 4004 diaconatum
2962 3928 3321 4004 prmcessisse,
3349 3928 3396 3981 si
3430 3941 3667 4004 unquam

2101 3995 2226 4056 Eum
2257 3995 2575 4070 susceperit.
2609 4001 2683 4055 Ita
2741 4001 2796 4055 in
2836 3995 3031 4054 mult-as
3085 4000 3426 4070 difficultates
3480 3995 3673 4051 incidi-

2105 4088 2245 4133 mus,
2277 4073 2322 4126 si
2362 4069 2569 4125 fabulas
2594 4071 2822 4126 velimus
2850 4072 3030 4124 facere
3063 4069 3342 4123 historias.

2175 4143 2287 4214 (5i)
2352 4141 2505 4214 llnnc
2536 4140 2713 4195 locum
2771 4143 2815 4195 si
2872 4141 2995 4209 quis
3050 4136 3425 4214 perpenderit,
3464 4133 3674 4214 judica-

2102 4206 2208 4277 bit',
2263 4206 2320 4265 ut
2350 4212 2621 4275 existimo,
2656 4226 2779 4280 non_
2798 4206 2959 4280 posse
3006 4224 3127 4263 eum
3154 4206 3303 4280 lapte
3333 4206 3582 4280 intelligi
3608 4207 3675 4259 de

2105 4275 2338 4336 mediata
2375 4283 2720 4335 successione
2752 4275 2939 4335 Basilii
2991 4288 3112 4349 post
3158 4275 3464 4349 Leontium,
3498 4275 3671 4349 tribus

2110 4352 2408 4421 interjectis
2464 4351 2736 4421 episcopis
2761 4390 2777 4417 ,
2810 4343 3041 4420 quorum
3074 4364 3213 4404 unus
3246 4346 3434 4417 viginti
3479 4343 3673 4401 saltem

436 4410 913 4482 male'Eusebium,
936 4419 1019 4470 cui
1059 4410 1300 4483 proxime
1327 4410 1696 4479 successisset,
1725 4410 2004 4472 substituit
2035 4410 2079 4467 D
2109 4410 2265 4476 annis'
2300 4422 2458 4477 sedit,

436 4488 494 4540 ὃ.
526 4487 772 4541 Leontio.
815 4485 931 4539 rlta
982 4486 1359 4541 Combefisius.
1392 4486 1472 4540 Ad
1527 4485 1809 4542 Leontium
1858 4486 2002 4554 quod

434 4557 629 4610 attinet
677 4555 823 4626 (nam
876 4556 1081 4625 reliqua
1124 4557 1386 4626 tantisper
1417 4558 1582 4612 missa
1636 4556 1797 4620 facio,
1830 4556 2003 4609 donec

435 4631 501 4680 de
529 4627 595 4680 iis
622 4625 693 4680 sit
722 4626 913 4695 agendi
943 4627 1137 4693 locus),
1169 4630 1235 4679 ad
1254 4625 1563 4692 Leontium,
1594 4627 1837 4694 inquam,
1858 4626 2003 4693 quod

436 4698 660 4762 attinet;
688 4712 794 4750 non
826 4706 1038 4764 poterat
1085 4697 1130 4749 is
1158 4698 1470 4750 redeuntem
1501 4698 1727 4750 Athenis
1756 4704 1848 4749 aut
1874 4696 2004 4749 Hie-

440 4768 723 4836 rosolymis
756 4768 1010 4836 excipere
1062 4764 1321 4820 Basilium
1370 4782 1555 4836 zinam
1612 4774 1832 4836 sanctus
1891 4768 2006 4836 ipse

440 4835 720 4904 profitetur
741 4852 822 4901 se,
866 4835 895 4888 a
928 4836 1119 4891 Dianio
1146 4877 1162 4899 ,
1204 4846 1326 4903 post
1374 4835 1763 4904 Hermogenem
1797 4835 2005 4891 Leontii

440 4920 754 4961 successore
785 4946 799 4968 ,
834 4908 1107 4960 admotum
1138 4922 1295 4961 sacro
1330 4907 1631 4961 ministerio
1663 4905 1850 4973 fuisse,
1910 4920 2005 4960 seu

441 4977 752 5030 ordinatum
783 4979 1062 5031 lectorem.
1093 4976 1314 5031 Dianius
1341 4978 1604 5046 vero,qui
1632 4977 1776 5031 circa
1805 4991 2005 5046 annum

439 5047 546 5101 562
576 5047 733 5109 obiit,
757 5047 1157 5101 Caesareensem
1187 5047 1554 5115 episcopatum
1612 5049 1770 5100 annis
1818 5045 2007 5116 viginti

441 5118 633 5183 tenuit,
680 5117 824 5170 circa
856 5116 954 5171 5H
984 5118 1264 5171 ordinatus
1311 5117 1600 5187 episcopus
1627 5157 1643 5181 ,
1675 5124 1824 5187 etut
1886 5117 2007 5170 talis

440 5187 685 5254 sequenti
715 5202 859 5241 anno
924 5187 1190 5242 assistens
1233 5186 1590 5241 conciliabUlo
1619 5186 1958 5241 Antiocheno
1990 5202 2005 5238 :

441 5258 582 5311 inter
610 5272 771 5326 quem
798 5266 854 5312 et
885 5254 1198 5322 Leontium,
1241 5259 1286 5313 si
1321 5256 1646 5327 Hermogeni
1678 5272 1877 5327 paucos
1898 5255 2009 5311 sal-

442 5337 550 5379 tem
583 5342 753 5381 annos
786 5329 1123 5383 concesseris
1144 5365 1159 5391 ,
1196 5342 1300 5381 non
1334 5326 1642 5396 poteritillc
1673 5326 1873 5382 vidisse
1902 5327 2009 5380 Ba—

440 5397 644 5462 silium,
677 5399 778 5451 nisi
826 5398 1115 5451 admodum
1167 5397 1420 5467 juvenem
1454 5412 1469 5449 :
1498 5411 1691 5465 nempe
1722 5406 2008 5467 antequam

440 5468 740 5521 studiorum
766 5483 931 5522 causa
963 5467 1209 5522 Caesarea
1236 5467 1561 5522 discederet.
1596 5469 1653 5521 Si
1688 5468 1852 5536 igitur
1875 5470 2009 5521 Am-

440 5537 765 5602 philochius,
803 5553 905 5592 non
929 5537 1245 5601 Eusebium,
1274 5547 1333 5592 ut
1354 5546 1501 5592 recte
1529 5538 1766 5593 ostendit
1785 5539 2013 5592 Gunthe-

443 5608 595 5679 lisius
622 5646 637 5669 ,
676 5610 767 5679 sed
820 5608 1105 5665 Leontium
1140 5608 1453 5678 scripserit,
1489 5608 1669 5679 plures
1722 5623 1851 5663 sane
1878 5607 2014 5663 difIi-

442 5677 674 5732 cultates
720 5678 992 5733 historica:
1044 5677 1378 5750 supersunt,
1413 5677 1612 5750 praeter
1644 5680 2012 5735 itnmcdiatam

512 5858 588 5933 (α)
618 5860 762 5916 Psal.
788 5877 911 5928 Lxx,
936 5869 989 5920 8.

2179 4491 2291 4563 (52)
2324 4488 2763 4563 Diesprohoris
2799 4487 2972 4563 Ursus
3013 4486 3231 4559 posuit,
3268 4493 3453 4563 contra
3487 4483 3671 4563 fidem,

2111 4551 2285 4633 ttt‘ait'
2320 4551 3075 4633 Cotnb'eftsius,antiquorum
3116 4556 3502 4633 exemplarium
3531 4570 3545 4606 :
3579 4551 3674 4633 sed

2108 4632 2199 4685 ille
2222 4630 2516 4685 absurdum
2562 4626 2911 4683 existimabat
2937 4631 3002 4681 ad
3034 4626 3272 4695 singulas
3308 4626 3469 4678 horas
3497 4626 3673 4677 sacri-

2110 4703 2291 4764 ficare,
2323 4700 2551 4766 ideoque
2581 4700 2697 4752 dies
2733 4700 3117 4766 interpretatus
3150 4706 3231 4749 est
3259 4713 3272 4749 :
3298 4695 3386 4748 hic
3408 4707 3538 4766 vero
3563 4707 3677 4744 ma-
3730 4710 3735 4711 ί

2108 4771 2207 4824 luit
2237 4763 2591 4838 imprOprium
2630 4763 2965 4824 sacrificium
2994 4766 3301 4823 orationum
3328 4774 3383 4819 et
3408 4763 3675 4817 bonorum

2107 4856 2327 4911 operum
2362 4838 2679 4911 intelligere.

2179 4908 2299 4981 (53)
2351 4902 2783 4981 Quam'certum
2825 4916 2911 4963 est
2960 4922 2989 4960 a
3019 4904 3216 4981 Basilio
3268 4902 3537 4981 liturgiam
3590 4914 3675 4981 sa:

2109 4969 2673 5051 cram'coiiscriptam
2711 4992 2871 5051 esse,
2934 4984 3044 5051 tam
3095 4977 3356 5029 incertum
3402 4969 3513 5051 _est_
3547 4969 3676 5051 quid

2110 5065 2253 5103 nunc
2284 5048 2509 5120 praecise
2530 5040 2827 5120 ipsiusﬂsit,
2856 5040 2924 5120 in!
2944 5047 3011 5101 iis
3043 5061 3160 5117 qua:
3185 5052 3404 5099 exstant
3433 5040 3532 5094 sub
3562 5040 3680 5120 ejus

2112 5116 2332 5175 nomine
2366 5117 2651 5191 Liturgiis.
2702 5116 2811 5172 Nec
2857 5116 3171 5171 mirum’est
3216 5123 3367 5191 tanto
3418 5116 3678 5191 temporis

2112 5191 2287 5258 spatio
2316 5230 2332 5256 ,
2358 5181 2605 5259 quamam
2638 5188 2921 5259 immutata
2968 5201 3089 5242 esse
3112 5225 3128 5250 ,
3153 5182 3442 5259 _qu_mdam_
3459 5181 3637 5259 addita
3661 5220 3678 5244 ,

2112 5250 2357 5330 quaedam
2376 5250 2557 5332 ‘etiam
2605 5258 2839 5313 sublata.
2868 5259 3030 5332 Certe
3054 5250 3217 5332 verba
3244 5255 3369 5319 ista,
3396 5250 3681 5332 Baptizatur

2113 5320 2170 5402 ᾧ
2199 5345 2372 5402 meum
2427 5328 2605 5402 laude,
2639 5338 2924 5402 ut_cantem
2951 5326 3175 5402 glosiarn
3211 5334 3379 5389 tuam,
3428 5322 3482 5402 in
3516 5320 3681 5373 nullis

2117 5399 2404 5455 Basilianae
2493 5396 2756 5467 Liturgia:
2832 5396 3235 5466 exemplaribus
3311 5396 3677 5467 reperiuntur.

2114 5469 2303 5543 Oratio
2339 5483 2494 5534 vero,
2538 5484 2556 5519 ι
2591 5460 2817 5543 Do'mine
2847 5460 3219 5543 Deus'noster,
3259 5481 3278 5515 ι
3309 5460 3681 5543 eleuet-alter

2116 5556 2199 5606 ra,
2230 5558 2248 5592 ι
2278 5541 2511 5595 Attende
2538 5580 2554 5605 ,
2592 5537 2859 5601 Domine,
2899 5555 2917 5588 ι
2958 5544 3175 5609 exstant
3201 5536 3254 5588 in
3284 5536 3682 5609 przeno'minata

2116 5599 2401 5678 Liiurgia;
2454 5599 2734 5677 secunda,
2790 5599 3036 5664 etiamin
3087 5599 3331 5677 Liturgi'a
3374 5599 3680 5658 SJoannis

2116 5680 2514 5737 Chrvsostomi.
