4076 6226
384 370 522 409 CCCII

1759 358 2285 426 PROLEGOMENA.

388 488 549 543 l’atie
581 490 755 556 sedes,
789 502 843 546 et
881 493 967 547 hic
995 495 1274 550 nobiscum
1304 496 1651 552 invisibiliter
1683 501 1951 567 versaris;

2071 492 2114 538 et
2137 485 2320 540 missae
2347 485 2617 552 ordinem,
2673 484 3076 557 Dominicaeque
3109 485 3505 543 communionis
3528 503 3619 543 ex-

387 590 442 631 et
476 581 698 650 dignare
734 584 938 650 potenti
972 599 1133 639 manu
1166 594 1253 639 tua
1313 589 1467 642 nobis
1503 589 1767 660 impertiri
1799 609 1955 649 sacra

395 673 670 741 mysteria,
702 683 758 728 et
786 690 881 742 per
915 692 1012 731 nos
1041 679 1142 732 toti
1169 679 1382 748 populo.
1429 699 1448 732 ι
1481 681 1720 740 Deinde:
1766 703 1785 736 ‹
1819 685 1957 740 San-

390 773 477 816 eta
510 765 734 817 sanctis.
764 783 783 817 »
817 765 1089 834 Populus:
1128 786 1148 820 ι
1197 769 1344 825 Unus
1377 771 1627 840 Sanctus,
1677 790 1817 830 unus
1850 776 1956 830 Do-

392 853 571 907 minus
594 852 756 909 Jesus
779 854 1047 921 Christus,
1073 859 1124 912 in
1152 859 1373 929 gloriam
1395 861 1487 915 Dei
1512 861 1708 918 Patris.
1727 863 1950 920 Amen»

391 940 634 1012 Cumque
666 958 857 1013 panem
885 945 1159 1003 divisisset
1180 951 1231 1004 in
1275 959 1384 1005 tres
1409 960 1612 1021 partes,
1649 969 1811 1008 unam
1835 955 1958 1024 qui-

391 1035 512 1087 dem
578 1049 704 1089 cum
761 1037 932 1093 multo
973 1040 1165 1096 timore
1195 1050 1250 1095 et
1285 1043 1634 1099 veneratione
1684 1046 1955 1114 sumpsit;

391 1124 619 1180 alteram
653 1142 781 1181 vero
801 1143 905 1182 una
945 1144 1128 1184 secum
1165 1131 1526 1200 sepeliendam
1548 1135 1782 1189 servavit
1819 1134 1956 1208 (54);

393 1219 607 1273 tertiam
651 1220 883 1290 denique
922 1222 973 1275 in
1010 1221 1255 1278 columba
1288 1224 1400 1296 (55)
1437 1239 1604 1281 aurea
1628 1225 1953 1297 depositam,

393 1306 628 1375 desuper
649 1322 867 1362 sacrum
895 1309 1065 1366 altare
1102 1313 1400 1381 suspendit.

466 1396 700 1453 Eubulus
720 1411 900 1457 autem
925 1403 1121 1459 etcleri
1149 1405 1414 1473 princeps,
1446 1403 1608 1460 simul
1635 1413 1841 1462 stantes
1865 1422 1960 1477 pro

396 1481 605 1539 for:bus
635 1489 843 1557 templi,
872 1491 1125 1546 videbant
1150 1493 1200 1545 in
1232 1494 1430 1562 templo
1477 1494 1655 1549 lumen
1678 1482 1959 1564 spiritale,

401 1573 655 1644 virosque
692 1578 954 1643 gloriosos
979 1582 1176 1636 amictu
1203 1584 1455 1648 candido,
1480 1599 1544 1640 ac
1567 1600 1751 1641 vocem
1778 1587 1959 1656 populi

396 1664 749 1732 glorificantis
803 1672 1130 1737 Dominum,
1190 1688 1290 1728 nec
1326 1689 1429 1729 non
1479 1685 1742 1731 astantem
1803 1677 1962 1732 altari

398 1754 653 1813 Basilium
683 1778 697 1814 :
724 1762 1067 1833 perculsique
1125 1780 1193 1820 ex
1232 1765 1437 1820 visione
1466 1808 1481 1831 ,
1520 1778 1849 1835 proruerunt
1907 1770 1961 1823 in

2061 576 2389 644 ploraturus.
2422 578 2577 635 Videt
2598 594 2727 635 vero
2754 579 2809 634 in
2851 578 3038 635 Basilii
3066 578 3314 634 manibus
3338 580 3619 650 puerulum

2061 668 2210 723 velut
2239 672 2580 727 membratim
2610 672 2775 728 incidi
2801 671 2947 743 (56);
2973 680 3169 727 etcum
3195 680 3475 727 sumerent
3500 688 3621 729 om-

2060 772 2180 825 nes,
2214 760 2379 815 etiam
2429 762 2544 832 ipse
2587 763 2835 827 accessit,
2886 762 3181 831 datumque
3224 764 3365 833 quod
3394 764 3624 819 veritate

2061 864 2190 906 caro
2220 860 2365 908 esset
2388 855 2598 923 accepit
2625 872 2641 909 :
2667 870 2791 910 cum
2816 854 2964 909 venit
2991 853 3061 909 ad
3094 855 3338 920 calicem,
3368 865 3423 912 et
3445 856 3621 927 ipsum

2062 940 2278 1010 plenum
2303 945 2587 1016 sanguine,
2609 945 2685 1001 de-
2696 960 2868 1016 eoque
2899 946 3062 1001 etiam
3093 947 3460 1018 participavit.
3485 945 3621 1003 Cum

2062 1044 2191 1086 vero
2213 1033 2280 1088 de
2298 1034 2541 1103 utrisque
2561 1042 2835 1091 servasset
2861 1035 3140 1104 reliquias,
3166 1035 3382 1090 domum
3409 1035 3620 1101 abiens,

2063 1124 2244 1190 uxori,
2281 1125 2348 1181 ad
2378 1125 2679 1182 faciendam
2710 1128 2891 1183 verbis
2921 1127 3374 1193 fidem,ostendit,
3395 1142 3625 1183 narrans

2063 1228 2185 1283 quae
2230 1218 2464 1286 propriis
2492 1219 2609 1288 ipse
2659 1218 2833 1274 oculis
2857 1218 3103 1273 vidisset.
3147 1217 3444 1273 Persuasus
3494 1232 3625 1288 ergo

2063 1320 2185 1361 esse
2228 1320 2419 1362 revera
2448 1306 2776 1363 horrendum
2805 1318 2862 1365 et
2903 1309 3148 1365 mirabile
3193 1307 3623 1364 Christianorum

2065 1405 2463 1453 sacramentum
2488 1437 2504 1464 ,
2535 1398 2588 1453 in
2617 1399 2912 1454 crastinum
2937 1399 3050 1454 adit
3098 1398 3380 1463 Basiliam,
3403 1399 3626 1467 supplex

2064 1505 2247 1557 orans,
2282 1500 2340 1545 ut
2364 1493 2481 1547 sine
2532 1507 2680 1547 mora
2719 1493 2991 1563 acciperet
3038 1493 3240 1549 Christi
3267 1491 3624 1560 signaculum.

2066 1582 2166 1649 Qui
2198 1582 2332 1637 nihil
2379 1592 2685 1650 cunctatus,
2719 1584 2891 1640 solitis
2935 1597 3062 1638 vero
3109 1583 3296 1654 gratiis
3321 1583 3372 1638 ei
3403 1582 3619 1648 habitis,

2066 1673 2156 1742 qui
2187 1673 2304 1727 vult
2326 1688 2514 1729 omnes
2541 1673 2717 1730 salvos
2747 1673 2886 1737 fieri,
2917 1676 3226 1729 credentem
3259 1673 3313 1727 in
3345 1671 3623 1728 Dominum

2069 1778 2190 1817 cum
2219 1764 2363 1818 omni
2395 1766 2554 1820 domo
2579 1780 2673 1819 sua
2698 1764 3012 1834 baptizavit.

398 1845 592 1903 faciem
651 1850 786 1906 fusis
818 1853 1073 1925 lacrymis
1097 1895 1114 1921 ,
1167 1864 1224 1911 et
1258 1856 1625 1927 glorificantes
1654 1858 1961 1913 Dominum.
1994 1842 2037 1896 Β
2136 1857 2378 1927 Cumque
2404 1866 2620 1913 sanctus
2646 1857 3010 1926 egrederetur,
3038 1855 3244 1911 accedit
3274 1854 3338 1909 ad
3359 1867 3481 1908 eum
3507 1868 3625 1906 mu-

400 1937 631 2007 Egresso
678 1952 860 1999 autem
906 1945 1144 2027 Basilio,
1175 1949 1491 2003 ceciderunt
1522 1950 1587 2004 ad
1622 1950 1785 2019 pedes
1827 1950 1963 2019 ejus,

399 2040 455 2084 et
482 2032 842 2091 adoraverunt
874 2037 1075 2106 ipsum.
1107 2039 1178 2093 At
1208 2039 1294 2093 ille
1321 2041 1569 2108 quaesivit
1599 2056 1819 2095 causam
1847 2042 1968 2096 ado-

402 2122 629 2180 rationis
653 2135 708 2181 et
739 2128 1001 2184 adventus
1029 2145 1241 2185 eorum.
1266 2130 1342 2184 Illi
1372 2146 1500 2186 vero
1526 2132 1778 2187 dixerunt
1801 2133 1967 2186 mira-

402 2215 509 2270 bile
552 2221 1104 2290 spectaculum,quod
1158 2223 1420 2278 vidissent
1462 2224 1514 2277 in
1540 2223 1760 2294 templo.
1814 2224 1966 2281 Tunc

401 2302 659 2373 Basilius,
688 2308 801 2364 Deo
827 2309 1103 2366 ferventer
1138 2312 1274 2367 actis
1308 2312 1496 2381 gratiis
1520 2351 1536 2376 ,
1591 2311 1965 2379 hujuscemodi

401 2394 481 2448 eis
516 2397 782 2453 mirabilia
835 2402 1111 2456 enarravit
1143 2421 1157 2456 :
1187 2412 1242 2456 et
1291 2404 1554 2457 advocato
1588 2403 1812 2458 auriﬁce
1838 2403 1969 2459 fecit

403 2483 709 2541 columbam
735 2488 801 2542 de
829 2504 963 2544 auro
994 2494 1214 2556 mundo,
1256 2492 1420 2561 inque
1449 2507 1513 2548 ea
1546 2493 1844 2562 portionem
1872 2493 1968 2549 de-

404 2577 612 2643 posuit;
644 2587 700 2632 et
723 2593 884 2648 super
911 2595 1120 2636 sacram
1151 2597 1417 2647 mensam,
1448 2583 1597 2637 velut
1620 2584 1844 2654 figuram
1872 2599 1969 2641 sa-

402 2680 509 2719 cra:
559 2667 704 2723 illius
753 2671 1016 2726 columbae
1041 2711 1056 2738 ,
1082 2687 1202 2742 quae
1251 2673 1305 2727 in
1338 2672 1553 2728 Domini
1581 2675 1873 2745 baptismo—
1912 2675 1968 2730 in

401 2754 634 2812 Jordane
667 2762 1025 2830 apparuisset,
1053 2764 1355 2834 suspendit.
1384 2765 1452 2819 lis
1482 2779 1645 2834 porro
1670 2767 1744 2820 ita
1772 2767 1964 2836 gestis,

405 2857 462 2900 et
517 2848 605 2903 ubi
664 2849 711 2906 is
759 2850 1068 2907 habiturum
1099 2868 1158 2909 se
1206 2856 1427 2910 verbum
1471 2856 1863 2911 exhortationis
1901 2856 1969 2913 ad

402 2939 656 3005 populum
703 2945 1077 3012 promisisset,
1153 2955 1481 3017 congregata
1538 2957 1622 3003 est
1679 2948 1970 3003 multitudo

404 3031 612 3087 infinita
646 3034 715 3089 ad
738 3035 1023 3091 ecclesiam
1053 3076 1068 3101 ,
1111 3038 1162 3091 in
1195 3038 1391 3106 quibus
1417 3040 1580 3093 etiam
1631 3054 1858 3109 magnus
1881 3038 1971 3093 ille

404 3125 729 3179 exercitator
761 3136 817 3181 et
846 3129 1144 3183 monachus
1174 3129 1431 3197 Ephrem,
1481 3131 1548 3185 de
1588 3145 1696 3198 quo
1727 3140 1969 3199 postmo-

2065 1948 2323 2011 liercula,
2365 1962 2531 2004 orans
2568 1957 2628 2001 ut
2664 1947 2778 2015 ejus
2807 1946 3033 2002 haberet
3083 1961 3288 2014 curam,
3334 1945 3480 1999 velut
3535 1944 3624 2014 qui

2067 2038 2206 2107 apud
2256 2037 2547 2105 provinciae
2599 2036 2886 2106 praesidem
2924 2037 3247 2091 auctoritate
3280 2033 3504 2089 valeret.
3557 2033 3628 2086 At

2066 2129 2155 2185 ille
2201 2136 2419 2197 accepta
2466 2129 2678 2192 charta,
2731 2127 2846 2182 haec
2873 2127 2928 2181 in
2970 2142 3033 2183 ea
3089 2125 3303 2197 przesidi
3329 2124 3624 2180 exaravit:

2072 2240 2092 2273 ‹
2133 2221 2279 2275 Adiit
2324 2235 2411 2275 me
2460 2219 2652 2274 mulier
2699 2218 3023 2289 paupercula
3050 2258 3065 2283 ,
3103 2218 3286 2273 dicens
3334 2230 3492 2285 posse
3540 2229 3627 2269 me

2067 2310 2206 2379 apud
2255 2320 2327 2365 te.
2374 2308 2431 2365 Si
2485 2323 2616 2378 ergo
2670 2324 2888 2378 possum
2919 2349 2934 2377 ,
2983 2308 3224 2364 ostende.
3261 2324 3280 2359 ι
3333 2305 3629 2372 Traditque

2068 2401 2315 2456 chartam
2355 2400 2570 2455 mulieri
2606 2419 2621 2456 :
2660 2400 2752 2455 illa
2800 2414 2930 2454 vero
2968 2398 3205 2468 profecta
3260 2396 3489 2453 reddidit
3515 2395 3627 2463 epi-

2068 2490 2262 2545 stolam
2314 2492 2549 2560 praesidi.
2603 2490 2673 2545 At
2726 2490 2817 2546 ille
2846 2490 2933 2545 ubi
2964 2489 3095 2559 legit
3121 2528 3137 2553 ,
3171 2489 3269 2544 ista
3301 2486 3577 2554 rescripsit
3608 2501 3625 2539 :

2074 2599 2095 2633 ‹
2128 2581 2307 2649 Volui,
2336 2581 2498 2636 Pater
2527 2591 2735 2649 sancte,
2769 2582 2933 2636 vestri
2982 2595 3140 2634 causa
3165 2578 3405 2632 miserari
3439 2575 3629 2629 mulie-

2069 2690 2184 2730 rem
2209 2712 2223 2739 ,
2250 2674 2343 2729 sed
2370 2689 2477 2728 non
2524 2673 2709 2743 potui;
2762 2672 2904 2741 quod
2932 2671 3128 2727 aerario
3155 2668 3369 2739 publico
3398 2665 3629 2720 obnoxia

2069 2765 2162 2821 sit.
2214 2782 2233 2816 ι
2271 2763 2501 2819 Basilius
2527 2774 2705 2819 autem
2732 2762 2919 2818 scribit
2964 2763 3200 2818 secundo
3243 2779 3255 2814 :
3290 2777 3310 2810 ι
3350 2757 3629 2827 Siquidem

2069 2854 2308 2919 voluiSti,
2341 2869 2441 2910 nec
2462 2855 2707 2923 potuisti,
2738 2856 2875 2911 bene
2901 2854 3064 2909 fuerit
3092 2871 3107 2908 :
3135 2852 3219 2906 sin
3252 2859 3429 2904 autem
3458 2847 3634 2918 potui-

2072 2945 2141 3000 sti
2172 2953 2227 2999 et
2259 2943 2479 2999 noluisti
2512 2983 2528 3009 ,
2579 2953 2629 2999 te
2662 2944 2800 3000 Deus
2830 2945 2883 2999 in
2914 2956 3206 3014 egenorum
3240 2941 3447 3009 rediget
3498 2938 3632 2994 cho-

2072 3051 2214 3100 rum,
2250 3044 2309 3089 ut
2335 3050 2440 3091 non
2470 3035 2649 3104 possis
2677 3050 2799 3090 cum
2833 3035 3089 3090 volueris.
3147 3053 3168 3086 ι
3205 3031 3523 3099 Acciditque
3570 3039 3632 3084 ut

2071 3127 2149 3181 rei
2180 3126 2470 3195 scriptura,
2498 3141 2584 3180 res
2621 3125 2876 3180 evaserit.
2920 3122 3036 3178 Non
3068 3123 3157 3177 diu
3189 3123 3333 3176 enim
3372 3128 3512 3191 post,
3544 3120 3631 3173 in—

405 3216 531 3268 dum
563 3218 834 3271 narraturi
857 3232 1071 3285 sumus;
1119 3226 1177 3273 ut
1210 3220 1470 3273 nimirum
1501 3235 1567 3274 ex
1592 3197 1774 3275 divina
1805 3235 1969 3291 appa—
1996 3197 2038 3256 ο
2073 3217 2438 3287 dignationem
2477 3216 2815 3285 imperatoris
2841 3225 3115 3283 expertus,
3167 3212 3634 3282 circumagebatur

406 3302 622 3370 ritione,
651 3306 763 3372 ipse
789 3307 1057 3377 inspector
1089 3308 1263 3363 factus
1291 3308 1363 3364 sit
1392 3309 1633 3380 praeclari
1666 3309 1841 3366 Patris
1871 3326 1968 3366 no-

405 3394 502 3447 stri
530 3392 737 3450 Basilii.

476 3483 608 3539 Cum
643 3486 825 3555 itaque
851 3502 941 3543 res
960 3502 1114 3544 sacra
1144 3485 1414 3560 agerettir,
1441 3490 1699 3545 Hebraeus
1726 3491 1965 3559 quidam,

407 3575 556 3630 velut
582 3574 944 3644 Christianus,
979 3578 1212 3647 seipsum
1242 3579 1441 3649 populo
1470 3580 1785 3645 immiscuit,
1812 3577 1973 3634 officii

479 3730 592 3802 (54)
633 3730 794 3786 Juvat
847 3733 951 3788 hoc
981 3733 1103 3788 loco
1124 3734 1312 3788 audire
1363 3733 1744 3803 Bosweydum.
1782 3751 1800 3784 ‹
1838 3731 1964 3803 Fuit

407 3801 555 3865 olim,
576 3801 784 3871 inquit,
811 3803 1164 3870 quorumdam
1197 3801 1574 3863 censuetudof
1600 3811 1657 3854 ut
1705 3802 1960 3857 euchari-

409 3872 566 3924 stiam
598 3873 762 3925 etiam
796 3874 1023 3927 mortuis
1058 3874 1371 3942 ingererent
1414 3882 1470 3924 et
1518 3871 1959 3940 consepelirent:

411 3956 572 4008 quam
620 3943 900 4009 abrogavit
939 3943 1229 3996 concilium
1261 3942 1689 4011 Carthaginense
1712 4010 1715 4011 ν
1742 3942 1962 3994 tertium

408 4025 618 4066 eanone
646 4020 821 4063 sexto.
859 4031 877 4062 ›
922 4011 1020 4066 llic
1056 4027 1186 4065 vero
1226 4012 1348 4064 talis
1383 4010 1527 4063 est:
1593 4027 1611 4061 ι
1663 4010 1876 4064 Placuit
1909 4019 1968 4064 ut

409 4080 726 4148 corporibus
786 4081 1165 4134 defunctorum
1219 4080 1545 4133 eucharistia
1615 4096 1719 4133 non
1763 4083 1962 4132 detur:

412 4151 613 4202 dictum
659 4159 741 4202 est
796 4150 939 4202 enim
971 4166 1001 4203 a
1046 4148 1276 4203 Domino
1306 4149 1571 4214 :Accipile
1618 4161 1663 4202 et
1692 4148 1925 4219 cdite(a)
1956 4166 1971 4202 :

412 4220 677 4271 cadavera
716 4228 893 4271 autem
946 4233 1046 4273 nec
1082 4220 1329 4286 accipere
1366 4227 1593 4285 possunt
1635 4233 1736 4272 nec
1789 4221 1972 4273 edere.

411 4286 720 4341 Cavendum
774 4296 857 4341 est
918 4290 1080 4342 etiam
1130 4304 1199 4341 ne
1232 4298 1478 4343 mortuos
1507 4288 1771 4354 baptizari
1811 4303 1976 4356 posse

2074 3309 2309 3371 vinctus,
2341 3306 2410 3361 iis
2446 3306 2687 3361 facturus
2720 3304 2852 3361 satis
2896 3320 3033 3374 quos
3085 3304 3280 3373 injuria
3345 3302 3631 3358 affecisset.

2076 3399 2227 3454 Tunc
2249 3400 2435 3465 miser,
2459 3398 2682 3468 supplex
2719 3397 2920 3453 Basilio
2953 3398 3202 3464 ellicitur,
3266 3405 3524 3466 rogatque
3577 3404 3637 3448 ut

2074 3488 2322 3560 precibus
2340 3487 2604 3542 offensum
2638 3487 2819 3557 placet
2845 3488 3187 3557 imperatoris
3216 3488 3454 3541 animum
3479 3472 3594 3556 ('57)
3620 3501 3633 3537 :

2077 3580 2219 3648 quod
2245 3589 2300 3633 et
2329 3578 2476 3637 fecit.
2509 3579 2641 3635 Post
2671 3588 2882 3635 sextum
2926 3581 3070 3634 enim
3110 3580 3249 3647 diem
3278 3580 3426 3635 venit
3457 3589 3634 3648 typus,

2069 3731 2202 3787 cleri
2249 3733 2573 3788 Antioebeni
2610 3733 2677 3787 ad
2703 3732 2962 3789 Joannem
2979 3731 3629 3799 Constantinopolitanum

2066 3804 2399 3872 episcopum.
2423 3813 2607 3858 contra
2636 3803 2892 3858 Severum
2935 3805 3243 3872 episeOpum
3270 3817 3428 3872 suum
3456 3802 3632 3854 haere-

2084 3869 2288 3927 ticum':
2320 3893 2338 3925 ι
2375 3872 2662 3928 Columbas
2705 3887 2895 3926 aureas
2922 3869 3279 3939 et'arge’nteas
3326 3872 3376 3923 in
3407 3869 3631 3922 formam

2080 3942 2329 4009 Spiritus
2359 3942 2532 3996 sancti
2560 3956 2721 4009 super
2757 3942 2933 3994 divina
2979 3942 3193 3994 lavacra
3234 3951 3288 3994 et
3321 3940 3509 3993 altaria
3540 3952 3634 4007 ap-

2067 4027 2284 4080 pensas,
2313 4028 2416 4065 una
2440 4026 2561 4065 cum
2591 4012 2711 4065 aliis
2744 4011 2844 4080 sibi
2865 4011 3248 4078 appropriavit,
3286 4009 3488 4072 dicens,
3526 4024 3630 4062 non

2076 4092 2329 4160 oportere
2352 4083 2403 4135 in
2430 4080 2614 4150 specie
2642 4079 2902 4134 columbae
2950 4080 3210 4149 Spiritum
3238 4087 3482 4134 sanctum
3537 4094 3635 4133 no-

2080 4165 2587 4287 ml(l'Iéatiufnlli’stortam
2627 4219 2765 4273 hanc
2787 4218 3046 4286 opusculo
3071 4218 3162 4282 58,
3195 4232 3315 4287 cap.
3352 4218 3441 4283 Η,
3472 4217 3637 4273 refert

2081 4287 2145 4341 D.
2176 4289 2430 4344 Thomas.
2464 4289 2660 4343 Verum
2697 4288 2742 4341 si
2794 4288 3265 4343 animadvertisset
3315 4290 3510 4342 Doctor
3538 4304 3636 4342 an-

417 4361 645 4410 tratrum
684 4356 973 4411 infirmitas
1003 4358 1209 4421 credat,
1241 4372 1361 4411 cum
1405 4357 1791 4410 eucharistiam
1828 4373 1972 4411 mor-
2007 4360 2051 4414 D
2080 4357 2305 4425 gelicus,
2340 4358 2390 4411 in
2433 4358 2743 4414 Grmcorutn
2776 4357 3022 4412 ecclesiis
3052 4397 3067 4420 ,
3099 4360 3436 4412 sacerdotem
3469 4358 3638 4412 sacri-

413 4428 524 4482 tuis
551 4429 665 4482 dari
697 4426 1213 4483 at'iimadverterent.
1252 4446 1270 4479 ι
1302 4426 1774 4494 Subscripsithuic
1795 4428 1979 4480 conci-

414 4498 487 4551 lio
516 4498 571 4568 Si.
594 4498 954 4568 Augustinus.
986 4497 1149 4549 Addit
1199 4497 1585 4568 ibidem_etiant
1619 4496 1974 4568 Rosweydus,

417 4567 558 4635 quod
591 4565 729 4621 idem
751 4568 1014 4636 repetitur
1043 4568 1094 4618 in
1124 4566 1355 4619 concilio
1381 4565 1733 4636 Hipponensi,
1770 4581 1978 4621 canone

414 4637 604 4705 quinto
623 4653 638 4699 ;
659 4647 709 4691 et
738 4639 789 4689 in
813 4635 1047 4690 concilio
1069 4635 1531 4689 Antissiodoreusi
1559 4650 1702 4688 anno
1730 4651 1856 4700 DXL,
1884 4651 1977 4689 ca-

415 4721 554 4759 none
589 4706 689 4775 12;
724 4717 778 4762 et
825 4708 876 4760 in
913 4705 1142 4760 concilio
1188 4705 1425 4773 generali
1463 4714 1737 4758 sexto.....
1764 4706 1855 4758 ubi
1884 4720 1976 4759 ca-

416 4791 521 4828 non
571 4775 641 4830 85
694 4778 763 4830 ita
826 4777 1061 4831 habet...
1118 4792 1137 4824 ι
1184 4775 1349 4827 Nemo
1390 4784 1726 4828 mortuorum
1777 4789 1974 4842 corpo-

417 4847 565 4899 ribus
627 4846 1015 4900 eucharistiam
1085 4844 1465 4898 cmnmunicet.
1540 4843 1814 4912 Scriptum
1890 4851 1973 4897 est

415 4915 581 4980 enim,
612 4915 845 4985 Accipite
878 4926 922 4969 et
951 4915 1203 4967 comedile
1235 4929 1253 4966 :
1289 4922 1625 4985 mortuorum
1659 4924 1837 4985 autem
1862 4928 1976 4967 cor-

419 4999 563 5055 pora,
585 5001 688 5039 non
713 4981 936 5055 possunt
968 4986 1250 5055 accipere,“
1268 4998 1364 5036 nec
1382 4982 1703 5055 _cou_ie_der_e_.
1732 5002 1751 5035 ι
1776 4981 1974 5055 Ηθειθτ

421 5069 518 5106 nus
540 5051 895 5123 Rusweydus.
926 5056 1004 5107 An
1033 5055 1197 5121 igitur
1229 5053 1421 5106 fecerit
1453 5052 1504 5105 id
1536 5051 1789 5117 Basilius,
1831 5052 1973 5123 quod

419 5124 614 5176 saeculo
632 5121 878 5192 sequenti
908 5123 1297 5191 prohibendum
1341 5123 1573 5175 concilia
1608 5121 1974 5192 censuerunt?

417 5191 774 5247 Combeﬁsius
831 5194 947 5256 ait,
977 5193 1233 5246 Basilium
1262 5192 1315 5244 id
1354 5192 1547 5246 fecisse
1575 5191 1836 5258 singulari
1886 5193 1971 5244 in-

418 5263 622 5317 stinctu
676 5264 876 5318 divino.
913 5262 1104 5316 Verum
1148 5261 1336 5329 quidni
1393 5271 1502 5315 tam
1538 5262 1747 5328 ineptus
1810 5260 1974 5315 fuerit

419 5334 1058 5402 pseudo-Amphilochius
1092 5371 1108 5389 .
1166 5339 1223 5384 ut
1257 5332 1481 5386 abusum
1515 5370 1530 5396 ,
1591 5345 1689 5385 suo
1731 5339 1973 5402 tempore

420 5404 598 5472 forsan
629 5419 731 5459 non
756 5401 970 5469 ubique
997 5402 1264 5472 sublatum
1286 5440 1302 5469 ,
1341 5409 1448 5455 tam
1485 5402 1632 5472 pium
1661 5401 1970 5466 crediderit,

421 5481 478 5522 ut
495 5470 689 5542 Basilio
717 5473 892 5542 allingi
921 5471 1148 5538 posset?

491 5541 604 5612 (55)
633 5537 1072 5595 Colunib'asolim
1099 5556 1260 5609 super
1293 5540 1486 5595 altaria
1516 5547 1581 5612 et
1615 5553 1775 5608 super
1793 5537 1971 5612 bapti-

422 5609 613 5673 steria,
638 5612 691 5663 in
742 5613 1057 5664 memoriam
1090 5612 1325 5679 Spiritus
1353 5611 1525 5665 sancti
1562 5609 1974 5680 appensasl'uis-

422 5696 501 5744 se,
544 5680 732 5749 probat
764 5680 1096 5749 liosweydus
1134 5677 1204 5735 in
1242 5681 1383 5736 hunc
1434 5677 1727 5747 Ineunt-cx
1752 5677 1971 5749 epistula

491 5795 568 5866 (ᾳ)
610 5793 793 5849 Matth.
827 5806 975 5858 xxvr,
1002 5792 1090 5848 ‘26.
1514 5812 1573 5837 -σ

2083 4427 2333 4480 ﬁcantem
2368 4444 2469 4481 non
2519 4429 2686 4481 videri
2725 4442 2754 4479 a
2790 4428 2983 4495 populo
3011 4467 3026 4491 ,
3055 4427 3357 4482 dubitasset
3416 4428 3594 4482 forsan
3620 4467 3637 4491 ,

2083 4512 2208 4548 num
2245 4497 2294 4549 id
2320 4498 2464 4565 quod
2515 4497 2580 4551 de
2611 4495 2806 4549 Basilio
2836 4507 3041 4561 narrat,
3073 4498 3228 4551 alteri
3257 4498 3470 4552 cuidam
3525 4498 3638 4565 epi—

2082 4580 2244 4636 scopo
2272 4582 2362 4620 aut
2397 4567 2891 4636 sacerdOtiqLatino
2945 4568 3254 4634 contigerit.
3303 4567 3637 4636 Rosweydus

2028 4667 2035 4675 -
2082 4633 2135 4686 in
2171 4637 2311 4689 hunc
2336 4637 2532 4700 locum,
2564 4652 2626 4690 ex
2678 4634 2969 4689 Paschasio
2996 4677 3012 4701 ,
3045 4633 3182 4690 libro
3220 4638 3293 4689 De
3320 4633 3534 4703 corpore
3589 4646 3637 4689 et

2081 4704 2332 4775 sanguine
2354 4705 2588 4766 Domini.
2632 4706 2765 4775 dicit
2791 4707 3019 4760 similem
3046 4707 3322 4760 historiam
3349 4709 3639 4775 contigisse

2084 4771 2243 4840 Plego
2270 4777 2607 4845 presbytero.
2642 4773 2749 4828 Nos
2767 4775 2839 4829 9.3
2867 4776 3069 4842 Aprilis
3091 4785 3235 4831 tome
3251 4776 3339 4842 lll,
3370 4771 3637 4845 pagfl“,

2081 4858 2367 4898 narramus
2422 4845 2652 4897 similem
2710 4845 3015 4909 visionem,
3071 4845 3303 4900 oblatam
3370 4850 3639 4900 Saracena

2082 4911 2319 4984 cuidam,
2364 4914 2564 4968 violare
2593 4914 2791 4967 volenti
2828 4915 3082 4983 templum
3128 4915 3186 4968 S.
3217 4916 3432 4984 Georgii
3459 4914 3637 4984 Megae

2088 4979 2400 5053 [etuartyris
2450 5002 2463 5035 :
2515 4993 2570 5036 at
2627 4985 2729 5038 nisi
2775 4985 2912 5038 ritus
2942 4979 3144 5039 'divinae
3173 4979 3399 5050 liturgia:
3428 5024 3443 5045 .
3499 4979 3637 5049 aliud

2080 5048 2650 5119 Coptos'Christianos
2672 5095 2687 5117 ,
2741 5054 2985 5108 diversus
3033 5055 3197 5109 fuerit
3230 5071 3257 5108 a
3286 5048 3389 5108 ritu
3425 5048 3639 5107 Grzeco-

2078 5134 2244 5185 rum,
2276 5122 2552 5177 vacillabit
2610 5122 2854 5177 miraculi
2913 5124 3085 5189 fides,
3135 5125 3204 5178 ob
3240 5124 3453 5178 easdem
3505 5136 3639 5188 quas

2077 5189 2191 5258 jam
2226 5192 2379 5246 attuli
2422 5194 2699 5256 rationes;
2742 5203 2833 5246 aut
2856 5193 3141 5247 dicendum
3172 5202 3333 5256 esset,
3365 5190 3639 5246 Christum

2079 5261 2393 5327 apparuisse
2421 5263 2473 5316 in
2505 5263 2679 5316 hostia
2711 5263 2949 5316 nondum
2984 5272 3333 5325 consecrata;
3374 5277 3478 5315 non
3509 5261 3636 5328 quia

2078 5345 2317 5401 praesens
2374 5332 2597 5387 realiter
2632 5341 2781 5395 erat,
2814 5334 2912 5385 sed
2940 5334 3064 5401 quia
3098 5333 3200 5385 ista
3232 5332 3284 5384 in
3324 5332 3638 5384 memoriam

2076 5399 2350 5466 passionis
2384 5402 2501 5469 ejus
2533 5416 2686 5456 sacra
2736 5401 2919 5456 lancea
2958 5399 3318 5454 dividebatur
3347 5402 3398 5453 in
3435 5411 3640 5469 partes,

2077 5483 2201 5523 mox
2230 5471 2283 5524 in
2318 5486 2500 5526 verum
2532 5486 2728 5540 corpus
2761 5471 2877 5539 ejus
2902 5486 2997 5541 per
3028 5470 3489 5525 consecrationem
3507 5485 3642 5525 con-

2075 5542 2379 5595 vertendas.

2154 5608 2266 5732 $337)
2317 5612 2500 5672 Deest,
2533 5610 2706 5679 inquit
2747 5608 3099 5664 Combefisitts
3125 5650 3140 5672 ,
3172 5610 3277 5665 hoc
3306 5619 3467 5679 caput
3522 5624 3642 5664 cum

2154 5722 2158 5731 .
2202 5695 2263 5732 us
2294 5682 2661 5732 sementibus.
2699 5680 2751 5732 in
2795 5681 3043 5732 versione
3068 5679 3227 5732 Ursi:
3267 5683 3444 5732 potius
3465 5689 3642 5732 tamen

2087 5677 2263 5735 tribus
2294 5677 2661 5749 seqtientibus,
2699 5680 2751 5736 in
2795 5681 3043 5737 versione
3068 5679 3227 5747 Ursi;
3267 5677 3444 5753 potius
3465 5689 3643 5735 tamen
